4032 6334
455 369 560 424 5ἒῖ

1597 370 1944 427 APPENDIX
1984 372 2076 427 AD
2115 369 2534 429 PALLADIUM.
3601 369 3706 425 εεε

525 493 612 550 ﬁt).
657 489 976 564 (9|)Abbas
1008 489 1181 544 lsaias
1233 484 1590 555 interrogavit
1618 485 1868 541 abbatem
1908 487 2029 540 Poe-

2205 493 2273 541 κ’.
2320 487 2381 538 ‘ll
2388 485 2631 558 ρώτησεν
2657 485 2684 537 6
2707 482 2878 548 6665.;
2915 483 3140 546 Ἡσαΐας
3160 481 3249 536 τὸν
3273 480 3444 536 άϐδᾶν
3469 480 3712 553 Ποιμένα

455 601 669 644 menem
705 585 771 640 de
791 581 1030 640 sordidis
1058 577 1504 650 cogitationibus.
1541 576 1604 629 Et
1629 576 1911 645 respondit
1938 578 2023 630 ei:

458 676 922 748 Quemadmodum
961 671 1014 725 in
1049 683 1212 738 capsa
1251 668 1411 738 plena
1437 667 1798 730 vestimentis,
1826 667 1870 722 si
1905 666 2030 736 quis

410 799 415 842 ;
458 771 740 838 reliquerit
764 781 852 828 ea,
883 772 1131 830 tempore
1159 759 1462 829 putrefiunt
1495 777 1509 812 :
1545 760 1618 812 ita
1649 758 1704 811 in
1741 758 2030 828 cogitatio-

410 853 416 860 ’
459 858 658 918 nibus;
693 854 736 907 si
773 867 866 906 eas
897 863 1129 918 corpore
1180 863 1289 902 non
1325 848 1568 902 exsecuti
1604 847 1893 913 fuerimus,
1938 861 2033 917 per

458 954 672 1010 tempus
696 940 981 992 abolentur
1009 949 1103 990 aut
1129 943 1472 1006 putrescunt.

525 1030 617 1084 2|.
661 1029 770 1098 (9'2)
812 1027 1176 1096 lnterroganti
1222 1026 1406 1079 abbati
1447 1024 1686 1094 Josepho
1732 1025 1799 1078 de
1844 1022 2032 1076 eadem

457 1122 778 1192 qua-stione,
825 1119 1110 1189 respondit
1163 1119 1334 1171 abbas
1388 1117 1607 1170 Pceinen
1636 1135 1650 1169 :
1678 1113 2038 1181 Quemadmo-

459 1213 589 1267 dum
630 1213 674 1267 si
703 1215 827 1281 quis
850 1218 1161 1280 serpentem
1188 1225 1315 1262 cum
1348 1208 1564 1279 scorpio
1587 1207 1800 1262 miserit
1830 1207 1884 1260 in
1915 1220 2034 1266 vas,

459 1301 703 1372 illudque
757 1301 1072 1364 occluserit,
1121 1301 1346 1352 omnino
1387 1307 1509 1368 post
1555 1296 1778 1366 aliquod
1823 1303 2039 1363 tempus

461 1393 807 1447 morientur:
839 1394 921 1445 sic
953 1399 1005 1445 et
1045 1404 1225 1460 pravae
1274 1389 1633 1459 cogitationes
1665 1403 1786 1457 qua:
1829 1401 1895 1440 ex
1927 1385 2041 1438 dze-

462 1499 685 1538 lllOlllllll
736 1484 1000 1538 instinctu
1050 1481 1339 1555 pullulant,
1396 1497 1492 1551 per
1545 1481 1887 1535 tolerantiam
1947 1479 2044 1534 de-

463 1577 675 1630 ﬁcium.

532 1671 623 1722 οε.
669 1668 783 1736 (95)
813 1665 1007 1721 Frater
1038 1667 1188 1721 venit
1223 1666 1289 1720 ad
1326 1665 1576 1719 abbatem
1623 1662 1956 1726 Pmmenem,
1989 1669 2044 1714 et

465 1761 542 1814 ait
569 1761 657 1814 ei:
691 1760 826 1814 Sero
869 1774 1060 1827 agrum
1091 1774 1294 1822 meum,
1333 1766 1498 1825 atque
1536 1771 1600 1810 ex
1637 1770 1702 1809 eo
1737 1753 1880 1807 facio
1914 1768 2042 1822 aga-

2132 579 2260 651 περὶ
2287 579 2394 632 τῶν
2421 576 2678 648 ῥυπαρῶν
2716 575 3009 646 λογισμῶν.
3048 575 3160 628 Kal.
3190 575 3340 642 λέγει
3385 573 3534 644 αὐτῷ
3560 575 3590 626 6
3613 574 3714 628 άίι⁴

2133 670 2231 733 δᾶς
2269 671 2510 741 Ποιμήν·
2557 669 2766 739 Ὥσπερ
2808 669 3071 738 κάμπτρα
3120 667 3291 737 μεστὴ
3337 664 3586 736 ἱματίων,
3619 665 3714 719 καὶ

2133 761 2229 814 ἐὰν
2271 763 2380 830 ἀφῇ
2421 758 2562 812 αὑτά
2598 775 2702 820 τις,
2733 756 2810 827 τῷ
2848 757 3025 826 χρόνῳ
3081 757 3342 824 σήπονται
3365 770 3378 783 ·
3411 753 3584 817 οὓτως
3618 754 3717 807 καὶ

2133 853 2182 904 οἱ
2208 850 2488 921 λογισμοίο
2529 848 2625 902 ἐὰν
2661 847 2734 919 μὴ
2775 849 3087 918 ποιήσωμεν
3127 847 3326 909 αὐτοὺς
3360 845 3712 916 σωματικῶς,

2135 943 2214 1015 τῷ
2239 943 2416 1015 χρόνῳ
2443 939 2792 1011 ἀφανίζονται
2815 940 2934 1009 ἦτοι
2966 940 3251 1008 σήπονται.

2208 1043 2310 1090 κα’.
2355 1034 2666 1105 Ἦρώτησεν
2688 1034 2717 1086 6
2740 1032 2914 1094 6666c
2951 1030 3148 1102 Ἰωσὴφ
3188 1030 3280 1083 τὸν
3319 1031 3482 1083 αὑτὸν
3518 1029 3675 1099 λόγον
3696 1045 3714 1061 ο

2137 1129 2232 1182 καὶ
2282 1123 2434 1180 εἶπεν
2477 1125 2626 1196 αὑτῷ
2673 1127 2702 1178 6
2741 1123 2915 1186 666a;
2957 1124 3206 1192 Ποιμήνο
3243 1122 3450 1193 Ὠσπερ
3493 1121 3586 1174 ἐάν
3631 1139 3720 1185 τις

2139 1218 2262 1287 ὅφιν
2290 1217 2386 1269 καὶ
2421 1215 2679 1287 σκορπίον
2699 1213 2836 1284 βάλῃ
2863 1215 2942 1275 είς
2967 1205 3207 1280 ἀγγεῖον,
3234 1213 3327 1266 καὶ
3355 1212 3554 1283 φράξῃ,
3583 1212 3722 1265 πάν-

2141 1325 2247 1370 τως
2272 1306 2352 1375 τῷ
2376 1305 2552 1377 χρόνῳ
2583 1304 3045 1374 ἀποθνήσκουσιν·
3079 1304 3252 1368 οὕτως
3289 1304 3383 1356 καὶ
3407 1304 3456 1354 οἱ
3490 1304 3724 1374 πονηροὶ

2141 1398 2410 1469 λογισμοὶ,
2455 1395 2562 1450 ἀπὸ
2602 1395 2712 1448 τῶν
2739 1395 3008 1465 δαιμόνων
3042 1393 3448 1464 βλαστάνοντες,
3494 1393 3583 1448 διὰ
3617 1395 3724 1465 τῆς

2145 1494 2174 1544 ὑ
2184 1508 2249 1543 πο
2255 1490 2422 1561 μονῆς
2451 1488 2573 1543 ἑκλε
2584 1488 2702 1541 ἕπου
2711 1505 2810 1540 σιν.

2216 1667 2322 1738 κβ’.
2363 1663 2618 1733 Ἀδελφὸς
2649 1659 2779 1734 ἦλθε
2818 1662 2952 1732 πρὸς
2993 1660 3085 1714 τὸν
3117 1660 3289 1714 ἀϐὁᾶν
3323 1659 3584 1732 Ποιμένα,
3628 1662 3727 1715 καὶ

2145 1761 2294 1828 λέγει
2323 1757 2470 1828 αὑτῷ
2489 1774 2502 1788 ο
2534 1756 2752 1826 Σπείρω
2791 1754 2882 1808 τὸν
2905 1755 3069 1825 ἀγρόν
3101 1771 3226 1824 μου,
3261 1755 3354 1806 καὶ
3385 1753 3524 1806 ποιῶ
3549 1754 3607 1819 ἐξ
3629 1756 3728 1807 αὐ-

466 1869 593 1923 pen.
645 1850 946 1921 Respondit
995 1851 1073 1904 illi
1119 1865 1285 1904 senex
1323 1847 1537 1902 :Recte
1585 1847 1742 1900 facis.
1789 1845 1857 1898 Et
1907 1844 2043 1898 abiit

2158 1852 2240 1906 ιοῦ
2265 1850 2507 1920 ἀγάπην.
2560 1847 2723 1916 Λέγει
2766 1845 2917 1916 αὐτῷ
2962 1848 2991 1898 6
3031 1845 3240 1916 γέρων·
3281 1843 3477 1908 Καλῶς
3528 1849 3726 1908 ποιεῖς.

467 1959 592 1997 cum
637 1944 944 2007 alacritate,
988 1942 1252 2009 auxitque
1285 1939 1688 2008 eleemosynam
1732 1951 1909 1992 suam.
1943 1935 2046 1988 Ab-

468 2034 568 2088 bas
607 2039 790 2086 autem
832 2031 1015 2092 Anub,
1067 2030 1256 2082 audito
1297 2042 1572 2092 sermone,
1617 2026 1736 2078 infit
1768 2025 1834 2078 ad
1879 2025 2048 2078 abba-

469 2129 578 2174 tem
617 2119 927 2174 Pmmenein
961 2116 1117 2172 :Non
1149 2118 1312 2171 times
1350 2114 1542 2178 Deum,
1585 2116 1678 2184 qui
1720 2115 1795 2168 ita
1830 2115 2048 2168 locutus

471 2213 550 2266 sis
579 2209 774 2264 fratri?
797 2210 973 2263 Senex
997 2224 1130 2263 vero
1159 2207 1347 2261 tacuit.
1369 2206 1501 2261 Post
1528 2207 1668 2260 duos
1691 2213 1873 2259 autem
1904 2204 2047 2270 dies,

471 2305 756 2360 arcessivit
794 2305 964 2358 abbas
1012 2304 1236 2357 Pmmen
1289 2301 1532 2364 fratrem,
1573 2282 1753 2369 οἱῳιιί
1777 2299 1910 2352 dicit
1960 2314 2053 2351 au-

471 2398 657 2453 diente
697 2396 895 2450 abbate
924 2395 1121 2448 Anub:
1153 2392 1296 2458 Quid
1327 2391 1458 2445 mihi
1492 2391 1812 2460 prolocutus
1851 2403 1912 2444 es
1941 2389 2051 2442 alio

473 2489 598 2544 die?
623 2488 884 2558 quoniam
933 2501 1091 2541 mens
1137 2500 1258 2539 mea
1310 2484 1440 2537 alibi
1477 2492 1614 2537 erat.
1657 2480 1794 2536 Tum
1837 2479 2046 2536 frater:

475 2579 618 2646 Dixi,
648 2595 677 2632 a
722 2594 808 2633 me
842 2577 1103 2634 seminari
1144 2591 1336 2646 agrum
1379 2589 1583 2637 meum,
1617 2589 1682 2628 ex
1721 2589 1898 2643 eoque
1931 2572 2052 2626 dari

475 2673 896 2742 eleemosynain.
927 2669 1154 2738 Excepit
1197 2668 1366 2722 abbas
1397 2664 1620 2719 Pcemen
1651 2685 1663 2719 :
1689 2664 1956 2719 Putabam
1998 2673 2055 2719 te

477 2765 718 2820 locutum
748 2763 815 2817 de
857 2761 1027 2816 fratre
1074 2770 1192 2823 tuo,
1240 2761 1332 2830 qui
1380 2759 1434 2813 in
1472 2759 1675 2814 saeculo
1709 2758 1863 2812 vivit.
1895 2757 2054 2823 Quod

479 2857 526 2912 si
559 2865 617 2910 tu
650 2871 708 2910 es
739 2855 829 2925 qui
859 2854 964 2907 hoc
995 2868 1133 2922 opus
1175 2852 1329 2913 facis,
1363 2867 1473 2904 non
1506 2859 1590 2906 est
1625 2851 1728 2904 hoc
1775 2849 2052 2903 monachi.

480 2947 531 3004 ls
559 2963 686 3001 vero
713 2947 966 3008 audiens,
1008 2943 1372 2998 contristatus
1397 2950 1500 3004 est,
1531 2951 1696 3010 atque
1727 2941 1840 2993 haec
1869 2939 2057 3009 profu-

479 3040 559 3094 dit
587 3038 750 3093 verba
784 3057 798 3091 :
835 3034 1053 3090 Nullum
1095 3033 1242 3088 aliud
1293 3050 1430 3102 opus
1465 3033 1615 3098 novi,
1655 3033 1758 3085 nisi
1795 3031 1920 3093 hoc,
1957 3046 2058 3086 nec

2149 1944 2258 1997 Kal.
2301 1941 2510 2011 ἀπῆλθε
2573 1939 2708 2009 μετὰ
2764 1936 3095 2008 προθυμίας,
3154 1936 3249 1988 καὶ
3293 1933 3600 2007 προσέθηκε
3653 1939 3725 2006 τῇ

2149 2035 2356 2106 ἀγάπῃ.
2388 2032 2497 2086 Καὶ
2535 2031 2764 2101 ἤκουσεν
2795 2031 2822 2080 6
2852 2027 3027 2091 6666;
3067 2027 3255 2081 ’Av066
3289 2028 3380 2080 τὸν
3425 2027 3602 2098 λόγον,
3630 2029 3732 2082 καὶ

2149 2126 2294 2193 λέγει
2329 2124 2406 2194 τῷ
2448 2123 2591 2192 ἁϐϐᾷ
2623 2121 2879 2190 Ποιμένι·
2921 2120 2995 2172 Οὐ
3048 2119 3186 2189 φοϐῇ
3233 2119 3326 2171 τὸν
3371 2118 3522 2184 Θεὸν,
3554 2118 3733 2182 οὕτως

2149 2216 2388 2286 λαλήσας
2412 2213 2488 2284 τῷ
2519 2210 2766 2281 ἀδελφῷ;
2804 2211 2914 2263 Kal.
2965 2210 3271 2280 ἐσιώπησεν
3307 2213 3336 2263 6
3372 2209 3569 2281 γέρων.
3617 2211 3734 2262 Καὶ

2156 2307 2293 2377 μετὰ
2326 2305 2416 2358 δύο
2449 2304 2661 2376 ἡμέρας
2700 2301 2944 2372 ἔπεμψεν
2977 2303 3006 2354 6
3047 2301 3220 2365 6666;
3262 2301 3470 2371 Ποιμήν
3511 2301 3604 2354 ἐπὶ
3637 2300 3734 2352 τὸν

2153 2395 2399 2463 ἀδελφὸν,
2423 2395 2515 2448 καὶ
2544 2394 2690 2461 λέγει
2715 2392 2862 2462 αὑτῴ
2884 2392 3172 2454 ἀκούοντος
3200 2390 3293 2444 τοῦ
3322 2392 3464 2444 άὸὂᾶ
3497 2390 3692 2444 Ἀνούϐ
3715 2407 3732 2423 ·

2153 2489 2220 2540 Τί
2267 2483 2420 2550 εἶπές
2471 2503 2563 2556 μοι
2595 2489 2662 2556 τῇ
2691 2485 2856 2557 inn;
2893 2487 2974 2538 ὅτι
3011 2487 3039 2538 ὁ
3079 2483 3204 2548 νοῦς
3241 2502 3341 2555 μου
3373 2484 3606 2554 ἀλλαχοῦ
3633 2479 3734 2556 ἦν.

2155 2579 2316 2646 Λέγει
2343 2577 2491 2646 αὐτῷ
2513 2579 2542 2630 6
2566 2577 2823 2646 ἀδελφός·
2860 2572 3047 2640 Εἶπον,
3083 2577 3165 2629 ὅτι
3194 2577 3405 2645 σπείρω
3441 2577 3532 2628 τὸν
3563 2577 3736 2644 ἀγρόν

2161 2684 2283 2739 μου,
2315 2668 2405 2720 καὶ
2430 2667 2568 2720 ποιῶ
2614 2666 2672 2731 ἐξ
2713 2665 2877 2720 αὑτοῦ
2908 2666 3149 2737 ἀγάπην.
3205 2667 3316 2720 Kal.
3348 2663 3499 2720 εἶπεν
3528 2666 3678 2737 αὐτῷ
3707 2669 3740 2721 6

2158 2759 2334 2823 ἀῦδᾶς
2367 2759 2614 2829 Ποιμήν⁸
2659 2756 2937 2828 Ἐνόμιζον
2964 2759 3046 2811 ὅτι
3091 2758 3220 2829 περ)⁵
3251 2757 3345 2811 τοῦ
3380 2757 3609 2825 ἀδελφοῦ
3636 2775 3737 2811 σου

2157 2851 2249 2904 τοῦ
2282 2852 2484 2922 κόσμου
2512 2853 2553 2883 ⁶¹
2578 2851 2872 2920 ὲλάλησας·
2910 2853 2958 2904 εἰ
2981 2851 3038 2903 δὲ
3073 2852 3136 2904 σὺ
3160 2847 3211 2903 εἷ
3237 2853 3266 2904 6
3293 2851 3463 2904 ποιῶν
3487 2852 3546 2903 τὲ
3575 2852 3740 2922 ἔργον

2158 2943 2336 3008 τοῦτο,
2370 2943 2470 2996 οὐκ
2504 2942 2618 2995 ἐστι
2646 2941 2805 2995 τοῦτο
2849 2941 3104 3012 μοναχοῦ.
3149 2942 3206 2994 Ὀ
3235 2941 3292 2994 δὲ
3333 2942 3571 3005 ἀκούσας
3616 2941 3745 2994 έλυ-

2161 3032 2331 3102 πήθη,
2359 3031 2562 3099 λέγων’
2602 3031 2764 3084 Ἀλλο
2806 3030 2966 3100 ἔργον
3007 3031 3158 3083 οὐδὲν
3191 3026 3326 3094 οἶδα,
3363 3033 3411 3084 εἰ
3444 3031 3520 3102 μὴ
3555 3030 3740 3096 τοῦτο,

480 3146 704 3202 possum
728 3145 835 3184 non
870 3128 1139 3184 seminare
1165 3140 1354 3196 agrum
1383 3139 1584 3179 meum.
1611 3122 1902 3192 Postquam
1926 3135 2052 3191 ergo

2162 3123 2256 3176 καὶ
2275 3122 2333 3174 οὐ
2358 3120 2590 3192 δύναμαι
2621 3120 2696 3192 μὴ
2726 3120 2972 3191 σπείρειν
3005 3121 3094 3174 τὸν
3131 3120 3300 3192 ἀγρόν
3329 3137 3454 3192 μου.
3477 3121 3608 3174 Ὅτε
3641 3117 3740 3174 οὖν

481 3223 853 3282 discessisset,
891 3219 1201 3274 incurvavit
1232 3233 1294 3272 se
1343 3231 1528 3271 coram
1577 3213 1837 3269 Paemene
1871 3213 2052 3278 Anub,

2159 3212 2523 3286 ἀνεχώρησεν,
2565 3212 2755 3266 ἔϐαλεν
2781 3211 2972 3282 αὐτῷὸ
3003 3211 3176 3276 άϐὅᾶς
3218 3212 3406 3265 ’Λνοὺϐ
3430 3211 3742 3282 μετάνοιαν,

482 3315 636 3370 aiens
683 3333 696 3368 :
742 3316 970 3383 ignosce
1015 3311 1167 3366 inihi.
1219 3309 1359 3364 Tum
1414 3308 1587 3362 abbas
1635 3306 1858 3361 Paemen
1904 3303 2058 3375 :Ego

481 3421 720 3478 quoque,
755 3405 953 3474 inquit,
985 3417 1016 3456 a
1043 3403 1311 3472 principio
1343 3414 1602 3454 noverant
1641 3413 1748 3452 non
1771 3412 1893 3452 esse
1917 3411 2058 3466 opus

482 3499 775 3562 monachi;
825 3495 920 3551 sed
972 3494 1272 3549 secundum
1325 3499 1559 3546 mentem
1612 3490 1762 3545 illius
1809 3504 2059 3559 pronun-

483 3590 636 3654 tiavi,
661 3588 895 3656 dedique
919 3586 1024 3654 ipsi
1047 3585 1410 3647 alacritatem,
1435 3581 1502 3636 ad
1531 3580 1818 3634 charitatis
1839 3593 2066 3649 proces-

483 3697 628 3737 sum.
685 3679 844 3734 Nunc
903 3692 1033 3733 vero
1079 3676 1255 3731 tristis
1299 3673 1468 3742 abiit;
1521 3685 1685 3743 atque
1723 3672 1920 3727 iterum
1959 3671 2062 3726 hoc

484 3774 663 3842 ipsum
699 3768 884 3823 faciet.
1622 3756 1666 3761 ﬁ
1699 3757 1713 3762 ’
1778 3755 1828 3762 ’-

555 3863 648 3916 23.
692 3860 804 3930 (94)
826 3857 1156 3912 Dixitabbas
1176 3855 1400 3910 Pannen
1423 3873 1436 3908 :
1460 3853 1516 3908 Si
1544 3853 1854 3923 peccaverit
1875 3854 2060 3918 homo,

486 3960 542 4010 et
565 3952 845 4022 negaverit
869 3966 926 4005 se
953 3963 1233 4018 peccasse,
1265 3961 1334 4000 ne
1356 3944 1702 4015 redargueris
1727 3960 1886 4012 eum;
1925 3945 2064 3999 alias

485 4044 768 4102 exseindis
794 4043 1035 4098 studium
1073 4039 1271 4110 ipsius.
1300 4037 1458 4105 Quod
1496 4038 1542 4094 si
1571 4037 1776 4092 dixeris
1811 4037 1860 4092 ei
1895 4057 1908 4094 :
1943 4035 2064 4089 Noli

487 4138 731 4192 animum
762 4133 1125 4206 despondere,
1157 4135 1342 4194 frater,
1384 4131 1479 4185 sed
1509 4144 1644 4184 cave
1673 4129 1728 4183 in
1759 4137 2063 4200 posterum,

487 4230 696 4285 excitas
719 4229 960 4282 animam
995 4227 1146 4282 illius
1179 4225 1247 4280 ad
1271 4223 1677 4294 paenitentiam.

557 4401 649 4455 24.
691 4401 804 4471 (95)
835 4400 1034 4455 lterum
1056 4400 1196 4455 dixit
1231 4416 1244 4452 :
1274 4397 1422 4452 Bona
1451 4412 1538 4451 res
1569 4403 1655 4451 est
1687 4395 2024 4466 experientia
2051 4413 2064 4451 :

490 4495 608 4564 ipsa
639 4494 784 4547 enim
810 4493 974 4546 docet
1006 4492 1283 4544 hominem
1317 4488 1567 4557 probum.

559 4584 650 4637 25.
697 4583 808 4652 (96)
832 4583 977 4636 Dixit
1008 4582 1204 4635 iterum
1233 4599 1246 4632 :
1274 4580 1449 4632 Homo
1487 4579 1578 4648 qui
1610 4578 1790 4639 docet,
1819 4593 1922 4633 nec
1946 4593 2068 4647 qua!

490 4677 650 4730 docet
681 4674 840 4737 facit,
891 4673 1088 4728 similis
1135 4680 1220 4726 est
1250 4670 1410 4732 fonti,
1441 4671 1569 4740 quia
1621 4670 1834 4724 cunctis
1879 4680 2064 4740 potum

491 4765 606 4828 dat,
641 4771 869 4818 cunctos
902 4761 1099 4825 abluit,
1131 4761 1374 4830 seipsum
1405 4774 1532 4813 vero
1566 4775 1674 4812 non
1703 4769 1886 4829 petest
1910 4775 2072 4814 mun-

493 4853 622 4906 dum
656 4861 938 4922 praestare.

560 4943 653 4999 26.
692 4943 806 5014 (97)
839 4942 1167 4997 Praeterieris
1188 4941 1484 5009 aliquando
1513 4943 1686 4997 abbas
1718 4940 1941 4994 Pmmen
1975 4954 2072 5009 per

495 5033 815 5106 Egyptum,
849 5035 1136 5103 conspexit
1175 5033 1460 5088 mulierem
1490 5033 1771 5090 sedentem
1806 5037 1859 5088 in
1892 5034 2073 5102 sepul-

492 5148 609 5194 cro,
642 5141 695 5183 et
726 5129 1032 5198 plorantem
1065 5143 1269 5182 amare.
1305 5126 1460 5182 Unde
1507 5127 1644 5182 dixit
1679 5147 1692 5184 :
1725 5127 1834 5183 Etsi
1873 5136 2073 5181 cuncta

493 5222 683 5278 mundi
721 5221 888 5292 hujus
923 5221 1323 5277 oblectamenta
1373 5221 1718 5284 advenerint,
1763 5235 1871 5273 non
1903 5219 2076 5274 dedu-

576 5380 618 5410 “
649 5378 734 5431 AI.
769 5375 1070 5446 κοσμικοῦ.
1141 5376 1185 5446 9³
1214 5374 1494 5446 Α1.Ᾱποιεῖ.

483 5449 586 5502 καὶ
621 5451 772 5504 πᾶσα
801 5444 1112 5516 ἀκαθαρσία
1147 5445 1205 5496 ἐν
1256 5444 1394 5516 αὐτῇ
1443 5445 1642 5496 κεῖται.

565 5562 678 5630 (91)
718 5560 822 5630 γει.
855 5560 1005 5630 ea".
1043 5577 1100 5624 ι,
1136 5559 1226 5614 ιε.

565 5630 676 5696 (9‘2)
723 5629 828 5683 Vit.
863 5629 1014 5682 Patr.
1057 5647 1110 5694 χ,
1141 5630 1227 5683 45.

568 5701 678 5766 (93)
712 5698 817 5751 Vit.
853 5696 1005 5766 Patr.
1037 5716 1088 5762 τ,
1118 5697 1210 5750 66.

571 5765 679 5835 (94)
717 5766 818 5820 Vit.
851 5765 998 5822 Patr.
1031 5783 1085 5833 ι,
1118 5767 1204 5821 48.

1597 5373 1641 5404 ⁸³
1675 5372 1762 5426 AI.
1791 5370 2059 5442 δοκιμώτε
2069 5389 2183 5442 ρον.

2160 3304 2368 3374 λέγων·
2414 3304 2773 3376 Συγχώρησόν
2820 3321 2931 3374 μοι.
2993 3303 3106 3356 Kal.
3150 3303 3300 3372 λέγει
3330 3306 3360 3358 6
3396 3303 3570 3366 666d;
3613 3302 3746 3356 [lot-

2165 3398 2270 3468 μήν
2291 3413 2305 3428 ο
2341 3395 2511 3464 Κάγὼ
2539 3397 2598 3463 ἐξ
2626 3396 2802 3467 ἀρχῆς
2837 3396 2985 3466 ⁴ᾔδειν
3013 3395 3096 3448 ὅτι
3133 3395 3234 3448 οὐκ
3277 3394 3424 3448 ἐστιν
3451 3395 3612 3465 ἔργον
3641 3413 3745 3465 μο-

2161 3487 2355 3558 ναχοῦ⁹
2394 3487 2530 3542 ἀλλὰ
2566 3488 2704 3559 πρὸς
2735 3488 2826 3540 τὸν
2864 3485 3124 3557 λογισμὸν
3155 3486 3319 3540 αὑτοῦ
3355 3486 3614 3556 ἐλάλησα,
3650 3488 3748 3539 καὶ

2163 3582 2341 3636 ἔδωκα
2371 3581 2519 3651 αὐτῷ
2558 3581 2867 3652 προθυμίαν
2905 3583 2986 3644 εἰς
3014 3580 3112 3652 τὴν
3140 3579 3426 3652 προκοπὴν
3474 3580 3570 3650 τῆς
3603 3580 3746 3646 ἀγά-

2163 3693 2291 3745 πης.
2340 3674 2454 3728 Νῦν
2485 3674 2542 3728 δὲ
2574 3673 2781 3745 ἀπῆλθε
2805 3672 3164 3744 λυπούμενος,
3197 3672 3292 3726 καὶ
3325 3671 3486 3724 πάλιν
3513 3670 3575 3723 τὸ
3609 3671 3747 3724 αὐτὸ

2164 3765 2328 3817 ποιεῖ.

2233 3856 2340 3922 κγ’.
2383 3848 2551 3907 Εἶπεν
2582 3856 2611 3907 6
2649 3853 2824 3916 6665.;
2863 3853 3110 3923 Ποιμήν’
3160 3852 3287 3907 Ἐὰν
3329 3853 3625 3926 ἁμαρτήσῃ
3651 3854 3747 3908 άν-

2167 3945 2402 4017 θρωπος,
2459 3945 2552 3999 καὶ
2599 3946 2930 4015 ἀρνήσηται,
2969 3944 3164 4012 λέγων,
3215 3945 3327 4014 Οὐχ
3374 3945 3640 4016 ἥμαρτον,
3668 3945 3746 4015 μὴ

2166 4033 2390 4107 ἐλέγξῃς
2419 4036 2610 4089 αὐτόν*
2639 4038 2686 4088 εί
2711 4035 2768 4088 δὲ
2797 4037 2959 4107 μήγε,
2983 4036 3272 4098 ὲκκόπτεις
3296 4035 3459 4088 αὑτοῦ
3485 4035 3582 4105 τὴν
3611 4051 3748 4106 προ-

2167 4127 2385 4197 θυμίαν.
2428 4127 2552 4180 Ἐὰν
2575 4127 2632 4180 δὲ
2657 4128 2814 4198 εἴπῃς
2835 4126 2983 4197 αὐτῷ
3002 4144 3017 4158 ·
3049 4128 3142 4198 Μὴ
3181 4127 3492 4199 άθυμήσῃς,
3521 4125 3743 4195 άδελφὲ,

2167 4216 2305 4270 ἀλλὰ
2325 4217 2558 4286 φύλαξαι
2577 4216 2671 4270 τοῦ
2692 4216 2902 4281 λοιποῦ,
2938 4217 3224 4287 διεγείρεις
3253 4215 3415 4270 αὑτοῦ
3444 4215 3539 4288 τὴν
3565 4217 3748 4287 ψυχὴν

2169 4308 2305 4379 πρὸς
2333 4309 2643 4378 μετάνοιαν,

2241 4400 2336 4454 κδ’.
2369 4395 2505 4452 Εἷπε
2547 4400 2706 4453 πάλιν
2726 4414 2741 4429 ⁸
2777 4399 2933 4471 Καλὴ
2966 4402 3000 4470 ἡ
3031 4403 3197 4471 πεῖρα
3217 4416 3231 4430 ο
3264 4398 3404 4468 αὕτη
3448 4397 3557 4470 γὰρ
3593 4397 3747 4451 διδά-

2177 4507 2296 4543 σκει
2316 4491 2361 4522 ⁸³
2390 4489 2481 4543 τὸν
2505 4489 2787 4562 ἄνθρωπον
2815 4491 3036 4561 δόκιμον
3059 4491 3124 4544 ⁸³.

2246 4581 2342 4635 κε’.
2421 4577 2555 4632 Εἷπε
2631 4581 2822 4634 πάλινο
2901 4581 3221 4652 Ἀνθρωπος
3288 4581 3586 4642 διδάσκων,
3671 4578 3751 4651 μὴ

2176 4671 2343 4724 ποιῶν
2372 4671 2429 4724 δὲ
2454 4670 2489 4723 ά
2508 4670 2770 4738 διδάσκει,
2804 4671 2987 4742 ὅμοιός
3015 4673 3128 4723 ἐστι
3152 4673 3331 4742 κρήνη
3351 4687 3365 4701 ·
3411 4671 3493 4723 ὅτι
3537 4671 3752 4733 πάντας

2177 4762 2384 4826 ποτίζει
2438 4761 2533 4814 καὶ
2583 4761 2791 4828 πλύνει,
2851 4762 3048 4836 ἑαυτὴν
3097 4762 3153 4814 δὲ
3201 4763 3261 4814 οὐ
3311 4761 3533 4814 δύναται
3576 4758 3751 4813 καθα-

2180 4853 2329 4926 ρίσαι
2353 4854 2416 4906 ⁸⁸.

2251 4951 2362 5009 κς¹.
2398 4945 2808 5016 Παρερχόμενός
2847 4963 2975 4998 ποτε
3016 4946 3044 4997 6
3085 4944 3258 5007 666a;
3298 4944 3508 5014 Ποιμήν
3541 4943 3621 5006 εἷς
3649 4943 3753 5013 τὴν

2179 5036 2472 5104 Αἴγυπτον,
2500 5031 2604 5088 εἶδε
2634 5039 2865 5105 γυναῖκα
2891 5038 2948 5088 ἐν
2975 5036 3222 5108 μνημείῳ
3245 5035 3632 5105 καθεζομένην,
3659 5035 3755 5087 καὶ

2181 5127 2472 5181 κλαίουσαν
2519 5128 2748 5196 πικρῶς.
2788 5128 2898 5180 Kal
2937 5127 3114 5194 λέγει’
3173 5125 3299 5178 Ἐάν
3333 5125 3528 5178 ἔλθωσι
3573 5124 3756 5177 πάντα

2180 5219 2248 5272 τὰ
2280 5217 2490 5290 τερπνὰ
2518 5218 2611 5271 τοῦ
2641 5219 2844 5289 κόσμου
2871 5217 3082 5281 τούτου,
3130 5218 3188 5270 οὐ
3245 5216 3320 5287 μὴ
3373 5215 3757 5286 μεταστήσωσι

2295 5371 2341 5404 ⁸⁸
2370 5371 2454 5425 Al.
2487 5372 2614 5426 add.
2657 5372 2792 5426 ἀλλὰ
2826 5373 3005 5441 πάσης
3050 5371 3327 5442 ρυπαρίας
3373 5367 3759 5441 πεπλήρωται,

2254 5554 2364 5624 (98)
2404 5555 2510 5608 Vit.
2552 5555 2704 5624 Patr.
2741 5571 2794 5619 ι,
2819 5557 2912 5609 49.

2254 5623 2366 5693 (96)
2407 5625 2508 5678 Vit.
2545 5623 2697 5678 Patr.
2723 5641 2776 5687 ι,
2805 5624 2892 5679 59.

2258 5696 2369 5768 (97)
2421 5695 2524 5751 l'it.
2556 5695 2710 5749 Patr.
2752 5710 2830 5762 ιιι,
2871 5694 2958 5749 10.
