  <div class='ocr_page' id='page_1' title='image "/cluster/home/n/w/nwhite01/storage/ocr_20150623/65/mdp.39015008972203/171.png"; bbox 0 0 4032 6334; ppageno 0'>
   <div class='ocr_carea' id='block_1_1' title="bbox 498 396 599 457">
    <p class='ocr_par' dir='ltr' id='par_1_1' title="bbox 498 396 599 457">
     <span class='ocr_line' id='line_1_1' title="bbox 498 396 599 457; baseline -0.05 0"><span class='ocrx_word' id='word_1_1' title='bbox 498 396 599 457; x_wconf 69' lang='grc'><strong>851</strong></span> 
     </span>
    </p>
   </div>
   <div class='ocr_carea' id='block_1_2' title="bbox 1623 367 2558 434">
    <p class='ocr_par' dir='ltr' id='par_1_2' title="bbox 1623 367 2558 434">
     <span class='ocr_line' id='line_1_2' title="bbox 1623 367 2558 434; baseline -0.013 0"><span class='ocrx_word' id='word_1_2' title='bbox 1623 373 1962 434; x_wconf 76' lang='lat' dir='ltr'><strong>APPENDIX</strong></span> <span class='ocrx_word' id='word_1_3' title='bbox 2005 370 2098 427; x_wconf 70' lang='lat' dir='ltr'><strong>AL‘</strong></span> <span class='ocrx_word' id='word_1_4' title='bbox 2137 367 2558 427; x_wconf 72' lang='lat' dir='ltr'><strong>PALLADIUM.</strong></span> 
     </span>
    </p>
   </div>
   <div class='ocr_carea' id='block_1_3' title="bbox 3628 347 3740 414">
    <p class='ocr_par' dir='ltr' id='par_1_3' title="bbox 3628 347 3740 414">
     <span class='ocr_line' id='line_1_3' title="bbox 3628 347 3740 414; baseline -0.009 0"><span class='ocrx_word' id='word_1_5' title='bbox 3628 347 3740 414; x_wconf 73' lang='lat'><strong>552</strong></span> 
     </span>
    </p>
   </div>
   <div class='ocr_carea' id='block_1_4' title="bbox 502 473 2095 571">
    <p class='ocr_par' dir='ltr' id='par_1_4' title="bbox 502 494 2071 571">
     <span class='ocr_line' id='line_1_4' title="bbox 502 494 2071 571; baseline -0.017 1"><span class='ocrx_word' id='word_1_6' title='bbox 502 514 681 571; x_wconf 85' lang='lat' dir='ltr'><strong>dixit:</strong></span> <span class='ocrx_word' id='word_1_7' title='bbox 714 510 918 567; x_wconf 83' lang='lat' dir='ltr'><strong>Relicta</strong></span> <span class='ocrx_word' id='word_1_8' title='bbox 949 509 1078 565; x_wconf 90' lang='lat' dir='ltr'><strong>mihi</strong></span> <span class='ocrx_word' id='word_1_9' title='bbox 1118 515 1204 563; x_wconf 90' lang='lat' dir='ltr'><strong>est</strong></span> <span class='ocrx_word' id='word_1_10' title='bbox 1238 502 1567 567; x_wconf 74' lang='lat' dir='ltr'><strong>litereditas;</strong></span> <span class='ocrx_word' id='word_1_11' title='bbox 1604 497 1733 568; x_wconf 91' lang='lat' dir='ltr'><strong>quid</strong></span> <span class='ocrx_word' id='word_1_12' title='bbox 1770 494 1968 550; x_wconf 78' lang='lat' dir='ltr'><strong>faciam</strong></span> <span class='ocrx_word' id='word_1_13' title='bbox 2004 507 2071 547; x_wconf 84' lang='lat' dir='ltr'><strong>ex</strong></span> 
     </span>
    </p>
   </div>
   <div class='ocr_carea' id='block_1_5' title="bbox 2210 473 3745 571">
    <p class='ocr_par' dir='ltr' id='par_1_5' title="bbox 2210 473 3745 559">
     <span class='ocr_line' id='line_1_5' title="bbox 2210 473 3745 559; baseline -0.01 -15"><span class='ocrx_word' id='word_1_14' title='bbox 2210 488 2518 559; x_wconf 64' lang='grc' dir='ltr'>ζατελείφθη</span> <span class='ocrx_word' id='word_1_15' title='bbox 2550 503 2641 558; x_wconf 85' lang='grc' dir='ltr'>μοι</span> <span class='ocrx_word' id='word_1_16' title='bbox 2663 482 3023 556; x_wconf 74' lang='grc' dir='ltr'>κληρονομία’</span> <span class='ocrx_word' id='word_1_17' title='bbox 3059 481 3111 534; x_wconf 87' lang='grc' dir='ltr'><strong>τί</strong></span> <span class='ocrx_word' id='word_1_18' title='bbox 3152 479 3361 548; x_wconf 80' lang='grc' dir='ltr'>ποιήσω</span> <span class='ocrx_word' id='word_1_19' title='bbox 3400 476 3603 546; x_wconf 76' lang='grc' dir='ltr'>αὑτήνς</span> <span class='ocrx_word' id='word_1_20' title='bbox 3638 473 3745 529; x_wconf 78' lang='grc' dir='ltr'><strong>Λέ-</strong></span> 
     </span>
    </p>
   </div>
   <div class='ocr_carea' id='block_1_6' title="bbox 504 585 2070 665">
    <p class='ocr_par' dir='ltr' id='par_1_6' title="bbox 504 585 2070 665">
     <span class='ocr_line' id='line_1_6' title="bbox 504 585 2070 665; baseline -0.016 -3"><span class='ocrx_word' id='word_1_21' title='bbox 504 605 608 663; x_wconf 73' lang='lat' dir='ltr'><strong>ea?</strong></span> <span class='ocrx_word' id='word_1_22' title='bbox 633 604 722 660; x_wconf 84' lang='lat' dir='ltr'><strong>Ait</strong></span> <span class='ocrx_word' id='word_1_23' title='bbox 745 605 820 659; x_wconf 84' lang='lat' dir='ltr'><strong>illi</strong></span> <span class='ocrx_word' id='word_1_24' title='bbox 856 617 1020 659; x_wconf 87' lang='lat' dir='ltr'><strong>senex</strong></span> <span class='ocrx_word' id='word_1_25' title='bbox 1042 619 1066 655; x_wconf 72' lang='grc' dir='ltr'><strong>ιε</strong></span> <span class='ocrx_word' id='word_1_26' title='bbox 1097 599 1221 661; x_wconf 85' lang='lat' dir='ltr'><strong>Abi,</strong></span> <span class='ocrx_word' id='word_1_27' title='bbox 1254 604 1309 651; x_wconf 88' lang='lat' dir='ltr'><strong>et</strong></span> <span class='ocrx_word' id='word_1_28' title='bbox 1333 601 1456 665; x_wconf 90' lang='lat' dir='ltr'><strong>post</strong></span> <span class='ocrx_word' id='word_1_29' title='bbox 1494 599 1607 645; x_wconf 81' lang='lat' dir='ltr'><strong>tres</strong></span> <span class='ocrx_word' id='word_1_30' title='bbox 1639 588 1771 644; x_wconf 87' lang='lat' dir='ltr'><strong>dies.</strong></span> <span class='ocrx_word' id='word_1_31' title='bbox 1795 585 1946 647; x_wconf 88' lang='lat' dir='ltr'><strong>veni,</strong></span> <span class='ocrx_word' id='word_1_32' title='bbox 1980 598 2070 638; x_wconf 82' lang='lat' dir='ltr'><strong>re-</strong></span> 
     </span>
    </p>
   </div>
   <div class='ocr_carea' id='block_1_7' title="bbox 2177 570 3747 654">
    <p class='ocr_par' dir='ltr' id='par_1_7' title="bbox 2177 570 3747 654">
     <span class='ocr_line' id='line_1_7' title="bbox 2177 570 3747 654; baseline -0.012 -16"><span class='ocrx_word' id='word_1_33' title='bbox 2177 602 2262 654; x_wconf 85' lang='grc' dir='ltr'><strong>γει</strong></span> <span class='ocrx_word' id='word_1_34' title='bbox 2293 581 2442 652; x_wconf 85' lang='grc' dir='ltr'>αὑτῷ</span> <span class='ocrx_word' id='word_1_35' title='bbox 2462 584 2491 636; x_wconf 99' lang='lat'><strong>6</strong></span> <span class='ocrx_word' id='word_1_36' title='bbox 2519 580 2722 652; x_wconf 79' lang='grc' dir='ltr'>γέρων·</span> <span class='ocrx_word' id='word_1_37' title='bbox 2761 575 3015 639; x_wconf 57' lang='lat' dir='ltr'><strong>&quot;Armillis,</strong></span> <span class='ocrx_word' id='word_1_38' title='bbox 3060 575 3154 629; x_wconf 75' lang='grc' dir='ltr'><strong>καὶ</strong></span> <span class='ocrx_word' id='word_1_39' title='bbox 3189 572 3326 644; x_wconf 72' lang='grc' dir='ltr'>μετὰ</span> <span class='ocrx_word' id='word_1_40' title='bbox 3353 573 3501 640; x_wconf 82' lang='grc' dir='ltr'>τρεῖς</span> <span class='ocrx_word' id='word_1_41' title='bbox 3531 570 3747 639; x_wconf 81' lang='grc' dir='ltr'>ἡμέρας</span> 
     </span>
    </p>
   </div>
   <div class='ocr_carea' id='block_1_8' title="bbox 509 661 2095 768">
    <p class='ocr_par' dir='ltr' id='par_1_8' title="bbox 509 661 2075 768">
     <span class='ocr_line' id='line_1_8' title="bbox 509 661 2075 768; baseline -0.019 -14"><span class='ocrx_word' id='word_1_42' title='bbox 509 709 883 768; x_wconf 87' lang='lat' dir='ltr'><strong>sponsumque</strong></span> <span class='ocrx_word' id='word_1_43' title='bbox 933 691 1095 744; x_wconf 87' lang='lat' dir='ltr'><strong>feres.</strong></span> <span class='ocrx_word' id='word_1_44' title='bbox 1136 661 1547 753; x_wconf 44' lang='lat' dir='ltr'><strong>Rediit—igitur,</strong></span> <span class='ocrx_word' id='word_1_45' title='bbox 1599 678 1742 733; x_wconf 92' lang='lat' dir='ltr'><strong>sicut</strong></span> <span class='ocrx_word' id='word_1_46' title='bbox 1791 673 2075 729; x_wconf 81' lang='lat' dir='ltr'><strong>deﬁnierat</strong></span> 
     </span>
    </p>
   </div>
   <div class='ocr_carea' id='block_1_9' title="bbox 2210 661 3746 768">
    <p class='ocr_par' dir='ltr' id='par_1_9' title="bbox 2210 661 3746 743">
     <span class='ocr_line' id='line_1_9' title="bbox 2210 661 3746 743; baseline -0.008 -13"><span class='ocrx_word' id='word_1_47' title='bbox 2210 676 2320 742; x_wconf 83' lang='grc' dir='ltr'>λθὲ,</span> <span class='ocrx_word' id='word_1_48' title='bbox 2355 675 2449 729; x_wconf 73' lang='grc' dir='ltr'><strong>καὶ</strong></span> <span class='ocrx_word' id='word_1_49' title='bbox 2474 673 2619 743; x_wconf 83' lang='grc' dir='ltr'>λέγω</span> <span class='ocrx_word' id='word_1_50' title='bbox 2657 687 2759 724; x_wconf 81' lang='grc' dir='ltr'>σοι.</span> <span class='ocrx_word' id='word_1_51' title='bbox 2797 666 2969 722; x_wconf 81' lang='grc' dir='ltr'>’Ἦλθε</span> <span class='ocrx_word' id='word_1_52' title='bbox 3004 667 3079 731; x_wconf 86' lang='grc' dir='ltr'><strong>δὲ,</strong></span> <span class='ocrx_word' id='word_1_53' title='bbox 3127 664 3306 728; x_wconf 61' lang='lat' dir='ltr'><strong>metu;</strong></span> <span class='ocrx_word' id='word_1_54' title='bbox 3342 662 3537 735; x_wconf 81' lang='grc' dir='ltr'>ὥρισεν</span> <span class='ocrx_word' id='word_1_55' title='bbox 3572 661 3746 733; x_wconf 84' lang='grc' dir='ltr'>αὐτῷ.</span> 
     </span>
    </p>
   </div>
   <div class='ocr_carea' id='block_1_10' title="bbox 505 751 2095 853">
    <p class='ocr_par' dir='ltr' id='par_1_10' title="bbox 505 751 2077 853">
     <span class='ocr_line' id='line_1_10' title="bbox 505 751 2077 853; baseline -0.018 -5"><span class='ocrx_word' id='word_1_56' title='bbox 505 751 697 847; x_wconf 65' lang='lat' dir='ltr'><strong>senex.</strong></span> <span class='ocrx_word' id='word_1_57' title='bbox 749 751 851 853; x_wconf 72' lang='lat' dir='ltr'><strong>Qui</strong></span> <span class='ocrx_word' id='word_1_58' title='bbox 900 784 980 839; x_wconf 90' lang='lat' dir='ltr'><strong>sic</strong></span> <span class='ocrx_word' id='word_1_59' title='bbox 1006 783 1241 851; x_wconf 52' lang='lat' dir='ltr'><strong>,locutus</strong></span> <span class='ocrx_word' id='word_1_60' title='bbox 1274 785 1357 831; x_wconf 89' lang='lat' dir='ltr'><strong>est</strong></span> <span class='ocrx_word' id='word_1_61' title='bbox 1385 751 1436 830; x_wconf 77' lang='lat' dir='ltr'><strong>ei</strong></span> <span class='ocrx_word' id='word_1_62' title='bbox 1471 792 1485 829; x_wconf 90' lang='lat'><strong>:</strong></span> <span class='ocrx_word' id='word_1_63' title='bbox 1515 772 1653 838; x_wconf 85' lang='lat' dir='ltr'><strong>Quid</strong></span> <span class='ocrx_word' id='word_1_64' title='bbox 1688 770 1788 824; x_wconf 92' lang='lat' dir='ltr'><strong>tibi</strong></span> <span class='ocrx_word' id='word_1_65' title='bbox 1827 768 2077 822; x_wconf 84' lang='lat' dir='ltr'><strong>dicturus</strong></span> 
     </span>
    </p>
   </div>
   <div class='ocr_carea' id='block_1_11' title="bbox 2210 751 3751 853">
    <p class='ocr_par' dir='ltr' id='par_1_11' title="bbox 2210 751 3751 836">
     <span class='ocr_line' id='line_1_11' title="bbox 2210 751 3751 836; baseline -0.012 -13"><span class='ocrx_word' id='word_1_66' title='bbox 2210 771 2286 824; x_wconf 73' lang='lat' dir='ltr'><strong>Lai</strong></span> <span class='ocrx_word' id='word_1_67' title='bbox 2323 763 2475 820; x_wconf 85' lang='grc' dir='ltr'>εἶπεν</span> <span class='ocrx_word' id='word_1_68' title='bbox 2500 768 2529 818; x_wconf 91' lang='lat'><strong>6</strong></span> <span class='ocrx_word' id='word_1_69' title='bbox 2557 764 2733 836; x_wconf 84' lang='grc' dir='ltr'>γέρων</span> <span class='ocrx_word' id='word_1_70' title='bbox 2752 780 2763 793; x_wconf 73' lang='grc'><strong><em>³</em></strong></span> <span class='ocrx_word' id='word_1_71' title='bbox 2808 761 2872 814; x_wconf 87' lang='grc' dir='ltr'>Τί</span> <span class='ocrx_word' id='word_1_72' title='bbox 2904 761 3010 830; x_wconf 74' lang='grc' dir='ltr'><strong>ἔχω</strong></span> <span class='ocrx_word' id='word_1_73' title='bbox 3048 776 3129 813; x_wconf 77' lang='grc' dir='ltr'>σοι</span> <span class='ocrx_word' id='word_1_74' title='bbox 3161 759 3353 819; x_wconf 82' lang='grc' dir='ltr'>εἰπεῖν,</span> <span class='ocrx_word' id='word_1_75' title='bbox 3374 752 3591 824; x_wconf 79' lang='grc' dir='ltr'>ἀδελφέ;</span> <span class='ocrx_word' id='word_1_76' title='bbox 3621 751 3751 807; x_wconf 79' lang='grc' dir='ltr'>Ἐὰν</span> 
     </span>
    </p>
   </div>
   <div class='ocr_carea' id='block_1_12' title="bbox 461 861 2081 957">
    <p class='ocr_par' dir='ltr' id='par_1_12' title="bbox 461 861 2081 957">
     <span class='ocr_line' id='line_1_12' title="bbox 461 861 2081 957; baseline -0.018 -19"><span class='ocrx_word' id='word_1_77' title='bbox 461 943 471 957; x_wconf 35' lang='grc' dir='ltr'>ι</span> <span class='ocrx_word' id='word_1_78' title='bbox 511 897 654 941; x_wconf 90' lang='lat' dir='ltr'><strong>sum,</strong></span> <span class='ocrx_word' id='word_1_79' title='bbox 674 878 872 933; x_wconf 87' lang='lat' dir='ltr'><strong>frater?</strong></span> <span class='ocrx_word' id='word_1_80' title='bbox 893 876 950 930; x_wconf 90' lang='lat' dir='ltr'><strong>Si</strong></span> <span class='ocrx_word' id='word_1_81' title='bbox 968 873 1186 929; x_wconf 80' lang='lat' dir='ltr'><strong>dixero:</strong></span> <span class='ocrx_word' id='word_1_82' title='bbox 1217 869 1361 923; x_wconf 75' lang='lat' dir='ltr'><strong>AiTer</strong></span> <span class='ocrx_word' id='word_1_83' title='bbox 1379 866 1444 921; x_wconf 86' lang='lat' dir='ltr'><strong>ad</strong></span> <span class='ocrx_word' id='word_1_84' title='bbox 1461 864 1780 929; x_wconf 86' lang='lat' dir='ltr'><strong>ecclesiam;</strong></span> <span class='ocrx_word' id='word_1_85' title='bbox 1799 861 1906 913; x_wconf 82' lang='lat' dir='ltr'><strong>illic</strong></span> <span class='ocrx_word' id='word_1_86' title='bbox 1926 872 2081 926; x_wconf 87' lang='lat' dir='ltr'><strong>pran-</strong></span> 
     </span>
    </p>
   </div>
   <div class='ocr_carea' id='block_1_13' title="bbox 508 956 2074 1029">
    <p class='ocr_par' dir='ltr' id='par_1_13' title="bbox 508 956 2074 1029">
     <span class='ocr_line' id='line_1_13' title="bbox 508 956 2074 1029; baseline -0.017 -1"><span class='ocrx_word' id='word_1_87' title='bbox 508 974 600 1029; x_wconf 88' lang='lat' dir='ltr'><strong>dia</strong></span> <span class='ocrx_word' id='word_1_88' title='bbox 617 972 821 1025; x_wconf 87' lang='lat' dir='ltr'><strong>faciunt</strong></span> <span class='ocrx_word' id='word_1_89' title='bbox 848 979 902 1023; x_wconf 87' lang='lat' dir='ltr'><strong>et</strong></span> <span class='ocrx_word' id='word_1_90' title='bbox 926 964 1199 1020; x_wconf 83' lang='lat' dir='ltr'><strong>convivia.</strong></span> <span class='ocrx_word' id='word_1_91' title='bbox 1233 960 1289 1015; x_wconf 87' lang='lat' dir='ltr'><strong>Si</strong></span> <span class='ocrx_word' id='word_1_92' title='bbox 1320 960 1509 1015; x_wconf 83' lang='lat' dir='ltr'><strong>dixero</strong></span> <span class='ocrx_word' id='word_1_93' title='bbox 1542 976 1555 1010; x_wconf 90' lang='lat'><strong>:</strong></span> <span class='ocrx_word' id='word_1_94' title='bbox 1588 956 1660 1008; x_wconf 91' lang='lat' dir='ltr'><strong>Da</strong></span> <span class='ocrx_word' id='word_1_95' title='bbox 1689 962 1916 1023; x_wconf 82' lang='lat' dir='ltr'><strong>cognato</strong></span> <span class='ocrx_word' id='word_1_96' title='bbox 1949 960 2074 1016; x_wconf 87' lang='lat' dir='ltr'><strong>luo;</strong></span> 
     </span>
    </p>
   </div>
   <div class='ocr_carea' id='block_1_14' title="bbox 512 1044 2076 1125">
    <p class='ocr_par' dir='ltr' id='par_1_14' title="bbox 512 1044 2076 1125">
     <span class='ocr_line' id='line_1_14' title="bbox 512 1044 2076 1125; baseline -0.015 -7"><span class='ocrx_word' id='word_1_97' title='bbox 512 1060 816 1118; x_wconf 84' lang='lat' dir='ltr'><strong>mercedem</strong></span> <span class='ocrx_word' id='word_1_98' title='bbox 847 1074 954 1113; x_wconf 92' lang='lat' dir='ltr'><strong>non</strong></span> <span class='ocrx_word' id='word_1_99' title='bbox 986 1056 1241 1125; x_wconf 87' lang='lat' dir='ltr'><strong>recipies.</strong></span> <span class='ocrx_word' id='word_1_100' title='bbox 1295 1051 1356 1106; x_wconf 84' lang='lat' dir='ltr'><strong>Si</strong></span> <span class='ocrx_word' id='word_1_101' title='bbox 1399 1062 1576 1105; x_wconf 88' lang='lat' dir='ltr'><strong>autem</strong></span> <span class='ocrx_word' id='word_1_102' title='bbox 1612 1044 2035 1117; x_wconf 69' lang='lat' dir='ltr'><strong>pronuntiavero</strong></span> <span class='ocrx_word' id='word_1_103' title='bbox 2063 1058 2076 1095; x_wconf 91' lang='lat'><strong>:</strong></span> 
     </span>
    </p>
   </div>
   <div class='ocr_carea' id='block_1_15' title="bbox 504 1130 2082 1218">
    <p class='ocr_par' dir='ltr' id='par_1_15' title="bbox 504 1130 2082 1218">
     <span class='ocr_line' id='line_1_15' title="bbox 504 1130 2082 1218; baseline -0.015 -11"><span class='ocrx_word' id='word_1_104' title='bbox 504 1153 786 1209; x_wconf 86' lang='lat' dir='ltr'><strong>Distribue</strong></span> <span class='ocrx_word' id='word_1_105' title='bbox 829 1151 883 1204; x_wconf 94' lang='lat' dir='ltr'><strong>in</strong></span> <span class='ocrx_word' id='word_1_106' title='bbox 930 1160 1228 1218; x_wconf 86' lang='lat' dir='ltr'><strong>pauperes;</strong></span> <span class='ocrx_word' id='word_1_107' title='bbox 1282 1141 1462 1196; x_wconf 80' lang='lat' dir='ltr'><strong>facere</strong></span> <span class='ocrx_word' id='word_1_108' title='bbox 1502 1139 1762 1208; x_wconf 83' lang='lat' dir='ltr'><strong>negliges.</strong></span> <span class='ocrx_word' id='word_1_109' title='bbox 1810 1130 2082 1201; x_wconf 77' lang='lat' dir='ltr'><strong>Quidquid</strong></span> 
     </span>
    </p>
   </div>
   <div class='ocr_carea' id='block_1_16' title="bbox 509 1230 2082 1317">
    <p class='ocr_par' dir='ltr' id='par_1_16' title="bbox 509 1230 2082 1317">
     <span class='ocr_line' id='line_1_16' title="bbox 509 1230 2082 1317; baseline -0.015 -15"><span class='ocrx_word' id='word_1_110' title='bbox 509 1259 645 1317; x_wconf 76' lang='lat' dir='ltr'><strong>ergo</strong></span> <span class='ocrx_word' id='word_1_111' title='bbox 678 1243 966 1316; x_wconf 87' lang='lat' dir='ltr'><strong>placuerit,</strong></span> <span class='ocrx_word' id='word_1_112' title='bbox 998 1240 1163 1293; x_wconf 87' lang='lat' dir='ltr'><strong>facito</strong></span> <span class='ocrx_word' id='word_1_113' title='bbox 1190 1276 1206 1301; x_wconf 90' lang='lat'><strong>,</strong></span> <span class='ocrx_word' id='word_1_114' title='bbox 1242 1250 1341 1306; x_wconf 81' lang='lat' dir='ltr'><strong>ego</strong></span> <span class='ocrx_word' id='word_1_115' title='bbox 1384 1234 1555 1302; x_wconf 72' lang='lat' dir='ltr'><strong>culpae</strong></span> <span class='ocrx_word' id='word_1_116' title='bbox 1589 1230 1761 1284; x_wconf 90' lang='lat' dir='ltr'><strong>allinis</strong></span> <span class='ocrx_word' id='word_1_117' title='bbox 1800 1242 1908 1281; x_wconf 90' lang='lat' dir='ltr'><strong>non</strong></span> <span class='ocrx_word' id='word_1_118' title='bbox 1938 1239 2082 1280; x_wconf 91' lang='lat' dir='ltr'><strong>sum.</strong></span> 
     </span>
    </p>
   </div>
   <div class='ocr_carea' id='block_1_17' title="bbox 585 1315 2083 1407">
    <p class='ocr_par' dir='ltr' id='par_1_17' title="bbox 585 1315 2083 1407">
     <span class='ocr_line' id='line_1_17' title="bbox 585 1315 2083 1407; baseline -0.015 -16"><span class='ocrx_word' id='word_1_119' title='bbox 585 1315 688 1393; x_wconf 62' lang='grc'>34.</span> <span class='ocrx_word' id='word_1_120' title='bbox 717 1336 793 1407; x_wconf 86' lang='grc'><strong>(7)</strong></span> <span class='ocrx_word' id='word_1_121' title='bbox 824 1330 1181 1401; x_wconf 81' lang='lat' dir='ltr'><strong>Interrogavit</strong></span> <span class='ocrx_word' id='word_1_122' title='bbox 1212 1342 1337 1383; x_wconf 86' lang='lat' dir='ltr'><strong>eum</strong></span> <span class='ocrx_word' id='word_1_123' title='bbox 1387 1325 1527 1379; x_wconf 88' lang='lat' dir='ltr'><strong>alius</strong></span> <span class='ocrx_word' id='word_1_124' title='bbox 1567 1321 1756 1385; x_wconf 79' lang='lat' dir='ltr'><strong>frater,</strong></span> <span class='ocrx_word' id='word_1_125' title='bbox 1798 1318 1931 1389; x_wconf 88' lang='lat' dir='ltr'><strong>quid</strong></span> <span class='ocrx_word' id='word_1_126' title='bbox 1979 1315 2083 1372; x_wconf 86' lang='lat' dir='ltr'><strong>sibi</strong></span> 
     </span>
    </p>
   </div>
   <div class='ocr_carea' id='block_1_18' title="bbox 515 1411 2088 1487">
    <p class='ocr_par' dir='ltr' id='par_1_18' title="bbox 515 1411 2088 1487">
     <span class='ocr_line' id='line_1_18' title="bbox 515 1411 2088 1487; baseline -0.015 -2"><span class='ocrx_word' id='word_1_127' title='bbox 515 1431 682 1487; x_wconf 79' lang='lat' dir='ltr'><strong>vellet</strong></span> <span class='ocrx_word' id='word_1_128' title='bbox 720 1428 852 1482; x_wconf 89' lang='lat' dir='ltr'><strong>illud</strong></span> <span class='ocrx_word' id='word_1_129' title='bbox 884 1445 898 1481; x_wconf 93' lang='lat'>:</span> <span class='ocrx_word' id='word_1_130' title='bbox 935 1423 1018 1478; x_wconf 87' lang='lat' dir='ltr'><strong>Ne</strong></span> <span class='ocrx_word' id='word_1_131' title='bbox 1044 1421 1233 1477; x_wconf 73' lang='lat' dir='ltr'><strong>reddas</strong></span> <span class='ocrx_word' id='word_1_132' title='bbox 1263 1418 1463 1473; x_wconf 84' lang='lat' dir='ltr'><strong>malum</strong></span> <span class='ocrx_word' id='word_1_133' title='bbox 1489 1432 1585 1483; x_wconf 85' lang='lat' dir='ltr'><strong>pro</strong></span> <span class='ocrx_word' id='word_1_134' title='bbox 1617 1412 1759 1467; x_wconf 88' lang='lat' dir='ltr'><strong>malo</strong></span> <span class='ocrx_word' id='word_1_135' title='bbox 1783 1412 1852 1464; x_wconf 73' lang='lat'><strong>7°.</strong></span> <span class='ocrx_word' id='word_1_136' title='bbox 1888 1411 1976 1464; x_wconf 84' lang='lat' dir='ltr'><strong>Ait</strong></span> <span class='ocrx_word' id='word_1_137' title='bbox 2001 1423 2088 1464; x_wconf 82' lang='lat' dir='ltr'><strong>se-</strong></span> 
     </span>
    </p>
   </div>
   <div class='ocr_carea' id='block_1_19' title="bbox 528 1499 2084 1580">
    <p class='ocr_par' dir='ltr' id='par_1_19' title="bbox 528 1499 2084 1580">
     <span class='ocr_line' id='line_1_19' title="bbox 528 1499 2084 1580; baseline -0.016 -6"><span class='ocrx_word' id='word_1_138' title='bbox 528 1535 632 1576; x_wconf 86' lang='lat' dir='ltr'><strong>nex</strong></span> <span class='ocrx_word' id='word_1_139' title='bbox 663 1537 678 1573; x_wconf 90' lang='lat'><strong>:</strong></span> <span class='ocrx_word' id='word_1_140' title='bbox 712 1516 813 1571; x_wconf 78' lang='lat' dir='ltr'><strong>llic</strong></span> <span class='ocrx_word' id='word_1_141' title='bbox 857 1513 1086 1569; x_wconf 73' lang='lat' dir='ltr'><strong>allectus</strong></span> <span class='ocrx_word' id='word_1_142' title='bbox 1120 1518 1357 1580; x_wconf 85' lang='lat' dir='ltr'><strong>quatuor</strong></span> <span class='ocrx_word' id='word_1_143' title='bbox 1387 1507 1546 1560; x_wconf 81' lang='lat' dir='ltr'><strong>habet</strong></span> <span class='ocrx_word' id='word_1_144' title='bbox 1588 1502 1818 1558; x_wconf 87' lang='lat' dir='ltr'><strong>modos:</strong></span> <span class='ocrx_word' id='word_1_145' title='bbox 1850 1499 2084 1571; x_wconf 90' lang='lat' dir='ltr'><strong>primum</strong></span> 
     </span>
    </p>
   </div>
   <div class='ocr_carea' id='block_1_20' title="bbox 519 1593 2086 1673">
    <p class='ocr_par' dir='ltr' id='par_1_20' title="bbox 519 1593 2086 1673">
     <span class='ocr_line' id='line_1_20' title="bbox 519 1593 2086 1673; baseline -0.016 -7"><span class='ocrx_word' id='word_1_146' title='bbox 519 1624 550 1665; x_wconf 84' lang='lat' dir='ltr'><strong>a</strong></span> <span class='ocrx_word' id='word_1_147' title='bbox 576 1609 781 1673; x_wconf 86' lang='lat' dir='ltr'><strong>corde;</strong></span> <span class='ocrx_word' id='word_1_148' title='bbox 812 1604 1113 1662; x_wconf 89' lang='lat' dir='ltr'><strong>secundum</strong></span> <span class='ocrx_word' id='word_1_149' title='bbox 1144 1616 1208 1656; x_wconf 86' lang='lat' dir='ltr'><strong>ex</strong></span> <span class='ocrx_word' id='word_1_150' title='bbox 1235 1607 1494 1669; x_wconf 87' lang='lat' dir='ltr'><strong>aspectu;</strong></span> <span class='ocrx_word' id='word_1_151' title='bbox 1530 1596 1745 1651; x_wconf 87' lang='lat' dir='ltr'><strong>tertium</strong></span> <span class='ocrx_word' id='word_1_152' title='bbox 1775 1594 1840 1646; x_wconf 90' lang='lat' dir='ltr'><strong>de</strong></span> <span class='ocrx_word' id='word_1_153' title='bbox 1868 1593 2086 1661; x_wconf 80' lang='lat' dir='ltr'><strong>lingua;</strong></span> 
     </span>
    </p>
   </div>
   <div class='ocr_carea' id='block_1_21' title="bbox 517 1679 2088 1773">
    <p class='ocr_par' dir='ltr' id='par_1_21' title="bbox 517 1679 2088 1773">
     <span class='ocr_line' id='line_1_21' title="bbox 517 1679 2088 1773; baseline -0.015 -15"><span class='ocrx_word' id='word_1_154' title='bbox 517 1712 781 1773; x_wconf 87' lang='lat' dir='ltr'><strong>quartum</strong></span> <span class='ocrx_word' id='word_1_155' title='bbox 809 1713 938 1754; x_wconf 89' lang='lat' dir='ltr'><strong>vero</strong></span> <span class='ocrx_word' id='word_1_156' title='bbox 968 1705 1074 1758; x_wconf 79' lang='lat' dir='ltr'><strong>est,</strong></span> <span class='ocrx_word' id='word_1_157' title='bbox 1122 1709 1232 1749; x_wconf 90' lang='lat' dir='ltr'><strong>non</strong></span> <span class='ocrx_word' id='word_1_158' title='bbox 1267 1692 1445 1746; x_wconf 87' lang='lat' dir='ltr'><strong>facere</strong></span> <span class='ocrx_word' id='word_1_159' title='bbox 1474 1689 1677 1743; x_wconf 89' lang='lat' dir='ltr'><strong>malum</strong></span> <span class='ocrx_word' id='word_1_160' title='bbox 1711 1701 1810 1755; x_wconf 91' lang='lat' dir='ltr'><strong>pro</strong></span> <span class='ocrx_word' id='word_1_161' title='bbox 1838 1684 2001 1737; x_wconf 89' lang='lat' dir='ltr'><strong>malo.</strong></span> <span class='ocrx_word' id='word_1_162' title='bbox 2031 1679 2088 1734; x_wconf 84' lang='lat' dir='ltr'><strong>Si</strong></span> 
     </span>
    </p>
   </div>
   <div class='ocr_carea' id='block_1_22' title="bbox 520 1776 2093 1867">
    <p class='ocr_par' dir='ltr' id='par_1_22' title="bbox 520 1776 2093 1867">
     <span class='ocr_line' id='line_1_22' title="bbox 520 1776 2093 1867; baseline -0.015 -16"><span class='ocrx_word' id='word_1_163' title='bbox 520 1793 770 1867; x_wconf 85' lang='lat' dir='ltr'><strong>potueris</strong></span> <span class='ocrx_word' id='word_1_164' title='bbox 808 1788 1077 1845; x_wconf 88' lang='lat' dir='ltr'><strong>mundare</strong></span> <span class='ocrx_word' id='word_1_165' title='bbox 1124 1802 1221 1841; x_wconf 90' lang='lat' dir='ltr'><strong>cor</strong></span> <span class='ocrx_word' id='word_1_166' title='bbox 1260 1793 1436 1847; x_wconf 89' lang='lat' dir='ltr'><strong>tuum,</strong></span> <span class='ocrx_word' id='word_1_167' title='bbox 1491 1797 1599 1835; x_wconf 88' lang='lat' dir='ltr'><strong>non</strong></span> <span class='ocrx_word' id='word_1_168' title='bbox 1626 1778 1776 1834; x_wconf 82' lang='lat' dir='ltr'><strong>venit</strong></span> <span class='ocrx_word' id='word_1_169' title='bbox 1822 1776 1889 1831; x_wconf 88' lang='lat' dir='ltr'><strong>ad</strong></span> <span class='ocrx_word' id='word_1_170' title='bbox 1933 1789 2093 1844; x_wconf 87' lang='lat' dir='ltr'><strong>aspe-</strong></span> 
     </span>
    </p>
   </div>
   <div class='ocr_carea' id='block_1_23' title="bbox 2179 846 3753 923">
    <p class='ocr_par' dir='ltr' id='par_1_23' title="bbox 2179 846 3753 923">
     <span class='ocr_line' id='line_1_23' title="bbox 2179 846 3753 923; baseline -0.01 -8"><span class='ocrx_word' id='word_1_171' title='bbox 2179 861 2318 915; x_wconf 79' lang='grc' dir='ltr'>εἴπω</span> <span class='ocrx_word' id='word_1_172' title='bbox 2345 876 2446 922; x_wconf 84' lang='grc' dir='ltr'>σοι,</span> <span class='ocrx_word' id='word_1_173' title='bbox 2482 857 2580 920; x_wconf 80' lang='grc' dir='ltr'><strong>Δὸς</strong></span> <span class='ocrx_word' id='word_1_174' title='bbox 2601 854 2741 909; x_wconf 82' lang='grc' dir='ltr'>αὐτὰ</span> <span class='ocrx_word' id='word_1_175' title='bbox 2771 855 2850 918; x_wconf 82' lang='grc' dir='ltr'><strong>εἰς</strong></span> <span class='ocrx_word' id='word_1_176' title='bbox 2875 851 3188 923; x_wconf 78' lang='grc' dir='ltr'>ἐκκλησίαν,</span> <span class='ocrx_word' id='word_1_177' title='bbox 3223 852 3341 903; x_wconf 74' lang='grc' dir='ltr'>ἐκεῖ</span> <span class='ocrx_word' id='word_1_178' title='bbox 3371 846 3753 922; x_wconf 85' lang='grc' dir='ltr'>ἀριστοποιοῦ-</span> 
     </span>
    </p>
   </div>
   <div class='ocr_carea' id='block_1_24' title="bbox 2183 940 3751 1013">
    <p class='ocr_par' dir='ltr' id='par_1_24' title="bbox 2183 940 3751 1013">
     <span class='ocr_line' id='line_1_24' title="bbox 2183 940 3751 1013; baseline -0.01 -6"><span class='ocrx_word' id='word_1_179' title='bbox 2183 971 2284 1008; x_wconf 89' lang='grc' dir='ltr'>σιν.</span> <span class='ocrx_word' id='word_1_180' title='bbox 2301 951 2428 1007; x_wconf 83' lang='grc' dir='ltr'>Ἐὰν</span> <span class='ocrx_word' id='word_1_181' title='bbox 2442 951 2581 1006; x_wconf 83' lang='grc' dir='ltr'>εἴπω</span> <span class='ocrx_word' id='word_1_182' title='bbox 2609 967 2715 1011; x_wconf 77' lang='grc' dir='ltr'>σοι,</span> <span class='ocrx_word' id='word_1_183' title='bbox 2730 947 2828 1009; x_wconf 86' lang='grc' dir='ltr'>Δὸς</span> <span class='ocrx_word' id='word_1_184' title='bbox 2845 943 2983 998; x_wconf 83' lang='grc' dir='ltr'>αὐτὰ</span> <span class='ocrx_word' id='word_1_185' title='bbox 3006 944 3254 1013; x_wconf 84' lang='grc' dir='ltr'><strong>συγγενεῖ</strong></span> <span class='ocrx_word' id='word_1_186' title='bbox 3275 958 3389 1006; x_wconf 90' lang='grc' dir='ltr'>σου,</span> <span class='ocrx_word' id='word_1_187' title='bbox 3405 941 3505 993; x_wconf 82' lang='grc' dir='ltr'><strong>οὐκ</strong></span> <span class='ocrx_word' id='word_1_188' title='bbox 3525 940 3640 993; x_wconf 78' lang='grc' dir='ltr'>ἔστι</span> <span class='ocrx_word' id='word_1_189' title='bbox 3664 955 3751 992; x_wconf 72' lang='grc' dir='ltr'>σοι</span> 
     </span>
    </p>
   </div>
   <div class='ocr_carea' id='block_1_25' title="bbox 2187 1032 3755 1119">
    <p class='ocr_par' dir='ltr' id='par_1_25' title="bbox 2187 1032 3755 1119">
     <span class='ocr_line' id='line_1_25' title="bbox 2187 1032 3755 1119; baseline -0.013 -17"><span class='ocrx_word' id='word_1_190' title='bbox 2187 1046 2394 1119; x_wconf 87' lang='grc' dir='ltr'>μισθός.</span> <span class='ocrx_word' id='word_1_191' title='bbox 2434 1044 2560 1098; x_wconf 82' lang='grc' dir='ltr'><strong>Ἐὰν</strong></span> <span class='ocrx_word' id='word_1_192' title='bbox 2589 1042 2647 1096; x_wconf 80' lang='grc' dir='ltr'><strong>δὲ</strong></span> <span class='ocrx_word' id='word_1_193' title='bbox 2675 1039 2813 1095; x_wconf 80' lang='grc' dir='ltr'>εἴπω</span> <span class='ocrx_word' id='word_1_194' title='bbox 2840 1054 2939 1101; x_wconf 83' lang='grc' dir='ltr'>σοι,</span> <span class='ocrx_word' id='word_1_195' title='bbox 2966 1037 3063 1101; x_wconf 81' lang='grc' dir='ltr'><strong>Δὸς</strong></span> <span class='ocrx_word' id='word_1_196' title='bbox 3087 1036 3226 1090; x_wconf 71' lang='grc' dir='ltr'>αὐτὰ</span> <span class='ocrx_word' id='word_1_197' title='bbox 3259 1036 3510 1103; x_wconf 81' lang='grc' dir='ltr'><strong>πτωχοῖς,</strong></span> <span class='ocrx_word' id='word_1_198' title='bbox 3554 1032 3755 1101; x_wconf 70' lang='grc' dir='ltr'>άμεριιι</span> 
     </span>
    </p>
   </div>
   <div class='ocr_carea' id='block_1_26' title="bbox 2188 1122 3753 1212">
    <p class='ocr_par' dir='ltr' id='par_1_26' title="bbox 2188 1122 3753 1212">
     <span class='ocr_line' id='line_1_26' title="bbox 2188 1122 3753 1212; baseline -0.012 -18"><span class='ocrx_word' id='word_1_199' title='bbox 2188 1143 2360 1212; x_wconf 84' lang='grc' dir='ltr'>μνεῖς.</span> <span class='ocrx_word' id='word_1_200' title='bbox 2379 1138 2445 1194; x_wconf 75' lang='grc' dir='ltr'><strong>Εἰ</strong></span> <span class='ocrx_word' id='word_1_201' title='bbox 2463 1156 2516 1191; x_wconf 89' lang='grc' dir='ltr'>τι</span> <span class='ocrx_word' id='word_1_202' title='bbox 2539 1133 2631 1190; x_wconf 73' lang='grc' dir='ltr'><strong>οὖν</strong></span> <span class='ocrx_word' id='word_1_203' title='bbox 2654 1133 2845 1199; x_wconf 79' lang='grc' dir='ltr'>θέλεις,</span> <span class='ocrx_word' id='word_1_204' title='bbox 2860 1131 3099 1199; x_wconf 80' lang='grc' dir='ltr'>ποίησον·</span> <span class='ocrx_word' id='word_1_205' title='bbox 3113 1125 3223 1196; x_wconf 73' lang='grc' dir='ltr'><strong>ἐγὼ</strong></span> <span class='ocrx_word' id='word_1_206' title='bbox 3248 1128 3478 1199; x_wconf 80' lang='grc' dir='ltr'>πρᾶγμα</span> <span class='ocrx_word' id='word_1_207' title='bbox 3495 1124 3593 1178; x_wconf 75' lang='grc' dir='ltr'><strong>οὐκ</strong></span> <span class='ocrx_word' id='word_1_208' title='bbox 3621 1122 3753 1193; x_wconf 74' lang='grc' dir='ltr'><strong>ἔχω.</strong></span> 
     </span>
    </p>
   </div>
   <div class='ocr_carea' id='block_1_27' title="bbox 2254 1300 3760 1387">
    <p class='ocr_par' dir='ltr' id='par_1_27' title="bbox 2254 1300 3760 1387">
     <span class='ocr_line' id='line_1_27' title="bbox 2254 1300 3760 1387; baseline -0.012 -15"><span class='ocrx_word' id='word_1_209' title='bbox 2254 1319 2347 1372; x_wconf 84' lang='grc' dir='ltr'>λδ’.</span> <span class='ocrx_word' id='word_1_210' title='bbox 2402 1315 2712 1387; x_wconf 83' lang='grc' dir='ltr'>Ἦρὼτησεν</span> <span class='ocrx_word' id='word_1_211' title='bbox 2758 1312 2918 1367; x_wconf 80' lang='grc' dir='ltr'>αὐτδν</span> <span class='ocrx_word' id='word_1_212' title='bbox 2957 1309 3115 1372; x_wconf 80' lang='grc' dir='ltr'>ἄλλος</span> <span class='ocrx_word' id='word_1_213' title='bbox 3161 1305 3403 1376; x_wconf 75' lang='grc' dir='ltr'>ἁδελφὸς,</span> <span class='ocrx_word' id='word_1_214' title='bbox 3444 1303 3617 1373; x_wconf 72' lang='grc' dir='ltr'>λέγων</span> <span class='ocrx_word' id='word_1_215' title='bbox 3635 1319 3649 1332; x_wconf 90' lang='grc'><strong>·</strong></span> <span class='ocrx_word' id='word_1_216' title='bbox 3687 1300 3760 1356; x_wconf 84' lang='grc' dir='ltr'>Τί</span> 
     </span>
    </p>
   </div>
   <div class='ocr_carea' id='block_1_28' title="bbox 2187 1394 3759 1479">
    <p class='ocr_par' dir='ltr' id='par_1_28' title="bbox 2187 1394 3759 1479">
     <span class='ocr_line' id='line_1_28' title="bbox 2187 1394 3759 1479; baseline -0.013 -12"><span class='ocrx_word' id='word_1_217' title='bbox 2187 1414 2322 1476; x_wconf 75' lang='grc' dir='ltr'>ἐστι,</span> <span class='ocrx_word' id='word_1_218' title='bbox 2374 1409 2470 1479; x_wconf 75' lang='grc' dir='ltr'><strong>Μὴ</strong></span> <span class='ocrx_word' id='word_1_219' title='bbox 2529 1407 2862 1472; x_wconf 79' lang='grc' dir='ltr'><strong>ἀποδώσεις</strong></span> <span class='ocrx_word' id='word_1_220' title='bbox 2915 1402 3109 1459; x_wconf 81' lang='grc' dir='ltr'>κακὸν</span> <span class='ocrx_word' id='word_1_221' title='bbox 3147 1400 3280 1456; x_wconf 77' lang='grc' dir='ltr'><strong>ἀντὶ</strong></span> <span class='ocrx_word' id='word_1_222' title='bbox 3327 1396 3515 1452; x_wconf 81' lang='grc' dir='ltr'>κακοῦ</span> <span class='ocrx_word' id='word_1_223' title='bbox 3533 1411 3556 1460; x_wconf 93' lang='grc'>,·</span> <span class='ocrx_word' id='word_1_224' title='bbox 3594 1394 3759 1465; x_wconf 84' lang='grc' dir='ltr'>Λέγει</span> 
     </span>
    </p>
   </div>
   <div class='ocr_carea' id='block_1_29' title="bbox 2188 1487 3762 1576">
    <p class='ocr_par' dir='ltr' id='par_1_29' title="bbox 2188 1487 3762 1576">
     <span class='ocr_line' id='line_1_29' title="bbox 2188 1487 3762 1576; baseline -0.013 -18"><span class='ocrx_word' id='word_1_225' title='bbox 2188 1504 2335 1576; x_wconf 80' lang='grc' dir='ltr'><strong>αὑτῷ</strong></span> <span class='ocrx_word' id='word_1_226' title='bbox 2363 1505 2393 1558; x_wconf 92' lang='lat'><strong>6</strong></span> <span class='ocrx_word' id='word_1_227' title='bbox 2418 1502 2626 1573; x_wconf 72' lang='grc' dir='ltr'>γέρωνι</span> <span class='ocrx_word' id='word_1_228' title='bbox 2676 1499 2751 1553; x_wconf 83' lang='grc' dir='ltr'><strong>Τὸ</strong></span> <span class='ocrx_word' id='word_1_229' title='bbox 2797 1496 2966 1561; x_wconf 82' lang='grc' dir='ltr'>πάθος</span> <span class='ocrx_word' id='word_1_230' title='bbox 3003 1495 3160 1548; x_wconf 80' lang='grc' dir='ltr'>τοῦτο</span> <span class='ocrx_word' id='word_1_231' title='bbox 3195 1492 3466 1562; x_wconf 83' lang='grc' dir='ltr'>τέσσαρας</span> <span class='ocrx_word' id='word_1_232' title='bbox 3499 1488 3612 1559; x_wconf 72' lang='grc' dir='ltr'><strong>ἔχει</strong></span> <span class='ocrx_word' id='word_1_233' title='bbox 3636 1487 3762 1557; x_wconf 80' lang='grc' dir='ltr'>τρό-</span> 
     </span>
    </p>
   </div>
   <div class='ocr_carea' id='block_1_30' title="bbox 2190 1578 3766 1665">
    <p class='ocr_par' dir='ltr' id='par_1_30' title="bbox 2190 1578 3766 1665">
     <span class='ocr_line' id='line_1_30' title="bbox 2190 1578 3766 1665; baseline -0.013 -14"><span class='ocrx_word' id='word_1_234' title='bbox 2190 1612 2355 1660; x_wconf 85' lang='grc' dir='ltr'>πους·</span> <span class='ocrx_word' id='word_1_235' title='bbox 2384 1585 2599 1665; x_wconf 69' lang='grc' dir='ltr'>πρῶτον</span> <span class='ocrx_word' id='word_1_236' title='bbox 2627 1592 2734 1646; x_wconf 72' lang='grc' dir='ltr'><strong>ἀπὸ</strong></span> <span class='ocrx_word' id='word_1_237' title='bbox 2758 1589 2999 1661; x_wconf 78' lang='grc' dir='ltr'><strong>καρδίας,</strong></span> <span class='ocrx_word' id='word_1_238' title='bbox 3026 1585 3275 1656; x_wconf 85' lang='grc' dir='ltr'>δεύτερον</span> <span class='ocrx_word' id='word_1_239' title='bbox 3292 1582 3401 1637; x_wconf 79' lang='grc' dir='ltr'>ἀπὸ</span> <span class='ocrx_word' id='word_1_240' title='bbox 3419 1581 3616 1651; x_wconf 77' lang='grc' dir='ltr'>ὅψεως,</span> <span class='ocrx_word' id='word_1_241' title='bbox 3642 1578 3766 1651; x_wconf 88' lang='grc' dir='ltr'>τρί-</span> 
     </span>
    </p>
   </div>
   <div class='ocr_carea' id='block_1_31' title="bbox 2189 1671 3764 1756">
    <p class='ocr_par' dir='ltr' id='par_1_31' title="bbox 2189 1671 3764 1756">
     <span class='ocr_line' id='line_1_31' title="bbox 2189 1671 3764 1756; baseline -0.011 -14"><span class='ocrx_word' id='word_1_242' title='bbox 2189 1706 2280 1743; x_wconf 88' lang='grc' dir='ltr'><strong>τον</strong></span> <span class='ocrx_word' id='word_1_243' title='bbox 2314 1687 2586 1756; x_wconf 81' lang='grc' dir='ltr'><strong>γλώσσης,</strong></span> <span class='ocrx_word' id='word_1_244' title='bbox 2631 1682 2888 1755; x_wconf 82' lang='grc' dir='ltr'>τέταρτόν</span> <span class='ocrx_word' id='word_1_245' title='bbox 2932 1682 3069 1742; x_wconf 81' lang='grc' dir='ltr'>ἐστι,</span> <span class='ocrx_word' id='word_1_246' title='bbox 3108 1677 3170 1731; x_wconf 86' lang='grc' dir='ltr'><strong>τὸ</strong></span> <span class='ocrx_word' id='word_1_247' title='bbox 3209 1677 3282 1748; x_wconf 87' lang='grc' dir='ltr'>μὴ</span> <span class='ocrx_word' id='word_1_248' title='bbox 3323 1675 3547 1744; x_wconf 80' lang='grc' dir='ltr'>ποιῆσαι</span> <span class='ocrx_word' id='word_1_249' title='bbox 3590 1671 3764 1727; x_wconf 80' lang='grc' dir='ltr'>κακὸν</span> 
     </span>
    </p>
   </div>
   <div class='ocr_carea' id='block_1_32' title="bbox 2192 1763 3766 1840">
    <p class='ocr_par' dir='ltr' id='par_1_32' title="bbox 2192 1763 3766 1840">
     <span class='ocr_line' id='line_1_32' title="bbox 2192 1763 3766 1840; baseline -0.011 -7"><span class='ocrx_word' id='word_1_250' title='bbox 2192 1780 2318 1833; x_wconf 77' lang='grc' dir='ltr'>ἀντὶ</span> <span class='ocrx_word' id='word_1_251' title='bbox 2360 1776 2552 1831; x_wconf 82' lang='grc' dir='ltr'>κακοῦ.</span> <span class='ocrx_word' id='word_1_252' title='bbox 2599 1774 2725 1829; x_wconf 85' lang='grc' dir='ltr'>Ἐὰν</span> <span class='ocrx_word' id='word_1_253' title='bbox 2775 1773 2998 1826; x_wconf 83' lang='grc' dir='ltr'>δύνασαι</span> <span class='ocrx_word' id='word_1_254' title='bbox 3048 1767 3338 1840; x_wconf 79' lang='grc' dir='ltr'>καθαρίσαι</span> <span class='ocrx_word' id='word_1_255' title='bbox 3388 1765 3486 1837; x_wconf 82' lang='grc' dir='ltr'>τὴν</span> <span class='ocrx_word' id='word_1_256' title='bbox 3534 1763 3766 1835; x_wconf 84' lang='grc' dir='ltr'>καρδίαν</span> 
     </span>
    </p>
   </div>
   <div class='ocr_carea' id='block_1_33' title="bbox 522 1855 2095 1955">
    <p class='ocr_par' dir='ltr' id='par_1_33' title="bbox 522 1867 2092 1955">
     <span class='ocr_line' id='line_1_33' title="bbox 522 1867 2092 1955; baseline -0.017 -13"><span class='ocrx_word' id='word_1_257' title='bbox 522 1897 672 1943; x_wconf 91' lang='lat' dir='ltr'><strong>ctum</strong></span> <span class='ocrx_word' id='word_1_258' title='bbox 699 1902 715 1953; x_wconf 89' lang='lat'><strong>;</strong></span> <span class='ocrx_word' id='word_1_259' title='bbox 747 1882 894 1955; x_wconf 90' lang='lat' dir='ltr'><strong>quod</strong></span> <span class='ocrx_word' id='word_1_260' title='bbox 923 1881 971 1937; x_wconf 89' lang='lat' dir='ltr'><strong>si</strong></span> <span class='ocrx_word' id='word_1_261' title='bbox 1000 1881 1053 1934; x_wconf 93' lang='lat' dir='ltr'><strong>in</strong></span> <span class='ocrx_word' id='word_1_262' title='bbox 1089 1885 1445 1946; x_wconf 89' lang='lat' dir='ltr'><strong>conspectum</strong></span> <span class='ocrx_word' id='word_1_263' title='bbox 1480 1872 1712 1934; x_wconf 85' lang='lat' dir='ltr'><strong>venerit,</strong></span> <span class='ocrx_word' id='word_1_264' title='bbox 1750 1884 1880 1924; x_wconf 87' lang='lat' dir='ltr'><strong>cave</strong></span> <span class='ocrx_word' id='word_1_265' title='bbox 1912 1883 1980 1922; x_wconf 90' lang='lat' dir='ltr'><strong>ne</strong></span> <span class='ocrx_word' id='word_1_266' title='bbox 2015 1867 2092 1920; x_wconf 79' lang='lat' dir='ltr'><strong>Iu-</strong></span> 
     </span>
    </p>
   </div>
   <div class='ocr_carea' id='block_1_34' title="bbox 2210 1855 3769 1955">
    <p class='ocr_par' dir='ltr' id='par_1_34' title="bbox 2210 1855 3769 1938">
     <span class='ocr_line' id='line_1_34' title="bbox 2210 1855 3769 1938; baseline -0.011 -13"><span class='ocrx_word' id='word_1_267' title='bbox 2210 1889 2309 1933; x_wconf 84' lang='lat' dir='ltr'><strong>rou,</strong></span> <span class='ocrx_word' id='word_1_268' title='bbox 2354 1871 2453 1923; x_wconf 83' lang='grc' dir='ltr'>οὺκ</span> <span class='ocrx_word' id='word_1_269' title='bbox 2502 1870 2717 1938; x_wconf 79' lang='grc' dir='ltr'>ἔρχεται</span> <span class='ocrx_word' id='word_1_270' title='bbox 2756 1868 2835 1927; x_wconf 86' lang='grc' dir='ltr'>εἰς</span> <span class='ocrx_word' id='word_1_271' title='bbox 2872 1865 2970 1935; x_wconf 83' lang='grc' dir='ltr'><strong>τὴν</strong></span> <span class='ocrx_word' id='word_1_272' title='bbox 2997 1864 3119 1933; x_wconf 79' lang='grc' dir='ltr'><strong>ὄψιν</strong></span> <span class='ocrx_word' id='word_1_273' title='bbox 3142 1877 3159 1893; x_wconf 74' lang='grc' dir='ltr'><strong>ο</strong></span> <span class='ocrx_word' id='word_1_274' title='bbox 3189 1861 3282 1915; x_wconf 78' lang='grc' dir='ltr'>ἐὰν</span> <span class='ocrx_word' id='word_1_275' title='bbox 3310 1859 3365 1912; x_wconf 83' lang='grc' dir='ltr'>δὲ</span> <span class='ocrx_word' id='word_1_276' title='bbox 3391 1857 3519 1931; x_wconf 76' lang='grc' dir='ltr'>ἔλθῃ</span> <span class='ocrx_word' id='word_1_277' title='bbox 3551 1859 3630 1921; x_wconf 80' lang='grc' dir='ltr'><strong>εἰς</strong></span> <span class='ocrx_word' id='word_1_278' title='bbox 3665 1855 3769 1924; x_wconf 83' lang='grc' dir='ltr'>τὴν</span> 
     </span>
    </p>
   </div>
   <div class='ocr_carea' id='block_1_35' title="bbox 523 1954 2088 2050">
    <p class='ocr_par' dir='ltr' id='par_1_35' title="bbox 523 1954 2088 2050">
     <span class='ocr_line' id='line_1_35' title="bbox 523 1954 2088 2050; baseline -0.015 -17"><span class='ocrx_word' id='word_1_279' title='bbox 523 1980 748 2050; x_wconf 84' lang='lat' dir='ltr'><strong>quaris;</strong></span> <span class='ocrx_word' id='word_1_280' title='bbox 783 1975 830 2032; x_wconf 90' lang='lat' dir='ltr'><strong>si</strong></span> <span class='ocrx_word' id='word_1_281' title='bbox 854 1989 982 2029; x_wconf 89' lang='lat' dir='ltr'><strong>vero</strong></span> <span class='ocrx_word' id='word_1_282' title='bbox 1010 1972 1175 2027; x_wconf 90' lang='lat' dir='ltr'><strong>etiam</strong></span> <span class='ocrx_word' id='word_1_283' title='bbox 1206 1970 1423 2022; x_wconf 88' lang='lat' dir='ltr'><strong>locutus</strong></span> <span class='ocrx_word' id='word_1_284' title='bbox 1453 1965 1644 2025; x_wconf 86' lang='lat' dir='ltr'><strong>fueris,</strong></span> <span class='ocrx_word' id='word_1_285' title='bbox 1670 1964 1780 2016; x_wconf 83' lang='lat' dir='ltr'><strong>cito</strong></span> <span class='ocrx_word' id='word_1_286' title='bbox 1808 1954 2088 2018; x_wconf 87' lang='lat' dir='ltr'><strong>abscinde,</strong></span> 
     </span>
    </p>
   </div>
   <div class='ocr_carea' id='block_1_36' title="bbox 525 2059 1494 2131">
    <p class='ocr_par' dir='ltr' id='par_1_36' title="bbox 525 2059 1494 2131">
     <span class='ocr_line' id='line_1_36' title="bbox 525 2059 1494 2131; baseline -0.013 -5"><span class='ocrx_word' id='word_1_287' title='bbox 525 2079 584 2126; x_wconf 92' lang='lat' dir='ltr'><strong>ut</strong></span> <span class='ocrx_word' id='word_1_288' title='bbox 616 2086 726 2126; x_wconf 90' lang='lat' dir='ltr'><strong>non</strong></span> <span class='ocrx_word' id='word_1_289' title='bbox 755 2067 925 2122; x_wconf 79' lang='lat' dir='ltr'><strong>facias</strong></span> <span class='ocrx_word' id='word_1_290' title='bbox 955 2063 1157 2118; x_wconf 90' lang='lat' dir='ltr'><strong>malum</strong></span> <span class='ocrx_word' id='word_1_291' title='bbox 1190 2075 1290 2131; x_wconf 91' lang='lat' dir='ltr'><strong>pro</strong></span> <span class='ocrx_word' id='word_1_292' title='bbox 1328 2059 1494 2113; x_wconf 85' lang='lat' dir='ltr'><strong>malo.</strong></span> 
     </span>
    </p>
   </div>
   <div class='ocr_carea' id='block_1_37' title="bbox 594 2140 2094 2230">
    <p class='ocr_par' dir='ltr' id='par_1_37' title="bbox 594 2140 2094 2230">
     <span class='ocr_line' id='line_1_37' title="bbox 594 2140 2094 2230; baseline -0.016 -15"><span class='ocrx_word' id='word_1_293' title='bbox 594 2160 684 2216; x_wconf 82' lang='lat'><strong>&#39;55.</strong></span> <span class='ocrx_word' id='word_1_294' title='bbox 729 2158 804 2230; x_wconf 89' lang='lat'><strong>(8)</strong></span> <span class='ocrx_word' id='word_1_295' title='bbox 841 2155 988 2210; x_wconf 84' lang='lat' dir='ltr'><strong>Dixit</strong></span> <span class='ocrx_word' id='word_1_296' title='bbox 1016 2154 1190 2208; x_wconf 83' lang='lat' dir='ltr'><strong>abbas</strong></span> <span class='ocrx_word' id='word_1_297' title='bbox 1219 2150 1445 2204; x_wconf 77' lang='lat' dir='ltr'><strong>Ptemen</strong></span> <span class='ocrx_word' id='word_1_298' title='bbox 1474 2167 1489 2202; x_wconf 88' lang='lat'><strong>:</strong></span> <span class='ocrx_word' id='word_1_299' title='bbox 1522 2143 1831 2201; x_wconf 86' lang='lat' dir='ltr'><strong>Custodire.</strong></span> <span class='ocrx_word' id='word_1_300' title='bbox 1875 2140 1979 2195; x_wconf 82' lang='lat' dir='ltr'><strong>sibi</strong></span> <span class='ocrx_word' id='word_1_301' title='bbox 2011 2151 2094 2193; x_wconf 87' lang='lat' dir='ltr'><strong>at-</strong></span> 
     </span>
    </p>
   </div>
   <div class='ocr_carea' id='block_1_38' title="bbox 523 2233 2096 2311">
    <p class='ocr_par' dir='ltr' id='par_1_38' title="bbox 523 2233 2096 2311">
     <span class='ocr_line' id='line_1_38' title="bbox 523 2233 2096 2311; baseline -0.015 -3"><span class='ocrx_word' id='word_1_302' title='bbox 523 2251 772 2311; x_wconf 85' lang='lat' dir='ltr'><strong>tendere,</strong></span> <span class='ocrx_word' id='word_1_303' title='bbox 819 2255 870 2303; x_wconf 87' lang='lat' dir='ltr'><strong>ct</strong></span> <span class='ocrx_word' id='word_1_304' title='bbox 911 2243 1190 2308; x_wconf 86' lang='lat' dir='ltr'><strong>discretio,</strong></span> <span class='ocrx_word' id='word_1_305' title='bbox 1239 2242 1322 2295; x_wconf 78' lang='lat' dir='ltr'><strong>ha:</strong></span> <span class='ocrx_word' id='word_1_306' title='bbox 1368 2249 1479 2295; x_wconf 88' lang='lat' dir='ltr'><strong>tres</strong></span> <span class='ocrx_word' id='word_1_307' title='bbox 1532 2240 1767 2291; x_wconf 81' lang='lat' dir='ltr'><strong>virtutes</strong></span> <span class='ocrx_word' id='word_1_308' title='bbox 1797 2233 1897 2287; x_wconf 68' lang='lat' dir='ltr'><strong>vite</strong></span> <span class='ocrx_word' id='word_1_309' title='bbox 1926 2233 2096 2286; x_wconf 87' lang='lat' dir='ltr'><strong>duces</strong></span> 
     </span>
    </p>
   </div>
   <div class='ocr_carea' id='block_1_39' title="bbox 524 2342 899 2402">
    <p class='ocr_par' dir='ltr' id='par_1_39' title="bbox 524 2342 899 2402">
     <span class='ocr_line' id='line_1_39' title="bbox 524 2342 899 2402; baseline -0.024 0"><span class='ocrx_word' id='word_1_310' title='bbox 524 2351 654 2402; x_wconf 77' lang='lat' dir='ltr'><strong>sunt</strong></span> <span class='ocrx_word' id='word_1_311' title='bbox 685 2342 899 2397; x_wconf 69' lang='lat' dir='ltr'><strong>animat.</strong></span> 
     </span>
    </p>
   </div>
   <div class='ocr_carea' id='block_1_40' title="bbox 594 2413 2096 2504">
    <p class='ocr_par' dir='ltr' id='par_1_40' title="bbox 594 2413 2096 2504">
     <span class='ocr_line' id='line_1_40' title="bbox 594 2413 2096 2504; baseline -0.015 -15"><span class='ocrx_word' id='word_1_312' title='bbox 594 2434 684 2489; x_wconf 75' lang='lat'><strong>56.</strong></span> <span class='ocrx_word' id='word_1_313' title='bbox 727 2432 804 2504; x_wconf 82' lang='lat'><strong>(9)</strong></span> <span class='ocrx_word' id='word_1_314' title='bbox 840 2430 983 2484; x_wconf 80' lang='lat' dir='ltr'><strong>Dixit</strong></span> <span class='ocrx_word' id='word_1_315' title='bbox 1030 2428 1275 2482; x_wconf 90' lang='lat' dir='ltr'><strong>iterum:</strong></span> <span class='ocrx_word' id='word_1_316' title='bbox 1308 2421 1588 2491; x_wconf 84' lang='lat' dir='ltr'><strong>Projiccre</strong></span> <span class='ocrx_word' id='word_1_317' title='bbox 1642 2434 1701 2474; x_wconf 89' lang='lat' dir='ltr'><strong>se</strong></span> <span class='ocrx_word' id='word_1_318' title='bbox 1742 2431 1925 2472; x_wconf 85' lang='lat' dir='ltr'><strong>coram</strong></span> <span class='ocrx_word' id='word_1_319' title='bbox 1967 2413 2096 2475; x_wconf 90' lang='lat' dir='ltr'><strong>Deo,</strong></span> 
     </span>
    </p>
   </div>
   <div class='ocr_carea' id='block_1_41' title="bbox 524 2508 2101 2598">
    <p class='ocr_par' dir='ltr' id='par_1_41' title="bbox 524 2508 2101 2598">
     <span class='ocr_line' id='line_1_41' title="bbox 524 2508 2101 2598; baseline -0.016 -15"><span class='ocrx_word' id='word_1_320' title='bbox 524 2528 768 2598; x_wconf 82' lang='lat' dir='ltr'><strong>seipsum</strong></span> <span class='ocrx_word' id='word_1_321' title='bbox 823 2538 932 2578; x_wconf 92' lang='lat' dir='ltr'><strong>non</strong></span> <span class='ocrx_word' id='word_1_322' title='bbox 987 2518 1191 2580; x_wconf 87' lang='lat' dir='ltr'><strong>metiri,</strong></span> <span class='ocrx_word' id='word_1_323' title='bbox 1243 2517 1459 2570; x_wconf 91' lang='lat' dir='ltr'><strong>mittere</strong></span> <span class='ocrx_word' id='word_1_324' title='bbox 1503 2520 1651 2566; x_wconf 87' lang='lat' dir='ltr'><strong>retro</strong></span> <span class='ocrx_word' id='word_1_325' title='bbox 1688 2508 1962 2579; x_wconf 82' lang='lat' dir='ltr'><strong>propriam</strong></span> <span class='ocrx_word' id='word_1_326' title='bbox 2003 2522 2101 2558; x_wconf 89' lang='lat' dir='ltr'><strong>vo-</strong></span> 
     </span>
    </p>
   </div>
   <div class='ocr_carea' id='block_1_42' title="bbox 525 2603 1620 2678">
    <p class='ocr_par' dir='ltr' id='par_1_42' title="bbox 525 2603 1620 2678">
     <span class='ocr_line' id='line_1_42' title="bbox 525 2603 1620 2678; baseline -0.016 -4"><span class='ocrx_word' id='word_1_327' title='bbox 525 2620 815 2678; x_wconf 85' lang='lat' dir='ltr'><strong>luntatem,</strong></span> <span class='ocrx_word' id='word_1_328' title='bbox 848 2617 979 2669; x_wconf 89' lang='lat' dir='ltr'><strong>sunt</strong></span> <span class='ocrx_word' id='word_1_329' title='bbox 1006 2611 1373 2665; x_wconf 86' lang='lat' dir='ltr'><strong>instrumenta</strong></span> <span class='ocrx_word' id='word_1_330' title='bbox 1401 2603 1620 2657; x_wconf 67' lang='lat' dir='ltr'><strong>animat.</strong></span> 
     </span>
    </p>
   </div>
   <div class='ocr_carea' id='block_1_43' title="bbox 603 2687 2099 2777">
    <p class='ocr_par' dir='ltr' id='par_1_43' title="bbox 603 2687 2099 2777">
     <span class='ocr_line' id='line_1_43' title="bbox 603 2687 2099 2777; baseline -0.014 -15"><span class='ocrx_word' id='word_1_331' title='bbox 603 2709 693 2763; x_wconf 78' lang='lat'><strong>57.</strong></span> <span class='ocrx_word' id='word_1_332' title='bbox 743 2705 857 2777; x_wconf 87' lang='grc'>(10)</span> <span class='ocrx_word' id='word_1_333' title='bbox 891 2702 1038 2757; x_wconf 82' lang='lat' dir='ltr'><strong>Dixit</strong></span> <span class='ocrx_word' id='word_1_334' title='bbox 1083 2713 1343 2771; x_wconf 90' lang='lat' dir='ltr'><strong>quoque:</strong></span> <span class='ocrx_word' id='word_1_335' title='bbox 1377 2693 1569 2750; x_wconf 90' lang='lat' dir='ltr'><strong>Omnis</strong></span> <span class='ocrx_word' id='word_1_336' title='bbox 1600 2691 1826 2752; x_wconf 84' lang='lat' dir='ltr'><strong>laboris,</strong></span> <span class='ocrx_word' id='word_1_337' title='bbox 1860 2687 2099 2758; x_wconf 83' lang='lat' dir='ltr'><strong>quicun-</strong></span> 
     </span>
    </p>
   </div>
   <div class='ocr_carea' id='block_1_44' title="bbox 524 2786 1839 2870">
    <p class='ocr_par' dir='ltr' id='par_1_44' title="bbox 524 2786 1839 2870">
     <span class='ocr_line' id='line_1_44' title="bbox 524 2786 1839 2870; baseline -0.016 -15"><span class='ocrx_word' id='word_1_338' title='bbox 524 2811 638 2870; x_wconf 67' lang='lat' dir='ltr'><strong>que</strong></span> <span class='ocrx_word' id='word_1_339' title='bbox 666 2794 1045 2867; x_wconf 77' lang='lat' dir='ltr'><strong>supervenerit</strong></span> <span class='ocrx_word' id='word_1_340' title='bbox 1079 2791 1199 2857; x_wconf 89' lang='lat' dir='ltr'><strong>tibi,</strong></span> <span class='ocrx_word' id='word_1_341' title='bbox 1238 2786 1466 2843; x_wconf 85' lang='lat' dir='ltr'><strong>victoria</strong></span> <span class='ocrx_word' id='word_1_342' title='bbox 1498 2790 1604 2849; x_wconf 90' lang='lat' dir='ltr'><strong>est,</strong></span> <span class='ocrx_word' id='word_1_343' title='bbox 1631 2789 1839 2836; x_wconf 88' lang='lat' dir='ltr'><strong>tacere.</strong></span> 
     </span>
    </p>
   </div>
   <div class='ocr_carea' id='block_1_45' title="bbox 601 2872 2104 2944">
    <p class='ocr_par' dir='ltr' id='par_1_45' title="bbox 601 2872 2104 2944">
     <span class='ocr_line' id='line_1_45' title="bbox 601 2872 2104 2944; baseline -0.013 0"><span class='ocrx_word' id='word_1_344' title='bbox 601 2888 691 2944; x_wconf 76' lang='lat'><strong>58.</strong></span> <span class='ocrx_word' id='word_1_345' title='bbox 736 2888 935 2941; x_wconf 89' lang='lat' dir='ltr'><strong>lterum</strong></span> <span class='ocrx_word' id='word_1_346' title='bbox 977 2883 1156 2938; x_wconf 85' lang='lat' dir='ltr'><strong>dixit:</strong></span> <span class='ocrx_word' id='word_1_347' title='bbox 1188 2876 1537 2935; x_wconf 85' lang='lat' dir='ltr'><strong>Abominatio</strong></span> <span class='ocrx_word' id='word_1_348' title='bbox 1567 2883 1652 2929; x_wconf 88' lang='lat' dir='ltr'><strong>est</strong></span> <span class='ocrx_word' id='word_1_349' title='bbox 1711 2872 1944 2927; x_wconf 86' lang='lat' dir='ltr'><strong>Domino</strong></span> <span class='ocrx_word' id='word_1_350' title='bbox 1984 2885 2104 2927; x_wconf 89' lang='lat' dir='ltr'><strong>om-</strong></span> 
     </span>
    </p>
   </div>
   <div class='ocr_carea' id='block_1_46' title="bbox 518 2975 1221 3049">
    <p class='ocr_par' dir='ltr' id='par_1_46' title="bbox 518 2975 1221 3049">
     <span class='ocr_line' id='line_1_46' title="bbox 518 2975 1221 3049; baseline -0.013 -12"><span class='ocrx_word' id='word_1_351' title='bbox 518 2981 619 3037; x_wconf 79' lang='lat' dir='ltr'><strong>nis</strong></span> <span class='ocrx_word' id='word_1_352' title='bbox 649 2979 952 3049; x_wconf 79' lang='lat' dir='ltr'><strong>corporalis</strong></span> <span class='ocrx_word' id='word_1_353' title='bbox 984 2975 1221 3045; x_wconf 87' lang='lat' dir='ltr'><strong>requies.</strong></span> 
     </span>
    </p>
   </div>
   <div class='ocr_carea' id='block_1_47' title="bbox 603 3060 2094 3142">
    <p class='ocr_par' dir='ltr' id='par_1_47' title="bbox 603 3060 2094 3142">
     <span class='ocr_line' id='line_1_47' title="bbox 603 3060 2094 3142; baseline -0.011 -15"><span class='ocrx_word' id='word_1_354' title='bbox 603 3074 694 3129; x_wconf 73' lang='lat'><strong>39.</strong></span> <span class='ocrx_word' id='word_1_355' title='bbox 735 3069 849 3142; x_wconf 90' lang='grc'>(11)</span> <span class='ocrx_word' id='word_1_356' title='bbox 888 3068 1037 3122; x_wconf 86' lang='lat' dir='ltr'><strong>Dixit</strong></span> <span class='ocrx_word' id='word_1_357' title='bbox 1071 3067 1253 3120; x_wconf 86' lang='lat' dir='ltr'><strong>adhuc</strong></span> <span class='ocrx_word' id='word_1_358' title='bbox 1281 3085 1293 3120; x_wconf 95' lang='lat'><strong>:</strong></span> <span class='ocrx_word' id='word_1_359' title='bbox 1320 3063 1547 3119; x_wconf 89' lang='lat' dir='ltr'><strong>lnluctu</strong></span> <span class='ocrx_word' id='word_1_360' title='bbox 1580 3060 1691 3115; x_wconf 88' lang='lat' dir='ltr'><strong>duo</strong></span> <span class='ocrx_word' id='word_1_361' title='bbox 1721 3065 1883 3113; x_wconf 87' lang='lat' dir='ltr'><strong>sunt:</strong></span> <span class='ocrx_word' id='word_1_362' title='bbox 1906 3070 2094 3127; x_wconf 88' lang='lat' dir='ltr'><strong>opera-</strong></span> 
     </span>
    </p>
   </div>
   <div class='ocr_carea' id='block_1_48' title="bbox 516 3159 1013 3227">
    <p class='ocr_par' dir='ltr' id='par_1_48' title="bbox 516 3159 1013 3227">
     <span class='ocr_line' id='line_1_48' title="bbox 516 3159 1013 3227; baseline -0.014 -8"><span class='ocrx_word' id='word_1_363' title='bbox 516 3173 591 3219; x_wconf 66' lang='grc' dir='ltr'>ιω</span> <span class='ocrx_word' id='word_1_364' title='bbox 602 3182 645 3227; x_wconf 89' lang='lat' dir='ltr'><strong>r,</strong></span> <span class='ocrx_word' id='word_1_365' title='bbox 680 3173 733 3218; x_wconf 89' lang='lat' dir='ltr'><strong>et</strong></span> <span class='ocrx_word' id='word_1_366' title='bbox 754 3159 1013 3217; x_wconf 89' lang='lat' dir='ltr'><strong>custodit.</strong></span> 
     </span>
    </p>
   </div>
   <div class='ocr_carea' id='block_1_49' title="bbox 603 3237 2104 3325">
    <p class='ocr_par' dir='ltr' id='par_1_49' title="bbox 603 3237 2104 3325">
     <span class='ocr_line' id='line_1_49' title="bbox 603 3237 2104 3325; baseline -0.013 -16"><span class='ocrx_word' id='word_1_367' title='bbox 603 3253 695 3309; x_wconf 84' lang='grc'>40.</span> <span class='ocrx_word' id='word_1_368' title='bbox 739 3253 852 3325; x_wconf 73' lang='grc'>(12)</span> <span class='ocrx_word' id='word_1_369' title='bbox 888 3251 1090 3306; x_wconf 89' lang='lat' dir='ltr'><strong>lterum</strong></span> <span class='ocrx_word' id='word_1_370' title='bbox 1132 3246 1315 3302; x_wconf 86' lang='lat' dir='ltr'><strong>dixit:</strong></span> <span class='ocrx_word' id='word_1_371' title='bbox 1351 3243 1406 3299; x_wconf 88' lang='lat' dir='ltr'><strong>Si</strong></span> <span class='ocrx_word' id='word_1_372' title='bbox 1466 3254 1519 3298; x_wconf 86' lang='lat' dir='ltr'><strong>te</strong></span> <span class='ocrx_word' id='word_1_373' title='bbox 1569 3242 1802 3298; x_wconf 79' lang='lat' dir='ltr'><strong>subierit</strong></span> <span class='ocrx_word' id='word_1_374' title='bbox 1845 3237 2104 3310; x_wconf 79' lang='lat' dir='ltr'><strong>cogitatio</strong></span> 
     </span>
    </p>
   </div>
   <div class='ocr_carea' id='block_1_50' title="bbox 529 3331 2104 3413">
    <p class='ocr_par' dir='ltr' id='par_1_50' title="bbox 529 3331 2104 3413">
     <span class='ocr_line' id='line_1_50' title="bbox 529 3331 2104 3413; baseline -0.013 -9"><span class='ocrx_word' id='word_1_375' title='bbox 529 3347 604 3404; x_wconf 86' lang='lat' dir='ltr'><strong>de</strong></span> <span class='ocrx_word' id='word_1_376' title='bbox 632 3349 796 3402; x_wconf 81' lang='lat' dir='ltr'><strong>rebus</strong></span> <span class='ocrx_word' id='word_1_377' title='bbox 823 3342 1045 3413; x_wconf 88' lang='lat' dir='ltr'><strong>corpori</strong></span> <span class='ocrx_word' id='word_1_378' title='bbox 1091 3338 1445 3401; x_wconf 87' lang='lat' dir='ltr'><strong>necessariis,</strong></span> <span class='ocrx_word' id='word_1_379' title='bbox 1479 3335 1757 3404; x_wconf 86' lang='lat' dir='ltr'><strong>semelque</strong></span> <span class='ocrx_word' id='word_1_380' title='bbox 1798 3331 2104 3387; x_wconf 81' lang='lat' dir='ltr'><strong>constitue-</strong></span> 
     </span>
    </p>
   </div>
   <div class='ocr_carea' id='block_1_51' title="bbox 534 3421 2107 3508">
    <p class='ocr_par' dir='ltr' id='par_1_51' title="bbox 534 3421 2107 3508">
     <span class='ocr_line' id='line_1_51' title="bbox 534 3421 2107 3508; baseline -0.013 -11"><span class='ocrx_word' id='word_1_381' title='bbox 534 3444 649 3506; x_wconf 85' lang='lat' dir='ltr'><strong>ris;</strong></span> <span class='ocrx_word' id='word_1_382' title='bbox 682 3451 983 3508; x_wconf 85' lang='lat' dir='ltr'><strong>rursusque</strong></span> <span class='ocrx_word' id='word_1_383' title='bbox 1026 3421 1270 3491; x_wconf 82' lang='lat' dir='ltr'><strong>secundo</strong></span> <span class='ocrx_word' id='word_1_384' title='bbox 1315 3432 1566 3492; x_wconf 89' lang='lat' dir='ltr'><strong>subierit,</strong></span> <span class='ocrx_word' id='word_1_385' title='bbox 1617 3444 1680 3482; x_wconf 92' lang='lat' dir='ltr'><strong>ac</strong></span> <span class='ocrx_word' id='word_1_386' title='bbox 1713 3438 1768 3481; x_wconf 89' lang='lat' dir='ltr'><strong>tu</strong></span> <span class='ocrx_word' id='word_1_387' title='bbox 1814 3424 2107 3480; x_wconf 86' lang='lat' dir='ltr'><strong>constitue-</strong></span> 
     </span>
    </p>
   </div>
   <div class='ocr_carea' id='block_1_52' title="bbox 536 3516 2106 3597">
    <p class='ocr_par' dir='ltr' id='par_1_52' title="bbox 536 3516 2106 3597">
     <span class='ocr_line' id='line_1_52' title="bbox 536 3516 2106 3597; baseline -0.01 -13"><span class='ocrx_word' id='word_1_388' title='bbox 536 3533 649 3597; x_wconf 87' lang='lat' dir='ltr'><strong>ris;</strong></span> <span class='ocrx_word' id='word_1_389' title='bbox 700 3530 748 3585; x_wconf 86' lang='lat' dir='ltr'><strong>si</strong></span> <span class='ocrx_word' id='word_1_390' title='bbox 802 3528 964 3584; x_wconf 91' lang='lat' dir='ltr'><strong>tertio</strong></span> <span class='ocrx_word' id='word_1_391' title='bbox 1009 3524 1262 3587; x_wconf 88' lang='lat' dir='ltr'><strong>subierit,</strong></span> <span class='ocrx_word' id='word_1_392' title='bbox 1306 3522 1417 3577; x_wconf 90' lang='lat' dir='ltr'><strong>noli</strong></span> <span class='ocrx_word' id='word_1_393' title='bbox 1463 3522 1512 3577; x_wconf 89' lang='lat' dir='ltr'><strong>ei</strong></span> <span class='ocrx_word' id='word_1_394' title='bbox 1560 3520 1874 3582; x_wconf 88' lang='lat' dir='ltr'><strong>attendere;</strong></span> <span class='ocrx_word' id='word_1_395' title='bbox 1929 3516 2106 3569; x_wconf 83' lang='lat' dir='ltr'><strong>otiosa</strong></span> 
     </span>
    </p>
   </div>
   <div class='ocr_carea' id='block_1_53' title="bbox 524 3624 808 3678">
    <p class='ocr_par' dir='ltr' id='par_1_53' title="bbox 524 3624 808 3678">
     <span class='ocr_line' id='line_1_53' title="bbox 524 3624 808 3678; baseline -0.018 0"><span class='ocrx_word' id='word_1_396' title='bbox 524 3624 680 3678; x_wconf 77' lang='lat' dir='ltr'><strong>enim</strong></span> <span class='ocrx_word' id='word_1_397' title='bbox 704 3630 808 3677; x_wconf 88' lang='lat' dir='ltr'><strong>est.</strong></span> 
     </span>
    </p>
   </div>
   <div class='ocr_carea' id='block_1_54' title="bbox 610 3699 2106 3783">
    <p class='ocr_par' dir='ltr' id='par_1_54' title="bbox 610 3699 2106 3783">
     <span class='ocr_line' id='line_1_54' title="bbox 610 3699 2106 3783; baseline -0.012 -15"><span class='ocrx_word' id='word_1_398' title='bbox 610 3712 702 3768; x_wconf 85' lang='grc'><strong>41.</strong></span> <span class='ocrx_word' id='word_1_399' title='bbox 743 3711 859 3783; x_wconf 78' lang='grc'>(15)</span> <span class='ocrx_word' id='word_1_400' title='bbox 899 3708 1102 3763; x_wconf 89' lang='lat' dir='ltr'><strong>lterum</strong></span> <span class='ocrx_word' id='word_1_401' title='bbox 1156 3724 1172 3761; x_wconf 92' lang='lat'><strong>:</strong></span> <span class='ocrx_word' id='word_1_402' title='bbox 1214 3705 1410 3760; x_wconf 79' lang='lat' dir='ltr'><strong>Frater</strong></span> <span class='ocrx_word' id='word_1_403' title='bbox 1455 3700 1811 3771; x_wconf 82' lang='lat' dir='ltr'><strong>interrogavit</strong></span> <span class='ocrx_word' id='word_1_404' title='bbox 1858 3699 2106 3752; x_wconf 80' lang='lat' dir='ltr'><strong>abbatem</strong></span> 
     </span>
    </p>
   </div>
   <div class='ocr_carea' id='block_1_55' title="bbox 526 3791 2109 3870">
    <p class='ocr_par' dir='ltr' id='par_1_55' title="bbox 526 3791 2109 3870">
     <span class='ocr_line' id='line_1_55' title="bbox 526 3791 2109 3870; baseline -0.012 -8"><span class='ocrx_word' id='word_1_405' title='bbox 526 3807 798 3866; x_wconf 59' lang='lat' dir='ltr'><strong>«.Monium</strong></span> <span class='ocrx_word' id='word_1_406' title='bbox 829 3824 844 3859; x_wconf 89' lang='lat'><strong>:</strong></span> <span class='ocrx_word' id='word_1_407' title='bbox 877 3802 1020 3870; x_wconf 86' lang='lat' dir='ltr'><strong>Quid</strong></span> <span class='ocrx_word' id='word_1_408' title='bbox 1073 3810 1159 3857; x_wconf 84' lang='lat' dir='ltr'><strong>est</strong></span> <span class='ocrx_word' id='word_1_409' title='bbox 1211 3800 1367 3854; x_wconf 84' lang='lat' dir='ltr'><strong>niltilt</strong></span> <span class='ocrx_word' id='word_1_410' title='bbox 1431 3813 1492 3853; x_wconf 84' lang='lat' dir='ltr'><strong>se</strong></span> <span class='ocrx_word' id='word_1_411' title='bbox 1542 3796 1762 3850; x_wconf 73' lang='lat' dir='ltr'><strong>facere?</strong></span> <span class='ocrx_word' id='word_1_412' title='bbox 1811 3791 2109 3862; x_wconf 75' lang='lat' dir='ltr'><strong>Respondit</strong></span> 
     </span>
    </p>
   </div>
   <div class='ocr_carea' id='block_1_56' title="bbox 524 3884 2110 3956">
    <p class='ocr_par' dir='ltr' id='par_1_56' title="bbox 524 3884 2110 3956">
     <span class='ocr_line' id='line_1_56' title="bbox 524 3884 2110 3956; baseline -0.015 1"><span class='ocrx_word' id='word_1_413' title='bbox 524 3915 704 3956; x_wconf 74' lang='lat' dir='ltr'><strong>senex</strong></span> <span class='ocrx_word' id='word_1_414' title='bbox 739 3915 753 3952; x_wconf 88' lang='lat'><strong>:</strong></span> <span class='ocrx_word' id='word_1_415' title='bbox 785 3896 921 3952; x_wconf 83' lang='lat' dir='ltr'><strong>Esse</strong></span> <span class='ocrx_word' id='word_1_416' title='bbox 952 3902 1007 3949; x_wconf 87' lang='lat' dir='ltr'><strong>te</strong></span> <span class='ocrx_word' id='word_1_417' title='bbox 1033 3890 1177 3947; x_wconf 80' lang='lat' dir='ltr'><strong>infra</strong></span> <span class='ocrx_word' id='word_1_418' title='bbox 1222 3892 1477 3945; x_wconf 86' lang='lat' dir='ltr'><strong>animalia</strong></span> <span class='ocrx_word' id='word_1_419' title='bbox 1518 3889 1726 3941; x_wconf 86' lang='lat' dir='ltr'><strong>ratione</strong></span> <span class='ocrx_word' id='word_1_420' title='bbox 1757 3884 2023 3947; x_wconf 72' lang='lat' dir='ltr'><strong>carentia,</strong></span> <span class='ocrx_word' id='word_1_421' title='bbox 2056 3889 2110 3936; x_wconf 90' lang='lat' dir='ltr'><strong>et</strong></span> 
     </span>
    </p>
   </div>
   <div class='ocr_carea' id='block_1_57' title="bbox 538 3978 2038 4060">
    <p class='ocr_par' dir='ltr' id='par_1_57' title="bbox 538 3978 2038 4060">
     <span class='ocr_line' id='line_1_57' title="bbox 538 3978 2038 4060; baseline -0.013 -12"><span class='ocrx_word' id='word_1_422' title='bbox 538 4006 705 4048; x_wconf 88' lang='lat' dir='ltr'><strong>nosse</strong></span> <span class='ocrx_word' id='word_1_423' title='bbox 725 3989 872 4060; x_wconf 83' lang='lat' dir='ltr'><strong>quod</strong></span> <span class='ocrx_word' id='word_1_424' title='bbox 900 3989 992 4043; x_wconf 84' lang='lat' dir='ltr'><strong>illa</strong></span> <span class='ocrx_word' id='word_1_425' title='bbox 1020 3983 1460 4041; x_wconf 84' lang='lat' dir='ltr'><strong>condemnatinni</strong></span> <span class='ocrx_word' id='word_1_426' title='bbox 1484 3982 1717 4036; x_wconf 79' lang='lat' dir='ltr'><strong>obnoxia</strong></span> <span class='ocrx_word' id='word_1_427' title='bbox 1768 3995 1873 4031; x_wconf 90' lang='lat' dir='ltr'><strong>non</strong></span> <span class='ocrx_word' id='word_1_428' title='bbox 1907 3978 2038 4031; x_wconf 91' lang='lat' dir='ltr'><strong>sint.</strong></span> 
     </span>
    </p>
   </div>
   <div class='ocr_carea' id='block_1_58' title="bbox 611 4069 2108 4140">
    <p class='ocr_par' dir='ltr' id='par_1_58' title="bbox 611 4069 2108 4140">
     <span class='ocr_line' id='line_1_58' title="bbox 611 4069 2108 4140; baseline -0.011 0"><span class='ocrx_word' id='word_1_429' title='bbox 611 4083 702 4140; x_wconf 73' lang='grc'>42.</span> <span class='ocrx_word' id='word_1_430' title='bbox 741 4082 870 4138; x_wconf 86' lang='lat' dir='ltr'><strong>Item</strong></span> <span class='ocrx_word' id='word_1_431' title='bbox 909 4080 1009 4137; x_wconf 87' lang='lat' dir='ltr'><strong>:Si</strong></span> <span class='ocrx_word' id='word_1_432' title='bbox 1046 4076 1370 4134; x_wconf 82' lang='lat' dir='ltr'><strong>recordatus</strong></span> <span class='ocrx_word' id='word_1_433' title='bbox 1416 4074 1578 4127; x_wconf 82' lang='lat' dir='ltr'><strong>fuerit</strong></span> <span class='ocrx_word' id='word_1_434' title='bbox 1617 4074 1776 4126; x_wconf 77' lang='lat' dir='ltr'><strong>horno</strong></span> <span class='ocrx_word' id='word_1_435' title='bbox 1807 4071 1937 4124; x_wconf 76' lang='lat' dir='ltr'><strong>dicti</strong></span> <span class='ocrx_word' id='word_1_436' title='bbox 1964 4069 2108 4139; x_wconf 80' lang='lat' dir='ltr'><strong>quod</strong></span> 
     </span>
    </p>
   </div>
   <div class='ocr_carea' id='block_1_59' title="bbox 526 4161 2109 4246">
    <p class='ocr_par' dir='ltr' id='par_1_59' title="bbox 526 4161 2109 4246">
     <span class='ocr_line' id='line_1_59' title="bbox 526 4161 2109 4246; baseline -0.013 -12"><span class='ocrx_word' id='word_1_437' title='bbox 526 4179 596 4234; x_wconf 67' lang='lat' dir='ltr'><strong>in</strong></span> <span class='ocrx_word' id='word_1_438' title='bbox 626 4176 913 4246; x_wconf 84' lang='lat' dir='ltr'><strong>Scriptura</strong></span> <span class='ocrx_word' id='word_1_439' title='bbox 957 4172 1157 4242; x_wconf 79' lang='lat' dir='ltr'><strong>legitur</strong></span> <span class='ocrx_word' id='word_1_440' title='bbox 1187 4191 1200 4226; x_wconf 92' lang='lat'><strong>:</strong></span> <span class='ocrx_word' id='word_1_441' title='bbox 1236 4168 1317 4223; x_wconf 69' lang='lat' dir='ltr'><strong>Ea:</strong></span> <span class='ocrx_word' id='word_1_442' title='bbox 1361 4168 1528 4222; x_wconf 80' lang='lat' dir='ltr'><strong>verbis</strong></span> <span class='ocrx_word' id='word_1_443' title='bbox 1575 4168 1677 4219; x_wconf 81' lang='lat' dir='ltr'><strong>tuis</strong></span> <span class='ocrx_word' id='word_1_444' title='bbox 1697 4161 2109 4235; x_wconf 74' lang='lat' dir='ltr'><strong>justi/imiteris,</strong></span> 
     </span>
    </p>
   </div>
   <div class='ocr_carea' id='block_1_60' title="bbox 2194 1948 3768 2035">
    <p class='ocr_par' dir='ltr' id='par_1_60' title="bbox 2194 1948 3768 2035">
     <span class='ocr_line' id='line_1_60' title="bbox 2194 1948 3768 2035; baseline -0.012 -17"><span class='ocrx_word' id='word_1_445' title='bbox 2194 1963 2338 2035; x_wconf 73' lang='grc' dir='ltr'>ὄψιν,</span> <span class='ocrx_word' id='word_1_446' title='bbox 2373 1962 2640 2033; x_wconf 82' lang='grc' dir='ltr'><strong>φυλάττου</strong></span> <span class='ocrx_word' id='word_1_447' title='bbox 2682 1959 2744 2012; x_wconf 81' lang='grc' dir='ltr'><strong>τὸ</strong></span> <span class='ocrx_word' id='word_1_448' title='bbox 2782 1959 2856 2030; x_wconf 83' lang='grc' dir='ltr'>μὴ</span> <span class='ocrx_word' id='word_1_449' title='bbox 2898 1957 3070 2011; x_wconf 78' lang='grc' dir='ltr'>λαλεῖν</span> <span class='ocrx_word' id='word_1_450' title='bbox 3094 1971 3109 1986; x_wconf 74' lang='grc'><strong><em>⁸</em></strong></span> <span class='ocrx_word' id='word_1_451' title='bbox 3147 1952 3242 2007; x_wconf 77' lang='grc' dir='ltr'><strong>ἐὰν</strong></span> <span class='ocrx_word' id='word_1_452' title='bbox 3284 1953 3341 2005; x_wconf 81' lang='grc' dir='ltr'>δὲ</span> <span class='ocrx_word' id='word_1_453' title='bbox 3381 1951 3475 2004; x_wconf 74' lang='grc' dir='ltr'><strong>καὶ</strong></span> <span class='ocrx_word' id='word_1_454' title='bbox 3504 1948 3768 2021; x_wconf 78' lang='grc' dir='ltr'>λαλήσῃς,</span> 
     </span>
    </p>
   </div>
   <div class='ocr_carea' id='block_1_61' title="bbox 2193 2040 3586 2126">
    <p class='ocr_par' dir='ltr' id='par_1_61' title="bbox 2193 2040 3586 2126">
     <span class='ocr_line' id='line_1_61' title="bbox 2193 2040 3586 2126; baseline -0.011 -16"><span class='ocrx_word' id='word_1_455' title='bbox 2193 2056 2330 2126; x_wconf 79' lang='grc' dir='ltr'>ταχὺ</span> <span class='ocrx_word' id='word_1_456' title='bbox 2365 2053 2527 2123; x_wconf 71' lang='grc' dir='ltr'>κόψον</span> <span class='ocrx_word' id='word_1_457' title='bbox 2554 2051 2646 2105; x_wconf 77' lang='grc' dir='ltr'>τοῦ</span> <span class='ocrx_word' id='word_1_458' title='bbox 2678 2049 2751 2122; x_wconf 82' lang='grc' dir='ltr'>μὴ</span> <span class='ocrx_word' id='word_1_459' title='bbox 2784 2050 3005 2119; x_wconf 78' lang='grc' dir='ltr'>ποιῆσαι</span> <span class='ocrx_word' id='word_1_460' title='bbox 3029 2046 3198 2101; x_wconf 84' lang='grc' dir='ltr'>κακὸν</span> <span class='ocrx_word' id='word_1_461' title='bbox 3236 2044 3356 2097; x_wconf 78' lang='grc' dir='ltr'>ἀντὶ</span> <span class='ocrx_word' id='word_1_462' title='bbox 3394 2040 3586 2096; x_wconf 81' lang='grc' dir='ltr'>κακοῦ.</span> 
     </span>
    </p>
   </div>
   <div class='ocr_carea' id='block_1_62' title="bbox 2265 2130 3772 2211">
    <p class='ocr_par' dir='ltr' id='par_1_62' title="bbox 2265 2130 3772 2211">
     <span class='ocr_line' id='line_1_62' title="bbox 2265 2130 3772 2211; baseline -0.012 -10"><span class='ocrx_word' id='word_1_463' title='bbox 2265 2148 2356 2201; x_wconf 84' lang='grc' dir='ltr'>λε’.</span> <span class='ocrx_word' id='word_1_464' title='bbox 2400 2144 2563 2199; x_wconf 82' lang='grc' dir='ltr'>Εἶπεν</span> <span class='ocrx_word' id='word_1_465' title='bbox 2588 2146 2616 2197; x_wconf 82' lang='grc' dir='ltr'><strong><em>ὁ</em></strong></span> <span class='ocrx_word' id='word_1_466' title='bbox 2649 2142 2823 2205; x_wconf 74' lang='grc' dir='ltr'>ἁῦϐᾶς</span> <span class='ocrx_word' id='word_1_467' title='bbox 2851 2140 3082 2211; x_wconf 77' lang='grc' dir='ltr'>Ποιμὴν,</span> <span class='ocrx_word' id='word_1_468' title='bbox 3112 2139 3193 2191; x_wconf 84' lang='grc' dir='ltr'><strong>ὅτι</strong></span> <span class='ocrx_word' id='word_1_469' title='bbox 3229 2136 3301 2189; x_wconf 82' lang='grc' dir='ltr'><strong>Τὸ</strong></span> <span class='ocrx_word' id='word_1_470' title='bbox 3335 2134 3646 2205; x_wconf 81' lang='grc' dir='ltr'><strong>φυλάσσειν,</strong></span> <span class='ocrx_word' id='word_1_471' title='bbox 3672 2130 3772 2185; x_wconf 81' lang='grc' dir='ltr'>καὶ</span> 
     </span>
    </p>
   </div>
   <div class='ocr_carea' id='block_1_63' title="bbox 2196 2219 3774 2311">
    <p class='ocr_par' dir='ltr' id='par_1_63' title="bbox 2196 2219 3774 2311">
     <span class='ocr_line' id='line_1_63' title="bbox 2196 2219 3774 2311; baseline -0.011 -17"><span class='ocrx_word' id='word_1_472' title='bbox 2196 2239 2373 2311; x_wconf 76' lang='grc' dir='ltr'>ἑαυτῷ</span> <span class='ocrx_word' id='word_1_473' title='bbox 2410 2237 2716 2309; x_wconf 76' lang='grc' dir='ltr'>προσέχειν,</span> <span class='ocrx_word' id='word_1_474' title='bbox 2760 2234 2855 2287; x_wconf 76' lang='grc' dir='ltr'><strong>καὶ</strong></span> <span class='ocrx_word' id='word_1_475' title='bbox 2899 2235 2931 2302; x_wconf 87' lang='grc' dir='ltr'><strong>ή</strong></span> <span class='ocrx_word' id='word_1_476' title='bbox 2977 2230 3269 2300; x_wconf 71' lang='grc' dir='ltr'>διάκρισις,</span> <span class='ocrx_word' id='word_1_477' title='bbox 3313 2229 3369 2280; x_wconf 84' lang='grc' dir='ltr'>αἱ</span> <span class='ocrx_word' id='word_1_478' title='bbox 3410 2228 3559 2298; x_wconf 80' lang='grc' dir='ltr'>τρεῖς</span> <span class='ocrx_word' id='word_1_479' title='bbox 3608 2219 3774 2279; x_wconf 72' lang='grc' dir='ltr'>αὗται</span> 
     </span>
    </p>
   </div>
   <div class='ocr_carea' id='block_1_64' title="bbox 2200 2325 3100 2405">
    <p class='ocr_par' dir='ltr' id='par_1_64' title="bbox 2200 2325 3100 2405">
     <span class='ocr_line' id='line_1_64' title="bbox 2200 2325 3100 2405; baseline -0.011 -18"><span class='ocrx_word' id='word_1_480' title='bbox 2200 2332 2392 2405; x_wconf 72' lang='grc' dir='ltr'>ἀρεταὶ</span> <span class='ocrx_word' id='word_1_481' title='bbox 2415 2330 2595 2402; x_wconf 80' lang='grc' dir='ltr'>ὁδηγοί</span> <span class='ocrx_word' id='word_1_482' title='bbox 2643 2331 2747 2382; x_wconf 81' lang='grc' dir='ltr'>εἰσι</span> <span class='ocrx_word' id='word_1_483' title='bbox 2775 2328 2872 2397; x_wconf 84' lang='grc' dir='ltr'><strong>τῆς</strong></span> <span class='ocrx_word' id='word_1_484' title='bbox 2901 2325 3100 2395; x_wconf 72' lang='grc' dir='ltr'>ψυχῆς.</span> 
     </span>
    </p>
   </div>
   <div class='ocr_carea' id='block_1_65' title="bbox 2269 2408 3776 2490">
    <p class='ocr_par' dir='ltr' id='par_1_65' title="bbox 2269 2408 3776 2490">
     <span class='ocr_line' id='line_1_65' title="bbox 2269 2408 3776 2490; baseline -0.011 -11"><span class='ocrx_word' id='word_1_485' title='bbox 2269 2425 2376 2490; x_wconf 82' lang='grc' dir='ltr'>λς’.</span> <span class='ocrx_word' id='word_1_486' title='bbox 2410 2421 2542 2477; x_wconf 65' lang='lat' dir='ltr'><strong>Eine</strong></span> <span class='ocrx_word' id='word_1_487' title='bbox 2586 2421 2771 2487; x_wconf 84' lang='grc' dir='ltr'>πάλιν,</span> <span class='ocrx_word' id='word_1_488' title='bbox 2795 2421 2876 2473; x_wconf 80' lang='grc' dir='ltr'><strong>ὅτι</strong></span> <span class='ocrx_word' id='word_1_489' title='bbox 2907 2420 2981 2472; x_wconf 89' lang='grc' dir='ltr'>Τὸ</span> <span class='ocrx_word' id='word_1_490' title='bbox 3011 2416 3163 2488; x_wconf 73' lang='grc' dir='ltr'>ῥίψαι</span> <span class='ocrx_word' id='word_1_491' title='bbox 3191 2414 3379 2470; x_wconf 77' lang='grc' dir='ltr'>ἑαυτὸν</span> <span class='ocrx_word' id='word_1_492' title='bbox 3416 2411 3646 2467; x_wconf 71' lang='grc' dir='ltr'>ἐνώπιον</span> <span class='ocrx_word' id='word_1_493' title='bbox 3672 2408 3776 2463; x_wconf 81' lang='grc' dir='ltr'>τοῦ</span> 
     </span>
    </p>
   </div>
   <div class='ocr_carea' id='block_1_66' title="bbox 2198 2501 3780 2583">
    <p class='ocr_par' dir='ltr' id='par_1_66' title="bbox 2198 2501 3780 2583">
     <span class='ocr_line' id='line_1_66' title="bbox 2198 2501 3780 2583; baseline -0.01 -13"><span class='ocrx_word' id='word_1_494' title='bbox 2198 2516 2356 2583; x_wconf 83' lang='grc' dir='ltr'>Θεοῦ,</span> <span class='ocrx_word' id='word_1_495' title='bbox 2407 2515 2504 2569; x_wconf 81' lang='grc' dir='ltr'><strong>καὶ</strong></span> <span class='ocrx_word' id='word_1_496' title='bbox 2552 2514 2613 2567; x_wconf 87' lang='grc' dir='ltr'><strong>τὸ</strong></span> <span class='ocrx_word' id='word_1_497' title='bbox 2655 2512 2729 2583; x_wconf 82' lang='grc' dir='ltr'>μὴ</span> <span class='ocrx_word' id='word_1_498' title='bbox 2779 2509 2971 2564; x_wconf 76' lang='grc' dir='ltr'>ἑαυτὸν</span> <span class='ocrx_word' id='word_1_499' title='bbox 3025 2509 3264 2580; x_wconf 75' lang='grc' dir='ltr'>μετρεῖν,</span> <span class='ocrx_word' id='word_1_500' title='bbox 3321 2506 3416 2561; x_wconf 69' lang='grc' dir='ltr'><strong>καὶ⁹</strong></span> <span class='ocrx_word' id='word_1_501' title='bbox 3452 2503 3515 2557; x_wconf 78' lang='grc' dir='ltr'><strong>τὸ</strong></span> <span class='ocrx_word' id='word_1_502' title='bbox 3558 2501 3780 2573; x_wconf 79' lang='grc' dir='ltr'><strong>βάλλειν</strong></span> 
     </span>
    </p>
   </div>
   <div class='ocr_carea' id='block_1_67' title="bbox 2200 2596 3664 2676">
    <p class='ocr_par' dir='ltr' id='par_1_67' title="bbox 2200 2596 3664 2676">
     <span class='ocr_line' id='line_1_67' title="bbox 2200 2596 3664 2676; baseline -0.01 -12"><span class='ocrx_word' id='word_1_503' title='bbox 2200 2609 2375 2664; x_wconf 81' lang='grc' dir='ltr'>ὀπίσω</span> <span class='ocrx_word' id='word_1_504' title='bbox 2411 2608 2473 2661; x_wconf 81' lang='grc' dir='ltr'>τὸ</span> <span class='ocrx_word' id='word_1_505' title='bbox 2509 2606 2641 2661; x_wconf 80' lang='grc' dir='ltr'>ἴδιον</span> <span class='ocrx_word' id='word_1_506' title='bbox 2668 2605 2897 2676; x_wconf 84' lang='grc' dir='ltr'>θέλημα,</span> <span class='ocrx_word' id='word_1_507' title='bbox 2930 2601 3190 2674; x_wconf 82' lang='grc' dir='ltr'>ἐργαλεῖά</span> <span class='ocrx_word' id='word_1_508' title='bbox 3215 2603 3322 2654; x_wconf 78' lang='grc' dir='ltr'>εἰσι</span> <span class='ocrx_word' id='word_1_509' title='bbox 3341 2599 3441 2670; x_wconf 84' lang='grc' dir='ltr'><strong>τῆς</strong></span> <span class='ocrx_word' id='word_1_510' title='bbox 3466 2596 3664 2668; x_wconf 81' lang='grc' dir='ltr'>ψυχῆς.</span> 
     </span>
    </p>
   </div>
   <div class='ocr_carea' id='block_1_68' title="bbox 2276 2689 3780 2765">
    <p class='ocr_par' dir='ltr' id='par_1_68' title="bbox 2276 2689 3780 2765">
     <span class='ocr_line' id='line_1_68' title="bbox 2276 2689 3780 2765; baseline -0.009 -10"><span class='ocrx_word' id='word_1_511' title='bbox 2276 2701 2379 2765; x_wconf 78' lang='grc' dir='ltr'>λζ’.</span> <span class='ocrx_word' id='word_1_512' title='bbox 2421 2696 2560 2754; x_wconf 83' lang='grc' dir='ltr'>Εἷπε</span> <span class='ocrx_word' id='word_1_513' title='bbox 2591 2699 2754 2752; x_wconf 83' lang='grc' dir='ltr'>πάλιν</span> <span class='ocrx_word' id='word_1_514' title='bbox 2775 2714 2788 2727; x_wconf 90' lang='grc'><strong>·</strong></span> <span class='ocrx_word' id='word_1_515' title='bbox 2833 2698 2947 2760; x_wconf 82' lang='grc' dir='ltr'><strong>Πᾶς</strong></span> <span class='ocrx_word' id='word_1_516' title='bbox 2975 2695 3141 2758; x_wconf 85' lang='grc' dir='ltr'>κόπος</span> <span class='ocrx_word' id='word_1_517' title='bbox 3172 2693 3231 2758; x_wconf 81' lang='grc' dir='ltr'>ὃς</span> <span class='ocrx_word' id='word_1_518' title='bbox 3269 2693 3335 2747; x_wconf 81' lang='grc' dir='ltr'><strong>ἂν</strong></span> <span class='ocrx_word' id='word_1_519' title='bbox 3359 2691 3561 2765; x_wconf 78' lang='grc' dir='ltr'>ἐπέλθῃ</span> <span class='ocrx_word' id='word_1_520' title='bbox 3601 2706 3706 2755; x_wconf 89' lang='grc' dir='ltr'>σοι,</span> <span class='ocrx_word' id='word_1_521' title='bbox 3742 2689 3780 2760; x_wconf 78' lang='grc' dir='ltr'>ἡ</span> 
     </span>
    </p>
   </div>
   <div class='ocr_carea' id='block_1_69' title="bbox 2202 2791 2934 2864">
    <p class='ocr_par' dir='ltr' id='par_1_69' title="bbox 2202 2791 2934 2864">
     <span class='ocr_line' id='line_1_69' title="bbox 2202 2791 2934 2864; baseline -0.005 -18"><span class='ocrx_word' id='word_1_522' title='bbox 2202 2794 2327 2864; x_wconf 84' lang='grc' dir='ltr'>νίκη</span> <span class='ocrx_word' id='word_1_523' title='bbox 2362 2791 2527 2846; x_wconf 75' lang='grc' dir='ltr'>αὐτοῦ</span> <span class='ocrx_word' id='word_1_524' title='bbox 2553 2793 2671 2844; x_wconf 78' lang='grc' dir='ltr'>ἐστι</span> <span class='ocrx_word' id='word_1_525' title='bbox 2702 2791 2934 2861; x_wconf 88' lang='grc' dir='ltr'>σιωπᾷν.</span> 
     </span>
    </p>
   </div>
   <div class='ocr_carea' id='block_1_70' title="bbox 2273 2879 3781 2963">
    <p class='ocr_par' dir='ltr' id='par_1_70' title="bbox 2273 2879 3781 2963">
     <span class='ocr_line' id='line_1_70' title="bbox 2273 2879 3781 2963; baseline -0.006 -24"><span class='ocrx_word' id='word_1_526' title='bbox 2273 2887 2374 2958; x_wconf 88' lang='grc' dir='ltr'><strong>λη’.</strong></span> <span class='ocrx_word' id='word_1_527' title='bbox 2403 2881 2536 2939; x_wconf 80' lang='grc' dir='ltr'>Εῑπε</span> <span class='ocrx_word' id='word_1_528' title='bbox 2567 2883 2729 2938; x_wconf 76' lang='grc' dir='ltr'>πάλιν</span> <span class='ocrx_word' id='word_1_529' title='bbox 2747 2897 2763 2914; x_wconf 87' lang='grc'>⁶</span> <span class='ocrx_word' id='word_1_530' title='bbox 2791 2883 3075 2963; x_wconf 74' lang='grc' dir='ltr'>Βδέλυγμα</span> <span class='ocrx_word' id='word_1_531' title='bbox 3104 2884 3217 2936; x_wconf 78' lang='grc' dir='ltr'>ἐστι</span> <span class='ocrx_word' id='word_1_532' title='bbox 3244 2879 3435 2951; x_wconf 82' lang='grc' dir='ltr'>Κυρίῳ</span> <span class='ocrx_word' id='word_1_533' title='bbox 3486 2879 3636 2932; x_wconf 81' lang='grc' dir='ltr'>πᾶσα</span> <span class='ocrx_word' id='word_1_534' title='bbox 3666 2891 3781 2930; x_wconf 81' lang='grc' dir='ltr'>σω-</span> 
     </span>
    </p>
   </div>
   <div class='ocr_carea' id='block_1_71' title="bbox 2208 2975 2765 3050">
    <p class='ocr_par' dir='ltr' id='par_1_71' title="bbox 2208 2975 2765 3050">
     <span class='ocr_line' id='line_1_71' title="bbox 2208 2975 2765 3050; baseline -0.007 -19"><span class='ocrx_word' id='word_1_535' title='bbox 2208 2976 2409 3050; x_wconf 80' lang='grc' dir='ltr'>ματικὴ</span> <span class='ocrx_word' id='word_1_536' title='bbox 2439 2975 2765 3038; x_wconf 86' lang='grc' dir='ltr'>ἀνάπαυσις.</span> 
     </span>
    </p>
   </div>
   <div class='ocr_carea' id='block_1_72' title="bbox 2276 3058 3782 3132">
    <p class='ocr_par' dir='ltr' id='par_1_72' title="bbox 2276 3058 3782 3132">
     <span class='ocr_line' id='line_1_72' title="bbox 2276 3058 3782 3132; baseline -0.007 -10"><span class='ocrx_word' id='word_1_537' title='bbox 2276 3068 2373 3122; x_wconf 84' lang='grc' dir='ltr'>λθ’.</span> <span class='ocrx_word' id='word_1_538' title='bbox 2407 3063 2545 3123; x_wconf 85' lang='grc' dir='ltr'>Εἶπε</span> <span class='ocrx_word' id='word_1_539' title='bbox 2577 3065 2739 3120; x_wconf 79' lang='grc' dir='ltr'>πάλιν</span> <span class='ocrx_word' id='word_1_540' title='bbox 2759 3082 2772 3096; x_wconf 88' lang='grc'><strong>·</strong></span> <span class='ocrx_word' id='word_1_541' title='bbox 2807 3063 2881 3119; x_wconf 78' lang='grc' dir='ltr'><strong>Τδ</strong></span> <span class='ocrx_word' id='word_1_542' title='bbox 2912 3064 3109 3129; x_wconf 79' lang='grc' dir='ltr'>πένθος</span> <span class='ocrx_word' id='word_1_543' title='bbox 3138 3063 3358 3117; x_wconf 77' lang='grc' dir='ltr'>διπλοῦν</span> <span class='ocrx_word' id='word_1_544' title='bbox 3395 3064 3543 3116; x_wconf 75' lang='grc' dir='ltr'>ἐστιν</span> <span class='ocrx_word' id='word_1_545' title='bbox 3562 3077 3576 3093; x_wconf 72' lang='grc' dir='ltr'><strong>ο</strong></span> <span class='ocrx_word' id='word_1_546' title='bbox 3607 3058 3782 3132; x_wconf 77' lang='grc' dir='ltr'>ἐργά-</span> 
     </span>
    </p>
   </div>
   <div class='ocr_carea' id='block_1_73' title="bbox 2207 3158 2812 3229">
    <p class='ocr_par' dir='ltr' id='par_1_73' title="bbox 2207 3158 2812 3229">
     <span class='ocr_line' id='line_1_73' title="bbox 2207 3158 2812 3229; baseline -0.008 -14"><span class='ocrx_word' id='word_1_547' title='bbox 2207 3163 2377 3228; x_wconf 77' lang='grc' dir='ltr'>ζεται,</span> <span class='ocrx_word' id='word_1_548' title='bbox 2406 3160 2501 3213; x_wconf 71' lang='grc' dir='ltr'><strong>καὶ</strong></span> <span class='ocrx_word' id='word_1_549' title='bbox 2533 3158 2812 3229; x_wconf 83' lang='grc' dir='ltr'>φυλάσσει.</span> 
     </span>
    </p>
   </div>
   <div class='ocr_carea' id='block_1_74' title="bbox 2281 3242 3781 3324">
    <p class='ocr_par' dir='ltr' id='par_1_74' title="bbox 2281 3242 3781 3324">
     <span class='ocr_line' id='line_1_74' title="bbox 2281 3242 3781 3324; baseline -0.007 -18"><span class='ocrx_word' id='word_1_550' title='bbox 2281 3259 2354 3324; x_wconf 90' lang='grc' dir='ltr'><strong>μ’.</strong></span> <span class='ocrx_word' id='word_1_551' title='bbox 2390 3247 2527 3306; x_wconf 58' lang='lat' dir='ltr'><strong>Eius</strong></span> <span class='ocrx_word' id='word_1_552' title='bbox 2580 3250 2739 3305; x_wconf 83' lang='grc' dir='ltr'>πάλιν</span> <span class='ocrx_word' id='word_1_553' title='bbox 2761 3267 2775 3280; x_wconf 73' lang='grc' dir='ltr'><strong>ο</strong></span> <span class='ocrx_word' id='word_1_554' title='bbox 2850 3249 2979 3303; x_wconf 81' lang='grc' dir='ltr'><strong>Ἐὰν</strong></span> <span class='ocrx_word' id='word_1_555' title='bbox 3029 3248 3159 3323; x_wconf 82' lang='grc' dir='ltr'>ἔλθῃ</span> <span class='ocrx_word' id='word_1_556' title='bbox 3218 3264 3298 3300; x_wconf 82' lang='grc' dir='ltr'><strong>σοι</strong></span> <span class='ocrx_word' id='word_1_557' title='bbox 3342 3245 3601 3318; x_wconf 80' lang='grc' dir='ltr'>λογισμὸς</span> <span class='ocrx_word' id='word_1_558' title='bbox 3647 3242 3781 3315; x_wconf 71' lang='grc' dir='ltr'>περὶ</span> 
     </span>
    </p>
   </div>
   <div class='ocr_carea' id='block_1_75' title="bbox 2206 3335 3789 3413">
    <p class='ocr_par' dir='ltr' id='par_1_75' title="bbox 2206 3335 3789 3413">
     <span class='ocr_line' id='line_1_75' title="bbox 2206 3335 3789 3413; baseline -0.006 -14"><span class='ocrx_word' id='word_1_559' title='bbox 2206 3346 2315 3398; x_wconf 84' lang='grc' dir='ltr'><strong>τῶν</strong></span> <span class='ocrx_word' id='word_1_560' title='bbox 2363 3343 2676 3413; x_wconf 80' lang='grc' dir='ltr'>ἀναγκαίων</span> <span class='ocrx_word' id='word_1_561' title='bbox 2725 3341 2821 3395; x_wconf 82' lang='grc' dir='ltr'>τοῦ</span> <span class='ocrx_word' id='word_1_562' title='bbox 2880 3340 3129 3410; x_wconf 82' lang='grc' dir='ltr'>σώματος</span> <span class='ocrx_word' id='word_1_563' title='bbox 3186 3338 3408 3410; x_wconf 82' lang='grc' dir='ltr'>χρειῶν,</span> <span class='ocrx_word' id='word_1_564' title='bbox 3466 3340 3553 3393; x_wconf 73' lang='grc' dir='ltr'><strong>καὶ</strong></span> <span class='ocrx_word' id='word_1_565' title='bbox 3598 3335 3789 3390; x_wconf 77' lang='grc' dir='ltr'>διατά-</span> 
     </span>
    </p>
   </div>
   <div class='ocr_carea' id='block_1_76' title="bbox 2208 3425 3789 3509">
    <p class='ocr_par' dir='ltr' id='par_1_76' title="bbox 2208 3425 3789 3509">
     <span class='ocr_line' id='line_1_76' title="bbox 2208 3425 3789 3509; baseline -0.015 -6"><span class='ocrx_word' id='word_1_566' title='bbox 2208 3436 2305 3509; x_wconf 79' lang='grc' dir='ltr'>ξῃς</span> <span class='ocrx_word' id='word_1_567' title='bbox 2345 3437 2510 3502; x_wconf 69' lang='grc' dir='ltr'>ἅπαξ,</span> <span class='ocrx_word' id='word_1_568' title='bbox 2553 3435 2645 3489; x_wconf 70' lang='grc' dir='ltr'><strong>καὶ</strong></span> <span class='ocrx_word' id='word_1_569' title='bbox 2684 3434 2845 3488; x_wconf 86' lang='grc' dir='ltr'>πάλιν</span> <span class='ocrx_word' id='word_1_570' title='bbox 2887 3434 3139 3504; x_wconf 79' lang='grc' dir='ltr'>δεύτερον</span> <span class='ocrx_word' id='word_1_571' title='bbox 3180 3431 3309 3506; x_wconf 77' lang='grc' dir='ltr'>ἔλθῃ</span> <span class='ocrx_word' id='word_1_572' title='bbox 3354 3432 3450 3486; x_wconf 73' lang='grc' dir='ltr'><strong>καὶ</strong></span> <span class='ocrx_word' id='word_1_573' title='bbox 3495 3425 3789 3502; x_wconf 76' lang='grc' dir='ltr'>διατάξῃς’</span> 
     </span>
    </p>
   </div>
   <div class='ocr_carea' id='block_1_77' title="bbox 2207 3519 3794 3600">
    <p class='ocr_par' dir='ltr' id='par_1_77' title="bbox 2207 3519 3794 3600">
     <span class='ocr_line' id='line_1_77' title="bbox 2207 3519 3794 3600; baseline -0.004 -20"><span class='ocrx_word' id='word_1_574' title='bbox 2207 3529 2273 3581; x_wconf 83' lang='grc' dir='ltr'><strong>τὸ</strong></span> <span class='ocrx_word' id='word_1_575' title='bbox 2309 3528 2490 3600; x_wconf 86' lang='grc' dir='ltr'>τρίτον</span> <span class='ocrx_word' id='word_1_576' title='bbox 2523 3527 2619 3581; x_wconf 82' lang='grc' dir='ltr'>ἐὰν</span> <span class='ocrx_word' id='word_1_577' title='bbox 2664 3527 2814 3598; x_wconf 81' lang='grc' dir='ltr'>ἔλθῃ,</span> <span class='ocrx_word' id='word_1_578' title='bbox 2850 3526 2922 3597; x_wconf 83' lang='grc' dir='ltr'>μὴ</span> <span class='ocrx_word' id='word_1_579' title='bbox 2958 3525 3202 3597; x_wconf 83' lang='grc' dir='ltr'>πρόσχῃς</span> <span class='ocrx_word' id='word_1_580' title='bbox 3251 3523 3433 3594; x_wconf 75' lang='grc' dir='ltr'>αὐτῷ·</span> <span class='ocrx_word' id='word_1_581' title='bbox 3475 3522 3644 3594; x_wconf 81' lang='grc' dir='ltr'>ἀργὸς</span> <span class='ocrx_word' id='word_1_582' title='bbox 3672 3519 3794 3593; x_wconf 84' lang='grc' dir='ltr'><strong>γάρ</strong></span> 
     </span>
    </p>
   </div>
   <div class='ocr_carea' id='block_1_78' title="bbox 2208 3636 2345 3676">
    <p class='ocr_par' dir='ltr' id='par_1_78' title="bbox 2208 3636 2345 3676">
     <span class='ocr_line' id='line_1_78' title="bbox 2208 3636 2345 3676; baseline 0.007 -1"><span class='ocrx_word' id='word_1_583' title='bbox 2208 3636 2345 3676; x_wconf 81' lang='grc' dir='ltr'>εστι.</span> 
     </span>
    </p>
   </div>
   <div class='ocr_carea' id='block_1_79' title="bbox 2284 3701 3795 3782">
    <p class='ocr_par' dir='ltr' id='par_1_79' title="bbox 2284 3701 3795 3782">
     <span class='ocr_line' id='line_1_79' title="bbox 2284 3701 3795 3782; baseline -0.006 -18"><span class='ocrx_word' id='word_1_584' title='bbox 2284 3709 2388 3782; x_wconf 87' lang='grc' dir='ltr'>μα’.</span> <span class='ocrx_word' id='word_1_585' title='bbox 2429 3705 2565 3765; x_wconf 64' lang='lat' dir='ltr'><strong>Eine</strong></span> <span class='ocrx_word' id='word_1_586' title='bbox 2603 3710 2785 3773; x_wconf 80' lang='grc' dir='ltr'>πάλιν,</span> <span class='ocrx_word' id='word_1_587' title='bbox 2816 3709 2897 3763; x_wconf 81' lang='grc' dir='ltr'><strong>ὄτι</strong></span> <span class='ocrx_word' id='word_1_588' title='bbox 2928 3707 3178 3776; x_wconf 74' lang='grc' dir='ltr'>Ἀδελφὸς</span> <span class='ocrx_word' id='word_1_589' title='bbox 3200 3705 3449 3777; x_wconf 78' lang='grc' dir='ltr'>ἠρώτησε</span> <span class='ocrx_word' id='word_1_590' title='bbox 3478 3703 3570 3756; x_wconf 80' lang='grc' dir='ltr'><strong>τὸν</strong></span> <span class='ocrx_word' id='word_1_591' title='bbox 3609 3701 3795 3755; x_wconf 75' lang='grc' dir='ltr'>ἁϐϐἅν</span> 
     </span>
    </p>
   </div>
   <div class='ocr_carea' id='block_1_80' title="bbox 2222 3789 3797 3870">
    <p class='ocr_par' dir='ltr' id='par_1_80' title="bbox 2222 3789 3797 3870">
     <span class='ocr_line' id='line_1_80' title="bbox 2222 3789 3797 3870; baseline -0.006 -15"><span class='ocrx_word' id='word_1_592' title='bbox 2222 3802 2490 3864; x_wconf 81' lang='grc' dir='ltr'>Ἀλὼνιον,</span> <span class='ocrx_word' id='word_1_593' title='bbox 2525 3802 2698 3870; x_wconf 81' lang='grc' dir='ltr'>λέγων</span> <span class='ocrx_word' id='word_1_594' title='bbox 2723 3817 2738 3830; x_wconf 76' lang='grc' dir='ltr'><strong>ο</strong></span> <span class='ocrx_word' id='word_1_595' title='bbox 2773 3800 2838 3852; x_wconf 91' lang='grc' dir='ltr'>Τί</span> <span class='ocrx_word' id='word_1_596' title='bbox 2887 3801 3034 3852; x_wconf 81' lang='grc' dir='ltr'>ἐστιν</span> <span class='ocrx_word' id='word_1_597' title='bbox 3065 3798 3436 3864; x_wconf 78' lang='grc' dir='ltr'>ὲξουὸένωσιςς</span> <span class='ocrx_word' id='word_1_598' title='bbox 3473 3795 3582 3849; x_wconf 73' lang='grc' dir='ltr'><strong>Καὶ</strong></span> <span class='ocrx_word' id='word_1_599' title='bbox 3638 3789 3797 3848; x_wconf 79' lang='grc' dir='ltr'>εἶπεν</span> 
     </span>
    </p>
   </div>
   <div class='ocr_carea' id='block_1_81' title="bbox 2209 3887 3794 3965">
    <p class='ocr_par' dir='ltr' id='par_1_81' title="bbox 2209 3887 3794 3965">
     <span class='ocr_line' id='line_1_81' title="bbox 2209 3887 3794 3965; baseline -0.006 -16"><span class='ocrx_word' id='word_1_600' title='bbox 2209 3898 2239 3949; x_wconf 89' lang='lat'><strong>6</strong></span> <span class='ocrx_word' id='word_1_601' title='bbox 2261 3895 2438 3965; x_wconf 85' lang='grc' dir='ltr'>γέρων</span> <span class='ocrx_word' id='word_1_602' title='bbox 2459 3911 2472 3925; x_wconf 76' lang='grc' dir='ltr'><strong>ο</strong></span> <span class='ocrx_word' id='word_1_603' title='bbox 2504 3894 2578 3947; x_wconf 90' lang='grc' dir='ltr'>Τὸ</span> <span class='ocrx_word' id='word_1_604' title='bbox 2603 3889 2741 3947; x_wconf 76' lang='grc' dir='ltr'>εἷναί</span> <span class='ocrx_word' id='word_1_605' title='bbox 2780 3909 2839 3945; x_wconf 82' lang='grc' dir='ltr'><strong>σε</strong></span> <span class='ocrx_word' id='word_1_606' title='bbox 2880 3893 3136 3946; x_wconf 80' lang='grc' dir='ltr'>ὑποκάτω</span> <span class='ocrx_word' id='word_1_607' title='bbox 3169 3890 3278 3944; x_wconf 86' lang='grc' dir='ltr'><strong>τῶν</strong></span> <span class='ocrx_word' id='word_1_608' title='bbox 3321 3889 3549 3958; x_wconf 78' lang='grc' dir='ltr'>ἀλόγων,</span> <span class='ocrx_word' id='word_1_609' title='bbox 3583 3887 3678 3941; x_wconf 71' lang='grc' dir='ltr'><strong>καὶ</strong></span> <span class='ocrx_word' id='word_1_610' title='bbox 3707 3888 3794 3940; x_wconf 83' lang='grc' dir='ltr'><strong>εἰ-</strong></span> 
     </span>
    </p>
   </div>
   <div class='ocr_carea' id='block_1_82' title="bbox 2211 3984 3105 4055">
    <p class='ocr_par' dir='ltr' id='par_1_82' title="bbox 2211 3984 3105 4055">
     <span class='ocr_line' id='line_1_82' title="bbox 2211 3984 3105 4055; baseline -0.003 -14"><span class='ocrx_word' id='word_1_611' title='bbox 2211 3987 2356 4041; x_wconf 82' lang='grc' dir='ltr'>δέναι</span> <span class='ocrx_word' id='word_1_612' title='bbox 2383 3987 2464 4040; x_wconf 79' lang='grc' dir='ltr'>ὅτι</span> <span class='ocrx_word' id='word_1_613' title='bbox 2492 3986 2540 4018; x_wconf 74' lang='grc'><strong>⁷³</strong></span> <span class='ocrx_word' id='word_1_614' title='bbox 2563 3984 2907 4055; x_wconf 75' lang='grc' dir='ltr'>ἀκατάκριτά</span> <span class='ocrx_word' id='word_1_615' title='bbox 2946 3985 3105 4038; x_wconf 85' lang='grc' dir='ltr'>εἰσιν.</span> 
     </span>
    </p>
   </div>
   <div class='ocr_carea' id='block_1_83' title="bbox 2288 4068 3802 4149">
    <p class='ocr_par' dir='ltr' id='par_1_83' title="bbox 2288 4068 3802 4149">
     <span class='ocr_line' id='line_1_83' title="bbox 2288 4068 3802 4149; baseline -0.005 -18"><span class='ocrx_word' id='word_1_616' title='bbox 2288 4077 2395 4149; x_wconf 56' lang='grc' dir='ltr'><strong>μβζ</strong></span> <span class='ocrx_word' id='word_1_617' title='bbox 2426 4073 2563 4130; x_wconf 83' lang='grc' dir='ltr'>Εἷπε</span> <span class='ocrx_word' id='word_1_618' title='bbox 2590 4075 2772 4138; x_wconf 72' lang='grc' dir='ltr'>πάλιν,</span> <span class='ocrx_word' id='word_1_619' title='bbox 2812 4077 2893 4129; x_wconf 85' lang='grc' dir='ltr'><strong>ὅτι</strong></span> <span class='ocrx_word' id='word_1_620' title='bbox 2943 4076 3070 4129; x_wconf 74' lang='grc' dir='ltr'>Ἐάν</span> <span class='ocrx_word' id='word_1_621' title='bbox 3113 4071 3324 4144; x_wconf 80' lang='grc' dir='ltr'>μνησθῇ</span> <span class='ocrx_word' id='word_1_622' title='bbox 3367 4070 3651 4142; x_wconf 81' lang='grc' dir='ltr'>ἄνθρωπος</span> <span class='ocrx_word' id='word_1_623' title='bbox 3692 4068 3802 4124; x_wconf 74' lang='grc' dir='ltr'>τοῦ</span> 
     </span>
    </p>
   </div>
   <div class='ocr_carea' id='block_1_84' title="bbox 2213 4159 3807 4240">
    <p class='ocr_par' dir='ltr' id='par_1_84' title="bbox 2213 4159 3807 4240">
     <span class='ocr_line' id='line_1_84' title="bbox 2213 4159 3807 4240; baseline -0.007 -17"><span class='ocrx_word' id='word_1_624' title='bbox 2213 4170 2599 4240; x_wconf 81' lang='grc' dir='ltr'>γεγραμμένου</span> <span class='ocrx_word' id='word_1_625' title='bbox 2655 4167 2841 4238; x_wconf 77' lang='grc' dir='ltr'>ῥητοῦ,</span> <span class='ocrx_word' id='word_1_626' title='bbox 2891 4168 2972 4220; x_wconf 85' lang='grc' dir='ltr'>ὅτι</span> <span class='ocrx_word' id='word_1_627' title='bbox 3020 4167 3114 4219; x_wconf 80' lang='grc' dir='ltr'>Ἐκ</span> <span class='ocrx_word' id='word_1_628' title='bbox 3161 4164 3278 4219; x_wconf 77' lang='grc' dir='ltr'><strong>τῶν</strong></span> <span class='ocrx_word' id='word_1_629' title='bbox 3313 4166 3511 4232; x_wconf 71' lang='grc' dir='ltr'>λόγων</span> <span class='ocrx_word' id='word_1_630' title='bbox 3554 4177 3671 4215; x_wconf 86' lang='grc' dir='ltr'><strong>σου</strong></span> <span class='ocrx_word' id='word_1_631' title='bbox 3706 4159 3807 4214; x_wconf 78' lang='grc' dir='ltr'><strong>δι-</strong></span> 
     </span>
    </p>
   </div>
   <div class='ocr_carea' id='block_1_85' title="bbox 487 4247 2095 4328">
    <p class='ocr_par' dir='ltr' id='par_1_85' title="bbox 487 4255 2095 4328">
     <span class='ocr_line' id='line_1_85' title="bbox 487 4255 2095 4328; baseline -0.011 -2"><span class='ocrx_word' id='word_1_632' title='bbox 487 4283 590 4326; x_wconf 74' lang='lat' dir='ltr'><strong>&#39;~ct</strong></span> <span class='ocrx_word' id='word_1_633' title='bbox 648 4287 710 4325; x_wconf 77' lang='lat' dir='ltr'><strong>ea.</strong></span> <span class='ocrx_word' id='word_1_634' title='bbox 760 4269 930 4324; x_wconf 65' lang='lat' dir='ltr'><strong>verbis</strong></span> <span class='ocrx_word' id='word_1_635' title='bbox 988 4270 1092 4322; x_wconf 75' lang='lat' dir='ltr'><strong>tuis</strong></span> <span class='ocrx_word' id='word_1_636' title='bbox 1143 4262 1681 4325; x_wconf 74' lang='lat' dir='ltr'><strong>condemnaberis”;</strong></span> <span class='ocrx_word' id='word_1_637' title='bbox 1727 4260 1888 4328; x_wconf 83' lang='lat' dir='ltr'><strong>eliget</strong></span> <span class='ocrx_word' id='word_1_638' title='bbox 1932 4255 2095 4327; x_wconf 68' lang='lat' dir='ltr'><strong>potius</strong></span> 
     </span>
    </p>
   </div>
   <div class='ocr_carea' id='block_1_86' title="bbox 2210 4247 3803 4328">
    <p class='ocr_par' dir='ltr' id='par_1_86' title="bbox 2215 4247 3803 4328">
     <span class='ocr_line' id='line_1_86' title="bbox 2215 4247 3803 4328; baseline -0.006 -14"><span class='ocrx_word' id='word_1_639' title='bbox 2215 4258 2546 4328; x_wconf 81' lang='grc' dir='ltr'>καιωθήσῃ.</span> <span class='ocrx_word' id='word_1_640' title='bbox 2565 4258 2663 4311; x_wconf 79' lang='grc' dir='ltr'>καὶ</span> <span class='ocrx_word' id='word_1_641' title='bbox 2685 4258 2754 4310; x_wconf 81' lang='grc' dir='ltr'>ἐκ</span> <span class='ocrx_word' id='word_1_642' title='bbox 2774 4256 2892 4310; x_wconf 84' lang='grc' dir='ltr'><strong>τῶν</strong></span> <span class='ocrx_word' id='word_1_643' title='bbox 2913 4259 3111 4326; x_wconf 75' lang='grc' dir='ltr'>λόγων</span> <span class='ocrx_word' id='word_1_644' title='bbox 3131 4269 3248 4308; x_wconf 84' lang='grc' dir='ltr'><strong>σου</strong></span> <span class='ocrx_word' id='word_1_645' title='bbox 3270 4247 3803 4318; x_wconf 76' lang='grc' dir='ltr'>καταδικασθήσῃ,</span> 
     </span>
    </p>
   </div>
   <div class='ocr_carea' id='block_1_87' title="bbox 502 4374 740 4449">
    <p class='ocr_par' dir='ltr' id='par_1_87' title="bbox 502 4374 740 4449">
     <span class='ocr_line' id='line_1_87' title="bbox 502 4374 740 4449; baseline -0.017 -30"><span class='ocrx_word' id='word_1_646' title='bbox 502 4428 523 4449; x_wconf 57' lang='grc'><strong><em>⁸</em></strong></span> <span class='ocrx_word' id='word_1_647' title='bbox 532 4374 740 4418; x_wconf 66' lang='grc'><strong>13081⁸8.</strong></span> 
     </span>
    </p>
   </div>
   <div class='ocr_carea' id='block_1_88' title="bbox 611 4444 2117 4526">
    <p class='ocr_par' dir='ltr' id='par_1_88' title="bbox 611 4444 2117 4526">
     <span class='ocr_line' id='line_1_88' title="bbox 611 4444 2117 4526; baseline -0.009 -17"><span class='ocrx_word' id='word_1_648' title='bbox 611 4456 704 4509; x_wconf 79' lang='grc'>45.</span> <span class='ocrx_word' id='word_1_649' title='bbox 745 4455 859 4526; x_wconf 82' lang='grc'>(14)</span> <span class='ocrx_word' id='word_1_650' title='bbox 890 4453 1039 4507; x_wconf 86' lang='lat' dir='ltr'><strong>Dixit</strong></span> <span class='ocrx_word' id='word_1_651' title='bbox 1082 4461 1342 4523; x_wconf 71' lang='lat' dir='ltr'><strong>praeterea</strong></span> <span class='ocrx_word' id='word_1_652' title='bbox 1400 4468 1414 4504; x_wconf 92' lang='lat'>:</span> <span class='ocrx_word' id='word_1_653' title='bbox 1460 4446 1676 4500; x_wconf 87' lang='lat' dir='ltr'><strong>Initium</strong></span> <span class='ocrx_word' id='word_1_654' title='bbox 1729 4444 1996 4497; x_wconf 86' lang='lat' dir='ltr'><strong>malorum</strong></span> <span class='ocrx_word' id='word_1_655' title='bbox 2032 4448 2117 4496; x_wconf 82' lang='lat' dir='ltr'><strong>est</strong></span> 
     </span>
    </p>
   </div>
   <div class='ocr_carea' id='block_1_89' title="bbox 533 4544 851 4599">
    <p class='ocr_par' dir='ltr' id='par_1_89' title="bbox 533 4544 851 4599">
     <span class='ocr_line' id='line_1_89' title="bbox 533 4544 851 4599; baseline 0.003 -1"><span class='ocrx_word' id='word_1_656' title='bbox 533 4544 851 4599; x_wconf 69' lang='lat' dir='ltr'><strong>distractio.</strong></span> 
     </span>
    </p>
   </div>
   <div class='ocr_carea' id='block_1_90' title="bbox 608 4623 2119 4708">
    <p class='ocr_par' dir='ltr' id='par_1_90' title="bbox 608 4623 2119 4708">
     <span class='ocr_line' id='line_1_90' title="bbox 608 4623 2119 4708; baseline -0.007 -19"><span class='ocrx_word' id='word_1_657' title='bbox 608 4636 710 4691; x_wconf 79' lang='grc'><strong>44.</strong></span> <span class='ocrx_word' id='word_1_658' title='bbox 750 4635 865 4708; x_wconf 81' lang='grc'>(15)</span> <span class='ocrx_word' id='word_1_659' title='bbox 915 4634 982 4687; x_wconf 87' lang='lat' dir='ltr'><strong>Et</strong></span> <span class='ocrx_word' id='word_1_660' title='bbox 1037 4634 1143 4688; x_wconf 86' lang='lat' dir='ltr'><strong>hoc</strong></span> <span class='ocrx_word' id='word_1_661' title='bbox 1191 4633 1401 4691; x_wconf 86' lang='lat' dir='ltr'><strong>retulit.</strong></span> <span class='ocrx_word' id='word_1_662' title='bbox 1449 4628 1595 4700; x_wconf 86' lang='lat' dir='ltr'><strong>quod</strong></span> <span class='ocrx_word' id='word_1_663' title='bbox 1653 4627 1822 4681; x_wconf 87' lang='lat' dir='ltr'><strong>abbas</strong></span> <span class='ocrx_word' id='word_1_664' title='bbox 1873 4623 2119 4679; x_wconf 84' lang='lat' dir='ltr'><strong>Isidorus</strong></span> 
     </span>
    </p>
   </div>
   <div class='ocr_carea' id='block_1_91' title="bbox 2217 4335 3024 4424">
    <p class='ocr_par' dir='ltr' id='par_1_91' title="bbox 2217 4335 3024 4424">
     <span class='ocr_line' id='line_1_91' title="bbox 2217 4335 3024 4424; baseline -0.006 -19"><span class='ocrx_word' id='word_1_665' title='bbox 2217 4335 2455 4424; x_wconf 62' lang='lat' dir='ltr'><strong>Otiosi-cat</strong></span> <span class='ocrx_word' id='word_1_666' title='bbox 2496 4349 2695 4421; x_wconf 81' lang='grc' dir='ltr'>μᾶλλον</span> <span class='ocrx_word' id='word_1_667' title='bbox 2714 4348 2774 4401; x_wconf 80' lang='grc' dir='ltr'><strong>τὸ</strong></span> <span class='ocrx_word' id='word_1_668' title='bbox 2798 4349 3024 4419; x_wconf 81' lang='grc' dir='ltr'>σιωπᾷν.</span> 
     </span>
    </p>
   </div>
   <div class='ocr_carea' id='block_1_92' title="bbox 2293 4436 3809 4514">
    <p class='ocr_par' dir='ltr' id='par_1_92' title="bbox 2293 4436 3809 4514">
     <span class='ocr_line' id='line_1_92' title="bbox 2293 4436 3809 4514; baseline -0.008 -16"><span class='ocrx_word' id='word_1_669' title='bbox 2293 4450 2404 4514; x_wconf 71' lang='grc' dir='ltr'>μγν.</span> <span class='ocrx_word' id='word_1_670' title='bbox 2449 4437 2583 4495; x_wconf 64' lang='lat' dir='ltr'><strong>Bias</strong></span> <span class='ocrx_word' id='word_1_671' title='bbox 2633 4439 2832 4494; x_wconf 85' lang='grc' dir='ltr'>πάλιν·</span> <span class='ocrx_word' id='word_1_672' title='bbox 2908 4439 3075 4511; x_wconf 78' lang='grc' dir='ltr'>Ἀρχὴ</span> <span class='ocrx_word' id='word_1_673' title='bbox 3120 4437 3306 4492; x_wconf 82' lang='grc' dir='ltr'>κακῶν</span> <span class='ocrx_word' id='word_1_674' title='bbox 3354 4438 3502 4491; x_wconf 77' lang='grc' dir='ltr'>ἐστιν</span> <span class='ocrx_word' id='word_1_675' title='bbox 3554 4436 3583 4488; x_wconf 86' lang='grc' dir='ltr'><strong>ὀ</strong></span> <span class='ocrx_word' id='word_1_676' title='bbox 3632 4448 3809 4503; x_wconf 76' lang='grc' dir='ltr'>περι-</span> 
     </span>
    </p>
   </div>
   <div class='ocr_carea' id='block_1_93' title="bbox 2150 4534 2492 4606">
    <p class='ocr_par' dir='ltr' id='par_1_93' title="bbox 2150 4534 2492 4606">
     <span class='ocr_line' id='line_1_93' title="bbox 2150 4534 2492 4606; baseline -0.012 -15"><span class='ocrx_word' id='word_1_677' title='bbox 2150 4536 2195 4591; x_wconf 89' lang='lat' dir='ltr'><strong>D</strong></span> <span class='ocrx_word' id='word_1_678' title='bbox 2222 4534 2492 4606; x_wconf 84' lang='grc' dir='ltr'>σπασμός.</span> 
     </span>
    </p>
   </div>
   <div class='ocr_carea' id='block_1_94' title="bbox 2294 4615 3809 4698">
    <p class='ocr_par' dir='ltr' id='par_1_94' title="bbox 2294 4615 3809 4698">
     <span class='ocr_line' id='line_1_94' title="bbox 2294 4615 3809 4698; baseline -0.008 -18"><span class='ocrx_word' id='word_1_679' title='bbox 2294 4627 2396 4698; x_wconf 86' lang='grc' dir='ltr'>μδ’.</span> <span class='ocrx_word' id='word_1_680' title='bbox 2426 4622 2561 4679; x_wconf 78' lang='grc' dir='ltr'>Εἷπε</span> <span class='ocrx_word' id='word_1_681' title='bbox 2595 4624 2773 4688; x_wconf 83' lang='grc' dir='ltr'>πάλιν,</span> <span class='ocrx_word' id='word_1_682' title='bbox 2807 4624 2889 4677; x_wconf 83' lang='grc' dir='ltr'><strong>ὅτι</strong></span> <span class='ocrx_word' id='word_1_683' title='bbox 2919 4624 2947 4676; x_wconf 88' lang='grc' dir='ltr'><strong>ὁ</strong></span> <span class='ocrx_word' id='word_1_684' title='bbox 2968 4620 3143 4685; x_wconf 78' lang='grc' dir='ltr'><strong>ἁὸὁᾶς</strong></span> <span class='ocrx_word' id='word_1_685' title='bbox 3189 4621 3459 4692; x_wconf 79' lang='grc' dir='ltr'>Ἰσίδωρος</span> <span class='ocrx_word' id='word_1_686' title='bbox 3488 4620 3517 4672; x_wconf 89' lang='lat'><strong>6</strong></span> <span class='ocrx_word' id='word_1_687' title='bbox 3551 4615 3809 4687; x_wconf 76' lang='grc' dir='ltr'>πρεσϐύ-</span> 
     </span>
    </p>
   </div>
   <div class='ocr_carea' id='block_1_95' title="bbox 544 4709 2095 4796">
    <p class='ocr_par' dir='ltr' id='par_1_95' title="bbox 544 4717 2095 4796">
     <span class='ocr_line' id='line_1_95' title="bbox 544 4717 2095 4796; baseline -0.008 -16"><span class='ocrx_word' id='word_1_688' title='bbox 544 4724 776 4781; x_wconf 84' lang='lat' dir='ltr'><strong>Sceteos</strong></span> <span class='ocrx_word' id='word_1_689' title='bbox 820 4726 1105 4796; x_wconf 84' lang='lat' dir='ltr'><strong>presbyter</strong></span> <span class='ocrx_word' id='word_1_690' title='bbox 1165 4725 1240 4779; x_wconf 87' lang='lat' dir='ltr'><strong>ita</strong></span> <span class='ocrx_word' id='word_1_691' title='bbox 1276 4722 1570 4792; x_wconf 86' lang='lat' dir='ltr'><strong>aliquando</strong></span> <span class='ocrx_word' id='word_1_692' title='bbox 1612 4718 1678 4773; x_wconf 85' lang='lat' dir='ltr'><strong>ad</strong></span> <span class='ocrx_word' id='word_1_693' title='bbox 1712 4717 2095 4773; x_wconf 86' lang='lat' dir='ltr'><strong>multitudinea</strong></span> 
     </span>
    </p>
   </div>
   <div class='ocr_carea' id='block_1_96' title="bbox 2210 4709 3808 4796">
    <p class='ocr_par' dir='ltr' id='par_1_96' title="bbox 2217 4709 3808 4793">
     <span class='ocr_line' id='line_1_96' title="bbox 2217 4709 3808 4793; baseline -0.009 -18"><span class='ocrx_word' id='word_1_694' title='bbox 2217 4734 2374 4793; x_wconf 82' lang='grc' dir='ltr'>τερος</span> <span class='ocrx_word' id='word_1_695' title='bbox 2402 4718 2503 4789; x_wconf 78' lang='grc' dir='ltr'>τῆς</span> <span class='ocrx_word' id='word_1_696' title='bbox 2541 4718 2794 4789; x_wconf 85' lang='grc' dir='ltr'>Σκήτεως</span> <span class='ocrx_word' id='word_1_697' title='bbox 2836 4716 3064 4785; x_wconf 82' lang='grc' dir='ltr'>ὲλάλησέ</span> <span class='ocrx_word' id='word_1_698' title='bbox 3105 4732 3235 4769; x_wconf 86' lang='grc' dir='ltr'>ποτε</span> <span class='ocrx_word' id='word_1_699' title='bbox 3295 4713 3372 4785; x_wconf 83' lang='grc' dir='ltr'>τῷ</span> <span class='ocrx_word' id='word_1_700' title='bbox 3401 4709 3534 4782; x_wconf 77' lang='grc' dir='ltr'>λαῷ,</span> <span class='ocrx_word' id='word_1_701' title='bbox 3583 4709 3760 4777; x_wconf 84' lang='grc' dir='ltr'>λέγων</span> <span class='ocrx_word' id='word_1_702' title='bbox 3790 4725 3808 4741; x_wconf 87' lang='grc'><strong>·</strong></span> 
     </span>
    </p>
   </div>
   <div class='ocr_carea' id='block_1_97' title="bbox 549 4806 2118 4881">
    <p class='ocr_par' dir='ltr' id='par_1_97' title="bbox 549 4806 2118 4881">
     <span class='ocr_line' id='line_1_97' title="bbox 549 4806 2118 4881; baseline -0.006 -13"><span class='ocrx_word' id='word_1_703' title='bbox 549 4817 713 4872; x_wconf 64' lang='lat' dir='ltr'><strong>verba</strong></span> <span class='ocrx_word' id='word_1_704' title='bbox 748 4816 938 4871; x_wconf 89' lang='lat' dir='ltr'><strong>fecerit</strong></span> <span class='ocrx_word' id='word_1_705' title='bbox 966 4835 980 4870; x_wconf 86' lang='lat'>:</span> <span class='ocrx_word' id='word_1_706' title='bbox 1013 4815 1254 4879; x_wconf 85' lang='lat' dir='ltr'><strong>Fratres,</strong></span> <span class='ocrx_word' id='word_1_707' title='bbox 1304 4829 1484 4869; x_wconf 89' lang='lat' dir='ltr'><strong>nonne</strong></span> <span class='ocrx_word' id='word_1_708' title='bbox 1523 4818 1746 4881; x_wconf 90' lang='lat' dir='ltr'><strong>propter</strong></span> <span class='ocrx_word' id='word_1_709' title='bbox 1794 4808 2033 4862; x_wconf 88' lang='lat' dir='ltr'><strong>laborem</strong></span> <span class='ocrx_word' id='word_1_710' title='bbox 2062 4806 2118 4859; x_wconf 89' lang='lat' dir='ltr'><strong>in</strong></span> 
     </span>
    </p>
   </div>
   <div class='ocr_carea' id='block_1_98' title="bbox 553 4895 2117 4966">
    <p class='ocr_par' dir='ltr' id='par_1_98' title="bbox 553 4895 2117 4966">
     <span class='ocr_line' id='line_1_98' title="bbox 553 4895 2117 4966; baseline -0.007 -7"><span class='ocrx_word' id='word_1_711' title='bbox 553 4908 701 4962; x_wconf 84' lang='lat' dir='ltr'><strong>hunc</strong></span> <span class='ocrx_word' id='word_1_712' title='bbox 733 4907 912 4961; x_wconf 88' lang='lat' dir='ltr'><strong>locum</strong></span> <span class='ocrx_word' id='word_1_713' title='bbox 945 4906 1232 4963; x_wconf 85' lang='lat' dir='ltr'><strong>venimus?</strong></span> <span class='ocrx_word' id='word_1_714' title='bbox 1280 4904 1435 4959; x_wconf 83' lang='lat' dir='ltr'><strong>Nunc</strong></span> <span class='ocrx_word' id='word_1_715' title='bbox 1462 4916 1592 4959; x_wconf 87' lang='lat' dir='ltr'><strong>vero</strong></span> <span class='ocrx_word' id='word_1_716' title='bbox 1631 4915 1741 4955; x_wconf 88' lang='lat' dir='ltr'><strong>non</strong></span> <span class='ocrx_word' id='word_1_717' title='bbox 1770 4896 2010 4966; x_wconf 86' lang='lat' dir='ltr'><strong>amplius</strong></span> <span class='ocrx_word' id='word_1_718' title='bbox 2038 4895 2117 4949; x_wconf 88' lang='lat' dir='ltr'><strong>la-</strong></span> 
     </span>
    </p>
   </div>
   <div class='ocr_carea' id='block_1_99' title="bbox 2232 4801 3810 4882">
    <p class='ocr_par' dir='ltr' id='par_1_99' title="bbox 2232 4801 3810 4882">
     <span class='ocr_line' id='line_1_99' title="bbox 2232 4801 3810 4882; baseline -0.008 -16"><span class='ocrx_word' id='word_1_719' title='bbox 2232 4812 2496 4882; x_wconf 80' lang='grc' dir='ltr'>Ἀδελφοὶ,</span> <span class='ocrx_word' id='word_1_720' title='bbox 2535 4810 2656 4881; x_wconf 80' lang='grc' dir='ltr'><strong>οὐχὶ</strong></span> <span class='ocrx_word' id='word_1_721' title='bbox 2683 4810 2868 4863; x_wconf 76' lang='grc' dir='ltr'>ἕνεκεν</span> <span class='ocrx_word' id='word_1_722' title='bbox 2913 4808 3083 4861; x_wconf 83' lang='grc' dir='ltr'>κόπου</span> <span class='ocrx_word' id='word_1_723' title='bbox 3121 4807 3356 4878; x_wconf 75' lang='grc' dir='ltr'>ἧλθομεν</span> <span class='ocrx_word' id='word_1_724' title='bbox 3399 4805 3479 4867; x_wconf 78' lang='grc' dir='ltr'>εἰς</span> <span class='ocrx_word' id='word_1_725' title='bbox 3507 4802 3598 4856; x_wconf 83' lang='grc' dir='ltr'><strong>τὸν</strong></span> <span class='ocrx_word' id='word_1_726' title='bbox 3630 4801 3810 4854; x_wconf 82' lang='grc' dir='ltr'>τόπον</span> 
     </span>
    </p>
   </div>
   <div class='ocr_carea' id='block_1_100' title="bbox 2222 4889 3811 4972">
    <p class='ocr_par' dir='ltr' id='par_1_100' title="bbox 2222 4889 3811 4972">
     <span class='ocr_line' id='line_1_100' title="bbox 2222 4889 3811 4972; baseline -0.007 -14"><span class='ocrx_word' id='word_1_727' title='bbox 2222 4903 2443 4969; x_wconf 77' lang='grc' dir='ltr'>τοῦτονς</span> <span class='ocrx_word' id='word_1_728' title='bbox 2490 4904 2600 4957; x_wconf 71' lang='grc' dir='ltr'>Καὶ</span> <span class='ocrx_word' id='word_1_729' title='bbox 2647 4901 2742 4955; x_wconf 79' lang='grc' dir='ltr'>νῦν</span> <span class='ocrx_word' id='word_1_730' title='bbox 2812 4903 2911 4955; x_wconf 86' lang='grc' dir='ltr'><strong>οὐκ</strong></span> <span class='ocrx_word' id='word_1_731' title='bbox 2959 4898 3040 4954; x_wconf 84' lang='grc' dir='ltr'><strong>ἔτι</strong></span> <span class='ocrx_word' id='word_1_732' title='bbox 3083 4900 3194 4972; x_wconf 79' lang='grc' dir='ltr'>ἔχει</span> <span class='ocrx_word' id='word_1_733' title='bbox 3248 4898 3436 4952; x_wconf 82' lang='grc' dir='ltr'>κόπον.</span> <span class='ocrx_word' id='word_1_734' title='bbox 3503 4892 3643 4963; x_wconf 84' lang='grc' dir='ltr'>Ἐγὼ</span> <span class='ocrx_word' id='word_1_735' title='bbox 3702 4889 3811 4947; x_wconf 78' lang='grc' dir='ltr'>οὗν</span> 
     </span>
    </p>
   </div>
   <div class='ocr_carea' id='block_1_101' title="bbox 543 4983 2095 5070">
    <p class='ocr_par' dir='ltr' id='par_1_101' title="bbox 543 4986 2095 5070">
     <span class='ocr_line' id='line_1_101' title="bbox 543 4986 2095 5070; baseline -0.01 -17"><span class='ocrx_word' id='word_1_736' title='bbox 543 4998 735 5053; x_wconf 72' lang='lat' dir='ltr'><strong>liorem</strong></span> <span class='ocrx_word' id='word_1_737' title='bbox 766 4998 951 5054; x_wconf 79' lang='lat' dir='ltr'><strong>habet.</strong></span> <span class='ocrx_word' id='word_1_738' title='bbox 984 4998 1094 5070; x_wconf 82' lang='lat' dir='ltr'><strong>Ego</strong></span> <span class='ocrx_word' id='word_1_739' title='bbox 1118 4998 1284 5068; x_wconf 88' lang='lat' dir='ltr'><strong>igitur</strong></span> <span class='ocrx_word' id='word_1_740' title='bbox 1316 5001 1577 5065; x_wconf 87' lang='lat' dir='ltr'><strong>apparata</strong></span> <span class='ocrx_word' id='word_1_741' title='bbox 1606 5007 1727 5047; x_wconf 89' lang='lat' dir='ltr'><strong>mea</strong></span> <span class='ocrx_word' id='word_1_742' title='bbox 1756 4988 1954 5045; x_wconf 86' lang='lat' dir='ltr'><strong>melole</strong></span> <span class='ocrx_word' id='word_1_743' title='bbox 1983 4986 2095 5041; x_wconf 71' lang='lat' dir='ltr'><strong>abet</strong></span> 
     </span>
    </p>
   </div>
   <div class='ocr_carea' id='block_1_102' title="bbox 2210 4983 3810 5070">
    <p class='ocr_par' dir='ltr' id='par_1_102' title="bbox 2227 4983 3810 5065">
     <span class='ocr_line' id='line_1_102' title="bbox 2227 4983 3810 5065; baseline -0.008 -16"><span class='ocrx_word' id='word_1_744' title='bbox 2227 4995 2498 5057; x_wconf 80' lang='grc' dir='ltr'>σκευάσας</span> <span class='ocrx_word' id='word_1_745' title='bbox 2523 4993 2623 5065; x_wconf 78' lang='grc' dir='ltr'>τὴν</span> <span class='ocrx_word' id='word_1_746' title='bbox 2649 4993 2905 5064; x_wconf 82' lang='grc' dir='ltr'>μηλωτήν</span> <span class='ocrx_word' id='word_1_747' title='bbox 2932 5008 3032 5063; x_wconf 90' lang='grc' dir='ltr'><strong>μου</strong></span> <span class='ocrx_word' id='word_1_748' title='bbox 3082 4991 3391 5062; x_wconf 83' lang='grc' dir='ltr'>ἀπέρχομαι</span> <span class='ocrx_word' id='word_1_749' title='bbox 3411 4989 3544 5042; x_wconf 82' lang='grc' dir='ltr'>ὅπου</span> <span class='ocrx_word' id='word_1_750' title='bbox 3562 4983 3680 5039; x_wconf 79' lang='grc' dir='ltr'>ἐστὶ</span> <span class='ocrx_word' id='word_1_751' title='bbox 3704 4984 3810 5037; x_wconf 81' lang='grc' dir='ltr'>κό-</span> 
     </span>
    </p>
   </div>
   <div class='ocr_carea' id='block_1_103' title="bbox 545 5080 2120 5160">
    <p class='ocr_par' dir='ltr' id='par_1_103' title="bbox 545 5080 2120 5160">
     <span class='ocr_line' id='line_1_103' title="bbox 545 5080 2120 5160; baseline -0.008 -17"><span class='ocrx_word' id='word_1_752' title='bbox 545 5087 616 5143; x_wconf 88' lang='lat' dir='ltr'><strong>ad</strong></span> <span class='ocrx_word' id='word_1_753' title='bbox 650 5089 829 5143; x_wconf 87' lang='lat' dir='ltr'><strong>locum</strong></span> <span class='ocrx_word' id='word_1_754' title='bbox 860 5090 917 5145; x_wconf 87' lang='lat' dir='ltr'><strong>in</strong></span> <span class='ocrx_word' id='word_1_755' title='bbox 959 5104 1069 5160; x_wconf 89' lang='lat' dir='ltr'><strong>quo</strong></span> <span class='ocrx_word' id='word_1_756' title='bbox 1116 5089 1265 5144; x_wconf 90' lang='lat' dir='ltr'><strong>labor</strong></span> <span class='ocrx_word' id='word_1_757' title='bbox 1296 5095 1403 5152; x_wconf 88' lang='lat' dir='ltr'><strong>est,</strong></span> <span class='ocrx_word' id='word_1_758' title='bbox 1443 5085 1661 5155; x_wconf 85' lang='lat' dir='ltr'><strong>illicqtte</strong></span> <span class='ocrx_word' id='word_1_759' title='bbox 1716 5080 1989 5137; x_wconf 86' lang='lat' dir='ltr'><strong>inveniam</strong></span> <span class='ocrx_word' id='word_1_760' title='bbox 2030 5091 2120 5132; x_wconf 88' lang='lat' dir='ltr'><strong>re-</strong></span> 
     </span>
    </p>
   </div>
   <div class='ocr_carea' id='block_1_104' title="bbox 548 5180 751 5248">
    <p class='ocr_par' dir='ltr' id='par_1_104' title="bbox 548 5180 751 5248">
     <span class='ocr_line' id='line_1_104' title="bbox 548 5180 751 5248; baseline 0.005 -16"><span class='ocrx_word' id='word_1_761' title='bbox 548 5180 751 5248; x_wconf 77' lang='lat' dir='ltr'><strong>quiem.</strong></span> 
     </span>
    </p>
   </div>
   <div class='ocr_carea' id='block_1_105' title="bbox 619 5239 2121 5321">
    <p class='ocr_par' dir='ltr' id='par_1_105' title="bbox 619 5239 2121 5321">
     <span class='ocr_line' id='line_1_105' title="bbox 619 5239 2121 5321; baseline -0.006 -18"><span class='ocrx_word' id='word_1_762' title='bbox 619 5248 711 5305; x_wconf 73' lang='lat'><strong>45.</strong></span> <span class='ocrx_word' id='word_1_763' title='bbox 753 5248 867 5321; x_wconf 85' lang='grc'>(16)</span> <span class='ocrx_word' id='word_1_764' title='bbox 906 5250 1095 5307; x_wconf 82' lang='lat' dir='ltr'><strong>Frater</strong></span> <span class='ocrx_word' id='word_1_765' title='bbox 1121 5250 1257 5306; x_wconf 86' lang='lat' dir='ltr'><strong>dixit</strong></span> <span class='ocrx_word' id='word_1_766' title='bbox 1291 5247 1477 5304; x_wconf 90' lang='lat' dir='ltr'><strong>abbati</strong></span> <span class='ocrx_word' id='word_1_767' title='bbox 1510 5244 1756 5303; x_wconf 78' lang='lat' dir='ltr'><strong>Ptemeni</strong></span> <span class='ocrx_word' id='word_1_768' title='bbox 1786 5261 1802 5299; x_wconf 89' lang='lat'><strong>:</strong></span> <span class='ocrx_word' id='word_1_769' title='bbox 1839 5239 1897 5297; x_wconf 93' lang='lat' dir='ltr'><strong>Si</strong></span> <span class='ocrx_word' id='word_1_770' title='bbox 1932 5240 2121 5296; x_wconf 89' lang='lat' dir='ltr'><strong>videro</strong></span> 
     </span>
    </p>
   </div>
   <div class='ocr_carea' id='block_1_106' title="bbox 2226 5083 3228 5153">
    <p class='ocr_par' dir='ltr' id='par_1_106' title="bbox 2226 5083 3228 5153">
     <span class='ocr_line' id='line_1_106' title="bbox 2226 5083 3228 5153; baseline -0.006 -12"><span class='ocrx_word' id='word_1_771' title='bbox 2226 5105 2348 5152; x_wconf 87' lang='grc' dir='ltr'>πος,</span> <span class='ocrx_word' id='word_1_772' title='bbox 2373 5088 2467 5141; x_wconf 71' lang='grc' dir='ltr'><strong>καὶ</strong></span> <span class='ocrx_word' id='word_1_773' title='bbox 2491 5089 2609 5141; x_wconf 77' lang='grc' dir='ltr'>ἐκεῖ</span> <span class='ocrx_word' id='word_1_774' title='bbox 2638 5085 2877 5153; x_wconf 79' lang='grc' dir='ltr'>εὑρίσκω</span> <span class='ocrx_word' id='word_1_775' title='bbox 2903 5083 3228 5139; x_wconf 82' lang='grc' dir='ltr'>ἀνάπαυσιν.</span> 
     </span>
    </p>
   </div>
   <div class='ocr_carea' id='block_1_107' title="bbox 2303 5224 3808 5310">
    <p class='ocr_par' dir='ltr' id='par_1_107' title="bbox 2303 5224 3808 5310">
     <span class='ocr_line' id='line_1_107' title="bbox 2303 5224 3808 5310; baseline -0.009 -17"><span class='ocrx_word' id='word_1_776' title='bbox 2303 5244 2403 5310; x_wconf 81' lang='grc' dir='ltr'>με’.</span> <span class='ocrx_word' id='word_1_777' title='bbox 2460 5235 2711 5307; x_wconf 70' lang='grc' dir='ltr'>Ἀδεὶφὸς</span> <span class='ocrx_word' id='word_1_778' title='bbox 2750 5231 2872 5289; x_wconf 83' lang='grc' dir='ltr'>εἷπε</span> <span class='ocrx_word' id='word_1_779' title='bbox 2905 5234 2982 5307; x_wconf 83' lang='grc' dir='ltr'>τῷ</span> <span class='ocrx_word' id='word_1_780' title='bbox 3023 5233 3166 5305; x_wconf 58' lang='lat' dir='ltr'><strong>esse</strong></span> <span class='ocrx_word' id='word_1_781' title='bbox 3197 5230 3422 5304; x_wconf 77' lang='grc' dir='ltr'><strong>Ποιμένι</strong></span> <span class='ocrx_word' id='word_1_782' title='bbox 3441 5245 3458 5263; x_wconf 79' lang='grc' dir='ltr'><strong>ο</strong></span> <span class='ocrx_word' id='word_1_783' title='bbox 3511 5227 3637 5284; x_wconf 80' lang='grc' dir='ltr'><strong>Ἐὰν</strong></span> <span class='ocrx_word' id='word_1_784' title='bbox 3669 5224 3808 5280; x_wconf 74' lang='grc' dir='ltr'>θεά-</span> 
     </span>
    </p>
   </div>
   <div class='ocr_carea' id='block_1_108' title="bbox 652 5375 2095 5457">
    <p class='ocr_par' dir='ltr' id='par_1_108' title="bbox 652 5382 2095 5457">
     <span class='ocr_line' id='line_1_108' title="bbox 652 5382 2095 5457; baseline -0.007 -12"><span class='ocrx_word' id='word_1_785' title='bbox 652 5392 699 5425; x_wconf 82' lang='grc'>⁷⁶</span> <span class='ocrx_word' id='word_1_786' title='bbox 727 5389 749 5444; x_wconf 91' lang='grc' dir='ltr'>ι</span> <span class='ocrx_word' id='word_1_787' title='bbox 779 5389 974 5447; x_wconf 83' lang='lat' dir='ltr'><strong>Tbess.</strong></span> <span class='ocrx_word' id='word_1_788' title='bbox 1005 5405 1057 5456; x_wconf 77' lang='grc' dir='ltr'><strong>ν,</strong></span> <span class='ocrx_word' id='word_1_789' title='bbox 1076 5390 1175 5457; x_wconf 80' lang='grc'><strong>15;</strong></span> <span class='ocrx_word' id='word_1_790' title='bbox 1205 5387 1399 5446; x_wconf 85' lang='lat' dir='ltr'><strong>lPetr.</strong></span> <span class='ocrx_word' id='word_1_791' title='bbox 1440 5404 1522 5457; x_wconf 84' lang='grc' dir='ltr'><strong>ιιι,</strong></span> <span class='ocrx_word' id='word_1_792' title='bbox 1552 5386 1606 5443; x_wconf 83' lang='lat'><strong>9.</strong></span> <span class='ocrx_word' id='word_1_793' title='bbox 1684 5386 1730 5421; x_wconf 82' lang='lat'><strong>&quot;</strong></span> <span class='ocrx_word' id='word_1_794' title='bbox 1778 5382 1970 5439; x_wconf 72' lang='lat' dir='ltr'><strong>Matth.</strong></span> <span class='ocrx_word' id='word_1_795' title='bbox 2020 5395 2095 5436; x_wconf 85' lang='lat' dir='ltr'><strong>xtl</strong></span> 
     </span>
    </p>
   </div>
   <div class='ocr_carea' id='block_1_109' title="bbox 2210 5375 2953 5457">
    <p class='ocr_par' dir='ltr' id='par_1_109' title="bbox 2210 5375 2953 5433">
     <span class='ocr_line' id='line_1_109' title="bbox 2210 5375 2953 5433; baseline -0.004 0"><span class='ocrx_word' id='word_1_796' title='bbox 2210 5379 2257 5433; x_wconf 87' lang='lat'><strong>7.</strong></span> <span class='ocrx_word' id='word_1_797' title='bbox 2332 5378 2380 5410; x_wconf 82' lang='lat'>&quot;</span> <span class='ocrx_word' id='word_1_798' title='bbox 2409 5375 2494 5432; x_wconf 88' lang='lat' dir='ltr'><strong>Al.</strong></span> <span class='ocrx_word' id='word_1_799' title='bbox 2523 5375 2693 5431; x_wconf 89' lang='lat' dir='ltr'><strong>inser.</strong></span> <span class='ocrx_word' id='word_1_800' title='bbox 2748 5378 2953 5430; x_wconf 69' lang='grc' dir='ltr'>ἐκεῖνα.</span> 
     </span>
    </p>
   </div>
   <div class='ocr_carea' id='block_1_110' title="bbox 620 5546 1336 5690">
    <p class='ocr_par' dir='ltr' id='par_1_110' title="bbox 620 5546 1336 5690">
     <span class='ocr_line' id='line_1_110' title="bbox 620 5546 1336 5690; baseline -0.01 -82"><span class='ocrx_word' id='word_1_801' title='bbox 620 5552 700 5690; x_wconf 62' lang='grc' dir='ltr'>(ἕ)</span> <span class='ocrx_word' id='word_1_802' title='bbox 739 5549 846 5635; x_wconf 74' lang='lat' dir='ltr'><strong>Vit.</strong></span> <span class='ocrx_word' id='word_1_803' title='bbox 879 5551 1029 5605; x_wconf 82' lang='lat' dir='ltr'><strong>Patr.</strong></span> <span class='ocrx_word' id='word_1_804' title='bbox 1060 5564 1213 5609; x_wconf 83' lang='lat' dir='ltr'><strong>xvttt,</strong></span> <span class='ocrx_word' id='word_1_805' title='bbox 1249 5546 1336 5601; x_wconf 88' lang='grc'>18.</span> 
     </span>
     <span class='ocr_line' id='line_1_111' title="bbox 683 5616 1239 5690; baseline -0.011 -12"><span class='ocrx_word' id='word_1_806' title='bbox 683 5622 700 5689; x_wconf 96' lang='grc'><strong>)</strong></span> <span class='ocrx_word' id='word_1_807' title='bbox 739 5621 849 5677; x_wconf 82' lang='lat' dir='ltr'><strong>Vit.</strong></span> <span class='ocrx_word' id='word_1_808' title='bbox 884 5620 1035 5690; x_wconf 66' lang='lat' dir='ltr'><strong>Patr.</strong></span> <span class='ocrx_word' id='word_1_809' title='bbox 1070 5635 1106 5682; x_wconf 86' lang='grc' dir='ltr'>ι,</span> 
     </span>
    </p>
   </div>
   <div class='ocr_carea' id='block_1_111' title="bbox 563 5616 1227 5713">
    <p class='ocr_par' dir='ltr' id='par_1_111' title="bbox 563 5616 1227 5713">
     <span class='ocr_line' id='line_1_112' title="bbox 563 5616 1227 5713; baseline 0.003 -2"><span class='ocrx_word' id='word_1_810' title='bbox 563 5703 571 5711; x_wconf 88' lang='grc'><strong>.</strong></span> <span class='ocrx_word' id='word_1_811' title='bbox 622 5616 706 5713; x_wconf 63' lang='lat' dir='ltr'><strong>{ﬁl</strong></span> <span class='ocrx_word' id='word_1_812' title='bbox 739 5621 849 5713; x_wconf 61' lang='grc' dir='ltr'><strong>ἓξὲξ·</strong></span> <span class='ocrx_word' id='word_1_813' title='bbox 882 5620 1035 5713; x_wconf 67' lang='lat'><strong>5&quot;.&quot;-</strong></span> <span class='ocrx_word' id='word_1_814' title='bbox 1070 5635 1106 5682; x_wconf 74' lang='grc'><strong>³»</strong></span> <span class='ocrx_word' id='word_1_815' title='bbox 1144 5616 1227 5713; x_wconf 62' lang='grc' dir='ltr'><strong>’ἓν</strong></span> 
     </span>
    </p>
   </div>
   <div class='ocr_carea' id='block_1_112' title="bbox 628 5688 1274 5841">
    <p class='ocr_par' dir='ltr' id='par_1_112' title="bbox 628 5688 1274 5841">
     <span class='ocr_line' id='line_1_113' title="bbox 628 5688 1270 5814; baseline -0.006 -67"><span class='ocrx_word' id='word_1_816' title='bbox 628 5688 719 5814; x_wconf 60' lang='grc'>(9))</span> <span class='ocrx_word' id='word_1_817' title='bbox 741 5690 847 5772; x_wconf 74' lang='lat' dir='ltr'><strong>Vit.</strong></span> <span class='ocrx_word' id='word_1_818' title='bbox 874 5688 1030 5745; x_wconf 83' lang='lat' dir='ltr'><strong>Patr.</strong></span> <span class='ocrx_word' id='word_1_819' title='bbox 1064 5705 1153 5751; x_wconf 84' lang='lat' dir='ltr'><strong>xv,</strong></span> <span class='ocrx_word' id='word_1_820' title='bbox 1184 5688 1270 5743; x_wconf 75' lang='grc'>54.</span> 
     </span>
     <span class='ocr_line' id='line_1_114' title="bbox 628 5756 1274 5841; baseline 0 0"><span class='ocrx_word' id='word_1_821' title='bbox 628 5762 739 5841; x_wconf 62' lang='lat'><strong>92.:</strong></span> <span class='ocrx_word' id='word_1_822' title='bbox 773 5759 879 5841; x_wconf 62' lang='grc' dir='ltr'><strong>ῐες-</strong></span> <span class='ocrx_word' id='word_1_823' title='bbox 903 5759 1058 5841; x_wconf 63' lang='grc' dir='ltr'><strong>ξαιν-</strong></span> 
     </span>
    </p>
   </div>
   <div class='ocr_carea' id='block_1_113' title="bbox 652 5825 1285 5900">
    <p class='ocr_par' dir='ltr' id='par_1_113' title="bbox 652 5825 1285 5900">
     <span class='ocr_line' id='line_1_115' title="bbox 652 5825 1285 5900; baseline -0.008 -15"><span class='ocrx_word' id='word_1_824' title='bbox 652 5828 739 5900; x_wconf 77' lang='grc'><strong>11)</strong></span> <span class='ocrx_word' id='word_1_825' title='bbox 776 5828 874 5883; x_wconf 87' lang='lat' dir='ltr'><strong>Vit.</strong></span> <span class='ocrx_word' id='word_1_826' title='bbox 907 5827 1065 5882; x_wconf 85' lang='lat' dir='ltr'><strong>Patr.</strong></span> <span class='ocrx_word' id='word_1_827' title='bbox 1081 5839 1165 5892; x_wconf 86' lang='grc' dir='ltr'><strong>ιιι,</strong></span> <span class='ocrx_word' id='word_1_828' title='bbox 1197 5825 1285 5880; x_wconf 85' lang='grc'><strong>12.</strong></span> 
     </span>
    </p>
   </div>
   <div class='ocr_carea' id='block_1_114' title="bbox 2330 5595 2994 5662">
    <p class='ocr_par' dir='ltr' id='par_1_114' title="bbox 2330 5595 2994 5662">
     <span class='ocr_line' id='line_1_116' title="bbox 2330 5595 2994 5662; baseline -0.008 -6"><span class='ocrx_word' id='word_1_829' title='bbox 2330 5595 2419 5662; x_wconf 74' lang='grc'>15)</span> <span class='ocrx_word' id='word_1_830' title='bbox 2467 5600 2569 5656; x_wconf 86' lang='lat' dir='ltr'><strong>Vit.</strong></span> <span class='ocrx_word' id='word_1_831' title='bbox 2595 5599 2751 5654; x_wconf 86' lang='lat' dir='ltr'><strong>Patr.</strong></span> <span class='ocrx_word' id='word_1_832' title='bbox 2786 5614 2875 5662; x_wconf 91' lang='lat' dir='ltr'><strong>xv,</strong></span> <span class='ocrx_word' id='word_1_833' title='bbox 2905 5595 2994 5651; x_wconf 82' lang='lat'><strong>56.</strong></span> 
     </span>
    </p>
   </div>
   <div class='ocr_carea' id='block_1_115' title="bbox 2331 5667 2982 5735">
    <p class='ocr_par' dir='ltr' id='par_1_115' title="bbox 2331 5667 2982 5735">
     <span class='ocr_line' id='line_1_117' title="bbox 2331 5667 2982 5735; baseline -0.006 -10"><span class='ocrx_word' id='word_1_834' title='bbox 2331 5667 2420 5735; x_wconf 84' lang='grc'><strong>14)</strong></span> <span class='ocrx_word' id='word_1_835' title='bbox 2461 5670 2564 5727; x_wconf 87' lang='lat' dir='ltr'><strong>Vit.</strong></span> <span class='ocrx_word' id='word_1_836' title='bbox 2597 5670 2755 5725; x_wconf 88' lang='lat' dir='ltr'><strong>Patr.</strong></span> <span class='ocrx_word' id='word_1_837' title='bbox 2788 5684 2862 5735; x_wconf 84' lang='lat' dir='ltr'><strong>xt,</strong></span> <span class='ocrx_word' id='word_1_838' title='bbox 2893 5667 2982 5722; x_wconf 94' lang='grc'><strong>12.</strong></span> 
     </span>
    </p>
   </div>
   <div class='ocr_carea' id='block_1_116' title="bbox 2302 5614 3013 5887">
    <p class='ocr_par' dir='ltr' id='par_1_116' title="bbox 2330 5614 3013 5875">
     <span class='ocr_line' id='line_1_118' title="bbox 2330 5614 2994 5662; baseline -0.008 -6"><span class='ocrx_word' id='word_1_839' title='bbox 2330 5614 2398 5657; x_wconf 73' lang='lat' dir='ltr'><strong>to</strong></span> <span class='ocrx_word' id='word_1_840' title='bbox 2468 5614 2569 5656; x_wconf 82' lang='lat' dir='ltr'><strong>Vit.</strong></span> <span class='ocrx_word' id='word_1_841' title='bbox 2595 5614 2751 5654; x_wconf 67' lang='lat' dir='ltr'><strong>Patr.</strong></span> <span class='ocrx_word' id='word_1_842' title='bbox 2786 5614 2875 5662; x_wconf 92' lang='lat' dir='ltr'><strong>xv,</strong></span> <span class='ocrx_word' id='word_1_843' title='bbox 2905 5614 2994 5651; x_wconf 82' lang='lat' dir='ltr'><strong>oo.</strong></span> 
     </span>
     <span class='ocr_line' id='line_1_119' title="bbox 2331 5667 2982 5735; baseline -0.006 -10"><span class='ocrx_word' id='word_1_844' title='bbox 2331 5672 2397 5727; x_wconf 94' lang='grc'><strong>14</strong></span> <span class='ocrx_word' id='word_1_845' title='bbox 2461 5670 2564 5727; x_wconf 87' lang='lat' dir='ltr'><strong>Vit.</strong></span> <span class='ocrx_word' id='word_1_846' title='bbox 2597 5670 2755 5725; x_wconf 88' lang='lat' dir='ltr'><strong>Patr.</strong></span> <span class='ocrx_word' id='word_1_847' title='bbox 2788 5684 2862 5735; x_wconf 84' lang='lat' dir='ltr'><strong>xt,</strong></span> <span class='ocrx_word' id='word_1_848' title='bbox 2893 5667 2982 5722; x_wconf 94' lang='grc'><strong>12.</strong></span> 
     </span>
     <span class='ocr_line' id='line_1_120' title="bbox 2334 5735 3013 5800; baseline -0.006 -4"><span class='ocrx_word' id='word_1_849' title='bbox 2334 5742 2400 5797; x_wconf 84' lang='grc'>15</span> <span class='ocrx_word' id='word_1_850' title='bbox 2462 5741 2569 5796; x_wconf 86' lang='lat' dir='ltr'><strong>Vit.</strong></span> <span class='ocrx_word' id='word_1_851' title='bbox 2605 5741 2758 5795; x_wconf 78' lang='lat' dir='ltr'><strong>Patr.</strong></span> <span class='ocrx_word' id='word_1_852' title='bbox 2787 5755 2883 5800; x_wconf 81' lang='lat' dir='ltr'><strong>vti,</strong></span> <span class='ocrx_word' id='word_1_853' title='bbox 2925 5735 3013 5793; x_wconf 88' lang='grc'><strong>14.</strong></span> 
     </span>
     <span class='ocr_line' id='line_1_121' title="bbox 2336 5806 2955 5875; baseline -0.006 -6"><span class='ocrx_word' id='word_1_854' title='bbox 2336 5810 2402 5870; x_wconf 68' lang='lat' dir='ltr'><strong>lo</strong></span> <span class='ocrx_word' id='word_1_855' title='bbox 2599 5808 2751 5867; x_wconf 59' lang='lat' dir='ltr'><strong>Patr.</strong></span> <span class='ocrx_word' id='word_1_856' title='bbox 2782 5824 2839 5875; x_wconf 74' lang='lat' dir='ltr'><strong>X,</strong></span> <span class='ocrx_word' id='word_1_857' title='bbox 2863 5806 2955 5865; x_wconf 68' lang='lat'><strong>580</strong></span> 
     </span>
    </p>
   </div>
   <div class='ocr_carea' id='block_1_117' title="bbox 2300 5525 3007 5604">
    <p class='ocr_par' dir='ltr' id='par_1_117' title="bbox 2300 5525 3007 5604">
     <span class='ocr_line' id='line_1_122' title="bbox 2300 5525 3007 5604; baseline -0.001 0"><span class='ocrx_word' id='word_1_858' title='bbox 2300 5530 2419 5604; x_wconf 70' lang='grc'>(12)</span> <span class='ocrx_word' id='word_1_859' title='bbox 2463 5528 2570 5604; x_wconf 15' lang='grc' dir='ltr'><strong>ἵετο</strong></span> <span class='ocrx_word' id='word_1_860' title='bbox 2596 5528 2754 5604; x_wconf 63' lang='lat' dir='ltr'><strong>Eatr-</strong></span> <span class='ocrx_word' id='word_1_861' title='bbox 2779 5545 2835 5593; x_wconf 73' lang='lat' dir='ltr'><strong>x-</strong></span> <span class='ocrx_word' id='word_1_862' title='bbox 2865 5525 3007 5604; x_wconf 49' lang='grc' dir='ltr'><strong>εἶχ’</strong></span> 
     </span>
    </p>
   </div>
   <div class='ocr_carea' id='block_1_118' title="bbox 2336 5543 2955 5885">
    <p class='ocr_par' dir='ltr' id='par_1_118' title="bbox 2336 5543 2955 5875">
     <span class='ocr_line' id='line_1_123' title="bbox 2336 5543 2955 5593; baseline -0.008 -7"><span class='ocrx_word' id='word_1_863' title='bbox 2336 5543 2397 5586; x_wconf 72' lang='grc'><strong>12</strong></span> <span class='ocrx_word' id='word_1_864' title='bbox 2469 5543 2501 5586; x_wconf 80' lang='grc' dir='ltr'><strong>γ</strong></span> <span class='ocrx_word' id='word_1_865' title='bbox 2532 5543 2570 5585; x_wconf 89' lang='lat' dir='ltr'><strong>t.</strong></span> <span class='ocrx_word' id='word_1_866' title='bbox 2596 5543 2754 5583; x_wconf 71' lang='lat' dir='ltr'><strong>Patr.</strong></span> <span class='ocrx_word' id='word_1_867' title='bbox 2779 5545 2835 5593; x_wconf 74' lang='lat' dir='ltr'><strong>x,</strong></span> <span class='ocrx_word' id='word_1_868' title='bbox 2865 5543 2955 5582; x_wconf 78' lang='lat' dir='ltr'><strong>ot.</strong></span> 
     </span>
     <span class='ocr_line' id='line_1_124' title="bbox 2336 5595 2955 5662; baseline -0.01 -6"><span class='ocrx_word' id='word_1_869' title='bbox 2336 5603 2398 5657; x_wconf 81' lang='grc'>15</span> <span class='ocrx_word' id='word_1_870' title='bbox 2467 5600 2569 5656; x_wconf 83' lang='lat' dir='ltr'><strong>Vit.</strong></span> <span class='ocrx_word' id='word_1_871' title='bbox 2595 5599 2751 5654; x_wconf 87' lang='lat' dir='ltr'><strong>Patr.</strong></span> <span class='ocrx_word' id='word_1_872' title='bbox 2786 5614 2875 5662; x_wconf 93' lang='lat' dir='ltr'><strong>xv,</strong></span> <span class='ocrx_word' id='word_1_873' title='bbox 2905 5595 2955 5651; x_wconf 74' lang='grc'>51</span> 
     </span>
     <span class='ocr_line' id='line_1_125' title="bbox 2336 5667 2955 5735; baseline -0.005 -10"><span class='ocrx_word' id='word_1_874' title='bbox 2336 5672 2397 5727; x_wconf 91' lang='grc'><strong>14</strong></span> <span class='ocrx_word' id='word_1_875' title='bbox 2461 5670 2564 5727; x_wconf 87' lang='lat' dir='ltr'><strong>Vit.</strong></span> <span class='ocrx_word' id='word_1_876' title='bbox 2597 5670 2755 5725; x_wconf 88' lang='lat' dir='ltr'><strong>Patr.</strong></span> <span class='ocrx_word' id='word_1_877' title='bbox 2788 5684 2862 5735; x_wconf 84' lang='lat' dir='ltr'><strong>xt,</strong></span> <span class='ocrx_word' id='word_1_878' title='bbox 2893 5667 2955 5722; x_wconf 87' lang='grc'><strong>12</strong></span> 
     </span>
     <span class='ocr_line' id='line_1_126' title="bbox 2336 5739 2950 5800; baseline -0.005 -4"><span class='ocrx_word' id='word_1_879' title='bbox 2336 5742 2400 5797; x_wconf 84' lang='grc'>15</span> <span class='ocrx_word' id='word_1_880' title='bbox 2462 5741 2569 5796; x_wconf 86' lang='lat' dir='ltr'><strong>Vit.</strong></span> <span class='ocrx_word' id='word_1_881' title='bbox 2605 5741 2758 5795; x_wconf 78' lang='lat' dir='ltr'><strong>Patr.</strong></span> <span class='ocrx_word' id='word_1_882' title='bbox 2787 5755 2883 5800; x_wconf 81' lang='lat' dir='ltr'><strong>vti,</strong></span> <span class='ocrx_word' id='word_1_883' title='bbox 2925 5739 2950 5793; x_wconf 91' lang='grc'><strong>1</strong></span> 
     </span>
     <span class='ocr_line' id='line_1_127' title="bbox 2336 5806 2955 5875; baseline -0.006 -6"><span class='ocrx_word' id='word_1_884' title='bbox 2336 5810 2402 5870; x_wconf 68' lang='lat' dir='ltr'><strong>lo</strong></span> <span class='ocrx_word' id='word_1_885' title='bbox 2599 5808 2751 5867; x_wconf 59' lang='lat' dir='ltr'><strong>Patr.</strong></span> <span class='ocrx_word' id='word_1_886' title='bbox 2782 5824 2839 5875; x_wconf 74' lang='lat' dir='ltr'><strong>X,</strong></span> <span class='ocrx_word' id='word_1_887' title='bbox 2863 5806 2955 5865; x_wconf 68' lang='lat'><strong>580</strong></span> 
     </span>
    </p>
   </div>
  </div>
