4032 6334
450 307 561 367 535

1633 298 1670 350 Α
1683 292 1976 351 PPENDIX
2014 291 2105 346 AD
2140 290 2566 348 PALLADIUM.

3588 290 3693 346 356

456 437 648 478 murus
685 428 767 474 est
819 434 1003 473 aeneus
1060 417 1200 471 inter
1235 416 1409 485 ipsum
1471 428 1534 466 ac
1572 412 1769 476 Deum,
1812 426 2025 466 necnon

2137 411 2348 481 θρώπου
2387 409 2565 481 τεῖχός
2595 410 2707 461 ἐστι
2736 409 2969 479 χαλκοῦν
2999 408 3268 478 ἁναμέσον
3294 406 3456 460 αὐτοῦ
3491 405 3697 461 καὶτοῦ

456 525 607 586 petra
641 512 1026 585 rcperruticns.
1061 509 1192 562 Cum
1225 507 1388 575 igitur
1436 519 1554 559 eam
1622 504 1786 557 homo
1823 503 2017 558 dereli-

458 610 664 679 querit,
700 607 818 677 ipse
882 604 1043 657 etiam
1096 600 1275 654 dicet:
1325 596 1388 651 In
1442 598 1545 650 Deo
1580 613 1692 649 meo
1758 607 2023 665 transgre-

458 701 590 755 diar
660 714 865 752 murum
889 694 956 748 '°.
1036 693 1223 762 Itaque
1301 693 1347 747 si
1423 692 1638 761 justitia
1704 694 2022 745 convenerit

461 806 584 844 cum
620 789 918 846 voluntate,
951 783 1159 836 laborat
1184 782 1371 835 homo.

495 950 503 958 υ
656 880 765 951 (24)
800 877 1012 931 Relatio
1038 874 1282 943 ejusdem
1310 891 1325 927 :
1371 870 1699 925 Sedenlibus
1729 868 2023 938 aliquando

459 972 685 1027 senibus
716 979 767 1023 et
797 966 1275 1023 manducantibus,
1309 963 1489 1017 stabat
1541 959 1608 1014 ad
1657 960 2020 1014 ministerium

457 1065 626 1117 abbas
688 1059 952 1121 Alonius,
1011 1072 1172 1127 quem
1225 1054 1471 1108 videntes
1510 1052 1886 1106 laudaveruut.
1932 1050 2025 1104 l'le

460 1170 585 1209 vero
611 1152 743 1207 nihil
777 1152 995 1221 penitus
1023 1147 1320 1218 respondit.
1355 1147 1523 1215 Igitur
1548 1143 1849 1198 nonnullus
1880 1157 2026 1198 seor-

457 1262 577 1302 sum
612 1244 749 1299 dixit
776 1245 825 1298 ei
857 1261 869 1296 :
903 1242 1085 1308 Quare
1117 1256 1225 1294 non
1279 1236 1612 1308 respondisti
1658 1235 1883 1291 senibus
1931 1234 2024 1303 qui

456 1348 509 1396 te
538 1335 877 1393 laudabant?
911 1333 1135 1404 Excepit
1164 1333 1336 1387 abbas
1388 1330 1620 1383 Alonius
1654 1345 1667 1382 :
1728 1325 1784 1381 Si
1819 1327 1896 1381 eis
1928 1325 2023 1381 de-

456 1433 661 1488 dissem
693 1443 1040 1499 responsum,
1076 1426 1230 1481 visus
1265 1438 1444 1479 essem
1486 1422 1677 1476 laudes
1713 1421 2021 1474 admittere.

525 1522 615 1579 56.
654 1521 766 1594 (25)
799 1520 944 1574 Dixit
971 1519 1163 1573 iterum
1192 1537 1206 1571 :
1246 1515 1506 1570 Homines
1536 1514 1763 1585 perfecti
1811 1518 1939 1567 sunt
1970 1512 2023 1563 in

456 1614 692 1686 loquela,
722 1611 934 1666 minimi
976 1610 1029 1663 in
1068 1607 1404 1679 operatione.

527 1705 616 1760 57.
653 1702 765 1772 (26)
797 1703 981 1757 Abbas
1008 1698 1230 1755 Ptemen
1273 1698 1443 1752 dixit:
1483 1696 1636 1750 Sicut
1690 1694 1875 1748 fumus
1922 1708 2022 1747 ex-

456 1795 609 1865 pellit
640 1808 792 1862 apes,
824 1799 1065 1860 tuncque
1086 1788 1288 1858 opilicii
1317 1802 1504 1842 earum
1528 1786 1737 1839 tollitur
1759 1783 2025 1838 dulcedo:

2128 502 2287 567 Θεοῦ,
2318 502 2411 556 καὶ
2460 501 2633 572 πέτρα
2679 499 3047 570 ἁντιδέρουσα.
3092 499 3215 551 Ἐὰν
3263 493 3352 550 οὖν
3400 496 3699 568 καταλείψῃ

2128 594 2259 646 αὐτὸ
2301 592 2601 662 ἅνθρωπος,
2642 591 2788 660 λέγει
2831 592 2924 644 καὶ
2961 592 3142 654 αὐτὸς,
3177 592 3276 644 Ἐν
3312 589 3390 655 τῷ
3431 588 3552 654 Θεῷ
3576 605 3701 656 μου

2129 684 2539 754 ὑπερϐήσομαι
2566 684 2781 754 τεῖχος.
2821 684 2947 738 Ἐὰν
2971 679 3061 737 οὖν
3086 683 3146 736 τὸ
3169 682 3437 753 δικαίωμα
3474 683 3700 757 συνέλθῃ

2129 778 2205 848 τῷ
2235 778 2518 849 θελήματι,
2555 776 2799 848 κάμνειὸ
2821 776 3124 847 ἄνθρωπος.
3235 763 3237 765 ’

2200 866 2292 921 νε’.
2333 863 2471 922 Εῖπε
2503 864 2685 931 πάλιν,
2715 868 2797 920 ὅτι
2834 866 3228 935 Καθεζομένων
3258 864 3385 916 ποτέ
3432 865 3702 935 γερόντων

2131 961 2225 1014 καλ⁵
2251 959 2557 1021 ἐσθιόντων,
2594 959 2777 1012 ἵστατο
2825 957 3110 1030 ὑπηρετῶν
3129 959 3157 1009 6
3187 956 3358 1020 ἁϐϐἄς
3403 955 3653 1022 Ἀλώνιος
3685 974 3700 986 ⁸

2132 1051 2225 1103 καὶ
2280 1049 2476 1114 ἰδόντες
2520 1050 2681 1104 αὑτὸν
2727 1048 3018 1120 ἐπῄνεσαν.
3054 1048 3111 1101 Ὁ
3142 1048 3198 1101 δὲ
3252 1048 3313 1100 τὸ
3360 1047 3575 1100 σύνολον
3604 1048 3705 1103 οὐκ

2131 1141 2425 1213 ἀπεκρίθη.
2458 1143 2620 1209 Λέγει
2670 1137 2762 1194 οὖν
2792 1140 2939 1210 αύτῷ
2969 1158 3050 1204 τις
3080 1139 3200 1193 κατ’
3228 1140 3359 1193 ἰδίαν
3385 1157 3397 1168 ·
3422 1139 3572 1194 Atat-ﬁ
3604 1140 3705 1195 οὐκ

2132 1230 2434 1303 ἀπεκρίθης
2462 1233 2574 1294 τοῖς
2598 1232 2849 1302 γέρουσιν
2885 1229 3163 1283 ἐπαινοῦσί
3192 1247 3249 1282 σε
3274 1245 3288 1294 ;
3315 1229 3475 1297 Λέγει
3504 1230 3652 1299 αὐτῷ
3674 1229 3703 1282 6

2133 1323 2305 1387 ἁϐϐᾶς
2348 1321 2630 1385 Ἀλώνιος·
2662 1323 2724 1375 Εἰ
2745 1322 3048 1394 ἀπεκρίθην
3082 1323 3282 1387 αὐτοῖς,
3316 1321 3701 1393 εὑρίσκομαιθί

2131 1415 2205 1477 ῶς
2237 1413 2667 1484 καταδεξάμενος
2703 1414 2792 1467 τὸν
2815 1414 3054 1468 ἔπαινον.

2203 1512 2312 1570 νς⁹.
2353 1500 2487 1559 Εἷπε
2508 1505 2688 1571 πάλιν,
2713 1506 2791 1559 ὅτι
2823 1507 2885 1559 Οἱ
2910 1506 3182 1577 ἄνθρωποι
3202 1506 3260 1558 ὲν
3296 1504 3374 1577 τῷ
3401 1505 3592 1577 τελείῳ
3610 1506 3707 1559 λα·-

2133 1595 2304 1661 λοῢσι,
2339 1597 2432 1649 καὶ
2454 1598 2510 1650 ἐν
2536 1597 2612 1668 τῷ
2635 1597 2898 1667 ἐλαχίστῳ
2924 1596 3262 1668 ἐργάζονται.

2203 1688 2301 1753 νζπ
2340 1684 2505 1742 Εἶπεν
2537 1690 2566 1742 6
2596 1688 2768 1753 ἁϐϐᾶς
2804 1689 3034 1761 Ποιμὴν,
3062 1691 3144 1743 ὃτι
3181 1691 3389 1762 Ὥσπερ
3427 1693 3455 1743 6
3503 1687 3708 1751 καπνὸς

2128 1780 2378 1836 ἐκδιώκει
2414 1782 2513 1845 τὰς
2539 1782 2798 1854 μελίσσας
2818 1824 2832 1847 ,
2865 1783 2958 1836 καὶ
2990 1782 3109 1836 τότε
3151 1783 3361 1854 αἴρεται
3405 1783 3507 1853 τῆς
3539 1785 3707 1854 ἐργα-

458 1856 534 1939 ita
560 1892 614 1939 et
645 1883 950 1953 corporalis
974 1881 1130 1951 quies
1155 1879 1407 1932 timorem
1440 1876 1530 1931 Dei
1559 1877 1706 1944 ejicit
1732 1891 1797 1931 ex
1821 1875 2024 1939 anima,

2137 1873 2253 1937 σίας
2273 1872 2450 1927 αὐτῶν
2544 1872 2817 1944 γλυκύτης
2843 1892 2856 1905 ·
2893 1873 3062 1937 οὕτως
3089 1875 3181 1927 καὶ
3211 1876 3243 1943 ή
3278 1877 3562 1945 σωματικὴ
3579 1874 3710 1927 ἀνά-

459 1985 822 2046 cunctamque
861 1974 984 2046 ejus
1019 1972 1392 2043 operationem
1425 1968 1713 2037 dissolvit.

531 2152 621 2207 58.
669 2149 782 2217 (27)
835 2147 1027 2203 Frater
1089 2142 1347 2199 convenit
1411 2140 1660 2196 abbatem
1715 2136 2028 2191 Poemenem
2130 2146 2133 2147 '

460 2243 702 2302 secunda
749 2237 1195 2311 Quadragesimae
1247 2232 1626 2297 hebdomada;
1665 2245 1899 2299 cumque
1937 2229 2031 2283 de-

459 2334 688 2389 texisset
722 2332 957 2401 cogitata
997 2343 1118 2391 sua,
1155 2337 1210 2382 et
1242 2324 1485 2395 requiem
1537 2321 1860 2385 invenisset,
1910 2321 2026 2374 ait:

460 2424 604 2482 Pene
650 2424 856 2480 detinui
889 2436 974 2476 me
1024 2436 1091 2474 ne
1122 2419 1229 2474 huc
1257 2417 1499 2472 venirem
1549 2413 1729 2468 hodie.
1782 2412 1927 2467 Dixit
1979 2411 2028 2466 ei

459 2534 660 2575 senex:
714 2515 873 2571 Cur?
921 2513 988 2568 Et
1034 2513 1240 2567 frater:
1288 2508 1556 2579 Reputavi
1611 2521 1743 2562 num
1808 2515 2031 2576 propter

460 2608 942 2679 Quadragesimam
988 2604 1121 2658 mihi
1157 2618 1264 2657 non
1300 2601 1625 2671 aperiretur.
1664 2596 1820 2653 Tunc
1861 2597 2031 2653 abbas

461 2702 692 2758 Ptemen
732 2720 746 2756 :
787 2699 920 2763 Nos,
982 2697 1180 2767 inquit,
1235 2712 1343 2749 non
1397 2692 1691 2749 didicimus
1725 2692 1926 2746 ostium
1961 2690 2031 2744 li-

462 2811 658 2866 gneum
698 2794 972 2854 claudere,
1004 2789 1100 2844 sed
1122 2789 1305 2859 potius
1336 2786 1533 2857 lingum
1565 2784 1815 2855 januam.

531 2975 618 3030 59.
651 2971 763 3043 (9.8)
789 2968 999 3025 Monuit
1031 2968 1195 3023 etiam
1238 2965 1406 3019 abbas
1459 2961 1681 3018 Poemeu
1709 2980 1723 3015 :
1756 2959 2032 3031 Fugienda

462 3077 594 3122 sunt
624 3078 908 3135 corporea.
943 3059 1175 3127 Quando
1204 3058 1349 3112 enim
1382 3057 1548 3111 homo
1585 3069 1757 3126 prope
1781 3060 1868 3109 est
1909 3067 2035 3107 eor-

463 3156 706 3228 poralem
762 3149 1251 3222 impugnationem,
1315 3146 1654 3201 assimilatttr
1709 3143 1824 3197 viro
1877 3144 2031 3211 juxta

465 3252 643 3304 lacum
682 3244 1172 3318 profundissimam
1195 3240 1382 3303 stanti,
1408 3252 1570 3308 quem
1602 3236 1857 3290 inimicus
1888 3236 2030 3306 ejus,

464 3354 793 3414 quacunque
855 3337 992 3391 hora
1038 3335 1218 3390 visum
1255 3329 1450 3393 fuerit,
1491 3327 1650 3382 facile
1697 3327 1918 3397 dejiciet
1970 3342 2032 3381 ac

467 3441 771 3508 immerget.
806 3433 964 3501 Quod
995 3432 1041 3488 si
1072 3446 1102 3484 a
1124 3427 1404 3499 corporeis
1428 3426 1593 3481 rebus
1624 3422 1812 3494 procul
1846 3419 2031 3483 fuerit,

467 3529 661 3585 similis
689 3536 774 3585 est
806 3528 926 3582 viro
952 3524 1048 3595 qui
1079 3522 1241 3592 longe
1288 3521 1449 3576 abest
1481 3534 1512 3572 a
1541 3518 1661 3571 lacn
1688 3533 1703 3583 ;
1736 3523 1797 3568 ut
1840 3527 2035 3583 quam-

468 3623 551 3676 vis
582 3620 811 3676 traxerit
843 3633 965 3674 cum
1003 3616 1181 3672 hostis
1217 3614 1283 3669 ad
1320 3612 1705 3683 praecipitium,
1738 3608 1866 3663 dum
1916 3615 2034 3660 tra-

469 3713 551 3767 hit
580 3727 644 3766 ac
675 3713 782 3764 vim
816 3709 999 3776 infert,
1025 3707 1172 3764 Deus
1207 3705 1388 3759 mittat
1426 3704 1477 3758 ei
1512 3700 1798 3757 auxilium.

539 3804 627 3861 60.
672 3803 783 3875 (29)
845 3802 988 3857 Dixit
1034 3801 1274 3856 iterum:
1337 3797 1671 3865 Paupertas,
1717 3790 2033 3855 tribulatio,

470 3895 743 3966 angustia,
771 3893 1065 3964 jejunium,
1129 3891 1246 3945 haec
1299 3887 1580 3944 suntvita:
1637 3883 1897 3939 solitaria:
1954 3880 2037 3933 in-

470 3996 794 4047 strumenta.
827 3985 1104 4054 Scriptum
1132 3991 1215 4038 est
1244 3982 1391 4037 enim
1420 3999 1433 4034 :
1479 3978 1539 4033 Si
1597 3977 1795 4048 fuerint
1843 3984 1945 4028 tres
1983 3972 2037 4026 hi

470 4081 594 4142 viri.
625 4077 761 4141 Noe,
796 4076 899 4132 Job
940 4084 990 4131 et
1016 4073 1229 4138 Daniel,
1269 4071 1381 4127 υἱυο
1406 4068 1667 4140 ego,dicit
1692 4066 1949 4122 Dominus
1967 4066 2035 4117 ⁸³.

472 4173 584 4230 Noe
614 4186 905 4244 personam
955 4184 1020 4224 ac
1054 4167 1281 4238 ﬁguram
1333 4165 1475 4236 gerit
1523 4161 1855 4218 voluntaria:
1906 4173 2040 4227 pau-

473 4265 745 4338 pertatis;
783 4262 909 4324 Job,
945 4259 1206 4323 laboris;
1266 4256 1492 4319 Daniel,
1554 4252 1925 4309 discretionis.
1983 4247 2041 4301 Si

473 4373 605 4429 ergo
633 4358 686 4412 hi.
716 4365 829 4413 tres
862 4364 1018 4410 actus
1047 4354 1103 4407 in
1139 4352 1360 4406 homine
1392 4346 1730 4409 exstiterint,
1780 4344 2041 4399 Dominus

476 4450 684 4505 habitat
715 4450 770 4502 in
804 4462 890 4501 eo.

2131 1982 2331 2029 παυσις
2352 1966 2601 2019 ἐκδιώκει
2634 1966 2727 2018 τὸν
2760 1965 2921 2034 φόϐον
2953 1965 3047 2018 τοῦ
3091 1965 3226 2018 Θεοῦ
3256 1964 3364 2019 ἀπὸ
3389 1966 3485 2035 τῆς
3506 1964 3706 2034 ψυχῆς,

2134 2056 2226 2109 καὶ
2250 2056 2472 2110 ἀπολύει
2506 2058 2677 2126 αὐτῆς
2722 2058 2901 2109 πᾶσαν
2931 2056 3029 2126 τὴν
3059 2057 3104 2087 ⁸³
3138 2056 3425 2126 ἐργασίαν.

2203 2156 2302 2219 νην.
2357 2150 2605 2218 Ἀδελερὸς
2636 2150 2911 2221 παρέϐαλε
2955 2149 3032 2221 τῷ
3067 2150 3209 2221 ἀϐϐᾷ
3254 2149 3478 2216 Ποιμένι
3506 2149 3586 2211 εἰς
3610 2149 3711 2211 τὰς

2129 2240 2221 2295 δύο
2256 2241 2554 2311 ἑϐδομάδας
2580 2246 2678 2311 τῆς
2701 2242 3172 2315 Τεσσαρακοστῆς,
3203 2243 3294 2295 καὶ
3331 2241 3555 2306 ἐξειπὼν
3582 2241 3710 2303 τοὺς

2129 2332 2423 2403 λογισμοὺς
2469 2334 2654 2401 αὑτοῦ,
2698 2336 2790 2388 καὶ
2836 2333 3011 2404 τυχὼν
3046 2332 3715 2399 ἀναπαύσεως,λέγειαῦ-

2130 2423 2237 2496 τῷ·
2266 2425 2421 2497 Παρὰ
2463 2425 2636 2498 βραχὺ
2669 2425 3004 2496 κατεσχέθην
3038 2423 3439 2497 παραγενέσθαι
3481 2417 3583 2476 ὧδε
3611 2424 3717 2493 σή-

2131 2506 2320 2589 μερον.
2362 2517 2523 2586 Λέγει
2562 2518 2708 2588 αὐτῴ
2740 2520 2769 2571 ὀ
2802 2518 2980 2589 γέρων
3009 2533 3023 2548 ’
3066 2516 3254 2582 Διατίς
3291 2516 3453 2584 Λέγει
3485 2516 3514 2568 6
3557 2514 3719 2568 ἀδελ-

2132 2610 2230 2679 φός
2252 2627 2265 2639 ·
2291 2607 2456 2663 Εἶπον
2505 2610 2574 2674 ⁸⁵,
2623 2610 2833 2679 μήποτε
2865 2608 2954 2661 διὰ
2999 2607 3096 2678 τὴν
3130 2605 3584 2678 Τεσσαρακοστὴν
3614 2606 3721 2660 οὐκ

2132 2701 2404 2769 ἀνοίγεταί
2434 2719 2542 2772 μοι.
2586 2702 2748 2770 Λέγει
2794 2701 2990 2772 αὐτῷό
3015 2701 3188 2766 ἀϐϐἄς
3229 2703 3441 2773 Ποιμήν
3469 2718 3483 2733 ο
3524 2701 3721 2773 Ἡμεῖς

2133 2794 2231 2845 οὐκ
2252 2792 2527 2863 ἐμάθομεν
2562 2792 2763 2845 κλείειν
2799 2793 2897 2862 τὴν
2929 2792 3145 2864 ξυλίνην
3185 2792 3374 2865 θύραν,
3411 2792 3551 2846 ἀλλὰ
3580 2793 3721 2864 μᾶλ-

2133 2882 2223 2936 λον
2246 2885 2346 2955 τὴν
2380 2883 2479 2953 τῆς
2510 2883 2760 2953 γλώσσης
2783 2883 2971 2954 θύραν.

2203 2977 2301 3030 νϐ’.
2333 2973 2465 3030 Eine
2510 2978 2671 3030 πάλιν
2711 2979 2739 3029 6
2767 2977 2941 3041 ἁϐϐᾶς
2990 2980 3226 3048 Ποιμήν⁶
3253 2978 3481 3047 Φεύγειν
3521 2978 3604 3031 δεῖ
3646 2978 3722 3031 τὰ

2136 3069 2441 3140 σωματικά.
2463 3069 2630 3123 Ὅταν
2658 3069 2766 3139 γὰρ
2792 3064 2845 3122 εἴ
2863 3070 2995 3140 (51⁸)
3019 3070 3300 3142 ἄνθρωπος
3315 3071 3481 3138 ἐγγὺς
3501 3069 3593 3122 τοῦ
3612 3087 3721 3122 σω-

2060 3192 2103 3248 C
2138 3161 2366 3232 ματικοῦ
2400 3161 2658 3232 πολέμου,
2694 3162 2867 3216 ἔοικεν
2898 3163 3053 3234 ἀνδρὶ
3086 3164 3336 3234 στήκοντι
3369 3161 3552 3216 ἐπάνω
3578 3161 3718 3215 λάκ-

2142 3271 2233 3306 κου
2266 3253 2561 3323 βαθυτάτου
2583 3271 2596 3284 ο
2631 3254 2725 3307 κα)⁴
2748 3253 2867 3307 οἵαν
2900 3253 2945 3307 δ’
2983 3254 3050 3309 ἂν
3091 3255 3239 3326 ὥραν
3270 3255 3395 3327 δόξῃ
3424 3255 3500 3327 τῷ
3540 3254 3720 3326 ἐχθρῷ

2136 3344 2321 3407 αὐτοῦ,
2352 3344 2588 3407 εὐκόλως
2614 3344 2774 3398 αὐτὸν
2814 3345 2995 3416 ῥίπτει
3025 3345 3194 3400 κάτω.
3240 3346 3364 3400 Ἐὰν
3390 3347 3446 3400 δέ
3479 3364 3725 3419 σωματι-

2134 3434 2246 3488 κῶν
2282 3434 2496 3505 μακρὰν
2534 3431 2590 3509 ᾖ,
2626 3434 2800 3488 Ξοικεν
2847 3435 3002 3505 ἀνδρὶ
3051 3437 3268 3507 μακρὰν
3313 3436 3573 3507 ἀπέχοντι
3622 3437 3724 3491 τοῦ

2134 3527 2357 3589 λάκκου,
2396 3528 2482 3580 ἵνα
2516 3527 2617 3582 κᾶν
2643 3527 2775 3599 ἕλκῃ
2806 3527 2967 3581 αὐτὸν
2990 3529 3018 3580 ὁ
3044 3528 3234 3598 ἐχθρὸς
3263 3528 3441 3599 βαλεῖν
3469 3528 3640 3594 κάτω,
3666 3532 3729 3584 ἐν

2135 3621 2246 3691 ὅσῳ
2283 3620 2445 3673 αὐτὸν
2465 3620 2615 3674 ἕλκει
2636 3621 2729 3674 καὶ
2761 3620 3028 3691 βιάζεται,
3055 3623 3083 3674 6
3107 3621 3239 3686 Θεὸς
3273 3622 3588 3676 ἀποστέλλει
3619 3623 3731 3677 αὐ-

2136 3712 2217 3785 τῷ
2255 3712 2529 3784 βοήθειαν.

2207 3802 2270 3870 ξ’.
2313 3799 2448 3856 Εἷπε
2495 3803 2682 3857 πάλιν·
2713 3805 2777 3857 Ἥ
2809 3803 2967 3858 πενία
3013 3804 3108 3858 καὶ
3147 3806 3180 3875 ἡ
3213 3803 3391 3874 θλίψις
3420 3806 3515 3859 καὶ
3544 3806 3577 3866 ἡ
3607 3821 3731 3860 στε-

2138 3895 2375 3967 νοχωρία
2401 3895 2496 3949 καὶ
2531 3898 2564 3966 ἠ
2606 3895 2847 3966 νηστεία,
2873 3895 3049 3950 ταῦτὰ
3087 3899 3192 3950 εἱσι
3223 3897 3291 3952 τὰ
3338 3899 3595 3967 ἐργαλεῖα
3623 3898 3727 3952 τοῦ

2143 3985 2409 4056 μονήρους
2460 3984 2599 4053 βίου.
2641 3985 2949 4057 Γέγραπται
3001 3985 3132 4058 γὰρ,
3181 3987 3264 4040 ὅτι
3306 3986 3445 4041 Ἐὰν
3473 3983 3625 4042 ὦσιν
3670 3992 3730 4045 οι

2140 4077 2298 4145 τρεῖς
2332 4072 2497 4132 οὗτοι
2545 4075 2777 4144 ἄνδρες,
2823 4076 2987 4142 Νῶε,
3038 4076 3174 4131 Ἰὼϐ
3212 4079 3315 4133 καὶ
3367 4079 3616 4148 Δανιὴλ,
3649 4080 3730 4143 ζῶ

2139 4169 2272 4241 ἐγὼ,
2301 4167 2463 4239 λέγει
2502 4169 2736 4237 Κύριος.
2758 4167 2881 4220 Νῶε
2916 4167 3207 4240 πρόσωπόν
3259 4171 3376 4222 ἐστι
3409 4170 3507 4241 τῆς
3544 4171 3726 4244 ἁκτη-

2144 4260 2402 4333 μοσύνης,
2446 4258 2566 4313 Ἰὼϐ
2589 4259 2645 4313 δὲ
2664 4260 2754 4313 τοῦ
2798 4260 2984 4325 πόνου,
3018 4260 3114 4314 καὶ
3146 4261 3343 4332 Δανιὴλ
3374 4263 3471 4331 τῆς
3504 4263 3729 4334 διακρί-

2142 4370 2298 4416 σεως.
2338 4350 2464 4405 Ἐὰν
2496 4347 2588 4403 οὖν
2635 4344 2767 4404 ὦσιν
2803 4353 2858 4404 αἱ
2897 4355 3047 4424 τρεῖς
3087 4345 3245 4406 αὗται
3291 4352 3517 4425 πράξεις
3557 4355 3618 4409 ἐν
3644 4357 3728 4429 τῷ

2141 4440 2432 4513 ἀνθρώπῳ,
2462 4443 2490 4493 ὁ
2518 4439 2719 4512 Κύριος
2739 4443 2879 4495 οἰκεῖ
2904 4443 2961 4494 ἐν
2999 4441 3166 4513 αὐτῷ.

545 4541 636 4595 οι.
667 4540 780 4610 (⁸50)
801 4537 1010 4593 Retulit
1048 4533 1220 4589 abbas
1251 4529 1453 4598 Joseph
1478 4546 1492 4582 :
1519 4524 1848 4583 Sedenlibus
1881 4525 2034 4581 nobis

2215 4531 2315 4600 ξα’.
2342 4532 2565 4601 Ἔλεγεν
2590 4536 2617 4586 ὁ
2636 4532 2809 4597 ἁϐὀᾶς
2848 4533 3067 4605 Ἰωσὴφ,
3089 4535 3170 4587 ὅτι
3198 4533 3535 4606 Καθημένων
3562 4535 3729 4606 ἡμῶν

476 4649 598 4688 eum
615 4631 809 4687 abbate
831 4628 1106 4691 Ptemene,
1125 4638 1320 4677 nomen
1342 4620 1553 4675 abbatis
1576 4619 1845 4689 Agathoni
1871 4620 2040 4674 dedit.

479 4725 723 4779 Dicimus
760 4720 851 4775 ei:
890 4717 1091 4773 Junior
1135 4723 1242 4779 est,
1296 4726 1467 4783 quare
1504 4727 1627 4766 eum
1668 4725 1830 4766 vocas
1880 4712 2045 4767 abba-

481 4814 632 4870 tem?
664 4810 967 4881 Respondit
1002 4808 1172 4862 abbas
1204 4806 1424 4860 l’temen
1454 4819 1469 4858 :
1504 4799 1641 4868 Quia
1676 4817 1740 4858 os
1773 4804 1893 4875 ejus
1919 4802 2047 4861 fecit

477 4920 603 4962 eum
629 4903 882 4958 abbatem
916 4899 1198 4971 appellari.

547 5085 637 5142 62.
669 5081 784 5155 (5i)
820 5078 979 5134 Venit
1011 5077 1306 5147 aliquando
1337 5076 1404 5132 ad
1435 5078 1690 5132 abbatem
1733 5076 2042 5133 Poemenem

485 5178 674 5240 frater,
707 5185 761 5229 et
797 5174 873 5226 ait
911 5172 985 5225 illi
1019 5187 1034 5223 :
1077 5169 1215 5235 Quid
1251 5185 1429 5240 agam,
1460 5169 1639 5235 Pater,
1679 5170 1808 5239 quia
1851 5184 1880 5223 a
1932 5169 2042 5225 for-

554 5334 599 5366 ”
641 5331 783 5384 Psal.
808 5344 940 5383 xvu.
968 5328 1056 5382 50.
1134 5327 1176 5358 ⁸¹
1208 5325 1402 5381 Ezecb.
1432 5342 1544 5390 xlv,
1573 5325 1664 5390 14,
1689 5324 1781 5381 20.
1853 5325 1901 5359 ⁸¹
1929 5324 2018 5380 Al.

2137 5325 2419 5397 ρισκόμην.
2493 5327 2539 5359 ⁸³
2560 5328 2646 5383 Al.
2676 5329 2906 5403 ἀγαθήν.

577 5467 668 5537 25)
704 5449 807 5537 Yit.
840 5461 995 5537 Patr.
1026 5479 1115 5529 xv,
1151 5461 1225 5537 ὅθ
1240 5478 1255 5526 ;
1286 5460 1509 5516 Doroth.
1544 5460 1730 5515 Doctr.
1753 5460 1807 5516 5.

580 5533 671 5601 25)
702 5536 807 5589 Vit.
838 5534 990 5589 Patr.
1019 5551 1134 5595 vm,
1167 5533 1253 5587 14.

562 5605 674 5738 ἓξὲξ
706 5604 813 5726 iii“
836 5605 994 5727 ἷξέἔέῑ·
1020 5604 1206 5728 23.δέ

564 5680 673 5739 (27)
709 5680 811 5726 Vit.
836 5680 990 5727 Patr.
1022 5690 1140 5738 xtu,
1171 5680 1225 5727 5.

566 5742 676 5812 (28)
707 5742 811 5795 Vit.
836 5742 992 5797 Patr.
1019 5759 1071 5809 χ,
1106 5744 1159 5807 1,
1193 5744 1277 5809 12,
1311 5742 1363 5797 Μ
1374 5742 1546 5799 imit.
1579 5738 1741 5798 Voss.
1764 5755 1820 5812 p.
1852 5740 1976 5798 £52.

2149 4625 2288 4696 μετὰ
2315 4624 2408 4677 τοῦ
2438 4623 2584 4678 ἁϐϐἄ
2614 4624 2895 4696 Ποιμένος,
2934 4625 3182 4695 ὠνόμασε
3221 4627 3311 4680 τὸν
3344 4628 3516 4681 ἀϐϐᾶν
3561 4628 3729 4697 Ἀγά-

2148 4714 2310 4768 θωνα.
2358 4715 2470 4769 Καὶ
2510 4715 2740 4786 λέγομεν
2776 4716 2958 4787 αὐτῷ’
2983 4716 3264 4788 Νεώτερός
3288 4719 3426 4781 ἐστι,
3449 4721 3543 4772 καὶ
3579 4719 3728 4773 διατί

2148 4805 2333 4867 καλεῖς
2377 4804 2538 4859 αὐτὸν
2593 4805 2806 4869 ἁϐϐἄν;
2848 4806 2956 4860 Καὶ
2997 4802 3147 4860 εἶπεν
3187 4808 3216 4860 ό
3257 4807 3431 4869 ἀϐϐἄς
3469 4808 3721 4881 Ποιμήν·

2150 4893 2280 4948 Ὅτι
2315 4895 2377 4948 τδ
2420 4895 2593 4967 στόμα
2634 4896 2799 4950 αὐτοῦ
2830 4897 3084 4969 ἐποίησεν
3126 4899 3286 4952 αὑτὸν
3317 4899 3598 4955 καλεῖσθαι
3626 4902 3727 4955 ἀϐ-

2149 4986 2273 5043 δᾶν.

2220 5052 2320 5150 ep".
2355 5075 2526 5134 Ἦλθε
2555 5098 2682 5135 ποτε
2721 5081 2944 5151 ἀδελφὸς
2984 5084 3119 5155 πρὸς
3138 5084 3228 5138 τὸν
3260 5084 3432 5140 ἀϐϐἄν
3455 5087 3722 5158 notam.

2149 5172 2245 5226 καὶ
2267 5170 2411 5241 λέγει
2439 5172 2586 5244 αὐτῷ
2607 5185 2621 5200 '
2654 5172 2718 5227 Τί
2741 5175 2972 5244 ποιήσω,
2998 5176 3199 5250 Πάτερ,
3221 5178 3303 5232 ὄτι
3333 5178 3585 5250 θλίϐομαι
3612 5177 3725 5234 ἀπὸ

3014 5333 3059 5364 ⁸⁴
3089 5333 3172 5385 ΔΙ.
3227 5331 3510 5388 ὑπέλαϐον.

2247 5464 2340 5530 29)
2382 5463 2488 5518 Vit.
2511 5463 2662 5520 Patr.
2693 5481 2732 5531 1,
2758 5466 2846 5525 14.

2247 5534 2336 5604 so)
2368 5532 2473 5604 va.
2495 5532 2647 5590 Patr.
2678 5552 2769 5599 xv,
2806 5537 2894 5593 ιο.

2225 5603 2351 5675 (51)
2373 5603 2480 5675 V_it.
2506 5604 2659 5663 Patr.
2685 5623 2719 5661 v
2766 5607 2800 5662 9

2227 5673 2364 5746 (διδ)
2397 5673 2537 5746 Lege
2569 5679 2625 5747 ᾔ.
