4032 6334
468 509 576 565 339

1633 505 1977 572 APPENDIX
2008 504 2101 561 AD
2136 505 2552 583 PALLADIUM.

3610 509 3719 563 διο

469 626 718 689 muliere,
750 627 878 682 nolo
913 625 1260 682 introducere
1307 640 1429 679 eum
1464 625 1518 679 in
1575 624 1769 680 cellam
1812 640 1987 681 meam
2022 641 2038 691 ;

2148 622 2283 678 θέλω
2330 624 2660 693 εἰσενεγκεῖν
2692 624 2853 679 αὑτὸν
2887 627 2966 689 εἰς
3010 625 3072 679 τὸ
3113 625 3322 680 κελλίον
3359 643 3459 695 μου
3491 643 3503 654 ·
3534 626 3626 678 ἐὰν
3658 627 3719 678 δὲ

472 718 565 776 sed
605 720 652 774 si
688 718 875 774 videro
898 720 1101 773 bonum
1136 716 1381 782 fratrem,
1437 732 1563 772 cum
1614 732 1681 771 co
1717 718 1872 773 laetus
1914 732 2033 787 ago.

470 808 612 863 Dicit
639 810 686 864 ei
721 824 882 864 senex
912 827 926 863 :
955 809 1011 862 Si
1046 808 1189 863 bono
1226 806 1379 862 fratri
1413 808 1538 863 boni
1586 824 1774 880 parum
1807 809 2033 871 feceris,

467 900 689 969 duplum
726 898 891 953 facito
937 899 1135 966 alteri;
1166 907 1251 955 est
1293 900 1438 955 enim
1492 900 1765 955 infirmus.
1818 900 2038 956 Scilicet

465 1000 585 1046 erat
614 991 836 1061 quidam
871 992 924 1044 in
963 991 1216 1047 caanobio
1261 993 1481 1049 nomine
1525 991 1847 1048 Timotheus
1903 1008 2038 1048 ana-

468 1086 729 1146 choreta;
786 1093 841 1138 et
894 1084 1103 1139 audivit
1157 1086 1395 1140 caenobii
1450 1086 1779 1155 prmpositus
1835 1083 2035 1137 famam

466 1174 699 1243 alicujus
730 1175 914 1231 fratris
942 1175 1009 1230 de
1044 1176 1363 1236 tentatione.
1389 1190 1453 1229 ac
1488 1176 1557 1231 de
1592 1190 1658 1230 eo
1691 1180 2037 1244 percontatus

463 1277 549 1322 est
583 1268 924 1322 Timotheum
946 1307 962 1332 ,
1019 1269 1113 1338 qui
1147 1268 1436 1323 consilium
1459 1268 1609 1324 dedit
1650 1275 1709 1323 ut
1741 1267 2038 1337 expelleret

464 1358 711 1422 fratrem.
737 1358 873 1415 Cum
913 1375 1044 1431 ergo
1063 1361 1337 1429 ejecisset.
1375 1359 1602 1415 tentatio
1644 1359 1831 1414 fratris
1869 1375 2033 1428 supra

465 1447 813 1503 Timotheum
849 1449 1024 1520 posita
1043 1460 1147 1511 est,
1174 1448 1310 1503 adeo
1334 1458 1392 1502 ut
1424 1448 1843 1520 periclitaretur.
1864 1446 2036 1502 Flevit

463 1555 596 1611 ergo
633 1538 954 1597 Timotheus
981 1556 1167 1596 coram
1195 1540 1326 1605 Deo,
1353 1540 1575 1597 dicens:
1607 1539 1855 1606 Peccavi,
1882 1541 2038 1610 igno-

464 1647 558 1687 sce
587 1631 745 1696 mihi.
804 1632 872 1688 Et
918 1632 1096 1688 delata
1155 1636 1220 1688 ad
1254 1649 1378 1688 eum
1441 1642 1525 1689 est
1561 1632 1840 1703 ejusmodi.
1882 1647 2033 1688 vox:

464 1723 773 1790 Timothee,
806 1743 876 1785 ne
899 1727 1183 1783 existimes
1213 1744 1300 1782 me
1351 1728 1423 1784 ob
1464 1728 1624 1782 aliain
1668 1742 1886 1784 causam
1930 1728 2034 1784 ista

463 1817 562 1875 tibi
591 1816 806 1876 fecisse.
844 1835 1009 1889 quam
1039 1821 1166 1897 quia
1202 1819 1500 1890 despexisti
1533 1820 1755 1876 fratrem
1790 1827 1943 1875 tuum
1978 1821 2035 1876 in

465 1920 709 1979 tempore
738 1912 1058 1968 tentationis
1096 1927 1226 1970 sum.

2142 718 2236 772 ῐδω
2263 717 2447 783 καλὸν,
2476 718 2653 790 χαίρω
2692 720 2808 789 μετ’
2833 719 3020 773 αὐτοῦ.
3044 720 3210 788 Λέγει
3239 719 3390 788 αὑτῷ
3445 722 3474 772 6
3501 719 3678 789 γέρων
3699 736 3714 750 ο

2138 811 2203 865 Ei
2238 814 2411 876 ποιεῖς
2443 811 2520 883 τῷ
2562 811 2711 883 καλῷ
2754 812 2966 884 ἀδελφῷ
3002 813 3197 884 μικρὸν
3236 812 3469 881 ἀγαθὸν,
3496 811 3720 868 διπλοῦν

2139 903 2364 974 ποίησον
2400 903 2518 975 μετ’
2554 903 2785 959 ἐκείνου.
2821 899 2988 966 Οὗτος
3026 903 3134 975 γάρ
3185 904 3334 955 ἐστιν
3378 905 3407 956 6
3451 901 3715 960 ἀσθενῶν.

2136 990 2245 1048 Ἦν
2266 996 2375 1066 γάρ
2400 1012 2485 1059 τις
2510 995 2567 1048 ἐν
2596 993 2841 1066 κοινοὸἱῳ
2875 994 3095 1065 ὀνόματι
3127 993 3391 1063 Τιμόθεος
3425 996 3719 1065 ἀναγωρη-

2137 1087 2271 1155 τής·
2312 1087 2406 1140 καὶ
2451 1087 2685 1157 ἤκουσεν
2731 1087 2759 1138 6
2807 1085 3107 1157 ἡγούμενος
3159 1086 3347 1156 φήμην
3396 1085 3521 1156 περέ
3571 1102 3719 1146 τινος

2136 1176 2368 1245 ἀδελφοῦ
2397 1178 2527 1248 περὶ
2558 1177 2888 1248 πειρασμοῦ,
2930 1176 3026 1231 καὶ
3054 1176 3376 1248 ἐπηρώτησε
3423 1176 3511 1229 τὸν
3545 1175 3717 1245 Τιμά-

2137 1269 2257 1324 θεον
2291 1267 2423 1338 περὶ
2453 1265 2614 1320 αὐτοῦ
2635 1283 2650 1298 ο
2681 1268 2774 1323 καὶ
2813 1266 3229 1321 συνεϐούλευσεν
3266 1265 3436 1337 αὐτῷ,
3464 1266 3719 1323 ἐκϐαλεῖν

2135 1359 2226 1414 τὸν
2247 1360 2491 1428 ἀδελφόν.
2520 1360 2646 1413 Ὅτε
2670 1354 2762 1412 οὖν
2795 1358 3047 1425 ἐξέϐαλεν
3076 1358 3257 1419 αὐτὸν,
3288 1357 3445 1428 ἐτέθη
3468 1357 3497 1409 6
3523 1374 3721 1429 πειραη

2137 1451 2274 1522 σμὸς
2305 1450 2399 1504 τοῦ
2430 1450 2660 1520 ἀδελφοῦ
2689 1451 2874 1509 ἐπάνω
2903 1450 2998 1504 τοῦ
3044 1448 3330 1520 Τιμοθέου,
3358 1450 3463 1514 ἓως
3486 1444 3547 1503 οὗ
3578 1452 3720 1508 ἐκιν-

2135 1542 2406 1599 δύνευσεν.
2439 1542 2694 1596 Ἔκλαιεν
2727 1537 2821 1597 οὖν
2843 1544 2872 1596 6
2901 1542 3163 1613 Τιμόθεος
3186 1541 3414 1599 ἐνώπιον
3431 1541 3524 1595 τοῦ
3550 1541 3711 1608 Θεοῦ,

2134 1634 2307 1704 λέγων
2328 1652 2341 1665 ·
2373 1634 2723 1706 Ἠμάρτηκα,
2759 1632 3110 1706 συγχώρησον
3144 1650 3254 1706 μοι.
3281 1633 3391 1686 Καὶ
3415 1629 3579 1704 ἦλθεν
3610 1632 3710 1686 αὒ-

2133 1723 2213 1795 τῷ
2260 1724 2412 1796 φωνὴ
2455 1724 2719 1793 λέγουσα’
2750 1724 3000 1792 Τιμόθεε,
3049 1724 3124 1796 μὴ
3173 1724 3399 1796 νομίσῃς
3422 1724 3503 1777 ὅτι
3536 1722 3716 1781 ταῦτα

2134 1816 2369 1888 ἐποίησά
2422 1834 2507 1873 σοι
2544 1818 2610 1871 δι’
2638 1816 2766 1873 ἀλλο
2793 1834 2883 1880 τι,
2911 1816 2944 1888 ἢ
2973 1817 3054 1871 ὅτι
3085 1816 3335 1888 παρεῖδες
3361 1816 3453 1869 τὸν
3488 1814 3716 1883 ἀδελφόν

2137 1925 2232 1962 σου
2262 1911 2319 1962 ἐν
2339 1907 2515 1981 καιρῷ
2546 1908 2640 1962 τοῦ
2660 1907 2970 1979 πειρασμοῦ
2996 1907 3184 1961 αὐτοῦ.

535 2002 622 2055 71.
655 2001 768 2072 ('59)
797 2000 943 2059 Dixit
980 2001 1151 2057 abbas
1179 2001 1436 2057 Poemen:
1473 2000 1766 2072 Propterea
1799 2010 1880 2056 tot
1910 2010 2031 2056 tan-

2204 2001 2300 2050 oa'.
2335 1991 2499 2049 Εἶπεν
2524 1996 2554 2047 ὁ
2582 1996 2758 2060 άϐϐάς
2783 1998 3013 2068 Ποιμὴν,
3043 1998 3125 2049 ὅτι
3144 1994 3243 2048 Διά
3272 1995 3430 2049 τοῦτο
3449 1997 3507 2049 ὲν
3527 1996 3717 2050 τοσού-

463 2091 646 2162 tisque
675 2092 1030 2162 subjacemus
1061 2093 1480 2158 tentationibus,
1516 2093 1646 2165 quia
1684 2094 1903 2149 nomina
1934 2107 2034 2147 no-

463 2193 576 2239 stra
603 2191 657 2239 et
690 2185 939 2240 ordinem
971 2201 1078 2241 non
1124 2201 1444 2245 servamus:
1480 2186 1935 2256 quemadmodum
1980 2193 2035 2239 et

465 2277 752 2349 Scriptura
780 2276 962 2335 docet.
1000 2278 1195 2346 Nonne
1244 2280 1526 2336 cernimus
1569 2279 1852 2335 mulierem
1884 2279 2036 2333 illam

460 2369 851 2439 Chanantcam,
879 2388 1002 2443 qua:
1036 2371 1257 2426 admisit
1284 2386 1481 2425 ιιοιιιριι
1511 2386 1669 2427 suum
1697 2389 1712 2436 ;
1743 2382 1799 2425 et
1843 2370 2034 2425 Salva-

462 2471 552 2536 tor
594 2465 781 2536 requie
831 2464 980 2518 illam
1035 2463 1261 2520 donavit
1278 2464 1370 2516 “1'
1407 2462 1623 2521 Rursus
1667 2463 1736 2520 de
1783 2464 2036 2534 Abigam;

463 2556 592 2627 quia
618 2555 758 2610 dixit
789 2555 979 2611 Davidi
1007 2576 1021 2612 :
1050 2555 1116 2611 In
1150 2574 1230 2611 me
1254 2563 1333 2612 est
1350 2564 1621 2625 peccatum
1640 2557 1686 2590 ⁶¹⁹
1709 2573 1724 2623 ;
1756 2557 2038 2612 exaudivit

462 2663 607 2708 eam.
634 2647 827 2703 dilexit
857 2662 1000 2702 eam.
1039 2648 1259 2719 Abigam
1287 2664 1574 2718 personam
1607 2648 1774 2703 sumit
1805 2650 2036 2712 animae,

430 2737 635 2794 “David
676 2739 1012 2794 Divinitatis.
1065 2738 1122 2794 Si
1178 2755 1311 2810 ergo
1365 2739 1550 2793 anima
1601 2755 1660 2793 se
1694 2740 2039 2796 accusaret-it

467 2848 651 2886 coram
684 2829 930 2896 Domino,
964 2830 1140 2901 diligit
1168 2846 1288 2885 eam
1321 2829 1604 2886 Dominus.

540 2922 627 2978 72.
659 2922 773 2992 (40)
806 2920 1103 2977 Transibat
1141 2922 1440 2992 aliquando
1469 2921 1641 2977 abbas
1666 2919 1887 2978 Paemen
1910 2935 2035 2976 cum

468 3010 664 3068 abbate
691 3013 851 3067 Anub
876 3011 929 3065 in
958 3012 1209 3082 partibus
1250 3010 1418 3066 Diolci
1447 3029 1462 3076 ;
1489 3020 1545 3065 et
1574 3010 1855 3066 venientes
1886 3012 2036 3065 circa

469 3105 746 3175 sepulcra,
797 3105 1149 3174 conspiciunt
1180 3104 1463 3159 mulierem
1498 3103 1740 3173 graviter
1777 3104 2036 3174 plangen-

471 3208 605 3263 tem,
642 3208 699 3254 et
728 3197 947 3253 ﬂentem
975 3208 1205 3263 annare;
1238 3194 1403 3267 atque
1456 3204 1665 3253 stantes
1722 3197 2038 3251 considera-

468 3289 601 3345 bant
630 3305 774 3346 eam.
805 3289 1036 3344 Paulum
1078 3304 1208 3344 vero
1245 3286 1546 3359 progressi,
1576 3286 1793 3342 cuidam
1846 3302 2039 3341 occur-

470 3391 700 3455 rerum;
751 3392 916 3454 quem
974 3381 1330 3450 interrogavit
1384 3379 1558 3434 abbas
1614 3377 1860 3442 Plumea,
1909 3378 2040 3449 quid

472 3472 700 3529 haberet
733 3489 794 3528 ea
827 3474 1046 3538 inulier,
1069 3471 1216 3543 quod
1236 3482 1422 3526 amare
1449 3471 1709 3542 ploraret.
1739 3468 2042 3540 Respondit

471 3564 603 3635 ille:
643 3565 782 3633 Quia
810 3574 1064 3621 mertuus
1085 3571 1170 3620 est
1200 3563 1431 3618 maritus
1469 3562 1590 3633 ejus
1612 3605 1627 3630 ,
1660 3572 1714 3619 et
1769 3564 1933 3628 filius,
1988 3569 2044 3617 et

472 3656 666 3712 frater.
699 3657 854 3713 Tunc
880 3656 1167 3728 excipiens
1198 3655 1368 3711 abbas
1412 3654 1633 3711 Ptemen
1682 3656 1820 3710 dixit
1860 3656 2042 3710 abbati

470 3746 672 3804 Anub:
698 3746 802 3799 Aio
839 3746 961 3813 tibi,
1006 3746 1114 3801 nisi
1163 3746 1326 3808 homo
1357 3756 1584 3801 cunctas
1613 3746 1797 3800 carnis
1849 3746 2045 3798 volun-

472 3849 617 3898 tates
657 3852 906 3899 mortuas
953 3841 1280 3906 reddiderit,
1325 3843 1577 3910 huncque
1623 3840 1924 3895 obtinuerit
1961 3840 2044 3894 lu-

473 3940 643 3996 ctum,
671 3948 780 3987 non
813 3940 994 4005 potest
1026 3932 1143 3987 fieri
1176 3933 1502 3988 monachus.
1529 3929 1668 3987 Tota
1697 3932 1844 3988 enim
1878 3932 2045 4003 hujus

475 4022 724 4085 mulieris
752 4023 866 4078 vita
898 4031 953 4080 et
980 4039 1136 4080 mens
1169 4024 1225 4079 in
1248 4025 1399 4079 luctu
1426 4031 1531 4079 est.

543 4115 632 4193 75.
664 4115 776 4186 (4-!)
806 4115 951 4171 Dixit
978 4118 1149 4175 abbas
1177 4115 1400 4173 P-mmen
1429 4135 1443 4171 :
1475 4115 1553 4172 Ne
1584 4116 1824 4172 metiaris
1854 4123 2046 4172 temet-

474 4210 680 4281 ipsum,
711 4210 809 4265 scd
847 4208 1067 4267 adhaere
1099 4211 1303 4266 homini
1335 4211 1496 4281 cujus
1524 4212 1876 4266 conversatio
1901 4210 2045 4265 bona

474 4287 580 4355 est.

547 4391 634 4447 76.
682 4391 815 4447 item
879 4394 1089 4457 retulit,
1143 4393 1289 4463 quod
1340 4393 1387 4447 si
1439 4393 1565 4464 quis
1604 4392 1772 4447 lratcr
1823 4390 2050 4449 adiisset

478 4483 730 4562 abbatem
758 4482 1029 4538 Joannem
1052 4492 1293 4545 curtum,
1323 4484 1572 4540 tradebat
1604 4485 1652 4540 ei
1688 4485 1776 4541 ille
1812 4484 2050 4538 charita—

479 4585 611 4649 teni,
653 4575 722 4630 de
780 4592 888 4646 qua
936 4575 1081 4647 apud
1136 4576 1458 4645 Apostolum
1507 4575 1741 4647 legitur:
1798 4574 2047 4631 Charitas

477 4666 681 4747 patiens
706 4677 805 4731 est,
840 4665 1063 4747 benigna
1085 4677 1165 4721 est
1193 4667 1263 4720 θ’,

548 4758 639 4817 75.
664 4757 874 4815 Retulit
903 4744 1101 4817 iterum
1136 4760 1284 4816 circa
1316 4761 1564 4817 abbatem
1589 4759 1815 4825 Pantho,
1845 4761 2050 4819 dixisse

478 4848 548 4919 de
578 4867 646 4907 eo
682 4851 934 4908 abbatem
969 4853 1267 4908 Antonium
1296 4872 1310 4908 :
1343 4852 1446 4908 Per
1479 4853 1731 4910 timorem
1775 4853 1871 4909 Dei
1920 4853 2050 4911 elle-

481 4945 558 5009 cit
585 4951 641 4999 ut
673 4943 911 5025 Spiritus
936 4943 1029 5000 Dei
1058 4946 1112 5000 in
1140 4959 1205 5000 eo
1233 4944 1525 5001 habitaret.

554 5022 784 5107 76.012)
831 5037 1089 5093 Narravit
1114 5059 1146 5096 υ
1192 5040 1447 5097 Patribus
1478 5040 1701 5111 quidam
1751 5039 1820 5095 de
1853 5037 2048 5094 abbate

483 5135 738 5214 Pantene
760 5140 816 5188 et
844 5132 1107 5188 fratribus
1144 5133 1286 5203 ejus,
1324 5134 1471 5205 quod
1495 5133 1550 5188 in
1583 5131 1821 5204 Egypto
1849 5132 2054 5187 habita-

483 5232 639 5287 bant,
684 5234 740 5280 et
791 5231 969 5279 mater
1030 5239 1221 5279 eorum
1286 5226 1612 5282 desiderans
1669 5223 1855 5296 videre
1902 5224 2048 5286 illos,

482 5329 830 5395 nequaquam
865 5323 1099 5411 poterat.
1135 5317 1460 5395 Qbservavit
1497 5325 1677 5372 autem
1708 5333 1833 5372 cum
1885 5315 2050 5388 proli»

479 5409 825 5475 ciscerentur
859 5406 927 5483 ad
965 5408 1279 5491 ecclesiam,
1313 5416 1367 5485 et
1396 5409 1642 5485 occurrit
1677 5409 1780 5479 eis.
1821 5407 1903 5473 llli
1966 5406 2048 5462 vi-

2132 2101 2246 2149 τοις
2274 2087 2596 2156 πειρασμοῖς
2616 2084 2866 2156 κείμεθα,
2879 2086 2961 2138 ὅτι
2976 2085 3044 2138 τά
3058 2084 3297 2155 ὀνόματα
3320 2083 3474 2155 ἡμῶν
3503 2086 3597 2143 καὶ
3615 2085 3717 2157 τὴν

2131 2175 2284 2244 τάξιν
2305 2177 2365 2229 οὐ
2391 2176 2733 2247 φυλάσσομεν
2757 2218 2771 2241 ,
2801 2174 2981 2241 καθὼς
3013 2175 3106 2230 καὶ
3132 2177 3166 2247 ἡ
3199 2175 3388 2247 Γραφὴ
3407 2175 3570 2245 λέγει.
3599 2177 3717 2251 Οὐχ

2130 2269 2346 2340 ὁρῶμεν
2371 2269 2468 2341 τὴν
2489 2271 2721 2338 γυναῖκα
2737 2268 2836 2341 τὴν
2852 2268 3180 2333 Χαναναίαν,
3197 2269 3295 2337 τὴν
3313 2267 3715 2337 ὑποδεξαμένην

2133 2363 2194 2416 τὸ
2219 2363 2388 2432 ὄνομα
2411 2362 2602 2433 αὐτῆς,
2626 2362 2709 2414 ὅτι
2730 2360 3035 2418 ἀνέπαυσεν
3057 2360 3224 2433 αὐτὴν
3246 2363 3274 2420 6
3296 2361 3481 2431 Σωτήρ
3501 2376 3516 2424 ;
3540 2360 3715 2413 Πάλιν

2146 2456 2460 2525 ⁶Α6ιγαία·ι,
2505 2456 2588 2508 ὅτι
2631 2450 2750 2507 εἷπε
2793 2453 2871 2525 τῷ
2907 2454 3093 2520 Δαόὶδ,
3135 2455 3217 2508 ὅτι
3266 2455 3363 2511 Ἐν
3385 2453 3514 2523 ἐμοί
3542 2452 3721 2509 ἐστιν

2135 2550 2175 2619 ἠ
2208 2549 2491 2619 ἁμαρτία,
2540 2547 2638 2602 καὶ
2679 2546 2907 2621 ἤκουσεν
2939 2548 3127 2619 αὐτῆς,
3158 2548 3252 2600 καὶ
3292 2546 3577 2616 ἠγάπησεν
3618 2545 3723 2597 αὑ-

2133 2648 2252 2713 τήν.
2293 2641 2542 2710 Ἀϐιγαῖα
2582 2643 2872 2714 πρόσωπον
2918 2640 3180 2710 λαμϐάνει
3233 2637 3333 2710 τῆς
3375 2637 3586 2709 ψυχῆς,
3621 2638 3723 2695 καὶ

2134 2734 2296 2788 Δασιδ
2325 2735 2424 2805 τῆς
2464 2734 2748 2805 Θεότητος.
2788 2733 2912 2787 Ἐἀν
2939 2728 3092 2804 οὗνὴ
3138 2732 3284 2803 ψυχὴ
3326 2731 3525 2802 ἑαυτὴν
3575 2731 3724 2802 μέμ-

2135 2826 2303 2896 ψηται
2332 2825 2560 2879 ἐνώπιον
2596 2827 2822 2896 Κυρίου,
2859 2826 3048 2897 ἀγαπᾷ
3076 2825 3247 2896 αὐτὴν
3272 2826 3302 2878 6
3325 2823 3549 2896 Κύριος.

2205 2919 2303 2990 οβ’.
2328 2920 2647 2993 Παρήρχετό
2668 2937 2795 2974 ποτε
2829 2922 2858 2975 6
2886 2919 3058 2982 ἀϐὂᾶς
3085 2920 3294 2990 Ποιμήν
3324 2918 3461 2990 μετὰ
3482 2916 3579 2970 τοῦ
3609 2917 3712 2971 ἀσ-

2138 3017 2210 3071 σᾶ
2264 3017 2454 3071 Ἀνοὺὸ
2507 3018 2587 3081 εἰς
2616 3016 2685 3071 τὰ
2732 3016 2871 3089 μέρη
2899 3016 2999 3087 τῆς
3034 3015 3253 3071 meum
3287 3032 3304 3047 ο
3339 3014 3435 3072 καὶ
3471 3012 3723 3078 ἐλθόντες

2139 3110 2267 3183 περὶ
2309 3109 2378 3163 τὰ
2419 3112 2659 3181 μνημεῖα
2720 3109 2985 3181 θεωροῦσι
3023 3110 3256 3178 γυναῖκα
3286 3106 3477 3171 δεινῶς
3516 3121 3721 3159 κοπτο-

2144 3201 2313 3272 μένην
2350 3201 2444 3253 καὶ
2470 3199 2760 3253 κλαίουσαν
2780 3199 2992 3269 πικρῶς
3009 3215 3023 3230 ·
3046 3198 3143 3253 καὶ
3177 3198 3400 3261 στάντες
3428 3194 3721 3251 κατενόουν

2142 3293 2331 3363 αὑτήν.
2376 3292 2588 3362 Μικρὸν
2636 3291 2694 3345 δὲ
2729 3291 3029 3362 προϐάντες
3069 3288 3409 3361 συνήντησαν
3442 3303 3583 3343 τινι·
3619 3288 3723 3340 καὶ

2139 3384 2422 3455 ἠρώτησεν
2455 3383 2618 3436 αὑτὸν
2655 3386 2683 3436 6
2711 3383 2885 3445 ἀεὸἄς
2919 3382 3129 3453 Ποιμὴν
3149 3422 3164 3444 ,
3194 3381 3368 3451 λέγων
3397 3397 3412 3413 θ
3443 3379 3507 3432 Τί
3542 3379 3655 3449 ἔχει
3684 3381 3728 3452 ἡ

2141 3475 2277 3548 γυνὴ
2301 3477 2461 3549 αὕτη,
2490 3478 2570 3531 ὄτι
2599 3475 2806 3548 πικρῶς
2832 3476 3044 3541 κλαίεις
3074 3476 3184 3529 Καὶ
3219 3475 3368 3542 λέγει
3396 3472 3565 3544 αὐτῷ·
3590 3473 3731 3531 Ὀτι

2142 3568 2408 3624 ἀπέθανεν
2437 3570 2607 3639 αὐτῆς
2641 3571 2670 3623 6
2707 3569 2845 3641 ἀνὴρ
2865 3570 2960 3623 καὶ
2978 3571 3007 3623 6
3029 3568 3142 3631 υἱὸς
3161 3568 3256 3621 καὶ
3281 3569 3310 3620 6
3336 3565 3585 3636 ἀδελφός.
3608 3566 3735 3621 Καὶ

2143 3660 2461 3734 ἀποκριθεὶς
2495 3662 2525 3715 6
2552 3660 2725 3725 ἀὸὁᾶς
2760 3659 2989 3731 Ποιμὴν,
3018 3659 3166 3728 λέγει
3194 3658 3274 3730 τῷ
3312 3657 3457 3729 ἀῦὁᾷ
3493 3655 3693 3712 ’Δνοιζὸ
3720 3675 3733 3688 ·

2143 3755 2301 3823 Λέγω
2334 3771 2438 3816 σοι,
2459 3754 2541 3808 ὅτι
2557 3752 2840 3825 ἄνθρωπος
2865 3753 2959 3807 ἐὰν
2988 3753 3061 3823 μὴ
3084 3749 3334 3823 νεκρὼσῃ
3354 3749 3423 3804 τὰ
3442 3749 3737 3819 θελήματα

2142 3849 2243 3919 τῆς
2269 3847 2473 3920 σαρκὸς
2493 3846 2695 3910 πάντα,
2729 3846 2824 3901 καὶ
2858 3847 3129 3916 κτήσηται
3153 3844 3213 3896 τὸ
3234 3842 3428 3906 πένθος
3451 3840 3629 3906 τοῦτο,
3660 3844 3735 3895 οὐ

2143 3940 2364 4002 δύναται
2390 3939 2645 4010 γενέσθαι
2672 3938 2920 4009 μοναχός.
2941 3938 3103 4001 ’Ὀλος
3126 3936 3235 4009 γὰρ
3253 3939 3282 3991 6
3306 3936 3418 4006 βίος
3436 3935 3607 4006 αὐτῆς
3628 3936 3739 3990 καὶ

2144 4035 2173 4091 ὁ
2203 4032 2329 4096 νοῦς
2372 4034 2453 4096 είς
2479 4031 2541 4084 τὸ
2572 4030 2764 4094 πένθος
2799 4030 2963 4085 ἐστίν.

2214 4125 2316 4194 ογ’.
2348 4121 2515 4178 Εἶπεν
2548 4124 2576 4178 6
2623 4122 2799 4186 ἀὸὄᾶς
2832 4122 3044 4192 Ποιμήν
3067 4141 3082 4154 ·
3109 4121 3202 4194 Μὴ
3246 4121 3434 4194 μέτρει
3474 4119 3734 4188 σεαυτὸν,

2147 4217 2284 4272 ἀλλὰ
2317 4217 2608 4288 κολλήθητι
2627 4215 2704 4289 τῷ
2731 4217 2912 4281 καλῶς
2941 4213 3418 4287 ἀναστρεφομένῳ.

2218 4396 2307 4450 οδν.
2339 4393 2472 4449 Εἷπε
2498 4395 2677 4459 πάλιν,
2710 4396 2792 4448 ὅτι
2814 4393 2908 4448 ἑάν
2934 4392 3240 4466 παρέϐαλεν
3270 4392 3497 4462 ἀδελφὸς
3523 4391 3603 4463 τῷ
3629 4392 3742 4446 ἀϐ-

2152 4488 2224 4560 6ᾷ
2257 4487 2479 4560 Ἰωάννῃ
2510 4486 2589 4558 τῷ
2626 4485 2854 4557 κολοόῷ,
2884 4485 3159 4557 παρεδίδει
3201 4484 3350 4555 αὐτῷ
3375 4484 3475 4554 τὴν
3509 4483 3744 4554 ἀγάπην

2148 4583 2250 4653 τὴν
2275 4583 2331 4639 ὲν
2350 4579 2428 4651 τῷ
2458 4579 2781 4650 Ἀποστόλῳο
2819 4579 2892 4632 Ἦ
2945 4576 3146 4648 ἀγάπη
3169 4574 3556 4646 μακροθυμεῖ⁹
3584 4591 3745 4645 χρη-

2079 4679 2126 4734 D
2152 4676 2450 4731 στεύεται.

2225 4768 2318 4823 σε’.
2349 4762 2486 4821 Eius
2532 4765 2693 4820 πάλιν
2736 4761 2824 4821 διά
2858 4762 2951 4828 τὸν
2994 4760 3168 4815 ἀὸϐἄν
3213 4756 3442 4830 Παμϐὼ,
3475 4758 3558 4811 ὅτι
3609 4752 3745 4812 εἷπε

2156 4863 2286 4933 περὶ
2314 4856 2478 4914 αὐτοῦ
2510 4857 2540 4909 6
2566 4855 2740 4919 assa;
2780 4851 3082 4916 Ἀντώνιος,
3109 4852 3192 4904 ὅτι
3233 4851 3298 4903 ὲκ
3323 4848 3418 4903 τοῦ
3449 4846 3747 4917 φοϐεῖσθαι

2153 4947 2245 5001 τὸν
2272 4946 2406 5001 Θεὸν
2432 4943 2653 5015 ἐποίησε
2677 4942 2739 4996 τὸ
2766 4941 2988 5012 Πνεῦμα
3012 4939 3106 4993 τοῦ
3120 4938 3256 4992 Θεοῦ
3287 4940 3449 4993 οἰκεῖν
3480 4939 3538 4991 ὲν
3559 4937 3743 5009 αὐτῷ.

2224 5044 2332 5103 οςν.
2368 5034 2678 5109 Διηγήσατό
2724 5051 2807 5096 τις
2834 5032 2941 5093 τῶν
2986 5031 3246 5102 Πατέρων
3292 5029 3417 5099 περὶ
3458 5026 3551 5081 τοῦ
3586 5027 3749 5082 assa

2152 5130 2418 5201 Ποιμένος
2447 5129 2541 5188 καὶ
2564 5126 2673 5189 τῶν
2715 5124 2957 5195 ἀδελφῶν
2990 5122 3190 5187 αὐτοῦ,
3217 5122 3301 5177 ὃτι
3325 5120 3500 5193 ᾤκουν
3538 5120 3597 5172 ἐν
3640 5119 3746 5175 Αι-

2150 5223 2344 5293 γύπτῳ
2368 5221 2477 5290 (45)
2493 5237 2508 5252 ο
2535 5221 2628 5273 καὶ
2652 5216 3040 5289 ὲπιθυμοῦσαή
3062 5220 3243 5287 μήτηρ
3271 5214 3449 5268 αὐτῶν
3472 5213 3601 5265 ἰδεῖν
3631 5213 3711 5265 αὑ
3727 5241 3746 5253 -

2149 5308 2277 5379 τοὺς
2317 5292 2453 5371 ῖοὺκί
2479 5310 2731 5382 ἠδύνατο.
2796 5308 3227 5380 Παρετηρήσατο
3257 5304 3315 5360 δὲ
3339 5301 3747 5374 ἀπερχομένων

2151 5406 2332 5460 αὐτῶν
2365 5406 2445 5468 εἱς
2484 5402 2816 5472 ἐκκλησίαν,
2843 5399 2937 5454 καὶ
2975 5400 3288 5469 ἀπήντησεν
3327 5397 3530 5459 αὐτοῖς.
3573 5395 3638 5449 Οἱ
3679 5393 3747 5448 δὲ

549 5569 599 5602 ⁸⁸
637 5567 826 5627 Matth.
866 5585 956 5636 xv.
1008 5570 1098 5629 27.
1182 5568 1278 5632 ’ἰ
1326 5568 1459 5643 Reg.
1501 5586 1627 5639 xxv,
1824 5569 1873 5615 ’ἓ
1900 5567 2068 5627 lCor.
2104 5583 2227 5634 xm,
2262 5566 2315 5637 4.

700 5725 999 5802 gliscebant.
1037 5728 1199 5785 Voss.
1230 5747 1285 5802 ρ.
1311 5730 1431 5790 Ηᾶ.

557 5793 673 5923 μθ)
710 5793 813 5876 Vit.
848 5798 999 5850 Patr.
1027 5815 1108 5862 ιιι,
1139 5793 1247 5861 li.’
1279 5796 1285 5807 ’

581 5862 671 5923 ιιι
710 5865 813 5921 Vit.
846 5866 997 5919 Patr.
1029 5885 1117 5923 xv.
1139 5870 1231 5923 35.

581 5862 671 5939 ξε)
710 5865 813 5939 [ξι.
846 5866 997 5939 ζων.
1029 5870 1231 5939 “.55,

560 5932 672 6003 (ιλ)
711 5933 813 5989 Vit.
840 5932 995 5988 Patr.
1027 5954 1098 6002 tv,
1126 5932 1214 5992 35.

2237 5726 2351 5795 (43)
2382 5728 2506 5801 ξ’ρτιΔ
2529 5725 2728 5801 ᾤκουν
2751 5726 2821 5801 έν
2838 5720 3299 5801 Αλγύπτφ.]ἱιρ
3329 5717 3569 5801 Ιξξιιιτιιηὲ

2166 5783 2395 5919 :tonqul
2417 5783 2716 5855 habitarent
2747 5796 2801 5851 in
2838 5783 3092 5884 beypto.
3143 5790 3206 5865 Et
3245 5790 3320 5846 ita
3356 5787 3496 5851 liber
3526 5783 3743 5842 Fossa-

2186 5882 2355 5921 ensni.
