4032 6334
434 360 541 420 διδ

1602 371 1941 427 ᾹΡΡΕΝΒΙΧ
1980 370 2073 426 AD
2112 373 2528 433 PALLADIUM.

3564 386 3673 442 5H-

502 481 590 534 87.
635 480 825 536 Frater
870 484 1182 539 sciscitatus
1226 498 1310 539 es:
1360 493 1608 539 ammem
1661 484 1988 547 Pteinenem,

2165 487 2271 553 σεῖ’.
2316 492 2566 563 Ἀδελφδς
2591 491 2837 563 ἠρώτησε
2870 493 2958 546 τὸν
2985 494 3155 547 ἀϐϐἄν
3181 496 3436 564 Ποιμὲνα.
3466 500 3674 568 λέγων·

432 574 666 629 dicens:
712 575 992 631 Bonumne
1041 583 1128 630 est
1174 573 1368 628 orare?
1400 574 1712 645 Retulilque
1744 577 1792 632 ei
1831 591 1997 646 senex

433 665 756 721 sententiam
815 666 973 722 istam
1018 666 1228 720 abbatis
1277 666 1500 720 Antonii
1548 668 1719 723 :llaec
1778 685 1878 723 vox
1930 684 1996 724 ex

432 772 666 828 persona
683 757 889 813 Domini
909 759 1087 828 prodit
1109 776 1122 813 :
1150 759 1524 814 Exhortantiui
1536 761 1786 830 populum
1803 779 1994 829 meum,

432 848 558 905 dicit
581 848 857 915 Dominus,
885 849 1239 905 exhortamini
1255 852 1324 905 “.

502 941 591 994 88.
633 938 823 995 Frater
848 941 928 995 sic
958 941 1316 1010 interrogavit
1346 943 1597 999 abbatem
1637 941 1944 998 Punnenem
1978 962 1991 996 :

431 1030 685 1086 Potestne
709 1032 871 1086 homo
908 1035 1142 1089 retinere
1173 1049 1270 1091 seu
1303 1036 1579 1091 custodire
1614 1036 1867 1092 universa
1900 1051 1994 1089 co-

429 1123 619 1192 gitata,
654 1139 753 1178 nec
778 1125 948 1179 ullum
980 1142 1045 1182 ex
1074 1127 1141 1183 iis
1173 1127 1385 1183 tradere
1413 1126 1674 1182 inimico?
1695 1126 1997 1197 Respondit

428 1229 591 1273 senex
623 1231 638 1269 :
671 1213 765 1270 Est
789 1216 882 1285 qui
912 1217 1147 1286 accipiat
1176 1216 1386 1279 decem,
1418 1230 1484 1271 ac
1504 1231 1671 1270 unum
1707 1216 1817 1270 det.

496 1304 588 1360 89.
633 1303 777 1360 Idem
813 1306 982 1360 frater
1007 1307 1255 1362 eamdem
1300 1309 1657 1377 qua-stionem
1686 1305 1887 1361 detulit
1927 1306 1994 1359 ad

426 1395 678 1453 abbatem
718 1395 951 1452 Sisoem.
1002 1397 1069 1451 Et
1109 1399 1185 1452 ait
1230 1399 1309 1453 illi
1340 1418 1354 1452 :
1384 1398 1543 1454 Certe
1586 1407 1693 1464 est,
1730 1398 1824 1469 qui
1859 1397 1995 1453 nihil

424 1489 568 1543 hosti
604 1488 861 1559 praebeat.

493 1579 585 1634 90.
628 1581 740 1649 (46)
773 1581 1012 1652 Degebat
1041 1583 1098 1637 in
1127 1590 1313 1637 monte
1344 1582 1623 1639 Athlibeos
1652 1597 1859 1653 magnae
1885 1583 1997 1637 vir—

423 1671 559 1727 tutis
604 1672 826 1740 quidam
879 1677 1127 1738 eremlta,
1173 1674 1229 1729 in
1277 1690 1439 1743 quem
1500 1675 1779 1729 irruerunt
1821 1675 1994 1730 latro-

424 1779 522 1818 nes
557 1783 569 1818 :
604 1779 769 1819 senex
799 1780 925 1820 vero
951 1765 1228 1830 clamavit,
1272 1777 1323 1821 et
1346 1767 1633 1823 audientes
1665 1768 1828 1822 vicini
1871 1768 1993 1835 ejus

2099 581 2279 635 Καλὸν
2325 583 2385 636 τὸ
2416 583 2847 655 προσεύχεσθαι;
2896 587 3057 653 Λέγει
3096 587 3244 656 αὑτῴ
3286 590 3314 640 6
3358 588 3554 661 γέρων,
3588 590 3674 647 ὅτι

2098 670 2251 729 εἶπεν
2278 678 2306 729 6
2330 676 2505 742 ἀϐϐἄς
2526 676 2826 741 Ἀντώνιος,
2845 680 2927 732 ὅτι
2955 679 3014 731 Ἥ
3047 681 3195 749 φωνὴ
3224 680 3359 750 αὕτη
3384 683 3675 754 ἐκπορεύε-

2096 785 2187 820 ται
2239 769 2304 822 ἐκ
2362 770 2652 841 προσώπου
2698 770 2926 841 Κυρίου,
2979 771 3233 839 λέγουσα·
3268 775 3675 839 ﬂammate?“

2096 863 2204 913 τὸν
2230 862 2383 914 λαόν
2409 879 2547 930 μου,
2580 862 2742 931 λέγει
2774 863 3006 930 Κύριος,
3041 864 3453 931 παρακαλεῖτε.

2167 954 2278 1025 mf.
2307 955 2559 1022 Ἀδελφδς
2586 954 2835 1027 ἠρώτησε
2860 956 2950 1009 τὸν
2974 956 3146 1011 ἀϐϐἄν
3179 959 3441 1028 Ποιμένα,
3463 959 3670 1029 λέγων·

2096 1043 2329 1098 Δύναται
2362 1045 2645 1117 ἄνθρωπος
2684 1048 2973 1116 κατασχεῖν
3010 1047 3164 1109 ὅλους
3191 1046 3317 1110 τοὺς
3354 1048 3673 1119 λογισμοὺς,

2096 1138 2192 1191 καὶ
2225 1135 2427 1208 μηδένα
2460 1135 2519 1201 ἐξ
2546 1137 2722 1189 αὐτῶν
2749 1136 2947 1191 διδόναι
2973 1137 3050 1208 τῷ
3080 1137 3259 1209 ἐχθρῷ
3284 1158 3298 1205 ;
3329 1141 3438 1193 Καὶ
3470 1136 3623 1194 εἶπεν
3644 1144 3675 1195 6

2096 1230 2273 1299 γέρων
2300 1245 2312 1258 ’
2349 1230 2535 1282 Ἔστιν
2563 1229 2591 1280 6
2618 1230 2909 1300 λαμϐάνων
2933 1230 3086 1287 δέκα.
3125 1231 3216 1284 καὶ
3252 1231 3411 1285 διδῶν
3446 1232 3563 1289 ἕνα.

2167 1321 2276 1375 πο’.
2314 1322 2371 1374 'U
2396 1322 2559 1385 αὐτὸς
2580 1320 2807 1391 ἁδελφὸς
2833 1322 2921 1375 τὸν
2943 1322 3101 1375 αὑτὸν
3124 1323 3278 1391 λόγον
3299 1324 3555 1395 ἠρώτησε
3582 1327 3676 1379 τὸν

2096 1414 2269 1469 ἁϐϐᾶν
2294 1414 2509 1486 Σισόην.
2545 1415 2655 1468 Καὶ
2691 1415 2837 1484 λέγει
2880 1414 3060 1484 αὐτῷ·
3087 1416 3252 1469 Φύσει
3279 1416 3362 1471 ὅτι
3404 1418 3573 1482 ἐστὶν,
3614 1418 3677 1481 ὃς

2096 1507 2246 1560 οὐδὲν
2275 1505 2504 1578 παρέχει
2533 1506 2611 1577 τῷ
2642 1505 2842 1577 ἐχθρῷ.

2168 1606 2236 1668 ιε.
2269 1596 2376 1652 Ἦν
2403 1617 2489 1662 τις
2516 1601 2690 1669 μέγας
2710 1602 3024 1671 ἡσυχαστὴς
3047 1603 3104 1654 ἐν
3127 1601 3204 1672 τῷ
3237 1602 3352 1673 δρει
3379 1605 3477 1673 τῆς
3498 1603 3677 1656 Ἀθλί-

2096 1693 2235 1758 ϐεως
2255 1710 2268 1722 '
2299 1694 2392 1747 καὶ
2420 1691 2583 1764 ἦλθον
2617 1694 2800 1748 ἐπάνω
2825 1695 2988 1747 αὐτοῦ
3013 1694 3238 1765 λῃσταί·
3267 1698 3363 1750 καὶ
3391 1697 3619 1768 ἔκραξεν
3645 1698 3678 1752 6

2098 1787 2309 1857 γέρων·
2356 1786 2450 1838 καὶ
2504 1784 2836 1849 ἀκούσαντες
2878 1788 2927 1839 οἱ
2963 1787 3203 1855 γείτονες
3239 1787 3402 1842 αὑτοῦ
3440 1789 3679 1843 ἐπίασαν

423 1854 957 1925 comprehenderunt
993 1856 1165 1922 fures,
1207 1857 1589 1928 miseruntque
1627 1859 1865 1928 praesidi,
1900 1858 1993 1928 qui

2104 1834 2223 1940 έοίῖς
2256 1875 2480 1949 λῃστὰς,
2534 1877 2628 1930 καὶ
2673 1834 2921 1947 ἔπεμζζιαν
2958 1834 3155 1942 αὐτοὺς
3294 1880 3546 1950 ἡγεμόνι,
3581 1882 3678 1934 καὶ

425 1946 482 2003 in
512 1961 790 2003 carcerem
823 1962 917 2003 eos
940 1948 1196 2017 eonjecit,
1222 1947 1292 2003 At
1333 1948 1528 2006 fratres
1558 1951 1784 2005 tristitia
1814 1950 1995 2005 affecti

424 2046 575 2106 sunt,
624 2038 993 2111 dixeruntque
1038 2038 1312 2110 :Propter
1363 2057 1466 2099 nos
1506 2042 1692 2097 traditi
1754 2042 1992 2097 fuerunt.

426 2127 724 2201 Sui-gentes
763 2131 930 2201 igitur
975 2142 1337 2201 perrexerunt
1378 2133 1447 2188 ad
1494 2134 1742 2189 abbatem
1782 2135 1993 2189 Preme-

422 2237 570 2286 nem,
606 2238 828 2293 remque
859 2224 908 2280 ei
942 2226 1288 2283 nuntiarunt.
1320 2226 1506 2298 Itaque
1541 2227 1765 2298 scripsit
1811 2229 1872 2282 ad
1909 2244 1997 2283 sec

421 2328 569 2381 nem,
593 2316 644 2370 in
672 2317 786 2372 lucc
814 2319 979 2373 verba
1010 2337 1024 2377 :
1059 2321 1317 2391 Recogita
1350 2321 1577 2390 primam
1610 2320 1991 2390 proditionem,

423 2409 570 2465 unde
614 2411 929 2480 contigerit,
975 2420 1214 2482 tuncque
1267 2428 1464 2469 cernes
1512 2413 1835 2469 secundam.
1878 2413 1995 2470 Nisi

421 2502 567 2557 enim
589 2502 744 2572 prius
780 2502 1030 2573 proditus
1052 2504 1252 2560 fuisses
1277 2506 1419 2560 intra
1450 2514 1523 2568 te,
1555 2519 1663 2559 non
1697 2505 1994 2560 sei-undam

421 2594 785 2664 proditionem
807 2596 1202 2653 commisisses.
1223 2598 1338 2661 Ille,
1364 2607 1618 2669 percepta
1641 2598 1853 2652 abbatis
1873 2597 1996 2653 Poe-

422 2689 597 2743 menis
630 2688 887 2758 epistola,
937 2688 1078 2761 (erat
1117 2700 1297 2746 autem
1342 2693 1395 2745 in
1428 2700 1539 2744 tota
1584 2692 1807 2761 regione
1848 2693 1995 2745 cele—

422 2779 560 2840 bris,
603 2795 704 2834 nec
748 2782 932 2837 exibat
977 2799 1008 2837 e
1054 2783 1193 2836 cella
1248 2789 1368 2847 sua)
1418 2797 1721 2854 exsurgens
1753 2783 1900 2836 venit
1942 2783 1995 2836 in

423 2872 638 2937 urbem,
677 2872 921 2929 latrones
964 2875 1154 2929 eduxit
1198 2890 1229 2929 e
1262 2889 1507 2937 carcere,
1559 2889 1763 2943 eosque
1807 2890 1999 2943 propa-

423 2964 528 3018 lam
570 2963 841 3020 liberavit.
1478 2976 1483 2983 '

492 3055 580 3109 9|.
623 3053 735 3125 (47)
768 3054 911 3108 Dixit
943 3054 1113 3110 abbas
1141 3053 1359 3109 Pmmen
1389 3075 1403 3110 :
1438 3054 1738 3110 Monachus
1773 3071 1882 3108 non
1914 3064 1996 3108 est

2096 1968 2287 2023 ἔϐαλεν
2308 1968 2388 2031 εἰς
2418 1968 2684 2039 φυλακήν.
2716 1970 2825 2021 Καὶ
2853 1969 3199 2041 ἐλυπήθησαν
3232 1972 3282 2023 οἱ
3313 1971 3552 2041 ἀδελφοὶ,
3583 1974 3677 2025 λέ-

2095 2076 2303 2129 γοντες,
2333 2061 2414 2113 ὅτι
2453 2060 2528 2112 Δι’
2565 2061 2711 2130 ἡμᾶς
2753 2060 3149 2131 παρεδόθησαν.
3186 2062 3298 2115 Καὶ
3345 2064 3679 2127 ἀναστάντες

2096 2150 2334 2223 ἀπῆλθον
2370 2151 2504 2221 πρὸς
2553 2149 2644 2202 τὸν
2687 2148 2859 2203 assa»
2902 2151 3162 2221 Ποιμένα,
3203 2153 3299 2205 καὶ
3347 2154 3679 2226 ἁνήγγειΜν

2096 2241 2245 2312 αὐτῴ
2277 2242 2338 2294 τὸ
2369 2243 2621 2310 πρᾶγμα.
2654 2241 2765 2294 Καὶ
2801 2240 3005 2313 ἔγραψε
3035 2236 3171 2315 πρὸς
3194 2243 3284 2297 τὸν
3312 2243 3561 2315 γέροντα,
3589 2244 3681 2299 λέ-

2096 2353 2208 2403 γων
2229 2353 2242 2367 ο
2268 2335 2549 2403 Ἐννόησον
2572 2333 2669 2406 τὴν
2695 2333 2916 2406 πρώτην
2942 2336 3232 2406 προδοσίαν
3263 2339 3426 2392 πόθεν
3453 2339 3677 2408 γέγονε,

2097 2428 2194 2481 καὶ
2220 2427 2340 2481 τότε
2370 2426 2589 2497 βλέπεις
2614 2427 2711 2498 τὴν
2737 2426 3015 2499 δευτέραν.
3046 2428 3109 2480 Εἰ
3142 2429 3217 2499 μὴ
3244 2430 3353 2499 γὰρ
3378 2430 3680 2500 προεδόοης

2097 2520 2360 2592 πρότερον
2390 2521 2454 2572 ἐκ
2492 2518 2600 2571 τῶν
2636 2518 2858 2583 ἔσωθεν,
2888 2519 2989 2572 οὐκ
3020 2519 3083 2571 Ξιν
3134 2519 3227 2591 τὴν
3255 2520 3513 2590 δευτέραν
3543 2539 3682 2593 προ·-

2095 2612 2280 2667 δοσίαν
2334 2613 2619 2683 ἐποίησας.
2673 2612 2940 2677 Ἀκούσας
2994 2613 3051 2666 δὲ
3090 2613 3188 2683 τὴν
3238 2614 3525 2685 ἐπιστολὴν
3580 2612 3681 2668 τοῦ

2098 2704 2244 2758 esea
2264 2704 2531 2775 Ποιμένος
2576 2701 2663 2775 (ἦν
2683 2704 2739 2756 δὲ
2768 2704 3068 2774 ὀνομαστὸς
3096 2708 3177 2770 εἰς
3196 2707 3325 2776 ὅλην
3343 2708 3442 2777 τὴν
3471 2706 3681 2779 χώραν,

2096 2796 2294 2867 καὶμὴ
2329 2795 2681 2865 ἐξερχόμενος
2710 2797 2774 2848 ἐκ
2812 2794 2905 2848 τοῦ
2946 2796 3157 2850 κελλίου
3189 2797 3401 2865 αὐτοῦ),
3438 2798 3682 2862 ἀναστὰς

2095 2883 2259 2957 ἦλθεν
2289 2887 2370 2949 εἰς
2397 2885 2496 2955 τὴν
2529 2885 2701 2943 πόλιν,
2732 2887 2826 2939 καὶ
2847 2886 3071 2952 ἐξέϐαλε
3099 2888 3226 2949 τοὺς
3255 2885 3463 2958 λῃστὰς
3489 2888 3552 2941 ἐκ
3576 2889 3683 2959 τῆς

2098 2975 2365 3044 φυλακῆς,
2392 2976 2484 3027 καὶ
2516 2975 2750 3045 δημοσίᾳ
2778 2973 3150 3044 ἠλευθέρωσεν
3182 2974 3407 3038 αὐτούς.

2168 3065 2273 3132 ια’.
2314 3061 2476 3117 Εἶπεν
2521 3066 2549 3117 ὁ
2602 3062 2774 3127 assa;
2826 3064 3065 3134 Ποιμήν’
3102 3065 3215 3117 Οὐκ
3268 3063 3389 3116 ἔστι
3446 3063 3677 3132 μονςιχὺς

422 3147 708 3215 querulus,
765 3147 1070 3204 monachus
1124 3164 1231 3203 non
1281 3148 1410 3202 facit
1463 3148 1879 3202 retributionem
1941 3150 1997 3199 iu

2104 3154 2502 3226 μεμψίμοιρος·
2529 3155 2626 3206 οὐκ
2653 3152 2767 3206 ἔστι
2803 3152 3034 3223 μοναχδς
3081 3152 3249 3207 ποιῶν
3285 3150 3623 3219 ἁνταπόίομα
3653 3167 3666 3177 ·

424 3240 566 3303 malo
585 3257 607 3305 ;
647 3242 948 3298 monachus
978 3258 1085 3297 non
1120 3249 1203 3297 est
1239 3240 1560 3296 iracundus.

491 3331 582 3388 92.
628 3332 832 3390 Senum
868 3334 1117 3388 nonnulli
1152 3332 1219 3387 ad
1249 3332 1503 3388 abbatem
1531 3331 1839 3386 Poemenem
1882 3345 2000 3401 pro-

424 3424 552 3484 fecti
611 3425 873 3481 dixerunt
913 3427 1014 3482 ei:
1065 3424 1422 3496 Praecipisne,
1486 3432 1547 3478 ιιι
1609 3425 1657 3480 si
1702 3424 2001 3479 viderimus

423 3518 625 3579 fratres
673 3518 729 3571 in
785 3531 946 3573 sacro
1004 3516 1193 3571 Ollicio
1248 3518 1632 3582 dormitantes,
1682 3517 2001 3571 vellicemus

423 3623 542 3673 eos,
573 3622 683 3679 quo
712 3608 1022 3664 excitentur
1043 3609 1109 3663 ad
1136 3609 1421 3679 vigiliam?
1443 3610 1534 3664 llle
1566 3625 1692 3665 vero
1722 3609 1800 3663 ait
1831 3610 1997 3680 ipsis:

425 3700 538 3773 Ego
582 3701 831 3771 profecto
890 3717 1014 3757 cum
1057 3701 1280 3757 fratrem
1339 3703 1721 3758 dormitantem
1782 3705 2003 3774 conspi-

425 3793 535 3856 cio,
558 3799 728 3862 eaput
759 3793 881 3863 ejus
914 3808 1061 3864 pono
1091 3809 1258 3864 super
1289 3810 1465 3865 genua
1497 3811 1638 3856 mea,
1673 3797 1833 3867 eique
1870 3814 2002 3851 coii-

424 3884 554 3937 cilio
587 3884 853 3953 requiem.

497 3974 581 4031 95.
631 3976 744 4046 (48)
776 3975 1086 4032 Narrabant
1115 3978 1182 4033 de
1204 3979 1439 4047 quodam
1479 3979 1667 4047 fratre,
1696 3965 1840 4051 quod
1878 3991 2000 4037 ten-

424 4069 692 4125 tationem
743 4067 1099 4139 blasphemiae
1152 4078 1462 4140 pateretur,
1524 4085 1590 4125 ac
1650 4074 2002 4130 erubesceret

426 4161 610 4216 dicere
639 4180 652 4217 :
694 4161 783 4217 ubi
816 4176 949 4218 vero
976 4163 1219 4223 audisset
1251 4163 1433 4232 magni
1462 4164 1640 4219 meriti
1671 4179 1833 4221 senes
1854 4180 1998 4231 esse,

425 4254 711 4317 accederet
745 4252 812 4308 ad
842 4270 958 4319 eos,
995 4263 1053 4308 ut
1078 4254 1490 4322 manifestaret;
1521 4255 1617 4310 sed
1651 4272 1775 4310 cum
1807 4273 2001 4326 perve-

427 4351 623 4409 nisset,
657 4363 767 4402 non
792 4347 1017 4403 auderet
1043 4362 1153 4417 prae
1182 4349 1389 4419 pudore
1417 4348 1687 4404 confiteri.
1713 4347 1868 4419 Saepe
1902 4350 2002 4420 ἰείη

427 4450 519 4495 tur
574 4449 628 4496 et
688 4440 937 4495 abbatem
996 4438 1307 4494 Poemenem
1364 4438 1520 4494 adiit.
1582 4438 1759 4495 Senex
1816 4450 2000 4495 autem

2100 3247 2200 3299 οὐκ
2233 3244 2347 3298 ἔστι
2381 3245 2610 3316 μοναχδς
2638 3243 2872 3315 ὀργίλος.

2170 3337 2274 3408 ιβ’.
2310 3336 2623 3408 Παρέϐαλόν
2644 3334 2915 3398 τινες-τῶν
2931 3334 3200 3404 γερόντων
3225 3333 3358 3404 πρὸς
3381 3332 3471 3387 τὸν
3504 3329 3670 3384 ἁϐϐᾶν

2100 3430 2361 3501 Ποιμένα.
2394 3427 2488 3482 καὶ
2532 3423 2684 3480 εἶπον
2731 3424 2877 3496 αὑτῷ
2897 3446 2909 3457 -
2941 3425 3149 3490 Θέλεις,
3181 3425 3275 3477 ἐὰν
3319 3424 3518 3494 ἴδωμεν
3550 3424 3682 3486 τοὺς

2101 3521 2361 3590 ἀδελφοὺς
2393 3517 2756 3583 νυστάζοντας
2784 3521 2864 3581 εἰς
2896 3518 2994 3588 τὴν
3022 3516 3265 3582 σύναξιν,
3304 3513 3549 3584 νύξωμεν
3583 3513 3685 3566 αὺ-

2099 3615 2247 3678 τοὺς,
2282 3613 2369 3666 ἵνα
2398 3612 2747 3684 γρηγορῶσιν
2785 3613 2865 3674 εἰς
2896 3612 2995 3681 τὴν
3026 3609 3370 3679 ἁγρυπνίαν;
3416 3607 3474 3658 Ὁ
3506 3606 3563 3659 δέ
3589 3606 3686 3657 λέ-

2101 3723 2187 3775 γει
2214 3705 2394 3768 αὐτοῖς
2417 3723 2431 3736 ⁸
2466 3694 2610 3774 Ἐγὼ
2655 3703 2792 3766 τέως
2819 3703 2913 3756 ἐὰν
2942 3702 3036 3756 ῐδω
3081 3701 3171 3756 τὸν
3216 3699 3445 3769 ἀδελφὸν
3478 3699 3685 3752 νυστά-

2102 3798 2284 3862 ζοντα,
2320 3798 2454 3851 τιθῶ
2488 3798 2587 3869 τὴν
2622 3795 2863 3867 κεφαλὴν
2898 3794 3062 3850 αὐτοῦ
3090 3795 3183 3851 ἐπὶ
3216 3793 3285 3846 τὰ
3313 3792 3519 3863 γόνατά
3555 3810 3685 3862 μου,

2102 3894 2194 3947 καὶ
2230 3891 2493 3945 ἀναπαύω
2530 3889 2708 3945 αὐτόν.

2171 3984 2278 4053 ιιγκ
2324 3982 2548 4050 Ἔλεγον
2576 3982 2688 4053 (49)
2722 3981 2850 4051 περί
2896 3998 3038 4044 τινος
3086 3979 3336 4049 ἀδελφοῦ,
3369 3979 3452 4032 ὃτι
3490 3976 3688 4031 ἐπολε-

2106 4077 2251 4149 μήθη
2278 4079 2360 4141 εἰς
2380 4075 2747 4147 βλασφημίαν,
2780 4076 2875 4131 καί
2899 4075 3163 4147 ᾐσχύνετο
3189 4076 3390 4129 εἰπεῖν·
3428 4074 3523 4125 καὶ
3546 4073 3687 4125 ὅπου

2101 4169 2265 4240 ἤκουε
2313 4168 2583 4239 μεγάλους
2634 4162 2917 4238 γέροντας,
2968 4164 3239 4237 παρέϐαλε
3290 4165 3491 4227 αὐτοῖς.
3541 4163 3686 4217 ὥστε

2103 4259 2455 4329 ἀναγγεῖλαιη
2488 4258 2583 4312 καὶ
2624 4257 2699 4321 ὼς
2731 4256 2981 4328 ἔφθανεν.
3018 4256 3282 4327 ᾐσχύνετο
3327 4254 3682 4325 ὁμολογῆσαι.

2103 4354 2369 4416 Πολλάκις
2399 4347 2493 4405 οὖν
2537 4349 2813 4421 παρέϐαλε
2850 4348 2947 4401 καὶ
2976 4348 3055 4418 τῷ
3096 4347 3239 4420 ἁϐϐᾷ
3284 4346 3528 4418 Ποιμένι.
3572 4346 3689 4401 Καὶ

2104 4445 2327 4499 ἔϐλεπεν
2364 4443 2526 4499 αὐτὸν
2552 4443 2581 4496 6
2608 4442 2787 4514 γέρων
2835 4442 3025 4513 ἔχοντα
3069 4441 3382 4512 λογισμοὺς,
3423 4441 3518 4494 καὶ
3566 4440 3688 4492 ἐλυ-

427 4530 901 4589 animadvertebat
944 4547 1069 4585 cum
1115 4530 1543 4595 cogitationibus
1585 4531 1790 4597 vexari,
1821 4541 1874 4586 et
1918 4532 1998 4585 af-

2106 4538 2276 4593 πεῖτο.
2314 4533 2408 4588 τοῦ
2454 4533 2682 4602 ἀδελφοῦ
2725 4535 2799 4605 μὴ
2844 4533 3288 4600 ἀναγγέλλοντας.
3323 4533 3412 4585 Ἑν
3464 4533 3563 4602 μιᾷ
3589 4528 3689 4584 οὗν

426 4622 715 4694 tligebatur
752 4621 900 4691 quod
942 4621 1113 4679 frater
1144 4638 1491 4694 nequaquam
1522 4623 1853 4678 declararet.
1901 4624 2004 4681 Ita-

427 4725 536 4781 que
576 4710 816 4780 quodam
859 4711 950 4764 die
994 4710 1272 4765 deducens
1308 4710 1485 4774 illum,
1525 4710 1686 4774 Ecce,
1738 4712 1934 4783 inquit,
1972 4729 2004 4768 a

429 4812 581 4858 tanto
612 4810 854 4873 tempore
878 4804 987 4857 huc
1010 4803 1192 4873 pergis
1222 4803 1562 4861 indicaturus
1599 4805 1731 4859 mihi
1766 4807 2005 4877 c03ilata

426 4905 544 4959 tua,
577 4904 632 4950 et
659 4909 784 4949 cum
826 4896 979 4963 ades,
1023 4910 1132 4949 non
1178 4896 1265 4952 vis
1294 4895 1482 4962 .ell'ari,
1517 4896 1613 4953 sed
1646 4900 2003 4968 quemadmo-

426 4988 558 5042 dum
584 4996 742 5043 antea
770 4988 985 5044 recedis
1012 5003 1136 5042 cum
1165 4989 1255 5054 iis,
1298 4988 1518 5046 anxius.
1551 4988 1819 5061 Eloquere
1847 4993 2000 5057 mihi,

427 5078 526 5137 illi.
557 5078 818 5149 quidnam
856 5078 953 5134 tibi
998 5079 1088 5134 sit.
1135 5079 1439 5150 Respondit
1476 5081 1569 5137 ille
1603 5100 1616 5135 :
1650 5079 1710 5136 In
1748 5083 2003 5153 blasphe-

430 5166 594 5223 miam
639 5180 976 5235 pravamque
1026 5167 1094 5223 de
1136 5166 1243 5222 Deo
1284 5168 1598 5239 opinionem
1647 5171 1877 5240 impellit
1916 5189 2002 5229 me

427 5255 663 5322 daemon,
686 5265 742 5314 et
762 5257 962 5314 rubore
986 5259 1228 5313 suffusus
1265 5259 1547 5330 hucusque
1570 5261 1738 5317 tacui.
1755 5261 2003 5334 Cumque

430 5368 543 5409 rem
569 5354 618 5410 ei
660 5361 963 5421 narrasset,
999 5354 1147 5410 illico
1178 5355 1351 5410 sensit
1381 5356 1762 5413 levamentum.
1805 5359 1895 5413 Ait
1923 5359 2001 5414 illi

502 5509 549 5541 "
587 5511 690 5566 lsa.
725 5527 814 5573 ιιι,
851 5515 898 5565 1.

500 5669 613 5741 (ιο)
651 5672 758 5724 Vit.
796 5671 947 5725 Patr.
979 5689 1059 5731 Ill,
1099 5673 1206 5735 85;
1254 5672 1490 5727 Viridar.
1522 5671 1724 5731 Raderi
1752 5690 1830 5741 Ill,
1859 5673 1915 5739 6,
1944 5675 1997 5732 8.

640 5741 877 5811 éppend.
908 5758 963 5811 ρ.
1002 5743 1144 5798 ’1005
1189 5759 1244 5798 n.
1276 5742 1365 5799 82.

526 5743 681 5801 UHA
724 5743 877 5808 pend.
908 5758 963 5811 ρ.
1002 5743 1144 5798 1005

503 5743 618 5882 148)
655 5759 758 5864 γ’ἕε.
786 5809 942 5864 Patr.
977 5828 1056 5875 ιιι,
1094 5812 1181 5867 57.

2106 4627 2215 4681 τῶν
2253 4626 2494 4698 ἡμερῶν,
2537 4626 2877 4697 προπέμπων
2916 4626 3078 4677 αὑτὸν
3110 4624 3294 4688 ἔλεγεν
3332 4622 3481 4693 αὐτῷ
3503 4639 3518 4653 ο
3550 4623 3688 4676 Ἰδοὺ

2105 4718 2360 4773 τοσοῦτον
2389 4721 2577 4791 χρόνον
2605 4719 2739 4792 ἔρχῃ
2776 4712 2877 4771 ὧδε
2907 4717 3045 4788 ἔχων
3072 4717 3364 4788 λογισμοὺς
3391 4715 3487 4768 τοῦ
3518 4716 3689 4782 ἀναγ-

2106 4808 2281 4879 γεῖλαί
2336 4827 2447 4882 μοι,
2483 4810 2578 4863 καὶ
2611 4810 2737 4862 ὅταν
2769 4808 2903 4881 ἔρχῃ
2942 4809 3003 4860 οὐ
3035 4807 3209 4870 Θέλεις
3243 4806 3440 4869 αὐτοὺς
3487 4806 3686 4872 εἰπεῖν,

2106 4901 2245 4955 ἀλλὰ
2276 4901 2417 4957 κατὰ
2467 4900 2612 4965 ἅπαξ
2645 4901 2876 4969 ὑπάγεις
2926 4898 3238 4969 Θλιϐόμενος
3279 4897 3418 4969 ἔχων
3465 4895 3685 4961 αὐτούς.

2108 4992 2243 5049 Εἰπέ
2278 5009 2368 5063 μοι
2407 4987 2521 5054 οὖν,
2571 4991 2780 5053 τέκνον,
2812 4992 2865 5045 τί
2893 4991 3040 5045 ἐστιν
3068 4991 3099 5044 ὃ
3136 4991 3303 5062 ἔχεις.
3346 4990 3407 5046 Ὀ
3439 4990 3494 5043 δὲ
3531 4986 3689 5044 εἶπεν

2107 5082 2290 5153 αὐτῷ’
2326 5082 2448 5136 ’Ότι
2483 5083 2563 5146 εἰς
2596 5081 2943 5153 βλασφημίαν
2970 5082 3105 5135 Θεοῦ
3142 5082 3370 5153 πολεμεῖ
3415 5098 3482 5152 με
3514 5082 3543 5134 ὁ
3571 5080 3692 5134 δαί-

2111 5192 2246 5244 μων,
2287 5177 2383 5227 καὶ
2410 5175 2723 5246 ᾐσχυνόμην
2752 5178 2944 5233 εἰπεῖν.
2972 5174 3083 5228 Καὶ
3110 5174 3508 5246 διηγησάμενος
3537 5172 3692 5244 αὐτῷ

2105 5270 2167 5322 τὸ
2196 5271 2451 5341 πρᾶγμα,
2487 5269 2691 5333 εὐθέως
2741 5270 3063 5344 ἐλαφρύνθη.
3124 5269 3234 5322 Καὶ
3283 5264 3438 5323 εἶπεν
3481 5266 3632 5339 αὑτῷ
3660 5269 3691 5320 ὀ

2106 5362 2314 5434 γέρωνο
2344 5361 2434 5432 Μὴ
2464 5361 2668 5426 θλίϐου,
2719 5362 2906 5416 τέκνον
2924 5380 2939 5394 ο
2968 5361 3083 5415 ἀλλ’
3111 5361 3240 5415 ὅταν
3283 5361 3509 5432 ἔρχηται
3538 5359 3569 5413 6
3597 5358 3690 5413 λο-

2180 5674 2290 5743 (49)
2331 5676 2607 5744 Ἔλεγον.
2640 5675 2753 5729 Hoc
2791 5672 3199 5743 Apophthegma,
3232 5681 3293 5728 ut
3327 5684 3377 5744 et
3410 5671 3517 5725 alia
3549 5688 3694 5729 non-

2108 5746 2283 5871 gua’a,
2311 5746 2898 5870 velutiparaphrastice
2947 5751 3262 5800 enarratum
3294 5743 3480 5801 videre
3508 5751 3599 5799 est
3627 5744 3691 5803 in

2153 5831 2184 5869 ο
2244 5825 2348 5872 ert.
2382 5831 2504 5871 COt.
