4032 6334
216 439 318 498 διτῶ

1357 445 1975 509 ΑΡΟΡΙΙΤΗΕΟΜΛΤΛ
2008 450 2318 507 ΡΑΤΙΠΙΜ.

3351 454 3455 508 ὅξῧ

211 555 398 626 rupe;
424 547 599 619 οὗτος,
623 554 780 624 λέγε·
815 555 958 625 Ἐγὼ
994 559 1226 630 πρᾶγμα
1255 563 1352 614 οὐκ
1387 563 1526 634 ἔχω·
1557 567 1590 636 ἡ
1627 566 1788 636 βλασ-

1894 587 2056 626 senex
2091 589 2106 626 :
2139 567 2262 632 Fili,
2302 586 2369 623 ne
2401 578 2452 624 te
2485 571 2722 642 amigas;
2757 571 2850 626 sed
2889 570 3107 641 quoties
3136 570 3360 624 subierit
3396 587 3455 626 ea

209 649 383 715 φημία
410 662 505 698 σου
533 647 721 700 ἐπάνω
762 663 878 707 σου.
906 648 1136 704 Σατανᾶ.
1159 652 1328 706 Τοῦτο
1350 655 1452 726 γὰρ
1473 657 1533 708 τὸ
1554 661 1784 730 πρᾶγμα

209 741 267 790 οὐ
293 737 434 792 θέλει
463 740 496 808 ή
533 738 679 809 ψυχή
731 754 864 809 μου.
897 741 1012 793 Πᾶν
1043 741 1100 794 δὲ
1145 746 1375 816 πρᾶγμα
1419 747 1447 800 ὂ
1479 749 1540 801 οὐ
1577 748 1720 802 θέλει
1749 753 1782 822 ἠ

208 830 370 898 ψυχὴ,
404 829 768 902 ὀλιγοχρόνιόν
825 833 961 885 ἐστι.
991 834 1098 886 Καὶ
1127 833 1484 907 θεραπευθεὶς
1505 842 1533 894 6
1563 841 1784 910 ἀδελφὸς

209 923 472 992 ἀπῆλθεν.

277 1103 375 1171 ιδ’.
401 1103 716 1176 Ἰἰρώτησεν
740 1107 964 1177 ἀδελφὸς
991 1111 1083 1162 τὸν
1106 1109 1278 1164 ἁϐϐᾶν
1299 1112 1558 1182 Ποιμένα.
1585 1115 1782 1183 λέγων·

219 1195 360 1266 Ὀρῶ
393 1196 647 1266 ἐμαυτὸν,
673 1197 756 1251 δτι
781 1200 914 1252 ὅπου
941 1201 984 1252 δ’
1019 1200 1084 1254 ἂν
1105 1202 1344 1268 ἀπέλθω,
1369 1205 1606 1276 εὑρίσκω
1636 1207 1786 1260 ἀντί-

207 1290 386 1360 ληψιν.
420 1291 584 1359 Λέγει
628 1291 778 1363 αὐτῷ
808 1295 837 1346 6
865 1293 1064 1364 γέρων,
1109 1295 1188 1348 ὅτι
1217 1297 1328 1349 Καὶ
1353 1298 1402 1349 οἱ
1441 1298 1578 1368 μετὰ
1598 1301 1784 1370 χεῖρας

207 1381 420 1452 ἔχοντες
434 1381 494 1434 τὸ
512 1381 662 1450 ξίφος
681 1383 862 1454 ἔχοντι
880 1385 969 1440 τδν
985 1383 1117 1438 Θεὸν
1137 1384 1389 1439 ἐλεοῦντα
1411 1387 1607 1452 αὐτοὺς
1629 1389 1686 1441 ὲν
1707 1388 1786 1459 τῷ

209 1474 436 1544 παρόντι
483 1475 680 1546 καιρῷ.
717 1476 845 1529 Ἐὰν
877 1473 971 1530 οὖν
1007 1469 1156 1548 ὦμεν
1189 1477 1441 1550 ἀνδρεῖοι,
1491 1483 1632 1533 ποιεῖ
1667 1480 1787 1551 μεθ’

208 1564 366 1636 ἡμῶν
393 1567 454 1618 τὸ
481 1567 629 1630 ἕλεος
655 1567 841 1622 αὐτοῦ.

278 1662 380 1723 ιβ’.
421 1653 590 1710 Εἶπεν
635 1659 663 1710 6
712 1659 886 1722 66661;
931 1659 1163 1730 Ποιμὴν,
1201 1662 1282 1714 ὅτι
1326 1661 1450 1715 Ἐὰν
1499 1661 1784 1734 ἄνθρωπος

205 1748 394 1804 ἑαυτὸν
425 1749 733 1820 μέμψηται,
765 1755 1024 1822 καρτερεῖ
1053 1753 1348 1823 πανταχοῦ.

275 1846 388 1908 ιιςῆ
423 1837 558 1895 Eine
603 1843 788 1906 πάλιν,
834 1845 915 1897 ὅτι
961 1844 1147 1912 ἔλεγεν
1183 1847 1210 1898 6
1251 1845 1424 1908 6665;
1468 1844 1782 1916 ’Λμμωνᾶς,

1891 661 2172 730 cegitatio,
2204 661 2294 715 die
2323 679 2336 714 :
2370 660 2484 732 Ego
2522 663 2575 715 in
2601 677 2767 718 causa
2815 664 2930 717 sive
2957 664 3117 733 culpa
3157 678 3265 716 non
3305 679 3458 728 sum;

1891 751 2228 822 blasphemia
2279 763 2368 806 tua
2411 769 2573 824 super
2623 763 2676 810 te
2717 755 2809 819 sit,
2844 755 3064 808 Satana.
3118 753 3268 808 lianc
3316 758 3460 809 enim

1891 859 2004 898 rem
2035 859 2144 898 non
2180 843 2292 897 vult
2321 845 2500 897 anima
2538 861 2677 899 mea.
2716 845 2990 913 Quidquid
3022 861 3186 914 porro
3215 863 3320 898 non
3350 847 3463 900 vu!t

1892 937 2098 1000 anima,
2131 935 2301 990 breve
2329 943 2545 1005 tempus
2591 937 2773 990 dttrat.
2814 939 2992 1009 Atque
3040 938 3246 991 medela
3295 938 3462 990 animi

1893 1035 2144 1096 suscepta
2175 1025 2341 1080 frater
2367 1026 2644 1082 discessit.

1965 1116 2054 1170 94.
2097 1115 2460 1185 Interrogavit
2489 1115 2655 1171 frater
2681 1117 2930 1171 abbatem
2966 1117 3298 1176 Pmmeuem.
3339 1133 3463 1170 ora--

1892 1210 2041 1267 tione
2077 1210 2177 1262 hac
2207 1229 2221 1264 :
2255 1209 2430 1264 Video
2471 1209 2617 1280 quod
2658 1225 2989 1282 quocunque
3033 1228 3344 1282 perrexere,
3375 1213 3462 1264 in—

1891 1302 2106 1356 veniam
2155 1301 2487 1358 subsidium.
2521 1304 2611 1356 Ait
2640 1303 2717 1356 illi
2753 1319 2920 1357 senex
2954 1322 2969 1359 :
3001 1304 3104 1370 Qui
3132 1321 3242 1375 prae
3287 1306 3462 1359 numi—

1891 1392 1994 1448 bus
2025 1392 2263 1462 gladium
2293 1402 2498 1458 tenent,
2531 1392 2694 1448 Deum
2747 1397 2990 1450 sentiunt
3035 1397 3464 1452 misericorditer

1893 1485 2234 1554 adjuvantem
2267 1503 2363 1542 eos
2397 1487 2448 1541 in
2477 1494 2730 1557 praesenti
2768 1497 3029 1559 tempore.
3063 1491 3120 1544 Si
3143 1507 3274 1561 ergo
3295 1490 3464 1546 fortes

1891 1579 2286 1640 exstiterimus,
2312 1581 2470 1634 nobis
2507 1580 2941 1635 misericordiam
2975 1597 3130 1636 suam
3165 1584 3457 1639 exhibebit.

1961 1669 2050 1724 95.
2095 1671 2207 1740 (50)
2242 1671 2386 1724 Dixit
2426 1673 2594 1726 abbas
2621 1671 2862 1736 Pennen,
2901 1673 3044 1743 quod
3085 1675 3130 1728 si
3169 1676 3330 1730 homo
3375 1693 3466 1731 se-

1892 1761 2068 1831 ipsnm
2101 1764 2428 1832 eulpaverit,
2469 1765 2670 1833 ubique
2701 1767 3094 1834 perduraturus
3124 1775 3230 1822 est.

1961 1849 2049 1902 96.
2094 1847 2296 1903 lletutit
2322 1853 2514 1904 iterum
2539 1853 2742 1906 dictum
2775 1853 2878 1920 hoc
2905 1856 3118 1911 abbatis
3144 1858 3462 1916 Ammome:

203 1934 284 1988 ὃτι
315 1933 502 1986 Ἔστιν
531 1933 818 2006 ἄνθρωπος
844 1934 903 1997 ὃς
937 1937 1080 1988 ποιεῖ
1110 1937 1300 1988 ἑκατὸν
1325 1935 1418 2007 ἐτη
1453 1937 1512 1988 ἐν
1537 1933 1615 2005 τῷ
1665 1933 1788 1988 κελ-

1896 1935 1990 1992 Est
2042 1942 2202 1991 homo
2241 1942 2335 2010 qui
2370 1952 2598 1994 ‘centum
2645 1957 2820 1996 annos
2861 1945 2916 1998 in
2955 1945 3092 1998 cella
3127 1959 3465 2017 perseverat,

208 2025 328 2095 λίῳ,
360 2025 456 2078 καὶ
477 2027 540 2078 οὐ
574 2025 835 2097 μανθάνει
855 2026 971 2090 πῶς
993 2027 1076 2080 δεῖ
1101 2029 1159 2079 ἐν
1196 2027 1388 2098 κελλίῳ
1417 2028 1658 2082 καθίσαι.

277 2115 378 2183 κζ’.
406 2113 571 2170 Εἶπεν
591 2120 620 2170 6
645 2117 818 2182 ἀϐϐἇς
844 2119 1076 2190 Ποιμὴν,
1107 2120 1186 2173 ὅτι
1225 2119 1349 2174 Ἐὰν
1375 2119 1555 2192 φθάσῃ
1579 2119 1674 2173 ἄνθ
1687 2137 1790 2190 ρω-

207 2222 306 2271 πος
337 2207 417 2269 εις
451 2207 514 2260 τὸ
547 2208 712 2280 ῥητὸν
737 2209 832 2263 τοῦ
862 2210 1301 2274 ’Λποστόλου,τὸ,
1327 2211 1532 2264 Πάντα
1562 2210 1792 2276 καθαρὰ

210 2298 331 2366 τοῖς
361 2299 646 2368 καθαροῖς
666 2318 678 2330 ·
709 2301 811 2372 ὁρᾷ
837 2303 1027 2356 ἑαυτὸν
1055 2303 1316 2357 ἐλάττονα
1345 2303 1526 2373 πάσης
1545 2301 1647 2371 τῆς
1679 2301 1793 2354 κτί-

215 2407 364 2455 σεως.
395 2391 558 2460 Λέγει
581 2395 611 2446 6
641 2393 872 2464 ἀδελφός
893 2411 905 2426 ·
938 2395 1062 2460 Πῶς
1091 2395 1330 2467 δύναμαι
1370 2395 1608 2466 ἐμαυτὸν
1632 2395 1792 2448 ἐλάτ-

211 2499 334 2537 τονα
357 2483 453 2537 τοῦ
482 2486 690 2553 φονέως
733 2486 1013 2558 ἡγεῖσθαι;
1044 2488 1210 2557 Λέγει
1250 2490 1278 2540 6
1305 2487 1508 2558 γέρων,
1545 2489 1627 2541 ὅτι
1661 2487 1789 2542 Ἐὰν

214 2575 389 2648 φθάσῃ
421 2576 518 2629 ἄνθ
531 2593 712 2648 ρωπος
746 2581 824 2639 είς
847 2579 908 2632 τὸ
937 2580 1088 2652 ῥῆμα
1123 2581 1300 2643 τοῦτο,
1331 2581 1426 2634 καὶ
1459 2579 1546 2652 ἴδῃ
1573 2579 1789 2650 ἄνθρω-

213 2686 308 2722 πον
364 2671 680 2738 φονεύοντα,
741 2671 910 2740 λέγει,
975 2674 1056 2726 ὅτι
1099 2673 1315 2745 Ταύτην
1364 2675 1465 2743 τὴν
1515 2672 1790 2744 ἁμαρτίαν

213 2759 431 2831 ἐποίησε
477 2762 648 2834 μόνην
675 2753 854 2827 οὗτος,
888 2763 1001 2834 ἐγὼ
1047 2764 1105 2820 δὲ
1134 2766 1346 2835 φονεύω
1391 2764 1511 2820 καθ’
1551 2765 1790 2838 ἑκάστην

213 2853 439 2924 ἡμέραν.
1545 2908 1552 2914 .

278 2943 385 3017 1.,η’.
436 2945 752 3017 Ἦρώτησεν
781 2949 812 3001 6
849 2945 1076 3015 ἁδελφὸς
1105 2949 1165 3001 τὸ
1203 2949 1334 3002 αὐτὸ
1379 2950 1530 3020 ῥῆμα
1563 2949 1654 3003 τὸν
1685 2948 1788 3003 ἁϐ-

217 3035 310 3090 ὖᾶν
350 3037 562 3100 ’Λνοὺ6,
590 3037 778 3102 ὡςότι
799 3035 952 3092 εἶπεν
979 3039 1008 3090 6
1040 3037 1214 3102 ἁϐϐἄς
1242 3041 1473 3110 Ποιμήν.
1505 3040 1615 3092 Καὶ
1638 3039 1790 3108 λέγει

217 3127 358 3200 αὑτῷ
381 3129 606 3193 ὀὰϐϐἄς
649 3130 856 3195 ’Avob6,
899 3132 978 3184 ὅτι
1019 3131 1146 3184 Ἐὰν
1173 3131 1354 3206 φθάσῃ
1395 3132 1681 3202 ἄνθρωπος
1710 3135 1790 3196 εἰς

213 3221 272 3274 τὸ
299 3221 450 3292 ῥῆμα
471 3220 652 3284 τοῦτο,
689 3223 784 3277 καὶ
817 3221 900 3294 ἴδῃ
932 3223 1000 3276 τὰ
1031 3223 1386 3294 ὑστερήματα
1412 3223 1508 3278 τοῦ
1554 3224 1788 3294 ἀδελφοῦ

1889 2045 1989 2085 nec
2016 2029 2178 2085 discit
2200 2048 2308 2100 quo
2342 2043 2501 2103 pacto
2535 2035 2587 2086 in
2621 2037 2754 2088 cella
2791 2036 3141 2090 residendum
3178 2039 3268 2092 sit.

1961 2121 2050 2174 97.
2093 2124 2204 2194 (51)
2234 2124 2378 2178 Dixit
2406 2126 2576 2181 abbas
2601 2126 2823 2182 Pmmen
2859 2147 2872 2182 :
2911 2127 2967 2182 Si
2994 2130 3153 2182 Immo
3183 2132 3466 2200 pertigerit

1889 2210 1955 2264 ad
1977 2211 2218 2281 Apostoli
2253 2213 2471 2269 effatum
2497 2216 2599 2269 hoc
2627 2234 2642 2271 :
2669 2216 2864 2272 Omnia
2905 2220 3104 2272 munda
3149 2223 3358 2275 mundis
3379 2223 3461 2287 ⁹⁵;

1889 2303 2262 2374 deprehendet
2306 2320 2367 2362 se
2408 2307 2558 2362 omni
2607 2319 2858 2363 creatura
2896 2312 3161 2366 minorem
3196 2328 3336 2367 esse.
3377 2314 3465 2366 Ait

1889 2393 2056 2450 frater
2095 2414 2111 2452 :
2158 2397 2442 2464 Quomodo
2498 2415 2721 2470 possum
2764 2417 2847 2455 me
2897 2403 3135 2472 pejorem
3189 2403 3354 2457 Ιιοιιιίι
3375 2405 3464 2459 ida

1887 2488 2252 2544 existimare?
2285 2489 2351 2543 Et
2375 2507 2543 2546 senex
2571 2511 2588 2548 :
2621 2491 2700 2553 Si.
2734 2493 2934 2564 inquit,
2967 2497 3275 2564 pervenerit
3299 2498 3465 2554 homo

1894 2580 1962 2634 ad
1993 2581 2275 2650 praefatum
2310 2584 2558 2648 verbum,
2591 2595 2644 2639 et
2675 2589 3022 2656 conspexerit
3055 2587 3326 2644 hominem
3363 2605 3463 2646 cte-

1887 2673 2010 2727 dem
2048 2673 2246 2738 facere,
2277 2675 2422 2731 dicet
2450 2696 2464 2732 :
2501 2677 2616 2732 Hoc
2648 2680 2822 2734 solum
2861 2690 3143 2750 peccatum
3175 2681 3279 2736 iste
3315 2699 3468 2738 com-

1889 2768 2072 2834 misit;
2095 2784 2196 2840 ego
2231 2786 2358 2826 vero
2383 2773 2632 2843 quotidie
2659 2786 2891 2830 mortem
2922 2777 3118 2834 infero.

1959 2944 2048 3000 98.
2100 2944 2462 3018 Interrogavit
2489 2951 2658 3005 frater
2695 2951 2945 3006 abbatem
2981 2954 3145 3008 Anub
3173 2955 3241 3010 de
3273 2956 3461 3010 eodem

1889 3039 2037 3093 dicto
2071 3039 2338 3109 Apostoli,
2372 3043 2618 3099 referens
2659 3044 2789 3114 quid
2843 3047 3014 3100 abbas
3061 3045 3282 3108 Ptemen
3335 3066 3460 3119 pro-

1888 3131 2217 3187 nuntiasset.
2257 3130 2308 3186 Is
2353 3149 2524 3190 vero:
2556 3135 2613 3190 Si
2654 3137 2918 3208 attigerit,
2957 3141 3152 3209 inquit,
3200 3141 3362 3196 homo
3395 3145 3464 3198 ad

1889 3237 2194 3278 sermonem
2223 3224 2398 3291 illum,
2425 3235 2480 3280 et
2512 3227 2708 3282 viderit
2731 3231 2920 3300 culpas
2954 3233 3137 3288 fratris
3165 3236 3271 3299 sui,
3303 3236 3466 3292 etlicit

216 3312 393 3373 αὐτοῦ,
427 3315 574 3366 ποιεί
601 3311 700 3382 τὴν
733 3313 1078 3384 δικαιοσύνην
1105 3315 1271 3368 αὑτοῦ
1299 3319 1586 3370 καταπιεῖν
1626 3317 1784 3370 αὑτά.

1894 3321 1952 3366 ιιι
1984 3315 2194 3380 justitia
2219 3333 2318 3371 sua
2349 3332 2444 3373 eas
2477 3317 2724 3375 devoret.
2759 3319 2990 3393 Rogavit
3025 3325 3192 3379 frater
3226 3346 3238 3380 :
3275 3325 3464 3394 Qualis

215 3406 369 3476 Λέγει
397 3405 548 3476 αὐτῷ
576 3407 606 3458 6
644 3405 872 3476 ἀδελφός
891 3421 904 3434 ·
933 3407 1069 3459 Ποία
1105 3407 1253 3460 ἐστὶν
1293 3409 1325 3478 ὴ
1351 3407 1660 3480 δικαιοσύνη
1689 3409 1788 3462 αὺ-

213 3497 340 3564 τοῦ;
373 3497 674 3569 ’Λπεκρίθη
703 3497 732 3550 6
766 3499 969 3566 γέρων·
1004 3498 1120 3550 ’Ἱνα
1161 3498 1391 3551 πάντοτε
1422 3499 1788 3570 καταμέμφη·

215 3605 298 3642 ται
325 3591 532 3644 ἑαυτόν.

277 3681 379 3748 1.,θ’.
426 3680 682 3748 ’Λδελφὺς
712 3676 832 3733 εἷπε
859 3679 939 3752 τῷ
965 3681 1110 3753 ἀὸϐᾷ
1142 3681 1390 3752 Ποιμένι,
1416 3683 1497 3736 ὅτι
1532 3683 1658 3736 Ἐὰν
1687 3701 1790 3736 πα-

221 3773 432 3844 ραπέσω
454 3775 512 3826 ὲν
543 3771 750 3842 οἰκτρῷ
781 3772 1210 3844 παραπτώματι,
1241 3773 1516 3826 κατεσθίει
1546 3790 1611 3844 με
1639 3775 1668 3826 6
1703 3774 1790 3827 λο-

218 3865 403 3935 γισμός
431 3883 556 3935 μου,
599 3865 692 3918 καὶ
719 3868 1036 3936 κατηγορεῖ,
1067 3867 1220 3920 Διατί
1252 3867 1596 3939 -παρέπεσες;
1628 3867 1790 3936 Λέγει

219 3957 354 4028 αὐτῷ
371 3961 400 4012 6
427 3959 636 4030 γέρων·
679 3958 769 4010 Ἑν
857 3957 976 4030 ὥρᾳ.
1000 3959 1294 4014 ὑποπίπτει
1318 3959 1412 4014 ἄνθ
1421 3977 1602 4031 ρωπος
1628 3961 1790 4030 σφὰλ·

223 4066 363 4118 ματι,
399 4051 493 4103 καὶ
527 4049 680 4122 εἴπῃ,
713 4049 1017 4120 Ἥμαρτον,
1048 4051 1300 4120 παραυτὰ
1326 4050 1624 4104 πέπαυται.

286 4147 347 4211 ρ’.
389 4141 650 4211 Ἀδελφὺς
683 4141 934 4212 ἠρώτησε
955 4142 1046 4194 τὸν
1073 4141 1247 4194 ἀΰϐἄν
1287 4142 1550 4212 Ποιμένα,
1574 4141 1750 4211 λέγων
1771 4159 1786 4171 ·

220 4233 358 4286 Auri
388 4233 636 4286 πείθουσι
662 4233 762 4304 τὴν
783 4233 960 4304 ψυχήν
993 4251 1092 4304 μου
1117 4236 1165 4286 οἱ
1189 4234 1458 4304 δαίμονες,
1488 4230 1625 4287 εἶναι
1655 4235 1790 4305 μετὰ.

216 4323 301 4378 τοῦ
335 4325 755 4398 ὑπερϐαίνοντός
797 4342 887 4396 με,
934 4327 1026 4378 καὶ
1069 4325 1284 4378 ποιοῦσί
1329 4344 1397 4396 με
1434 4326 1788 4392 ὲξουδενῶσαι

217 4415 298 4467 τὸν
330 4417 591 4470 ἐλάττονὰ
629 4432 766 4487 μου;
808 4416 972 4486 Λέγει
1007 4415 1157 4488 αὐτῷ
1187 4420 1216 4470 6
1257 4417 1468 4488 γέρων·
1503 4418 1602 4472 Διὰ
1633 4419 1790 4472 τοῦτο

219 4501 361 4560 εἶπεν
381 4509 410 4560 6
445 4507 789 4570 ’Λπὸστολος,
818 4509 900 4562 ὅτι
939 4507 1282 4578 Ἔνμεγάλῃ
1311 4509 1468 4576 οΙκίςι
1487 4511 1596 4562 οὐκ
1617 4509 1790 4564 ἐστιν

216 4601 399 4668 μόνον
419 4600 612 4668 σκεύη
639 4598 838 4668 χρυσᾶ
863 4599 960 4653 καὶ
981 4599 1227 4670 ἀργῳᾶ.
1253 4599 1411 4654 ἀλλὰ
1445 4602 1540 4654 καὶ
1576 4601 1790 4665 ξύλινα

1889 3414 1971 3459 est
2023 3405 2232 3474 j'tslllltt
2285 3408 2466 3464 illius?
2515 3409 2820 3484 Respondit
2867 3431 3032 3472 senex
3075 3436 3090 3472 :
3139 3416 3205 3472 Ut
3249 3435 3466 3490 semper

1887 3499 2250 3566 reprehendat
2280 3517 2360 3556 se.

1960 3695 2050 3752 99.
2091 3697 2202 3768 (52)
2235 3697 2426 3755 Frater
2461 3701 2599 3756 dixit
2647 3704 2829 3758 abbati
2865 3703 3108 3760 Pmmeni
3157 3726 3171 3763 :
3207 3705 3264 3760 Si
3319 3708 3464 3763 ceci-

1889 3787 2020 3842 dero
2053 3789 2106 3843 in
2151 3790 2468 3848 miserabile
2507 3809 2819 3864 peccatum,
2854 3815 2938 3852 me
2968 3814 3124 3854 mens
3168 3802 3461 3864 remordet,

1889 3888 1942 3931 et
1976 3889 2222 3946 accusat,
2252 3898 2423 3950 quare
2449 3886 2736 3956 prolapsus
2763 3886 2982 3942 fuerim.
3015 3890 3103 3942 Ait
3147 3891 3221 3942 illi
3261 3907 3460 3963 senex:

1889 3969 2005 4036 Qua
2025 3971 2156 4026 hora
2185 3975 2346 4028 homo
2370 3977 2462 4045 qui
2489 3978 2687 4033 delicto
2713 3982 3027 4046 succubuit,
3059 3985 3460 4050 pronuntiarit:

1889 4062 2138 4130 Peccavi,
2170 4066 2456 4120 confestim
2496 4069 2656 4125 finem
2684 4071 2843 4125 habet
2875 4083 3178 4141 peceatum.

1963 4155 2086 4211 100.
2127 4155 2316 4212 Frater
2345 4175 2408 4213 ex
2433 4161 2631 4217 abbate
2658 4161 2916 4218 Pmnieue
2951 4174 3306 4233 percontatus
3338 4178 3458 4222 est:

1889 4247 2071 4314 Quare
2111 4249 2388 4309 daemones
2425 4256 2756 4324 persuadent
2804 4257 3001 4312 animm
3047 4275 3200 4324 mete,
3241 4269 3300 4313 ut
3337 4277 3464 4314 cum

1889 4355 1956 4393 eo
1983 4341 2078 4410 qui
2123 4357 2206 4397 me
2230 4345 2646 4433 supergreditur
2675 4362 2992 4411 eonverser,
3024 4349 3378 4419 eiiiciuntque
3409 4360 3465 4404 ut

1889 4432 2218 4502 vilipendam
2279 4453 2402 4490 eum
2447 4432 2552 4506 qui
2587 4455 2671 4493 me
2714 4448 2798 4494 est
2852 4440 3118 4494 inferior?
3166 4443 3466 4512 lieSpnndit

1890 4539 2094 4579 senex:
2127 4524 2250 4582 Ideo
2283 4528 2422 4582 dixit
2455 4529 2750 4599 Apostolus
2777 4551 2790 4586 :
2823 4531 2889 4586 In
2949 4550 3140 4602 magna
3179 4534 3333 4589 deum
3362 4555 3466 4590 mu

1889 4614 2064 4668 solum
2103 4628 2223 4671 sunt
2251 4636 2377 4673 vasa
2407 4637 2570 4674 aurea
2600 4633 2650 4676 et
2697 4635 2966 4693 argentea,
3001 4626 3091 4680 sed
3125 4638 3174 4679 et
3217 4628 3386 4696 lignea
3417 4641 3466 4682 ct

219 4697 310 4746 καὶ
347 4693 698 4761 ὀστράκινα.
761 4694 904 4746 Ἐὰν
941 4689 1052 4748 οὖν
1085 4693 1382 4762 ἐκκαθάρῃ
1433 4711 1524 4760 τις
1576 4695 1789 4748 ἑαυτὸν

1891 4709 2100 4777 ﬁctilia.
2141 4710 2198 4766 Si
2239 4714 2356 4782 quis
2404 4731 2530 4782 ergo
2584 4715 2944 4771 euitandaverit
3003 4735 3058 4772 se
3097 4718 3162 4772 ab
3212 4723 3468 4774 omnibus

220 4785 324 4839 ἀπὸ
367 4786 586 4841 πάντων
628 4787 877 4850 τούτων,
909 4785 1075 4840 ἔσται
1105 4787 1326 4852 σκεῦος
1355 4789 1441 4853 εἰς
1463 4787 1662 4857 τιμὴν,
1696 4789 1794 4842 εὔ-

222 4893 477 4945 χρηστον
511 4877 592 4942 τῷ
617 4878 910 4944 Δεσπότῃ,
953 4877 1396 4946 ἡτοιμασμένον
1425 4881 1514 4944 εὶς
1543 4879 1666 4934 πᾶν
1695 4879 1791 4948 ἕρ-

223 4984 319 5032 τον
339 4967 587 5038 ἀγαθόν.

293 5067 388 5130 ρα’.
427 5061 682 5129 ’Λδελφδς
708 5059 959 5132 ἠρώτησε
981 5059 1074 5112 τὸν
1100 5059 1275 5113 ἀϐϐᾶν
1298 5061 1562 5132 Ποιμένα,
1586 5061 1789 5130 λέγων’

227 5149 336 5214 Πῶς
375 5153 476 5204 οὐκ
507 5151 741 5222 ἁφίεμαι
773 5151 1056 5223 ἐλεύθερος
1086 5153 1339 5220 γενέσθαι
1389 5153 1528 5223 μετὰ
1563 5155 1672 5208 τῶν
1701 5173 1793 5224 γε·

231 5239 412 5309 ράντων
440 5244 499 5298 ὲν
544 5245 660 5304 τοῖς
691 5243 971 5314 λογισμοῖς
997 5261 1132 5313 μους
1159 5245 1324 5312 Λέγει
1354 5245 1502 5316 αὐτῷ
1523 5248 1552 5300 6
1591 5248 1790 5318 γέρων,

229 5328 298 5386 ὃτι
324 5330 472 5388 εἶπεν
509 5337 538 5390 6
563 5334 740 5398 ἀϐὅᾶς
782 5335 1035 5406 Ἰωάννης
1064 5337 1092 5389 6
1121 5335 1378 5401 Κολοϐὸς,
1401 5338 1483 5390 ὅτι
1513 5338 1587 5392 Οὐ
1614 5339 1793 5410 χαίρει

229 5422 305 5480 lr.‘
319 5428 487 5482 οὐδενὶ
506 5429 680 5492 οὕτως
706 5431 734 5482 6
759 5428 852 5499 ὲχθ
863 5427 972 5498 ρος,
1008 5427 1084 5490 ὡς
1113 5427 1206 5480 ἐπὶ
1235 5431 1348 5492 τοῖς
1373 5429 1447 5500 μὴ
1475 5429 1792 5498 ἐκφαίνουσι

227 5516 336 5582 τοὺς
369 5518 667 5590 λογισμοὺς
703 5518 906 5572 αὐτῶν.

287 5628 330 5674 ’-'
351 5629 458 5686 Tit.
493 5647 532 5694 I,
565 5631 656 5691 15.
723 5633 780 5720 .⁹⁸
805 5632 849 5688 ll
879 5632 1022 5690 Tim.
1056 5651 1116 5702 ll,
1152 5633 1243 5701 20,
1279 5635 1369 5689 2f.

279 5748 386 5818 {'50)
429 5749 539 5804 Vit.
566 5747 724 5818 Patr.
752 5767 835 5815 Ill,
873 5753 1010 5818 H8;
1037 5752 1264 5808 Dorotb.
1303 5751 1454 5810 Dect.
1497 5754 1546 5810 7.

283 5817 388 5891 (5i)
427 5820 535 5876 Vit.
570 5817 727 5874 Patr.
755 5837 838 5891 ιιι,
874 5823 996 5876 131.

287 5889 390 5961 (52)
417 5891 547 5960 App.
579 5904 635 5962 p.
675 5890 836 5958 1000,
861 5909 914 5947 n.
935 5893 987 5947 5.

1892 4801 2035 4862 istis,
2063 4803 2166 4854 erit
2207 4820 2298 4856 vas
2334 4805 2388 4858 in
2413 4807 2662 4862 honorem
2682 4810 2812 4864 utile
2841 4809 3091 4878 Domino,
3120 4823 3369 4880 paratum
3397 4813 3466 4866 ad

1891 4909 2042 4946 omne
2070 4909 2198 4961 opus
2233 4897 2428 4950 bonum
2450 4899 2516 4948 ".

1969 5069 2090 5124 101.
2133 5073 2244 5142 (53)
2276 5075 2468 5131 Frater
2517 5088 2868 5147 percontatus
2907 5092 2990 5136 est
3043 5083 3290 5138 abbatem
3345 5083 3470 5139 Poe-

1897 5175 2108 5216 tnenem
2139 5167 2240 5218 hoc
2271 5169 2436 5222 tundo
2470 5187 2483 5222 :
2513 5169 2694 5236 Quare
2730 5189 2838 5226 non
2873 5175 3159 5242 permittor
3192 5176 3358 5230 libere
3391 5178 3466 5229 ln-

1897 5256 1988 5322 qui
2016 5271 2139 5310 eum
2182 5261 2408 5316 senibus
2433 5263 2500 5316 de
2543 5264 2968 5334 cogitationibus
3005 5266 3180 5321 meis?
3211 5268 3274 5320 Et
3301 5284 3466 5321 senex

1901 5348 2086 5400 retulit
2134 5351 2182 5404 ei
2252 5355 2577 5408 sententiam
2641 5356 2857 5410 abbatis
2905 5354 3134 5410 Joannis
3163 5356 3314 5409 Curti
3357 5373 3370 5408 :
3407 5355 3466 5408 In

1901 5437 2052 5493 nullo
2093 5441 2164 5492 ita
2200 5443 2436 5510 gaudere
2479 5445 2786 5512 inimicum,
2821 5461 2885 5500 ac
2927 5447 2984 5500 in
3039 5447 3107 5501 iis
3141 5447 3234 5516 qui
3275 5445 3468 5500 nolunt

1901 5531 2252 5588 manifestare
2283 5537 2518 5606 cogitata
2546 5553 2658 5592 sua.

1955 5759 2065 5834 £53)
2103 5753 2403 5814 Miscellan.
2446 5759 2598 5817 Voss.
2627 5777 2674 5832 p.
2704 5762 2830 5830 45⁵3,
2869 5765 3004 5832 155;
3055 5763 3158 5819 Vit.
3188 5763 3346 5823 Patr.
3373 5779 3460 5834 ut,

1885 5830 2004 5885 177.
