4032 6334
531 449 636 507 347

1678 447 2024 505 ΑΡΡΕΝυΙΧ
2062 451 2152 504 AD
2187 448 2611 505 PALLADIUM.

3668 446 3775 500 3&3

605 562 721 614 “)2.
777 560 889 631 (54)
945 558 1131 614 Frater
1189 559 1326 612 dixit
1391 558 1573 613 abbati
1627 558 1870 614 Punneni
1922 579 1935 614 :
1986 558 2081 614 Cor

2269 562 2367 633 ρβ”.
2423 561 2673 630 ’.ἁδελφὸς
2704 555 2823 612 εἷπε
2849 559 2926 629 τῷ
2959 560 3104 631 άσϐᾷ
3131 560 3375 631 ιῐοιμὲνι.
3410 560 3491 613 δτι
3529 559 3593 613 Ἦ
3637 576 3777 631 καρ-

523 665 706 705 uicum
751 650 1061 721 languidum
1107 647 1369 713 redditur,
1410 648 1457 705 si
1507 648 1637 703 mihi
1669 652 1959 721 contigerit
2007 651 2090 705 vel

524 758 693 813 parva
732 744 964 797 vexatio.
1003 742 1091 795 Ait
1121 742 1198 795 illi
1234 757 1442 796 senex:
1479 739 1601 795 Non
1641 743 1977 798 admiramur
2007 743 2094 799 Jo-

524 834 779 903 scphmu.
814 834 1212 887 adolescentem
1248 849 1518 888 annorum
1547 834 1733 889 decem
1783 847 1833 890 et
1860 847 2087 908 septem,

482 921 792 994 ‘quomodo
854 926 1176 981 sustinuerit
1237 927 1593 981 tentationem
1653 942 1829 993 usque
1896 929 1951 982 in
2028 928 2091 981 li-

520 1017 820 1071 nent”?et
856 1015 1000 1070 Deus
1046 1017 1345 1088 gloriosum
1387 1034 1513 1073 eum
1554 1017 1756 1073 eﬂecit.
1796 1016 1986 1073 Nonne
2018 1020 2093 1073 νὶ-

517 1108 711 1159 demus
745 1112 800 1159 et
830 1102 1049 1169 Jobum,
1093 1122 1205 1176 quo
1248 1115 1411 1177 pacto
1457 1109 1521 1163 ad
1565 1108 1724 1165 linem
1765 1124 1935 1179 usque
1979 1124 2089 1164 non

516 1198 896 1264 succubuerit,
957 1200 1200 1254 retinens
1245 1202 1606 1269 patientiam?
1652 1218 1752 1257 nec
1794 1209 2091 1273 potuerunt

513 1289 845 1343 tentationcs
869 1303 992 1342 cum
1019 1289 1299 1344 dimovere
1328 1306 1358 1345 a
1399 1307 1496 1362 spe
1527 1293 1581 1345 in
1607 1291 1799 1347 Deum.

588 1379 710 1434 103.
754 1379 900 1435 Dixit
951 1381 1120 1438 abbas
1167 1382 1390 1438 Ptemen
1436 1403 1448 1438 :
1486 1384 1567 1439 Ad
1617 1386 1924 1441 coenobium
1974 1394 2088 1441 tres

515 1479 673 1527 actus
697 1473 1084 1543 requiruntur;
1122 1492 1264 1531 unus
1288 1477 1635 1539 humilitatis.
1670 1480 1804 1533 alter
1830 1478 2089 1533 obedien-

518 1564 628 1629 tiaa,
661 1565 857 1621 tertius
880 1567 973 1636 qui
1012 1575 1217 1621 motum
1265 1582 1329 1623 ac
1372 1568 1653 1624 stimulum
1687 1571 1989 1637 contineat,
2017 1571 2089 1626 ob

515 1655 750 1710 cmnobii
781 1670 942 1726 opus.

589 1746 712 1797 104.
739 1741 930 1798 Frater
963 1746 1320 1818 interrogavit
1352 1750 1603 1805 abbatem
1630 1749 1967 1819 Ptenienem,
2003 1754 2088 1808 di-

515 1847 647 1887 cens
678 1851 690 1887 :
720 1832 777 1887 ln
814 1842 1058 1905 tempore
1104 1840 1447 1897 necessitatis
1489 1858 1622 1898 meae
1667 1846 1915 1900 nonnihil
1964 1864 2086 1903 ntu-

514 1932 699 1979 tuatus
718 1940 838 1980 sum
863 1942 892 1980 a
921 1929 1156 1997 qundam
1193 1941 1532 1999 sanctorum,
1562 1936 1818 2008 deditque
1848 1940 1980 1994 mihi
2014 1956 2079 1996 ex

514 2014 802 2079 charitate,
845 2020 988 2072 velut
1036 2022 1461 2094 eleemosynam.
1525 2025 1583 2081 Si
1638 2044 1768 2099 ergo
1818 2028 1961 2087 Deus
2007 2033 2081 2086 ita

514 2121 724 2162 mecum
776 2109 1195 2180 dispensaverit,
1236 2125 1294 2169 ut
1324 2116 1576 2184 habeam,
1610 2121 1821 2178 dabone
1855 2123 1987 2177 illud
2022 2133 2079 2178 et

512 2212 614 2267 ego
656 2198 779 2254 aliis
808 2199 863 2253 in
903 2204 1329 2276 eleemosynam,
1358 2219 1453 2261 aut
1498 2213 1681 2280 potius
1726 2214 1773 2267 ei
1818 2215 1910 2284 qui
1948 2216 2081 2269 mihi

512 2291 921 2346 commodavit?
961 2295 1261 2365 Respondit
1308 2314 1470 2355 senex
1502 2320 1514 2356 :
1543 2302 1781 2373 {Equum
1820 2314 1905 2360 est
1938 2307 2082 2377 apud

512 2377 707 2445 Deum,
732 2390 792 2434 ut
817 2382 896 2437 illi
925 2384 1217 2455 reddatur;
1241 2390 1305 2443 ad
1330 2392 1508 2462 ipsum
1535 2396 1678 2449 enim
1703 2399 1953 2466 pertinet.
1973 2400 2085 2453 Ad-

510 2471 648 2527 didit
688 2472 896 2529 frater:
929 2475 986 2530 Si
1037 2478 1204 2549 igitur
1250 2483 1513 2548 attulero,
1558 2494 1611 2540 et
1650 2489 1889 2542 noluerit
1933 2491 2081 2545 acci-

510 2580 659 2635 pere,
710 2568 804 2621 sed
857 2567 1059 2623 dixerit
1102 2572 1429 2639 mihizAbi,
1478 2592 1575 2646 pro
1628 2579 1784 2634 libito
1835 2580 1903 2635 da
1948 2583 2083 2637 illud

510 2659 948 2730 eleemosynam;
987 2663 1116 2730 quid
1150 2663 1328 2720 facere
1356 2668 1569 2723 debeo?
1595 2668 1817 2741 Excepit
1858 2689 2026 2729 senex
2063 2693 2077 2729 :

513 2747 712 2820 Utique
742 2752 914 2820 ipsius
954 2769 1042 2809 res
1069 2764 1173 2811 est.
1203 2755 1260 2810 Si
1296 2774 1423 2813 vero
1455 2763 1581 2831 quis
1610 2763 1706 2818 tibi
1748 2775 1941 2834 sponte
1981 2783 2080 2823 sua

512 2844 822 2910 praebuerit,
866 2852 920 2899 te
948 2861 1054 2900 non
1084 2856 1418 2918 postulante,
1463 2852 1566 2909 hoc
1595 2863 1746 2909 tuum
1790 2867 1892 2911 est.
1925 2857 2081 2924 Quod

512 2934 558 2987 si
594 2942 650 2986 tu
682 2935 903 3004 petieris
938 2937 1053 2993 sive
1090 2955 1121 2991 a
1153 2944 1424 2997 monacho
1450 2943 1563 2999 sive
1594 2961 1624 2999 a
1671 2948 1943 3014 saculari,
1981 2966 2082 3005 nec

512 3026 745 3080 voluerit
773 3027 906 3084 illud
932 3031 1200 3101 recipere,
1231 3034 1333 3088 hoc
1359 3043 1444 3090 est
1474 3043 1984 3106 temperamentum,
2023 3053 2081 3097 ut

511 3134 636 3171 cum
668 3120 863 3173 notitia
893 3121 1013 3189 ejus
1036 3123 1298 3181 exhibeas
1340 3142 1437 3196 pro
1465 3142 1531 3182 eo
1568 3131 1778 3185 ratione
1798 3132 2082 3188 cbariIatis

510 3219 563 3263 et
592 3211 969 3282 eleemosynte.

583 3300 707 3355 105.
751 3303 862 3373 (535)
901 3303 1273 3361 Mentorabant
1298 3309 1363 3361 de
1402 3309 1596 3365 abbate
1621 3311 1897 3383 Pmmene,
1931 3319 2075 3386 quod

512 3408 789 3464 tmnquam
817 3398 1049 3453 voluerit
1087 3399 1217 3455 dare
1259 3403 1552 3457 consilium
1602 3421 1760 3460 suum
1803 3419 1925 3480 post
1951 3414 2078 3467 alte-

513 3485 626 3540 rius
680 3488 828 3543 senis
882 3504 1236 3559 responsum;
1281 3495 1375 3548 sed
1427 3496 1596 3564 magis
1643 3499 1894 3556 laudibus
1945 3502 2079 3559 illud

510 3592 735 3646 prorsus
766 3581 1043 3636 extulerit.

581 3670 706 3724 106.
753 3669 899 3725 Dixit
943 3673 1113 3727 abbas
1148 3672 1371 3732 Ptnmen
1400 3696 1413 3732 :
1449 3678 1596 3733 Multi
1628 3698 1658 3735 e
1686 3679 1940 3739 Patrihus
1980 3700 2079 3739 no-

509 3763 641 3815 stris
679 3764 847 3820 l'ortes
898 3767 1227 3821 exstiterunt
1266 3769 1318 3823 in
1368 3772 1490 3826 vitae
1528 3776 1881 3839 austeritate;
1925 3785 1979 3830 at
2024 3780 2076 3833 in

509 3852 812 3908 subtilitate
843 3855 1214 3921 discretionis,
1250 3876 1413 3927 unus,
1450 3879 1613 3919 unus.

581 3942 704 3998 107.
744 3946 977 4001 Sedente
1007 3948 1299 4019 aliquando
1324 3954 1521 4009 abbate
1551 3954 1702 4013 Isaac
1727 3961 1867 4029 apud
1906 3962 2077 4017 abba-

509 4044 615 4089 tem
640 4034 973 4106 Poemenem,
1005 4042 1189 4097 audita
1226 4055 1311 4098 est
1336 4047 1462 4117 galli
1492 4064 1615 4103 vox.
1644 4050 1782 4105 Dicit
1817 4069 1949 4124 ergo
1972 4057 2019 4110 ei
2052 4076 2066 4111 :

509 4128 758 4185 llazccine
778 4131 865 4186 hic
895 4143 1043 4198 sunt,
1069 4136 1247 4190 abba?
1272 4139 1566 4210 Respondit
1593 4161 1607 4196 :
1634 4144 1803 4208 Isaac,
1826 4147 1956 4215 quid
1986 4164 2078 4203 co-

507 4221 589 4288 gis
622 4237 707 4275 me
735 4222 923 4293 loqui?
952 4226 1030 4279 'l‘n
1066 4243 1129 4280 ac
1162 4231 1237 4280 tui
1272 4229 1500 4294 similes,
1528 4234 1731 4288 auditis
1763 4235 2073 4305 ejusmodi;

508 4325 561 4365 at
588 4313 790 4369 homini
834 4317 1074 4387 vigilanti
1112 4336 1221 4374 non
1274 4333 1359 4376 est
1396 4339 1543 4381 cura:
1572 4326 1638 4381 de
1666 4327 1787 4383 istis
1820 4330 2004 4386 rebus.

582 4493 701 4547 l08.
742 4494 991 4562 Aiebant,
1027 4499 1172 4568 quod
1215 4502 1257 4554 si
1301 4506 1668 4560 accessissent
1714 4512 1960 4565 nonnmli
2002 4512 2069 4567 ad

2191 653 2277 707 δία
2316 670 2418 724 μου
2459 653 2764 724 παρειμένη
2806 654 2972 713 ἐστὶν,
3017 652 3111 705 ὲὰν
3146 650 3425 722 καταλάϐῃ
3478 667 3543 720 με
3574 652 3775 721 καμεῖν

2194 744 2407 815 μικρὸν.
2445 744 2607 812 Λέγει
2659 742 2807 813 αὐτῷ
2842 745 2870 796 6
2908 741 3087 815 γέρων
3114 757 3128 771 ·
3161 742 3232 795 Οὐ
3280 741 3633 811 θαυμάζομεν
3679 742 3773 793 τὸν

2202 835 2398 906 Ἰωσὴφ
2425 836 2706 906 μειράκιον
2730 834 2859 887 ὄντα
2882 833 3017 886 ἑτῶν
3038 833 3335 897 δεκαεπτά,
3360 831 3478 895 πῶς
3506 832 3771 900 ὑπέμεινε

2188 926 2281 978 τὸν
2318 928 2621 997 πειρασμὸν
2662 929 2741 990 εἰς
2798 925 2982 991 τέλοςς
3037 927 3131 978 καί
3159 927 3187 977 6
3222 923 3355 987 Θεὸς
3385 923 3635 988 ἐδόξασεν
3668 924 3771 976 αὖ·

2187 1015 2298 1069 τόν.
2335 1017 2446 1085 Οὐχ
2491 1016 2708 1087 ὁρῶμεν
2756 1016 2850 1069 καὶ
2893 1014 2985 1067 τὸν
3032 1012 3171 1075 Ἰὼϐ,
3204 1012 3321 1075 πῶς
3364 1013 3464 1065 οὐκ
3509 1012 3772 1064 ἐνέδωκεν

2187 1105 2292 1170 ἕως
2335 1107 2522 1170 τέλονς
2566 1109 2810 1178 κατέχων
2860 1106 2958 1177 τὴν
3001 1105 3309 1175 ὑπομονήν;
3347 1105 3439 1157 καὶ
3468 1105 3567 1157 οὐκ
3613 1105 3770 1174 ἴσχυ-

2191 1214 2289 1250 σαν
2322 1199 2371 1249 οἱ
2411 1199 2707 1269 πειρασμόν.
2750 1195 3167 1269 παρασαλεῦσαι
3213 1195 3375 1248 αὐτὸν
3417 1196 3515 1265 τῆς
3555 1194 3772 1258 ἐλπίδος

2188 1287 2282 1341 τοῦ
2316 1287 2475 1340 Θεοῦ.
3366 1344 3375 1359 ,

2262 1384 2363 1448 ργ’.
2398 1374 2565 1431 Εἶπεν
2596 1379 2625 1430 6
2652 1376 2826 1439 άϐϐἰς
2861 1376 3073 1447 Ποιμήν
3093 1392 3107 1406 ο
3135 1373 3342 1446 Χρῄζει
3391 1373 3452 1426 τὸ
3501 1371 3769 1427 κοινόὸιον

2188 1469 2331 1540 ἔχειν
2378 1472 2529 1542 τρεῖς
2583 1468 2830 1541 πράξεις,
2870 1468 2998 1539 μίαν
3038 1467 3326 1538 ταπεινὴν,
3367 1466 3461 1522 καὶ
3516 1467 3644 1538 μίαν
3688 1469 3770 1528 εἰς

2189 1562 2453 1635 ὑπακοὴν,
2481 1563 2575 1616 καὶ
2606 1563 2735 1633 μίαν
2776 1561 3140 1632 κεκινημένην
3166 1562 3258 1614 καὶ
3294 1560 3523 1631 ἔχουσαν
3550 1559 3614 1612 τὸ
3641 1560 3770 1612 κέν-

2186 1673 2334 1728 τρον.
2360 1656 2449 1709 διὰ
2477 1655 2541 1709 τὸ
2568 1654 2729 1726 ἔργον
2759 1654 2851 1707 τοῦ
2881 1653 3172 1707 κοινοὸίου.

2259 1747 2354 1819 ρδ’.
2396 1744 2647 1815 Ἀδελφὸς
2681 1745 2930 1817 ἠρώτησε
2957 1746 3050 1800 τὸν
3077 1744 3249 1799 άὸϐἄν
3277 1744 3541 1816 Ποιμένα,
3568 1744 3767 1813 λέγων·

2200 1839 2287 1892 Ἐν
2347 1836 2523 1909 καιρῷ
2557 1836 2787 1907 θλίψεώς
2837 1854 2939 1907 μου
2972 1836 3213 1909 ἐζήτησα
3269 1835 3422 1908 παρὰ
3477 1836 3617 1900 τινὸς
3657 1838 3772 1891 τῶν

2187 1931 2358 2001 ἁγίων
2388 1933 2619 2001 πρᾶγμα
2648 1933 2706 1985 ἐν
2741 1932 2933 2002 χρήσει
2957 1947 2970 1959 ·
3006 1930 3101 1984 καὶ
3149 1929 3317 1983 ἔδωκέ
3346 1946 3433 2000 μοι
3460 1929 3591 1983 αὐτὸ
3629 1932 3772 1998 άγά-

2189 2039 2318 2094 πήν.
2357 2022 2480 2075 Ἐὰν
2522 2018 2615 2076 οὖν
2643 2024 2670 2075 6
2699 2022 2831 2086 Θεὸς
2861 2023 3005 2093 κάμὲ
3051 2022 3403 2094 οἱκονομήσῃ,
3428 2020 3585 2074 δώσω
3633 2021 3772 2075 αὐτὸ

2188 2116 2344 2187 κάγὼ
2391 2118 2612 2189 ἀγάπην
2668 2118 2934 2189 ἄλλοις,ἢ
2981 2119 3179 2190 μᾶλλον
3239 2116 3318 2188 τῷ
3369 2116 3623 2171 δεδωκότι
3679 2134 3775 2187 μοι

2187 2209 2349 2273 αὑτός
2372 2210 2534 2277 Λέγει
2566 2208 2714 2280 αὐτῷ
2742 2210 2771 2260 6
2799 2211 2998 2278 γέρων
3037 2211 3101 2262 '0
3116 2207 3178 2261 τὸ
3201 2208 3246 2239 ’⁸
3270 2207 3477 2261 δίκαιον
3508 2207 3660 2280 παρά
3689 2210 3775 2279 τῷ

2188 2299 2306 2371 Θεῷ
2345 2302 2510 2365 ἐστιν,
2561 2299 2648 2352 ἵνα
2682 2299 2830 2371 αὑτῷ
2876 2299 3000 2371 δοθῇ
3026 2316 3042 2331 ⁸
3083 2298 3247 2353 αὑτοῦ
3289 2299 3399 2370 γάρ
3431 2300 3568 2354 ἐστι.
3601 2301 3773 2368 Λέγει

2188 2390 2336 2462 αὐτῷ
2362 2393 2391 2445 6
2423 2391 2647 2462 ἀδελφός
2669 2408 2683 2422 ο
2730 2392 2855 2444 Ἐὰν
2887 2390 3175 2459 άπενέγκω
3197 2387 3310 2456 οὖν,
3339 2391 3432 2443 καὶ
3464 2389 3538 2461 μὴ
3563 2390 3777 2463 θελήσῃ

2187 2484 2390 2546 λαϐεῖν,
2437 2483 2552 2537 ἀλλ’
2584 2483 2712 2555 εἴπῃ
2750 2500 2858 2554 μοι,
2894 2482 3133 2550 ”Υπαγε,
3170 2484 3245 2546 ὡς
3281 2480 3458 2546 Θέλεις
3501 2481 3590 2545 δὸς
3636 2484 3777 2537 αὑτὸ

2188 2575 2430 2645 ἀγάπην,
2464 2575 2517 2627 τι
2548 2578 2791 2644 ποιήσω;
2825 2574 2990 2638 Λέγει
3012 2574 3159 2644 αὐτῷ
3180 2576 3209 2628 6
3245 2575 3423 2645 γέρων
3449 2590 3464 2604 ·
3496 2574 3646 2639 Τέως
3679 2577 3779 2628 αὺ-

2187 2666 2280 2720 τοῦ
2315 2668 2432 2720 ὲστι
2462 2666 2523 2720 τὸ
2571 2668 2823 2737 πρᾶγμα.
2862 2665 2987 2720 Ἐάν
3029 2666 3084 2719 δέ
3128 2684 3211 2729 τις
3252 2683 3333 2719 σοι
3376 2666 3632 2738 παράσχῃ
3677 2668 3776 2735 ἀφ’

2189 2758 2402 2822 ἑαυτοῦ,
2434 2759 2527 2811 σοῦ
2572 2758 2646 2829 μὴ
2684 2760 3003 2829 αἰτήσαντος
3046 2758 3227 2823 αὐτὸν,
3261 2758 3420 2811 τοῦτο
3465 2759 3556 2811 σόν
3597 2760 3772 2813 ἐστιν.

2201 2849 2327 2903 Ἐὰν
2350 2850 2408 2903 δὲ
2439 2850 2501 2903 σὺ
2532 2851 2761 2922 αἰτήσῃς
2797 2850 2829 2921 ἦ
2863 2851 3013 2921 παρᾶ
3050 2849 3282 2921 μοναχοῦ
3314 2850 3346 2920 ἦ
3381 2851 3531 2921 παρὰ
3570 2868 3774 2923 κοσμι-

2189 2940 2308 3005 κοῦ,
2343 2942 2439 2995 καὶ
2492 2942 2566 3013 μὴ
2605 2942 2804 3013 θελήσῃ
2844 2941 3098 3006 δέξασθαι
3143 2943 3293 3007 αὐτὸ,
3345 2941 3503 2996 τοῦτὸ
3552 2945 3670 2999 ἐστι
3706 2944 3777 2997 τὸ

2190 3035 2491 3106 σύγκριμα,
2528 3035 2615 3089 ἵνα
2659 3036 2858 3099 εἰδότος
2898 3035 3062 3089 αὑτοῦ
3115 3036 3406 3109 παράσχῃς
3452 3036 3582 3090 αὐτὸ
3623 3036 3776 3108 ὑπὲρ

2188 3126 2353 3180 αὑτοῦ
2393 3127 2639 3199 ἀγάπην.

2254 3309 2351 3375 ρε’.
2383 3303 2606 3372 Ἔλεγον
2630 3302 2757 3374 περὶ
2788 3300 2883 3354 τοῦ
2917 3302 3061 3355 άϐὅᾶ
3091 3303 3372 3372 Ποιμένος,
3403 3304 3485 3357 ὅτι
3505 3301 3766 3357 οὐδέποτε

2181 3396 2340 3469 ἤθελε
2368 3396 2553 3449 δοῦναι
2591 3396 2681 3448 τὸν
2710 3395 2866 3465 λόγον
2895 3394 3060 3450 αὐτοῦ
3094 3395 3279 3448 ἐπάνω
3309 3397 3355 3428 ’⁸
3388 3395 3549 3449 άλλου
3572 3397 3773 3468 γέρον-

2179 3505 2306 3553 τος·
2341 3488 2476 3543 ἀλλὰ
2510 3488 2709 3559 μᾶλλον
2745 3488 2885 3543 κατὰ
2917 3489 3092 3543 πάντα
3115 3489 3303 3561 ἐπῄνει
3335 3489 3516 3545 αὐτόν.

2256 3677 2365 3740 ρς·’.
2399 3664 2565 3721 Εἶπεν
2593 3669 2621 3721 6
2657 3667 2831 3730 ά66ἇς
2860 3668 3098 3738 Ποιμήνο
3141 3667 3331 3721 Πολλοὶ
3360 3666 3470 3721 τῶν
3504 3667 3775 3739 Πατέρων

2181 3760 2336 3832 ήμῶν
2365 3760 2611 3828 ἐγένοντο
2654 3759 2887 3831 ἀνδρεῖοι
2917 3760 3000 3822 εις
3037 3759 3135 3830 τὴν
3173 3758 3398 3829 ἄσκησιν
3419 3777 3432 3790 ο
3466 3760 3547 3823 εις
3578 3759 3637 3814 δὲ
3664 3760 3772 3830 τὴν

2180 3851 2486 3921 λεπτότητα
2518 3853 2558 3914 ⁸,
2591 3845 2693 3914 εἷς,
2727 3847 2826 3911 εἷς.

2253 3944 2351 4013 ρξ’.
2386 3943 2710 4012 Καθημένου
2752 3944 2882 3997 ποτὲ
2928 3942 3022 3997 τοῦ
3061 3941 3205 3996 ἀεῖὅᾶ
3258 3942 3443 3996 Ἰσαὰκ
3489 3943 3629 4013 πρὸς
3669 3943 3770 3997 τὸν

2179 4035 2353 4089 άῦὅᾶν
2393 4035 2651 4105 Ποιμένα,
2692 4033 2933 4107 ἠκούσθη
2973 4034 3125 4105 φωνὴ
3164 4033 3479 4104 ἀλέκτορος.
3524 4035 3634 4088 Καὶ
3673 4034 3768 4087 λέ-

2178 4144 2265 4197 γει
2291 4127 2471 4198 αὐτῷ’
2508 4129 2626 4181 Ἐνι
2660 4128 2833 4181 ταῦτα
2868 4124 2992 4191 ὦδε,
3023 4128 3204 4195 ἀδδεές
3257 4129 3315 4181 '0
3339 4128 3396 4181 δὲ
3438 4127 3768 4199 ἀποκριθεὶς

2179 4216 2331 4272 εἶπεν
2386 4219 2568 4290 αὐτῷ·
2606 4218 2807 4274 Ἰσαάκ.
2837 4220 2888 4272 τί
2934 4220 3266 4288 ἀναγκάζεις
3294 4237 3360 4291 με
3389 4219 3654 4289 λαλῆσαι;
3697 4222 3766 4273 σὺ

2180 4311 2273 4362 καὶ
2301 4310 2350 4362 οἱ
2380 4309 2554 4379 ὅμοιοί
2594 4327 2687 4364 σου
2714 4313 2941 4371 ἀκούετε
2973 4311 3176 4364 τούτων
3196 4327 3209 4339 ·
3238 4312 3316 4383 τῷ
3344 4312 3401 4365 δὲ
3431 4314 3654 4383 νήφοντι
3698 4314 3766 4365 οὐ

2183 4400 2335 4471 μέλει
2369 4403 2499 4472 περὶ
2524 4400 2752 4455 τούτων.

2253 4499 2354 4564 ρην.
2389 4492 2636 4561 Ἔλεγον,
2664 4494 2747 4547 ὅτι
2784 4496 2832 4547 εἰ
2865 4495 3094 4565 ἤρχοντο
3121 4511 3265 4569 τινες
3298 4496 3435 4566 πρὸς
3468 4495 3559 4548 τὸν
3588 4495 3769 4549 άεὸἄν

506 4583 751 4639 abbatem
790 4584 1121 4654 Pteinenem,
1147 4592 1298 4661 prius
1325 4595 1574 4650 mittebat
1603 4613 1699 4653 eos
1726 4600 1790 4653 ad
1820 4604 2070 4659 abbatem

2192 4585 2439 4656 Ποιμένα,
2474 4585 2802 4639 ἀπέστελλεν
2839 4587 3036 4644 αὐτοὺς
3065 4586 3202 4657 πρὸς
3230 4586 3323 4640 τὸν
3355 4586 3528 4641 ὰϐὅᾶν
3568 4588 3765 4640 ’Δνοίιϐ

507 4673 689 4739 Anub,
711 4677 854 4745 quod
879 4677 926 4733 is
960 4680 1135 4749 major
1162 4693 1293 4738 natu
1324 4698 1491 4741 esset.
1524 4689 1708 4746 Abbas
1756 4709 1884 4749 vero
1915 4697 2077 4754 Anuh

2192 4675 2420 4747 πρῶτον,
2449 4677 2530 4730 ὅτι
2579 4676 2740 4740 αὐτὸς
2789 4677 2988 4747 μείζων
3011 4680 3125 4742 τοῖς
3168 4678 3365 4733 ἐτεσιν.
3412 4679 3470 4733 'O
3504 4679 3559 4732 δὲ
3586 4680 3765 4743 ά66ᾶς

502 4764 721 4819 dicebat
762 4768 869 4822 iis:
902 4767 978 4824 Ite
1004 4773 1070 4826 ad
1098 4772 1320 4829 fratrem
1360 4793 1539 4834 meum
1564 4779 1911 4854 Ptemenem;
1958 4804 2077 4858 ipse

505 4856 648 4909 enim
697 4857 857 4913 habet
903 4865 1175 4921 sermonis
1218 4868 1444 4925 donum.
1502 4874 1571 4927 At
1591 4875 1636 4928 si
1677 4876 1789 4931 illic
1839 4856 2073 4937 sedis—set

506 4946 675 5001 abbas
708 4949 867 5003 Anub
891 4951 1053 5019 juxta
1096 4956 1345 5012 abbatem
1379 4960 1713 5027 Ptemenem,
1758 4969 2069 5028 nullatenus

507 5036 831 5108 loquebatur
863 5039 1084 5099 Pwmen
1112 5061 1382 5115 praesente
1412 5052 1524 5108 illo.

576 5199 698 5257 109.
738 5198 867 5255 Erat
888 5205 1170 5261 szecularis
1190 5209 1436 5278 quidam,
1465 5213 1627 5271 homo
1652 5216 1704 5271 in
1730 5218 1836 5272 vita
1861 5237 2074 5279 summe

2196 4764 2385 4818 Ἀνοὺὸ
2430 4765 2613 4834 ἔλεγεν
2647 4767 2861 4831 αὐτοῖς·
2893 4768 3038 4840 Πρὸς
3096 4769 3189 4821 τὸν
3234 4769 3460 4840 ἀδελφόν
3494 4787 3595 4841 μου
3638 4771 3753 4824 [lor

2184 4855 2321 4927 μένα
2355 4857 2615 4925 ὑπάγετε,
2645 4860 2725 4912 ὅτι
2757 4859 2916 4922 αὐτὸς
2945 4860 3175 4931 ἔχειτοῦ
3200 4860 3357 4929 λόγου
3393 4861 3453 4914 τὸ
3488 4861 3760 4932 χάρισμα.

2179 4952 2243 5004 Εἰ
2272 4951 2328 5004 δὲ
2373 4952 2606 5025 ἐκάθητο
2644 4955 2813 5008 ὲκεῖὀ
2837 4955 3010 5019 άὸὅᾶς
3049 4956 3239 5010 Ἀνοὺϐ
3279 4958 3445 5025 ἐγγὺς
3488 4956 3585 5009 τοῦ
3614 4956 3763 5010 άϐεᾶ

2180 5042 2463 5112 Ποιμένος,
2486 5044 2586 5097 οὐκ
2620 5045 2799 5099 ἐλάλει
2826 5045 2964 5111 ὅλως
2990 5050 3019 5101 6
3050 5047 3224 5112 άϐὁᾶς
3250 5047 3458 5119 Ποιμήν
3491 5048 3765 5121 παρόντος

2183 5135 2367 5190 αὐτοῦ.

2256 5227 2355 5300 ρθ’.
2387 5226 2494 5284 Ἦν
2524 5249 2607 5295 τις
2624 5234 2885 5304 κοσμικὸς
2917 5235 3030 5305 (56)
3056 5234 3286 5305 εὐλαϐὴς
3310 5236 3450 5289 πάνυ
3471 5236 3529 5288 ἐν
3555 5235 3636 5306 τῷ
3660 5234 3764 5306 βίῳ

539 5363 613 5447 δ”
652 5360 789 5418 Gen.
834 5377 1041 5426 xxxvn,
1063 5362 1119 5433 9.,
1150 5365 1204 5420 in
1242 5363 1403 5423 LXX.
1480 5370 1528 5403 "
1553 5372 1641 5431 Al.
1673 5374 1781 5434 ὅτι.
1855 5381 1900 5412 ⁹⁹
1924 5380 2007 5436 Al.
2038 5385 2081 5438 in

2192 5425 2205 5437 .
2232 5388 2493 5458 ῥήματος.
2570 5389 2587 5420 ί
2623 5388 2707 5443 Al.
2743 5392 2913 5446 inser.
2946 5392 3055 5445 τῶν
3084 5390 3498 5461 λογισμῶν,διά
3519 5408 3765 5464 προσευ-

500 5450 621 5507 xu:-

575 5554 685 5626 (5.4)
718 5554 949 5610 Misce“.
981 5553 1139 5611 Voss.
1172 5570 1228 5626 p.
1260 5554 1382 5612 155.

575 5624 688 5695 (55)
725 5627 837 5695 γη.
866 5626 1019 5680 Patr.
1062 5642 1151 5687 xv,
1176 5624 1283 5681 ιι.

577 5692 689 5769 (5_6)
723 5692 1297 5769 *Ην-τιςᾲκρσμικός.
1342 5696 1539 5769 Magna
1596 5714 1720 5753 cum
1756 5700 2075 5755 diversitate

507 5761 781 5882 profertur
810 5761 1204 5882 ΑρὲρΙιιΙισρψα
1237 5761 1290 5821 in
1321 5761 1537 5825 duobus
1562 5770 1671 5824 illis
1698 5785 1829 5828 mss.
1854 5771 2077 5840 optimis

533 5830 858 5882 ltbliotliem
938 5835 1241 5882 (libertina-
1283 5838 1359 5882 Ad
1400 5839 1543 5882 humo
1572 5842 1773 5882 nninnn
1803 5842 2023 5882 manm
2060 5860 2071 5870 -

533 5830 858 5909 liinothecte
890 5830 1241 5909 qubertinae.
1272 5838 1361 5909 Ad
1380 5839 1545 5909 _hunc
1572 5842 1773 5909 quippe
1803 5830 2024 5895 modum
2060 5860 2071 5894 :

507 5895 618 5954 Ἦν
640 5917 722 5967 τις
749 5904 1011 5972 κοσμικδς
1054 5908 1194 5961 πάνυ
1234 5907 1467 5979 εὐλαϐής
1486 5928 1501 5942 ·
1543 5895 1636 5966 xii.
1662 5895 1792 5985 ἦλθε
1820 5911 1953 5982 πρὸς
1989 5911 2079 5965 τὸν

2170 5560 2343 5641 άβῦᾶν
2373 5562 2651 5641 μωμένα·
2679 5564 2775 5641 καὶἶ
2805 5563 2989 5641 πολλοι
3025 5565 3174 5620 ἄλλοι
3205 5567 3424 5641 άδελφοὶ
3468 5573 3759 5641 αἰτοῦντες

2171 5629 2335 5711 λογον⁸
2357 5632 2622 5711 ὠφελείας
2638 5633 2790 5711 παρά
2809 5634 3198 5711 τοῦ-γέροντος.
3221 5639 3329 5711 κει
3346 5629 3503 5711 εἶπεν
3530 5646 3560 5696 6
3580 5629 3760 5711 άὸὅάξ

2174 5701 2383 5783 ῌοιμὴν
2426 5703 2503 5773 τῷ
2552 5701 2801 5783 κοσμικιῇ
2829 5721 2856 5783 ο.
2898 5701 3067 5783 Ειίτέὸν
3106 5710 3220 5783 τοῖς
3250 5709 3524 5783 ,ἀδελφοῖς
3572 5701 3757 5783 λόγονῖ

2176 5771 2383 5852 ᾼέγειό
2400 5771 2659 5852 κοσμικρς
2680 5788 2692 5800 ⁸
2735 5772 2876 5852 Ἰξγεῦ
2896 5774 2961 5852 τί.
2976 5774 3084 5845 ἔχω
3112 5778 3286 5852 siluis!
3312 5771 3755 5852 6’1dlgvimp'o;;

2189 5841 2578 5916 ’Δναγκασθεὶς
2608 5843 2666 5895 δὲ
2695 5842 2887 5916 πολλά.
2912 5841 3064 5903 εἶπεν
3084 5864 3099 5877 ’
3142 5845 3282 5916 Ἐγὼ
3310 5850 3409 5903 οὐκ
3436 5848 3559 5906 οἶδα
3580 5841 3641 5907 τί
3656 5841 3761 5909 πόἰ

2177 5929 2264 5965 τε·
2294 5913 2501 5983 ήκονσα
2536 5913 2589 5966 δὲ
2625 5913 2938 5986 παραϐολὴν
2973 5913 3221 5987 μεγάλοιί
3242 5917 3527 5990 γέροντος’
3562 5925 3649 5979 ὅτι
3672 5928 3761 5991 τις
