  <div class='ocr_page' id='page_1' title='image "/cluster/home/n/w/nwhite01/storage/ocr_20150623/65/mdp.39015008972203/182.png"; bbox 0 0 4062 6332; ppageno 0'>
   <div class='ocr_carea' id='block_1_1' title="bbox 277 346 378 404">
    <p class='ocr_par' dir='ltr' id='par_1_1' title="bbox 277 346 378 404">
     <span class='ocr_line' id='line_1_1' title="bbox 277 346 378 404; baseline 0.01 -4"><span class='ocrx_word' id='word_1_1' title='bbox 277 346 378 404; x_wconf 71' lang='grc'><strong>’533</strong></span> 
     </span>
    </p>
   </div>
   <div class='ocr_carea' id='block_1_2' title="bbox 1418 355 2372 419">
    <p class='ocr_par' dir='ltr' id='par_1_2' title="bbox 1418 355 2372 419">
     <span class='ocr_line' id='line_1_2' title="bbox 1418 355 2372 419; baseline 0.005 -8"><span class='ocrx_word' id='word_1_2' title='bbox 1418 355 2026 413; x_wconf 68' lang='grc' dir='ltr'><strong>ᾹΡΟΡΠΤΗΕἙΜᾹΤΑ</strong></span> <span class='ocrx_word' id='word_1_3' title='bbox 2064 358 2372 419; x_wconf 71' lang='grc' dir='ltr'><strong>ΡΑΤῐίυΜ.</strong></span> 
     </span>
    </p>
   </div>
   <div class='ocr_carea' id='block_1_3' title="bbox 3414 378 3519 433">
    <p class='ocr_par' dir='ltr' id='par_1_3' title="bbox 3414 378 3519 433">
     <span class='ocr_line' id='line_1_3' title="bbox 3414 378 3519 433; baseline 0.01 -2"><span class='ocrx_word' id='word_1_4' title='bbox 3414 378 3519 433; x_wconf 64' lang='grc' dir='ltr'>ὃῦῑ</span> 
     </span>
    </p>
   </div>
   <div class='ocr_carea' id='block_1_4' title="bbox 282 462 1829 549">
    <p class='ocr_par' dir='ltr' id='par_1_4' title="bbox 282 462 1829 546">
     <span class='ocr_line' id='line_1_4' title="bbox 282 462 1829 546; baseline 0.01 -32"><span class='ocrx_word' id='word_1_5' title='bbox 282 462 453 526; x_wconf 72' lang='grc' dir='ltr'>δεξιάν</span> <span class='ocrx_word' id='word_1_6' title='bbox 504 479 597 516; x_wconf 75' lang='grc' dir='ltr'><strong>σου</strong></span> <span class='ocrx_word' id='word_1_7' title='bbox 664 466 842 537; x_wconf 85' lang='grc' dir='ltr'>χεῖρα,</span> <span class='ocrx_word' id='word_1_8' title='bbox 895 467 988 523; x_wconf 82' lang='grc' dir='ltr'><strong>καὶ</strong></span> <span class='ocrx_word' id='word_1_9' title='bbox 1043 468 1301 540; x_wconf 80' lang='grc' dir='ltr'><strong>ὀργισθῇς</strong></span> <span class='ocrx_word' id='word_1_10' title='bbox 1354 470 1521 541; x_wconf 73' lang='grc' dir='ltr'>αὐτῷ,</span> <span class='ocrx_word' id='word_1_11' title='bbox 1582 474 1701 544; x_wconf 78' lang='grc' dir='ltr'>είκῆ</span> <span class='ocrx_word' id='word_1_12' title='bbox 1756 475 1829 546; x_wconf 89' lang='grc' dir='ltr'><strong>ὀρ-</strong></span> 
     </span>
    </p>
   </div>
   <div class='ocr_carea' id='block_1_5' title="bbox 1931 462 3519 549">
    <p class='ocr_par' dir='ltr' id='par_1_5' title="bbox 1953 474 3519 549">
     <span class='ocr_line' id='line_1_5' title="bbox 1953 474 3519 549; baseline 0.013 -21"><span class='ocrx_word' id='word_1_13' title='bbox 1953 474 2196 530; x_wconf 78' lang='lat' dir='ltr'><strong>dcxtram</strong></span> <span class='ocrx_word' id='word_1_14' title='bbox 2250 493 2469 531; x_wconf 87' lang='lat' dir='ltr'><strong>manum</strong></span> <span class='ocrx_word' id='word_1_15' title='bbox 2523 482 2926 549; x_wconf 80' lang='lat' dir='ltr'><strong>amputaverit;</strong></span> <span class='ocrx_word' id='word_1_16' title='bbox 2976 492 3155 540; x_wconf 84' lang='lat' dir='ltr'><strong>tamen</strong></span> <span class='ocrx_word' id='word_1_17' title='bbox 3222 489 3267 544; x_wconf 99' lang='lat' dir='ltr'><strong>si</strong></span> <span class='ocrx_word' id='word_1_18' title='bbox 3323 490 3403 545; x_wconf 88' lang='lat' dir='ltr'><strong>ira</strong></span> <span class='ocrx_word' id='word_1_19' title='bbox 3462 494 3519 549; x_wconf 88' lang='lat' dir='ltr'><strong>in</strong></span> 
     </span>
    </p>
   </div>
   <div class='ocr_carea' id='block_1_6' title="bbox 281 553 1848 640">
    <p class='ocr_par' dir='ltr' id='par_1_6' title="bbox 281 553 1848 640">
     <span class='ocr_line' id='line_1_6' title="bbox 281 553 1848 640; baseline 0.01 -36"><span class='ocrx_word' id='word_1_20' title='bbox 281 554 419 627; x_wconf 73' lang='grc' dir='ltr'>γίζῃ·</span> <span class='ocrx_word' id='word_1_21' title='bbox 471 556 564 607; x_wconf 75' lang='grc' dir='ltr'>ἐὰν</span> <span class='ocrx_word' id='word_1_22' title='bbox 618 553 676 609; x_wconf 81' lang='grc' dir='ltr'>δὲ</span> <span class='ocrx_word' id='word_1_23' title='bbox 726 555 932 629; x_wconf 75' lang='grc' dir='ltr'>χωρίζῃ</span> <span class='ocrx_word' id='word_1_24' title='bbox 983 575 1042 612; x_wconf 89' lang='grc' dir='ltr'><strong>σε</strong></span> <span class='ocrx_word' id='word_1_25' title='bbox 1088 561 1196 614; x_wconf 82' lang='grc' dir='ltr'>ἀπὸ</span> <span class='ocrx_word' id='word_1_26' title='bbox 1225 560 1319 614; x_wconf 91' lang='grc' dir='ltr'><strong>τοῦ</strong></span> <span class='ocrx_word' id='word_1_27' title='bbox 1356 562 1511 627; x_wconf 86' lang='grc' dir='ltr'>Θεοῦ,</span> <span class='ocrx_word' id='word_1_28' title='bbox 1541 565 1661 618; x_wconf 87' lang='grc' dir='ltr'>τότε</span> <span class='ocrx_word' id='word_1_29' title='bbox 1705 566 1848 640; x_wconf 79' lang='grc' dir='ltr'>ὀργί-</span> 
     </span>
    </p>
   </div>
   <div class='ocr_carea' id='block_1_7' title="bbox 281 645 517 715">
    <p class='ocr_par' dir='ltr' id='par_1_7' title="bbox 281 645 517 715">
     <span class='ocr_line' id='line_1_7' title="bbox 281 645 517 715; baseline -0.004 -17"><span class='ocrx_word' id='word_1_30' title='bbox 281 645 428 715; x_wconf 70' lang='grc' dir='ltr'>σθητε.</span> <span class='ocrx_word' id='word_1_31' title='bbox 454 647 517 697; x_wconf 79' lang='grc'><strong>³⁸.</strong></span> 
     </span>
    </p>
   </div>
   <div class='ocr_carea' id='block_1_8' title="bbox 345 737 1842 818">
    <p class='ocr_par' dir='ltr' id='par_1_8' title="bbox 345 737 1842 818">
     <span class='ocr_line' id='line_1_8' title="bbox 345 737 1842 818; baseline 0.009 -29"><span class='ocrx_word' id='word_1_32' title='bbox 345 737 468 808; x_wconf 82' lang='grc' dir='ltr'>ριθ’.</span> <span class='ocrx_word' id='word_1_33' title='bbox 513 737 764 807; x_wconf 73' lang='grc' dir='ltr'>Ἀδελφὸς</span> <span class='ocrx_word' id='word_1_34' title='bbox 794 738 1044 813; x_wconf 70' lang='grc' dir='ltr'>ἠρώτησε</span> <span class='ocrx_word' id='word_1_35' title='bbox 1066 744 1156 796; x_wconf 84' lang='grc' dir='ltr'><strong>τὸν</strong></span> <span class='ocrx_word' id='word_1_36' title='bbox 1178 744 1350 799; x_wconf 77' lang='grc' dir='ltr'><strong>ἀϐὅᾶν</strong></span> <span class='ocrx_word' id='word_1_37' title='bbox 1372 747 1629 817; x_wconf 84' lang='grc' dir='ltr'>Ποιμένα,</span> <span class='ocrx_word' id='word_1_38' title='bbox 1651 747 1842 818; x_wconf 82' lang='grc' dir='ltr'>λέγων’</span> 
     </span>
    </p>
   </div>
   <div class='ocr_carea' id='block_1_9' title="bbox 278 829 1844 914">
    <p class='ocr_par' dir='ltr' id='par_1_9' title="bbox 278 829 1844 914">
     <span class='ocr_line' id='line_1_9' title="bbox 278 829 1844 914; baseline 0.01 -33"><span class='ocrx_word' id='word_1_39' title='bbox 278 829 338 881; x_wconf 82' lang='grc' dir='ltr'><strong>Τί</strong></span> <span class='ocrx_word' id='word_1_40' title='bbox 370 833 575 902; x_wconf 80' lang='grc' dir='ltr'>ποιήσω</span> <span class='ocrx_word' id='word_1_41' title='bbox 611 835 729 896; x_wconf 87' lang='grc' dir='ltr'>ταῖς</span> <span class='ocrx_word' id='word_1_42' title='bbox 760 834 1057 906; x_wconf 83' lang='grc' dir='ltr'><strong>ἁμαρτίαις</strong></span> <span class='ocrx_word' id='word_1_43' title='bbox 1079 855 1210 908; x_wconf 78' lang='grc' dir='ltr'>μους</span> <span class='ocrx_word' id='word_1_44' title='bbox 1243 839 1406 909; x_wconf 86' lang='grc' dir='ltr'>Λέγει</span> <span class='ocrx_word' id='word_1_45' title='bbox 1429 841 1575 912; x_wconf 84' lang='grc' dir='ltr'><strong>αὑτῷ</strong></span> <span class='ocrx_word' id='word_1_46' title='bbox 1595 843 1623 894; x_wconf 99' lang='lat'><strong>6</strong></span> <span class='ocrx_word' id='word_1_47' title='bbox 1647 844 1844 914; x_wconf 85' lang='grc' dir='ltr'>γέρων,</span> 
     </span>
    </p>
   </div>
   <div class='ocr_carea' id='block_1_10' title="bbox 276 923 1845 1005">
    <p class='ocr_par' dir='ltr' id='par_1_10' title="bbox 276 923 1845 1005">
     <span class='ocr_line' id='line_1_10' title="bbox 276 923 1845 1005; baseline 0.009 -30"><span class='ocrx_word' id='word_1_48' title='bbox 276 925 353 975; x_wconf 75' lang='grc' dir='ltr'>ὅτι</span> <span class='ocrx_word' id='word_1_49' title='bbox 387 924 443 977; x_wconf 89' lang='grc' dir='ltr'>Ὀ</span> <span class='ocrx_word' id='word_1_50' title='bbox 484 923 650 977; x_wconf 87' lang='grc' dir='ltr'>θέλων</span> <span class='ocrx_word' id='word_1_51' title='bbox 690 925 1067 997; x_wconf 76' lang='grc' dir='ltr'><strong>λυτρώσασθαι</strong></span> <span class='ocrx_word' id='word_1_52' title='bbox 1109 930 1403 1002; x_wconf 77' lang='grc' dir='ltr'>ἁμαρτίας,</span> <span class='ocrx_word' id='word_1_53' title='bbox 1446 932 1709 1005; x_wconf 79' lang='grc' dir='ltr'><strong>κλαυθμῷ</strong></span> <span class='ocrx_word' id='word_1_54' title='bbox 1752 935 1845 988; x_wconf 88' lang='grc' dir='ltr'>λυ-</span> 
     </span>
    </p>
   </div>
   <div class='ocr_carea' id='block_1_11' title="bbox 273 1015 1848 1096">
    <p class='ocr_par' dir='ltr' id='par_1_11' title="bbox 273 1015 1848 1096">
     <span class='ocr_line' id='line_1_11' title="bbox 273 1015 1848 1096; baseline 0.008 -28"><span class='ocrx_word' id='word_1_55' title='bbox 273 1015 489 1087; x_wconf 80' lang='grc' dir='ltr'>τροῦται</span> <span class='ocrx_word' id='word_1_56' title='bbox 519 1018 707 1081; x_wconf 72' lang='grc' dir='ltr'>αὐτάς·</span> <span class='ocrx_word' id='word_1_57' title='bbox 737 1020 830 1071; x_wconf 74' lang='grc' dir='ltr'><strong>καὶ</strong></span> <span class='ocrx_word' id='word_1_58' title='bbox 858 1021 886 1072; x_wconf 92' lang='lat'><strong>6</strong></span> <span class='ocrx_word' id='word_1_59' title='bbox 910 1019 1078 1073; x_wconf 85' lang='grc' dir='ltr'>θέλων</span> <span class='ocrx_word' id='word_1_60' title='bbox 1107 1024 1408 1094; x_wconf 80' lang='grc' dir='ltr'>κτήσασθαι</span> <span class='ocrx_word' id='word_1_61' title='bbox 1436 1025 1655 1096; x_wconf 75' lang='grc' dir='ltr'>ἀρετὰς,</span> <span class='ocrx_word' id='word_1_62' title='bbox 1685 1027 1848 1081; x_wconf 86' lang='grc' dir='ltr'>κλαυ-</span> 
     </span>
    </p>
   </div>
   <div class='ocr_carea' id='block_1_12' title="bbox 275 1108 1845 1190">
    <p class='ocr_par' dir='ltr' id='par_1_12' title="bbox 275 1108 1845 1190">
     <span class='ocr_line' id='line_1_12' title="bbox 275 1108 1845 1190; baseline 0.009 -31"><span class='ocrx_word' id='word_1_63' title='bbox 275 1108 390 1179; x_wconf 81' lang='grc' dir='ltr'><strong>θμῷ</strong></span> <span class='ocrx_word' id='word_1_64' title='bbox 430 1111 624 1177; x_wconf 76' lang='grc' dir='ltr'>κτᾶται</span> <span class='ocrx_word' id='word_1_65' title='bbox 660 1112 848 1174; x_wconf 71' lang='grc' dir='ltr'>αὐτάς.</span> <span class='ocrx_word' id='word_1_66' title='bbox 899 1112 971 1165; x_wconf 87' lang='grc' dir='ltr'>Τὸ</span> <span class='ocrx_word' id='word_1_67' title='bbox 1013 1114 1121 1187; x_wconf 80' lang='grc' dir='ltr'>γὰρ</span> <span class='ocrx_word' id='word_1_68' title='bbox 1152 1116 1358 1169; x_wconf 73' lang='grc' dir='ltr'>κλαίειν</span> <span class='ocrx_word' id='word_1_69' title='bbox 1397 1118 1542 1171; x_wconf 75' lang='grc' dir='ltr'>ἐστὶν</span> <span class='ocrx_word' id='word_1_70' title='bbox 1572 1119 1604 1189; x_wconf 84' lang='grc' dir='ltr'>ἢ</span> <span class='ocrx_word' id='word_1_71' title='bbox 1635 1118 1749 1182; x_wconf 74' lang='grc' dir='ltr'>ὁδὸς</span> <span class='ocrx_word' id='word_1_72' title='bbox 1779 1119 1845 1190; x_wconf 80' lang='grc' dir='ltr'>ἢν</span> 
     </span>
    </p>
   </div>
   <div class='ocr_carea' id='block_1_13' title="bbox 274 1201 1844 1280">
    <p class='ocr_par' dir='ltr' id='par_1_13' title="bbox 274 1201 1844 1280">
     <span class='ocr_line' id='line_1_13' title="bbox 274 1201 1844 1280; baseline 0.008 -28"><span class='ocrx_word' id='word_1_73' title='bbox 274 1201 583 1272; x_wconf 82' lang='grc' dir='ltr'>παρέδωκεν</span> <span class='ocrx_word' id='word_1_74' title='bbox 621 1203 748 1272; x_wconf 76' lang='grc' dir='ltr'>ἡμῖν</span> <span class='ocrx_word' id='word_1_75' title='bbox 778 1204 810 1274; x_wconf 84' lang='grc' dir='ltr'><strong>ή</strong></span> <span class='ocrx_word' id='word_1_76' title='bbox 839 1204 876 1255; x_wconf 88' lang='grc' dir='ltr'><strong><em>Γ</em></strong></span> <span class='ocrx_word' id='word_1_77' title='bbox 882 1205 1047 1276; x_wconf 79' lang='grc' dir='ltr'>ραφὴ,</span> <span class='ocrx_word' id='word_1_78' title='bbox 1076 1205 1170 1260; x_wconf 74' lang='grc' dir='ltr'><strong>καὶ</strong></span> <span class='ocrx_word' id='word_1_79' title='bbox 1196 1209 1243 1260; x_wconf 89' lang='grc' dir='ltr'>οἱ</span> <span class='ocrx_word' id='word_1_80' title='bbox 1283 1210 1522 1278; x_wconf 83' lang='grc' dir='ltr'>Πατέρες</span> <span class='ocrx_word' id='word_1_81' title='bbox 1550 1210 1725 1280; x_wconf 83' lang='grc' dir='ltr'>ἡμῶν,</span> <span class='ocrx_word' id='word_1_82' title='bbox 1756 1211 1844 1264; x_wconf 87' lang='grc' dir='ltr'>λέ-</span> 
     </span>
    </p>
   </div>
   <div class='ocr_carea' id='block_1_14' title="bbox 271 1292 1843 1373">
    <p class='ocr_par' dir='ltr' id='par_1_14' title="bbox 271 1292 1843 1373">
     <span class='ocr_line' id='line_1_14' title="bbox 271 1292 1843 1373; baseline 0.007 -30"><span class='ocrx_word' id='word_1_83' title='bbox 271 1308 473 1360; x_wconf 82' lang='grc' dir='ltr'>γοντες·</span> <span class='ocrx_word' id='word_1_84' title='bbox 516 1292 823 1348; x_wconf 64' lang='grc' dir='ltr'>κλαύσατε.</span> <span class='ocrx_word' id='word_1_85' title='bbox 860 1295 1027 1367; x_wconf 72' lang='grc' dir='ltr'>Ἄλλη</span> <span class='ocrx_word' id='word_1_86' title='bbox 1075 1298 1183 1368; x_wconf 80' lang='grc' dir='ltr'>γὰρ</span> <span class='ocrx_word' id='word_1_87' title='bbox 1224 1298 1341 1362; x_wconf 79' lang='grc' dir='ltr'>ὁδὸς</span> <span class='ocrx_word' id='word_1_88' title='bbox 1368 1300 1468 1353; x_wconf 75' lang='grc' dir='ltr'>οὐκ</span> <span class='ocrx_word' id='word_1_89' title='bbox 1492 1299 1659 1362; x_wconf 78' lang='grc' dir='ltr'>ἔστιν,</span> <span class='ocrx_word' id='word_1_90' title='bbox 1690 1302 1737 1353; x_wconf 81' lang='grc' dir='ltr'>εἰ</span> <span class='ocrx_word' id='word_1_91' title='bbox 1769 1302 1843 1373; x_wconf 82' lang='grc' dir='ltr'><strong>μὴ</strong></span> 
     </span>
    </p>
   </div>
   <div class='ocr_carea' id='block_1_15' title="bbox 271 1402 429 1455">
    <p class='ocr_par' dir='ltr' id='par_1_15' title="bbox 271 1402 429 1455">
     <span class='ocr_line' id='line_1_15' title="bbox 271 1402 429 1455; baseline -0.006 -15"><span class='ocrx_word' id='word_1_92' title='bbox 271 1402 429 1455; x_wconf 83' lang='grc' dir='ltr'>αυτη.</span> 
     </span>
    </p>
   </div>
   <div class='ocr_carea' id='block_1_16' title="bbox 340 1477 1844 1554">
    <p class='ocr_par' dir='ltr' id='par_1_16' title="bbox 340 1477 1844 1554">
     <span class='ocr_line' id='line_1_16' title="bbox 340 1477 1844 1554; baseline 0.001 -23"><span class='ocrx_word' id='word_1_93' title='bbox 340 1484 441 1549; x_wconf 86' lang='grc' dir='ltr'><strong>ρκ’.</strong></span> <span class='ocrx_word' id='word_1_94' title='bbox 485 1477 798 1550; x_wconf 84' lang='grc' dir='ltr'>Ἠρώτησεν</span> <span class='ocrx_word' id='word_1_95' title='bbox 855 1478 1082 1548; x_wconf 64' lang='grc' dir='ltr'>ἁδελφὸς</span> <span class='ocrx_word' id='word_1_96' title='bbox 1126 1480 1217 1533; x_wconf 83' lang='grc' dir='ltr'><strong>τὸν</strong></span> <span class='ocrx_word' id='word_1_97' title='bbox 1256 1481 1429 1535; x_wconf 76' lang='grc' dir='ltr'>ἀϐὄᾶν</span> <span class='ocrx_word' id='word_1_98' title='bbox 1482 1482 1742 1554; x_wconf 85' lang='grc' dir='ltr'>Ποιμένα·</span> <span class='ocrx_word' id='word_1_99' title='bbox 1780 1480 1844 1538; x_wconf 82' lang='grc' dir='ltr'>Τί</span> 
     </span>
    </p>
   </div>
   <div class='ocr_carea' id='block_1_17' title="bbox 270 1569 1844 1644">
    <p class='ocr_par' dir='ltr' id='par_1_17' title="bbox 270 1569 1844 1644">
     <span class='ocr_line' id='line_1_17' title="bbox 270 1569 1844 1644; baseline 0.005 -23"><span class='ocrx_word' id='word_1_100' title='bbox 270 1571 387 1625; x_wconf 81' lang='grc' dir='ltr'>ἐστι</span> <span class='ocrx_word' id='word_1_101' title='bbox 422 1572 676 1642; x_wconf 82' lang='grc' dir='ltr'>μετάνοια</span> <span class='ocrx_word' id='word_1_102' title='bbox 704 1572 802 1640; x_wconf 81' lang='grc' dir='ltr'>τῆς</span> <span class='ocrx_word' id='word_1_103' title='bbox 839 1571 1143 1644; x_wconf 83' lang='grc' dir='ltr'>ἁμαρτίας;</span> <span class='ocrx_word' id='word_1_104' title='bbox 1169 1574 1276 1626; x_wconf 72' lang='grc' dir='ltr'><strong>Καὶ</strong></span> <span class='ocrx_word' id='word_1_105' title='bbox 1302 1569 1456 1627; x_wconf 75' lang='grc' dir='ltr'>εἶπεν</span> <span class='ocrx_word' id='word_1_106' title='bbox 1488 1576 1515 1627; x_wconf 88' lang='grc' dir='ltr'><strong>ὁ</strong></span> <span class='ocrx_word' id='word_1_107' title='bbox 1540 1576 1739 1644; x_wconf 86' lang='grc' dir='ltr'>γέρων·</span> <span class='ocrx_word' id='word_1_108' title='bbox 1770 1576 1844 1629; x_wconf 78' lang='grc' dir='ltr'>Τὸ</span> 
     </span>
    </p>
   </div>
   <div class='ocr_carea' id='block_1_18' title="bbox 274 1662 1843 1741">
    <p class='ocr_par' dir='ltr' id='par_1_18' title="bbox 274 1662 1843 1741">
     <span class='ocr_line' id='line_1_18' title="bbox 274 1662 1843 1741; baseline 0.004 -25"><span class='ocrx_word' id='word_1_109' title='bbox 274 1662 345 1734; x_wconf 79' lang='grc' dir='ltr'>μὴ</span> <span class='ocrx_word' id='word_1_110' title='bbox 382 1664 474 1717; x_wconf 89' lang='grc' dir='ltr'><strong>τοῦ</strong></span> <span class='ocrx_word' id='word_1_111' title='bbox 506 1664 693 1717; x_wconf 80' lang='grc' dir='ltr'>λοιποῦ</span> <span class='ocrx_word' id='word_1_112' title='bbox 726 1666 896 1717; x_wconf 78' lang='grc' dir='ltr'>ποιεῖν</span> <span class='ocrx_word' id='word_1_113' title='bbox 927 1664 1120 1734; x_wconf 77' lang='grc' dir='ltr'>αὑτήν.</span> <span class='ocrx_word' id='word_1_114' title='bbox 1150 1665 1247 1718; x_wconf 85' lang='grc' dir='ltr'><strong>Διά</strong></span> <span class='ocrx_word' id='word_1_115' title='bbox 1276 1665 1434 1719; x_wconf 85' lang='grc' dir='ltr'>τοῦτο</span> <span class='ocrx_word' id='word_1_116' title='bbox 1464 1667 1572 1740; x_wconf 80' lang='grc' dir='ltr'>γὰρ</span> <span class='ocrx_word' id='word_1_117' title='bbox 1610 1667 1843 1741; x_wconf 76' lang='grc' dir='ltr'>ἐκλήθη-</span> 
     </span>
    </p>
   </div>
   <div class='ocr_carea' id='block_1_19' title="bbox 272 1755 1838 1833">
    <p class='ocr_par' dir='ltr' id='par_1_19' title="bbox 272 1755 1838 1833">
     <span class='ocr_line' id='line_1_19' title="bbox 272 1755 1838 1833; baseline 0.004 -25"><span class='ocrx_word' id='word_1_118' title='bbox 272 1772 369 1808; x_wconf 86' lang='grc' dir='ltr'><strong>σαν</strong></span> <span class='ocrx_word' id='word_1_119' title='bbox 394 1757 611 1827; x_wconf 81' lang='grc' dir='ltr'>ἇμωμοι</span> <span class='ocrx_word' id='word_1_120' title='bbox 640 1757 689 1809; x_wconf 88' lang='grc' dir='ltr'>οἱ</span> <span class='ocrx_word' id='word_1_121' title='bbox 718 1755 935 1821; x_wconf 80' lang='grc' dir='ltr'>δίκαιοι,</span> <span class='ocrx_word' id='word_1_122' title='bbox 962 1757 1043 1809; x_wconf 81' lang='grc' dir='ltr'><strong>ὅτι</strong></span> <span class='ocrx_word' id='word_1_123' title='bbox 1078 1758 1365 1811; x_wconf 77' lang='grc' dir='ltr'>κατέλιπον</span> <span class='ocrx_word' id='word_1_124' title='bbox 1406 1758 1505 1824; x_wconf 79' lang='grc' dir='ltr'>τὰς</span> <span class='ocrx_word' id='word_1_125' title='bbox 1544 1761 1838 1833; x_wconf 83' lang='grc' dir='ltr'>ἁμαρτίας,</span> 
     </span>
    </p>
   </div>
   <div class='ocr_carea' id='block_1_20' title="bbox 269 1848 882 1919">
    <p class='ocr_par' dir='ltr' id='par_1_20' title="bbox 269 1848 882 1919">
     <span class='ocr_line' id='line_1_20' title="bbox 269 1848 882 1919; baseline -0.005 -16"><span class='ocrx_word' id='word_1_126' title='bbox 269 1848 361 1903; x_wconf 77' lang='grc' dir='ltr'>καὶ</span> <span class='ocrx_word' id='word_1_127' title='bbox 390 1849 587 1902; x_wconf 85' lang='grc' dir='ltr'>δίκαιοι</span> <span class='ocrx_word' id='word_1_128' title='bbox 611 1848 882 1919; x_wconf 78' lang='grc' dir='ltr'>ἐγένοντο.</span> 
     </span>
    </p>
   </div>
   <div class='ocr_carea' id='block_1_21' title="bbox 337 1941 1832 2020">
    <p class='ocr_par' dir='ltr' id='par_1_21' title="bbox 337 1941 1832 2020">
     <span class='ocr_line' id='line_1_21' title="bbox 337 1941 1832 2020; baseline 0.003 -22"><span class='ocrx_word' id='word_1_129' title='bbox 337 1951 474 2018; x_wconf 89' lang='grc' dir='ltr'>ρκα’.</span> <span class='ocrx_word' id='word_1_130' title='bbox 514 1941 653 1999; x_wconf 82' lang='grc' dir='ltr'>Εἷπε</span> <span class='ocrx_word' id='word_1_131' title='bbox 697 1945 879 2008; x_wconf 83' lang='grc' dir='ltr'>πάλιν,</span> <span class='ocrx_word' id='word_1_132' title='bbox 920 1944 1002 1998; x_wconf 78' lang='grc' dir='ltr'><strong>ὅτι</strong></span> <span class='ocrx_word' id='word_1_133' title='bbox 1039 1948 1071 2017; x_wconf 83' lang='grc' dir='ltr'><strong>ἡ</strong></span> <span class='ocrx_word' id='word_1_134' title='bbox 1118 1946 1350 2018; x_wconf 85' lang='grc' dir='ltr'>πονηρία</span> <span class='ocrx_word' id='word_1_135' title='bbox 1384 1946 1491 2000; x_wconf 86' lang='grc' dir='ltr'>τῶν</span> <span class='ocrx_word' id='word_1_136' title='bbox 1534 1947 1832 2020; x_wconf 82' lang='grc' dir='ltr'>ἀνθρώπων</span> 
     </span>
    </p>
   </div>
   <div class='ocr_carea' id='block_1_22' title="bbox 269 2037 1269 2111">
    <p class='ocr_par' dir='ltr' id='par_1_22' title="bbox 269 2037 1269 2111">
     <span class='ocr_line' id='line_1_22' title="bbox 269 2037 1269 2111; baseline 0.002 -21"><span class='ocrx_word' id='word_1_137' title='bbox 269 2037 485 2090; x_wconf 76' lang='grc' dir='ltr'>δπισθέν</span> <span class='ocrx_word' id='word_1_138' title='bbox 514 2039 660 2091; x_wconf 81' lang='grc' dir='ltr'>ἐστιν</span> <span class='ocrx_word' id='word_1_139' title='bbox 687 2038 866 2090; x_wconf 80' lang='grc' dir='ltr'>αὐτῶν</span> <span class='ocrx_word' id='word_1_140' title='bbox 896 2037 1269 2111; x_wconf 84' lang='grc' dir='ltr'>κεκρυμμένη.</span> 
     </span>
    </p>
   </div>
   <div class='ocr_carea' id='block_1_23' title="bbox 337 2128 1833 2203">
    <p class='ocr_par' dir='ltr' id='par_1_23' title="bbox 337 2128 1833 2203">
     <span class='ocr_line' id='line_1_23' title="bbox 337 2128 1833 2203; baseline 0.002 -21"><span class='ocrx_word' id='word_1_141' title='bbox 337 2129 469 2200; x_wconf 84' lang='grc' dir='ltr'>ρκβ’.</span> <span class='ocrx_word' id='word_1_142' title='bbox 515 2129 765 2198; x_wconf 69' lang='grc' dir='ltr'>Ἀδελφὸς</span> <span class='ocrx_word' id='word_1_143' title='bbox 808 2128 1059 2201; x_wconf 74' lang='grc' dir='ltr'>ἠρώτησε</span> <span class='ocrx_word' id='word_1_144' title='bbox 1113 2131 1203 2183; x_wconf 81' lang='grc' dir='ltr'><strong>τὸν</strong></span> <span class='ocrx_word' id='word_1_145' title='bbox 1246 2131 1419 2184; x_wconf 75' lang='grc' dir='ltr'><strong>ἁὸϐἆν</strong></span> <span class='ocrx_word' id='word_1_146' title='bbox 1462 2132 1721 2203; x_wconf 75' lang='grc' dir='ltr'>Ποιμέναο</span> <span class='ocrx_word' id='word_1_147' title='bbox 1767 2133 1833 2186; x_wconf 85' lang='grc' dir='ltr'>Τί</span> 
     </span>
    </p>
   </div>
   <div class='ocr_carea' id='block_1_24' title="bbox 267 2220 1831 2296">
    <p class='ocr_par' dir='ltr' id='par_1_24' title="bbox 267 2220 1831 2296">
     <span class='ocr_line' id='line_1_24' title="bbox 267 2220 1831 2296; baseline 0.003 -22"><span class='ocrx_word' id='word_1_148' title='bbox 267 2222 471 2292; x_wconf 79' lang='grc' dir='ltr'>ποιήσω</span> <span class='ocrx_word' id='word_1_149' title='bbox 489 2225 610 2285; x_wconf 81' lang='grc' dir='ltr'>ταῖς</span> <span class='ocrx_word' id='word_1_150' title='bbox 635 2224 895 2292; x_wconf 82' lang='grc' dir='ltr'>ταραχαῖς</span> <span class='ocrx_word' id='word_1_151' title='bbox 921 2220 1143 2285; x_wconf 83' lang='grc' dir='ltr'>ταύταις</span> <span class='ocrx_word' id='word_1_152' title='bbox 1171 2223 1289 2287; x_wconf 86' lang='grc' dir='ltr'>ταῖς</span> <span class='ocrx_word' id='word_1_153' title='bbox 1314 2223 1705 2296; x_wconf 79' lang='grc' dir='ltr'>ταραττούσαις</span> <span class='ocrx_word' id='word_1_154' title='bbox 1729 2242 1793 2295; x_wconf 85' lang='grc' dir='ltr'><strong>με</strong></span> <span class='ocrx_word' id='word_1_155' title='bbox 1815 2242 1831 2289; x_wconf 92' lang='grc'>;</span> 
     </span>
    </p>
   </div>
   <div class='ocr_carea' id='block_1_25' title="bbox 265 2309 1835 2383">
    <p class='ocr_par' dir='ltr' id='par_1_25' title="bbox 265 2309 1835 2383">
     <span class='ocr_line' id='line_1_25' title="bbox 265 2309 1835 2383; baseline 0.004 -21"><span class='ocrx_word' id='word_1_156' title='bbox 265 2310 419 2379; x_wconf 80' lang='grc' dir='ltr'>Λέγει</span> <span class='ocrx_word' id='word_1_157' title='bbox 443 2309 590 2381; x_wconf 74' lang='grc' dir='ltr'>αὐτῴ</span> <span class='ocrx_word' id='word_1_158' title='bbox 609 2311 638 2362; x_wconf 91' lang='lat'><strong>6</strong></span> <span class='ocrx_word' id='word_1_159' title='bbox 666 2310 864 2381; x_wconf 84' lang='grc' dir='ltr'>γέρων·</span> <span class='ocrx_word' id='word_1_160' title='bbox 898 2309 1234 2381; x_wconf 75' lang='grc' dir='ltr'>κλαύσωμεν</span> <span class='ocrx_word' id='word_1_161' title='bbox 1260 2311 1487 2367; x_wconf 75' lang='grc' dir='ltr'>ἐνώπιον</span> <span class='ocrx_word' id='word_1_162' title='bbox 1512 2314 1611 2383; x_wconf 84' lang='grc' dir='ltr'><strong>τῆς</strong></span> <span class='ocrx_word' id='word_1_163' title='bbox 1633 2315 1835 2383; x_wconf 83' lang='grc' dir='ltr'>ἁγαθό-</span> 
     </span>
    </p>
   </div>
   <div class='ocr_carea' id='block_1_26' title="bbox 266 2400 1831 2479">
    <p class='ocr_par' dir='ltr' id='par_1_26' title="bbox 266 2400 1831 2479">
     <span class='ocr_line' id='line_1_26' title="bbox 266 2400 1831 2479; baseline 0.004 -25"><span class='ocrx_word' id='word_1_164' title='bbox 266 2419 417 2470; x_wconf 78' lang='grc' dir='ltr'>τητος</span> <span class='ocrx_word' id='word_1_165' title='bbox 442 2402 535 2456; x_wconf 87' lang='grc' dir='ltr'><strong>τοῦ</strong></span> <span class='ocrx_word' id='word_1_166' title='bbox 564 2400 696 2455; x_wconf 85' lang='grc' dir='ltr'>Θεοῦ</span> <span class='ocrx_word' id='word_1_167' title='bbox 724 2404 781 2455; x_wconf 85' lang='grc' dir='ltr'>ὲν</span> <span class='ocrx_word' id='word_1_168' title='bbox 802 2404 965 2457; x_wconf 76' lang='grc' dir='ltr'>παντὶ</span> <span class='ocrx_word' id='word_1_169' title='bbox 987 2405 1140 2476; x_wconf 86' lang='grc' dir='ltr'>κόπῳ</span> <span class='ocrx_word' id='word_1_170' title='bbox 1162 2405 1339 2476; x_wconf 80' lang='grc' dir='ltr'>ἡμῶν,</span> <span class='ocrx_word' id='word_1_171' title='bbox 1357 2406 1462 2470; x_wconf 73' lang='grc' dir='ltr'><strong>ἕως</strong></span> <span class='ocrx_word' id='word_1_172' title='bbox 1477 2409 1690 2479; x_wconf 81' lang='grc' dir='ltr'>ποιήσει</span> <span class='ocrx_word' id='word_1_173' title='bbox 1713 2408 1831 2479; x_wconf 81' lang='grc' dir='ltr'>μεθ’</span> 
     </span>
    </p>
   </div>
   <div class='ocr_carea' id='block_1_27' title="bbox 263 2494 880 2565">
    <p class='ocr_par' dir='ltr' id='par_1_27' title="bbox 263 2494 880 2565">
     <span class='ocr_line' id='line_1_27' title="bbox 263 2494 880 2565; baseline 0.003 -19"><span class='ocrx_word' id='word_1_174' title='bbox 263 2494 414 2565; x_wconf 70' lang='grc' dir='ltr'>ἡμῶν</span> <span class='ocrx_word' id='word_1_175' title='bbox 438 2494 498 2547; x_wconf 77' lang='grc' dir='ltr'>τὸ</span> <span class='ocrx_word' id='word_1_176' title='bbox 524 2494 670 2559; x_wconf 81' lang='grc' dir='ltr'>ἕλεος</span> <span class='ocrx_word' id='word_1_177' title='bbox 694 2495 880 2548; x_wconf 79' lang='grc' dir='ltr'>αὑτοῦ.</span> 
     </span>
    </p>
   </div>
   <div class='ocr_carea' id='block_1_28' title="bbox 330 2584 1830 2663">
    <p class='ocr_par' dir='ltr' id='par_1_28' title="bbox 330 2584 1830 2663">
     <span class='ocr_line' id='line_1_28' title="bbox 330 2584 1830 2663; baseline 0.005 -24"><span class='ocrx_word' id='word_1_178' title='bbox 330 2585 468 2656; x_wconf 82' lang='grc' dir='ltr'>ρχγ⁹.</span> <span class='ocrx_word' id='word_1_179' title='bbox 500 2585 669 2640; x_wconf 82' lang='grc' dir='ltr'>Πάλιν</span> <span class='ocrx_word' id='word_1_180' title='bbox 697 2584 979 2659; x_wconf 72' lang='grc' dir='ltr'>ἠρώτησεν</span> <span class='ocrx_word' id='word_1_181' title='bbox 1001 2589 1163 2641; x_wconf 77' lang='grc' dir='ltr'>αὐτὸν</span> <span class='ocrx_word' id='word_1_182' title='bbox 1192 2590 1220 2641; x_wconf 93' lang='lat'><strong>6</strong></span> <span class='ocrx_word' id='word_1_183' title='bbox 1240 2590 1465 2660; x_wconf 80' lang='grc' dir='ltr'>ἀδελφός</span> <span class='ocrx_word' id='word_1_184' title='bbox 1491 2609 1506 2623; x_wconf 79' lang='grc' dir='ltr'><strong>ο</strong></span> <span class='ocrx_word' id='word_1_185' title='bbox 1531 2592 1596 2644; x_wconf 85' lang='grc' dir='ltr'>Τί</span> <span class='ocrx_word' id='word_1_186' title='bbox 1620 2593 1830 2663; x_wconf 86' lang='grc' dir='ltr'>ποιήσω</span> 
     </span>
    </p>
   </div>
   <div class='ocr_carea' id='block_1_29' title="bbox 258 2677 1821 2752">
    <p class='ocr_par' dir='ltr' id='par_1_29' title="bbox 258 2677 1821 2752">
     <span class='ocr_line' id='line_1_29' title="bbox 258 2677 1821 2752; baseline 0.005 -24"><span class='ocrx_word' id='word_1_187' title='bbox 258 2680 374 2739; x_wconf 82' lang='grc' dir='ltr'>ταῖς</span> <span class='ocrx_word' id='word_1_188' title='bbox 431 2677 685 2747; x_wconf 83' lang='grc' dir='ltr'>ἁκερδέσι</span> <span class='ocrx_word' id='word_1_189' title='bbox 735 2694 836 2748; x_wconf 86' lang='grc' dir='ltr'><strong>μου</strong></span> <span class='ocrx_word' id='word_1_190' title='bbox 892 2679 1095 2748; x_wconf 70' lang='grc' dir='ltr'>φιλίαις</span> <span class='ocrx_word' id='word_1_191' title='bbox 1152 2679 1216 2744; x_wconf 81' lang='grc' dir='ltr'>ἃς</span> <span class='ocrx_word' id='word_1_192' title='bbox 1271 2680 1406 2752; x_wconf 70' lang='lat' dir='ltr'><strong>Exn);</strong></span> <span class='ocrx_word' id='word_1_193' title='bbox 1446 2682 1504 2736; x_wconf 83' lang='grc' dir='ltr'>Ὀ</span> <span class='ocrx_word' id='word_1_194' title='bbox 1540 2682 1598 2736; x_wconf 86' lang='grc' dir='ltr'>δὲ</span> <span class='ocrx_word' id='word_1_195' title='bbox 1646 2680 1821 2736; x_wconf 77' lang='grc' dir='ltr'>εἶπεν·</span> 
     </span>
    </p>
   </div>
   <div class='ocr_carea' id='block_1_30' title="bbox 263 2769 1833 2847">
    <p class='ocr_par' dir='ltr' id='par_1_30' title="bbox 263 2769 1833 2847">
     <span class='ocr_line' id='line_1_30' title="bbox 263 2769 1833 2847; baseline 0.005 -26"><span class='ocrx_word' id='word_1_196' title='bbox 263 2769 443 2821; x_wconf 83' lang='grc' dir='ltr'>Ἔστιν</span> <span class='ocrx_word' id='word_1_197' title='bbox 470 2769 760 2841; x_wconf 83' lang='grc' dir='ltr'>ἄνθρωπος</span> <span class='ocrx_word' id='word_1_198' title='bbox 786 2771 994 2841; x_wconf 82' lang='grc' dir='ltr'>ρέγχων</span> <span class='ocrx_word' id='word_1_199' title='bbox 1022 2774 1103 2836; x_wconf 79' lang='grc' dir='ltr'>εἰς</span> <span class='ocrx_word' id='word_1_200' title='bbox 1129 2772 1187 2826; x_wconf 83' lang='grc' dir='ltr'><strong>τὸ</strong></span> <span class='ocrx_word' id='word_1_201' title='bbox 1217 2774 1524 2837; x_wconf 84' lang='grc' dir='ltr'>ἀποθανεῖν,</span> <span class='ocrx_word' id='word_1_202' title='bbox 1548 2775 1642 2828; x_wconf 75' lang='grc' dir='ltr'><strong>καὶ</strong></span> <span class='ocrx_word' id='word_1_203' title='bbox 1664 2793 1833 2847; x_wconf 84' lang='grc' dir='ltr'>προσ-</span> 
     </span>
    </p>
   </div>
   <div class='ocr_carea' id='block_1_31' title="bbox 259 2859 1827 2937">
    <p class='ocr_par' dir='ltr' id='par_1_31' title="bbox 259 2859 1827 2937">
     <span class='ocr_line' id='line_1_31' title="bbox 259 2859 1827 2937; baseline 0.004 -26"><span class='ocrx_word' id='word_1_204' title='bbox 259 2860 392 2930; x_wconf 83' lang='grc' dir='ltr'>έχων</span> <span class='ocrx_word' id='word_1_205' title='bbox 432 2859 637 2928; x_wconf 78' lang='grc' dir='ltr'>φιλίαις</span> <span class='ocrx_word' id='word_1_206' title='bbox 672 2859 768 2914; x_wconf 82' lang='grc' dir='ltr'><strong>τοῦ</strong></span> <span class='ocrx_word' id='word_1_207' title='bbox 805 2860 1012 2932; x_wconf 81' lang='grc' dir='ltr'><strong>κόσμου</strong></span> <span class='ocrx_word' id='word_1_208' title='bbox 1046 2861 1255 2917; x_wconf 73' lang='grc' dir='ltr'>τούτου.</span> <span class='ocrx_word' id='word_1_209' title='bbox 1287 2864 1377 2935; x_wconf 78' lang='grc' dir='ltr'>Μὴ</span> <span class='ocrx_word' id='word_1_210' title='bbox 1424 2865 1673 2937; x_wconf 81' lang='grc' dir='ltr'>ὲγγίσῃς,</span> <span class='ocrx_word' id='word_1_211' title='bbox 1695 2864 1827 2936; x_wconf 81' lang='grc' dir='ltr'>μηδὲ</span> 
     </span>
    </p>
   </div>
   <div class='ocr_carea' id='block_1_32' title="bbox 257 2949 1525 3025">
    <p class='ocr_par' dir='ltr' id='par_1_32' title="bbox 257 2949 1525 3025">
     <span class='ocr_line' id='line_1_32' title="bbox 257 2949 1525 3025; baseline 0.006 -25"><span class='ocrx_word' id='word_1_212' title='bbox 257 2949 365 3018; x_wconf 65' lang='grc' dir='ltr'><strong>ἇψῃ</strong></span> <span class='ocrx_word' id='word_1_213' title='bbox 397 2949 595 3001; x_wconf 81' lang='grc' dir='ltr'>αὐτῶν·</span> <span class='ocrx_word' id='word_1_214' title='bbox 622 2950 714 3002; x_wconf 79' lang='grc' dir='ltr'><strong>καὶ</strong></span> <span class='ocrx_word' id='word_1_215' title='bbox 737 2951 829 3017; x_wconf 82' lang='grc' dir='ltr'><strong>ἀφ’</strong></span> <span class='ocrx_word' id='word_1_216' title='bbox 861 2949 1070 3003; x_wconf 81' lang='grc' dir='ltr'>ἑαυτῶν</span> <span class='ocrx_word' id='word_1_217' title='bbox 1099 2951 1525 3025; x_wconf 78' lang='grc' dir='ltr'>ἀλλοτριοῦν-ται.</span> 
     </span>
    </p>
   </div>
   <div class='ocr_carea' id='block_1_33' title="bbox 324 3039 1827 3117">
    <p class='ocr_par' dir='ltr' id='par_1_33' title="bbox 324 3039 1827 3117">
     <span class='ocr_line' id='line_1_33' title="bbox 324 3039 1827 3117; baseline 0.005 -26"><span class='ocrx_word' id='word_1_218' title='bbox 324 3040 454 3110; x_wconf 81' lang='grc' dir='ltr'>ρκδ¹.</span> <span class='ocrx_word' id='word_1_219' title='bbox 497 3039 751 3111; x_wconf 82' lang='grc' dir='ltr'>Ἀδελφδς</span> <span class='ocrx_word' id='word_1_220' title='bbox 795 3040 1045 3113; x_wconf 79' lang='grc' dir='ltr'>ἠρώτησε</span> <span class='ocrx_word' id='word_1_221' title='bbox 1096 3043 1189 3096; x_wconf 77' lang='grc' dir='ltr'><strong>τὸν</strong></span> <span class='ocrx_word' id='word_1_222' title='bbox 1234 3044 1409 3098; x_wconf 79' lang='grc' dir='ltr'>ἁϐδᾶν</span> <span class='ocrx_word' id='word_1_223' title='bbox 1447 3045 1707 3117; x_wconf 82' lang='grc' dir='ltr'>Ποιμένα,</span> <span class='ocrx_word' id='word_1_224' title='bbox 1739 3046 1827 3100; x_wconf 82' lang='grc' dir='ltr'>λέ-</span> 
     </span>
    </p>
   </div>
   <div class='ocr_carea' id='block_1_34' title="bbox 255 3131 1824 3209">
    <p class='ocr_par' dir='ltr' id='par_1_34' title="bbox 255 3131 1824 3209">
     <span class='ocr_line' id='line_1_34' title="bbox 255 3131 1824 3209; baseline 0.003 -25"><span class='ocrx_word' id='word_1_225' title='bbox 255 3147 396 3200; x_wconf 88' lang='grc' dir='ltr'>γων·</span> <span class='ocrx_word' id='word_1_226' title='bbox 433 3132 666 3186; x_wconf 86' lang='grc' dir='ltr'>Δύναται</span> <span class='ocrx_word' id='word_1_227' title='bbox 714 3133 999 3204; x_wconf 76' lang='grc' dir='ltr'>ἄνθρωπος</span> <span class='ocrx_word' id='word_1_228' title='bbox 1026 3131 1165 3190; x_wconf 78' lang='grc' dir='ltr'>εἶναι</span> <span class='ocrx_word' id='word_1_229' title='bbox 1206 3138 1427 3209; x_wconf 85' lang='grc' dir='ltr'>νεκρός;</span> <span class='ocrx_word' id='word_1_230' title='bbox 1462 3140 1623 3207; x_wconf 85' lang='grc' dir='ltr'>Λέγει</span> <span class='ocrx_word' id='word_1_231' title='bbox 1656 3138 1824 3208; x_wconf 81' lang='grc' dir='ltr'>αὐτῷ,</span> 
     </span>
    </p>
   </div>
   <div class='ocr_carea' id='block_1_35' title="bbox 255 3224 1821 3301">
    <p class='ocr_par' dir='ltr' id='par_1_35' title="bbox 255 3224 1821 3301">
     <span class='ocr_line' id='line_1_35' title="bbox 255 3224 1821 3301; baseline 0.004 -23"><span class='ocrx_word' id='word_1_232' title='bbox 255 3224 331 3278; x_wconf 70' lang='grc' dir='ltr'>ὅτι</span> <span class='ocrx_word' id='word_1_233' title='bbox 358 3226 481 3280; x_wconf 79' lang='grc' dir='ltr'><strong>Ἐὰν</strong></span> <span class='ocrx_word' id='word_1_234' title='bbox 514 3228 695 3299; x_wconf 82' lang='grc' dir='ltr'>φθάσῃ</span> <span class='ocrx_word' id='word_1_235' title='bbox 726 3228 805 3291; x_wconf 81' lang='grc' dir='ltr'><strong>είς</strong></span> <span class='ocrx_word' id='word_1_236' title='bbox 826 3228 921 3299; x_wconf 81' lang='grc' dir='ltr'>τὴν</span> <span class='ocrx_word' id='word_1_237' title='bbox 954 3230 1249 3301; x_wconf 86' lang='grc' dir='ltr'>ἁμαρτίαν,</span> <span class='ocrx_word' id='word_1_238' title='bbox 1283 3231 1487 3300; x_wconf 83' lang='grc' dir='ltr'>γίνεται</span> <span class='ocrx_word' id='word_1_239' title='bbox 1518 3232 1821 3286; x_wconf 75' lang='grc' dir='ltr'>ἀποθανώνο</span> 
     </span>
    </p>
   </div>
   <div class='ocr_carea' id='block_1_36' title="bbox 254 3317 1822 3393">
    <p class='ocr_par' dir='ltr' id='par_1_36' title="bbox 254 3317 1822 3393">
     <span class='ocr_line' id='line_1_36' title="bbox 254 3317 1822 3393; baseline 0.003 -23"><span class='ocrx_word' id='word_1_240' title='bbox 254 3317 346 3371; x_wconf 73' lang='grc' dir='ltr'><strong>ἐὰν</strong></span> <span class='ocrx_word' id='word_1_241' title='bbox 389 3317 445 3372; x_wconf 85' lang='grc' dir='ltr'>δὲ</span> <span class='ocrx_word' id='word_1_242' title='bbox 492 3318 678 3393; x_wconf 76' lang='grc' dir='ltr'>φθάσῃ</span> <span class='ocrx_word' id='word_1_243' title='bbox 732 3320 811 3382; x_wconf 74' lang='grc' dir='ltr'>εἰς</span> <span class='ocrx_word' id='word_1_244' title='bbox 859 3320 920 3373; x_wconf 84' lang='grc' dir='ltr'><strong>τὸ</strong></span> <span class='ocrx_word' id='word_1_245' title='bbox 956 3319 1178 3388; x_wconf 86' lang='grc' dir='ltr'>ἀγαθὸν,</span> <span class='ocrx_word' id='word_1_246' title='bbox 1211 3320 1433 3392; x_wconf 78' lang='grc' dir='ltr'>ζήσεται</span> <span class='ocrx_word' id='word_1_247' title='bbox 1478 3325 1571 3377; x_wconf 79' lang='grc' dir='ltr'><strong>καὶ</strong></span> <span class='ocrx_word' id='word_1_248' title='bbox 1610 3325 1822 3393; x_wconf 81' lang='grc' dir='ltr'>ποιήσει</span> 
     </span>
    </p>
   </div>
   <div class='ocr_carea' id='block_1_37' title="bbox 251 3427 398 3465">
    <p class='ocr_par' dir='ltr' id='par_1_37' title="bbox 251 3427 398 3465">
     <span class='ocr_line' id='line_1_37' title="bbox 251 3427 398 3465; baseline 0.02 -3"><span class='ocrx_word' id='word_1_249' title='bbox 251 3427 398 3465; x_wconf 83' lang='grc' dir='ltr'>αυτο.</span> 
     </span>
    </p>
   </div>
   <div class='ocr_carea' id='block_1_38' title="bbox 322 3498 1823 3580">
    <p class='ocr_par' dir='ltr' id='par_1_38' title="bbox 322 3498 1823 3580">
     <span class='ocr_line' id='line_1_38' title="bbox 322 3498 1823 3580; baseline 0.005 -25"><span class='ocrx_word' id='word_1_250' title='bbox 322 3501 451 3574; x_wconf 82' lang='grc' dir='ltr'>ρκε’.</span> <span class='ocrx_word' id='word_1_251' title='bbox 494 3498 662 3557; x_wconf 79' lang='grc' dir='ltr'>Εἶπεν</span> <span class='ocrx_word' id='word_1_252' title='bbox 689 3505 718 3558; x_wconf 91' lang='lat'><strong>6</strong></span> <span class='ocrx_word' id='word_1_253' title='bbox 752 3503 924 3567; x_wconf 78' lang='grc' dir='ltr'>ἁδϐἇς</span> <span class='ocrx_word' id='word_1_254' title='bbox 946 3506 1175 3574; x_wconf 77' lang='grc' dir='ltr'>Ποιμὴν,</span> <span class='ocrx_word' id='word_1_255' title='bbox 1207 3506 1287 3559; x_wconf 83' lang='grc' dir='ltr'><strong>ὄτι</strong></span> <span class='ocrx_word' id='word_1_256' title='bbox 1314 3503 1464 3560; x_wconf 80' lang='grc' dir='ltr'>εἶπεν</span> <span class='ocrx_word' id='word_1_257' title='bbox 1501 3510 1525 3561; x_wconf 83' lang='grc' dir='ltr'>ὁ</span> <span class='ocrx_word' id='word_1_258' title='bbox 1561 3510 1823 3580; x_wconf 72' lang='grc' dir='ltr'>μακάριος</span> 
     </span>
    </p>
   </div>
   <div class='ocr_carea' id='block_1_39' title="bbox 251 3592 1825 3670">
    <p class='ocr_par' dir='ltr' id='par_1_39' title="bbox 251 3592 1825 3670">
     <span class='ocr_line' id='line_1_39' title="bbox 251 3592 1825 3670; baseline 0.004 -25"><span class='ocrx_word' id='word_1_259' title='bbox 251 3592 414 3657; x_wconf 61' lang='lat' dir='ltr'><strong>esse;</strong></span> <span class='ocrx_word' id='word_1_260' title='bbox 438 3592 741 3658; x_wconf 80' lang='grc' dir='ltr'>Ἀντώνιος,</span> <span class='ocrx_word' id='word_1_261' title='bbox 765 3593 846 3647; x_wconf 87' lang='grc' dir='ltr'>ὃτι</span> <span class='ocrx_word' id='word_1_262' title='bbox 873 3594 938 3647; x_wconf 88' lang='grc' dir='ltr'><strong>Ἦ</strong></span> <span class='ocrx_word' id='word_1_263' title='bbox 968 3594 1174 3665; x_wconf 81' lang='grc' dir='ltr'>μεγάλη</span> <span class='ocrx_word' id='word_1_264' title='bbox 1204 3596 1491 3650; x_wconf 79' lang='grc' dir='ltr'>δυναστεία</span> <span class='ocrx_word' id='word_1_265' title='bbox 1510 3599 1601 3651; x_wconf 78' lang='grc' dir='ltr'><strong>τοῦ</strong></span> <span class='ocrx_word' id='word_1_266' title='bbox 1622 3600 1825 3670; x_wconf 80' lang='grc' dir='ltr'>ἀνθρώ-</span> 
     </span>
    </p>
   </div>
   <div class='ocr_carea' id='block_1_40' title="bbox 249 3686 1821 3763">
    <p class='ocr_par' dir='ltr' id='par_1_40' title="bbox 249 3686 1821 3763">
     <span class='ocr_line' id='line_1_40' title="bbox 249 3686 1821 3763; baseline 0.007 -27"><span class='ocrx_word' id='word_1_267' title='bbox 249 3701 345 3739; x_wconf 74' lang='grc' dir='ltr'><strong>που</strong></span> <span class='ocrx_word' id='word_1_268' title='bbox 392 3689 562 3749; x_wconf 74' lang='grc' dir='ltr'>ἐστὶν,</span> <span class='ocrx_word' id='word_1_269' title='bbox 595 3686 682 3741; x_wconf 79' lang='grc' dir='ltr'><strong>ἵνα</strong></span> <span class='ocrx_word' id='word_1_270' title='bbox 729 3688 913 3740; x_wconf 83' lang='grc' dir='ltr'>ὲπὰνω</span> <span class='ocrx_word' id='word_1_271' title='bbox 959 3687 1123 3741; x_wconf 81' lang='grc' dir='ltr'>αὐτοῦ</span> <span class='ocrx_word' id='word_1_272' title='bbox 1165 3688 1303 3762; x_wconf 79' lang='grc' dir='ltr'>βάλῃ</span> <span class='ocrx_word' id='word_1_273' title='bbox 1332 3690 1392 3742; x_wconf 79' lang='grc' dir='ltr'>τὸ</span> <span class='ocrx_word' id='word_1_274' title='bbox 1429 3691 1558 3743; x_wconf 78' lang='grc' dir='ltr'>ἴδιον</span> <span class='ocrx_word' id='word_1_275' title='bbox 1599 3693 1821 3763; x_wconf 70' lang='grc' dir='ltr'>σφάλμα</span> 
     </span>
    </p>
   </div>
   <div class='ocr_carea' id='block_1_41' title="bbox 250 3776 1821 3855">
    <p class='ocr_par' dir='ltr' id='par_1_41' title="bbox 250 3776 1821 3855">
     <span class='ocr_line' id='line_1_41' title="bbox 250 3776 1821 3855; baseline 0.007 -29"><span class='ocrx_word' id='word_1_276' title='bbox 250 3776 470 3831; x_wconf 80' lang='grc' dir='ltr'>ἐνώπιον</span> <span class='ocrx_word' id='word_1_277' title='bbox 524 3777 752 3848; x_wconf 81' lang='grc' dir='ltr'>Κυρίου,</span> <span class='ocrx_word' id='word_1_278' title='bbox 812 3778 907 3831; x_wconf 81' lang='grc' dir='ltr'><strong>καὶ</strong></span> <span class='ocrx_word' id='word_1_279' title='bbox 968 3780 1313 3855; x_wconf 79' lang='grc' dir='ltr'>προσδοκήσῃ</span> <span class='ocrx_word' id='word_1_280' title='bbox 1368 3783 1671 3853; x_wconf 81' lang='grc' dir='ltr'>πειρασμὸν</span> <span class='ocrx_word' id='word_1_281' title='bbox 1717 3784 1821 3849; x_wconf 81' lang='grc' dir='ltr'>ἓως</span> 
     </span>
    </p>
   </div>
   <div class='ocr_carea' id='block_1_42' title="bbox 250 3870 801 3941">
    <p class='ocr_par' dir='ltr' id='par_1_42' title="bbox 250 3870 801 3941">
     <span class='ocr_line' id='line_1_42' title="bbox 250 3870 801 3941; baseline 0.005 -20"><span class='ocrx_word' id='word_1_282' title='bbox 250 3870 478 3941; x_wconf 75' lang='grc' dir='ltr'>ἐσχάτης</span> <span class='ocrx_word' id='word_1_283' title='bbox 500 3870 801 3939; x_wconf 78' lang='grc' dir='ltr'>ἀναπνοῆς.</span> 
     </span>
    </p>
   </div>
   <div class='ocr_carea' id='block_1_43' title="bbox 315 3956 1821 4034">
    <p class='ocr_par' dir='ltr' id='par_1_43' title="bbox 315 3956 1821 4034">
     <span class='ocr_line' id='line_1_43' title="bbox 315 3956 1821 4034; baseline 0.004 -25"><span class='ocrx_word' id='word_1_284' title='bbox 315 3964 465 4028; x_wconf 68' lang='grc' dir='ltr'>ρκςν.</span> <span class='ocrx_word' id='word_1_285' title='bbox 505 3956 789 4029; x_wconf 77' lang='grc' dir='ltr'>Ἠρωτήθη</span> <span class='ocrx_word' id='word_1_286' title='bbox 831 3959 858 4011; x_wconf 90' lang='lat'><strong>6</strong></span> <span class='ocrx_word' id='word_1_287' title='bbox 897 3958 1071 4022; x_wconf 74' lang='grc' dir='ltr'>ἁϐϐἄς</span> <span class='ocrx_word' id='word_1_288' title='bbox 1100 3959 1332 4030; x_wconf 85' lang='grc' dir='ltr'>Ποιμὴν,</span> <span class='ocrx_word' id='word_1_289' title='bbox 1359 3960 1440 4013; x_wconf 80' lang='grc' dir='ltr'><strong>ὅτι</strong></span> <span class='ocrx_word' id='word_1_290' title='bbox 1477 3963 1559 4025; x_wconf 86' lang='grc' dir='ltr'><strong>είς</strong></span> <span class='ocrx_word' id='word_1_291' title='bbox 1581 3961 1699 4014; x_wconf 85' lang='grc' dir='ltr'>τίνα</span> <span class='ocrx_word' id='word_1_292' title='bbox 1730 3962 1821 4034; x_wconf 64' lang='grc' dir='ltr'><strong>ἔρα</strong></span> 
     </span>
    </p>
   </div>
   <div class='ocr_carea' id='block_1_44' title="bbox 247 4048 1819 4120">
    <p class='ocr_par' dir='ltr' id='par_1_44' title="bbox 247 4048 1819 4120">
     <span class='ocr_line' id='line_1_44' title="bbox 247 4048 1819 4120; baseline 0.005 -21"><span class='ocrx_word' id='word_1_293' title='bbox 247 4065 391 4115; x_wconf 81' lang='grc' dir='ltr'>χεται</span> <span class='ocrx_word' id='word_1_294' title='bbox 438 4049 469 4101; x_wconf 87' lang='grc' dir='ltr'><strong>ὁ</strong></span> <span class='ocrx_word' id='word_1_295' title='bbox 514 4048 671 4116; x_wconf 85' lang='grc' dir='ltr'>λόγος</span> <span class='ocrx_word' id='word_1_296' title='bbox 708 4049 735 4100; x_wconf 88' lang='lat'><strong>6</strong></span> <span class='ocrx_word' id='word_1_297' title='bbox 760 4049 1162 4120; x_wconf 81' lang='grc' dir='ltr'>γεγραμμένος,</span> <span class='ocrx_word' id='word_1_298' title='bbox 1205 4051 1287 4103; x_wconf 83' lang='grc' dir='ltr'>ὅτι</span> <span class='ocrx_word' id='word_1_299' title='bbox 1331 4050 1427 4119; x_wconf 79' lang='grc' dir='ltr'><strong>Μὴ</strong></span> <span class='ocrx_word' id='word_1_300' title='bbox 1456 4054 1819 4120; x_wconf 63' lang='grc' dir='ltr'>φροντίσητε</span> 
     </span>
    </p>
   </div>
   <div class='ocr_carea' id='block_1_45' title="bbox 245 4138 1819 4219">
    <p class='ocr_par' dir='ltr' id='par_1_45' title="bbox 245 4138 1819 4219">
     <span class='ocr_line' id='line_1_45' title="bbox 245 4138 1819 4219; baseline 0.005 -28"><span class='ocrx_word' id='word_1_301' title='bbox 245 4140 372 4208; x_wconf 75' lang='grc' dir='ltr'>περὶ</span> <span class='ocrx_word' id='word_1_302' title='bbox 403 4138 511 4209; x_wconf 80' lang='grc' dir='ltr'>τῆς</span> <span class='ocrx_word' id='word_1_303' title='bbox 544 4140 770 4207; x_wconf 76' lang='grc' dir='ltr'>αὔριον.</span> <span class='ocrx_word' id='word_1_304' title='bbox 810 4140 970 4208; x_wconf 79' lang='grc' dir='ltr'>Λέγει</span> <span class='ocrx_word' id='word_1_305' title='bbox 994 4140 1140 4211; x_wconf 74' lang='grc' dir='ltr'><strong>αὐτῷ</strong></span> <span class='ocrx_word' id='word_1_306' title='bbox 1168 4144 1195 4195; x_wconf 95' lang='lat'><strong>6</strong></span> <span class='ocrx_word' id='word_1_307' title='bbox 1222 4142 1419 4213; x_wconf 83' lang='grc' dir='ltr'><strong>γέρων⁹</strong></span> <span class='ocrx_word' id='word_1_308' title='bbox 1451 4143 1594 4214; x_wconf 81' lang='grc' dir='ltr'>Πρὸς</span> <span class='ocrx_word' id='word_1_309' title='bbox 1618 4146 1819 4219; x_wconf 83' lang='grc' dir='ltr'>ἄνθρω-</span> 
     </span>
    </p>
   </div>
   <div class='ocr_carea' id='block_1_46' title="bbox 243 4229 1816 4306">
    <p class='ocr_par' dir='ltr' id='par_1_46' title="bbox 243 4229 1816 4306">
     <span class='ocr_line' id='line_1_46' title="bbox 243 4229 1816 4306; baseline 0.004 -23"><span class='ocrx_word' id='word_1_310' title='bbox 243 4246 340 4283; x_wconf 77' lang='grc' dir='ltr'><strong>πον</strong></span> <span class='ocrx_word' id='word_1_311' title='bbox 362 4229 493 4283; x_wconf 73' lang='grc' dir='ltr'>ὄντα</span> <span class='ocrx_word' id='word_1_312' title='bbox 531 4231 590 4282; x_wconf 83' lang='grc' dir='ltr'><strong>ἐν</strong></span> <span class='ocrx_word' id='word_1_313' title='bbox 616 4229 907 4300; x_wconf 82' lang='grc' dir='ltr'>πειρασμῷ</span> <span class='ocrx_word' id='word_1_314' title='bbox 943 4231 1035 4283; x_wconf 74' lang='grc' dir='ltr'>καὶ</span> <span class='ocrx_word' id='word_1_315' title='bbox 1067 4231 1430 4303; x_wconf 85' lang='grc' dir='ltr'>ὀλιγωροῦντα</span> <span class='ocrx_word' id='word_1_316' title='bbox 1471 4236 1696 4306; x_wconf 74' lang='grc' dir='ltr'>ἐρρήθη,</span> <span class='ocrx_word' id='word_1_317' title='bbox 1732 4237 1816 4290; x_wconf 78' lang='grc' dir='ltr'><strong>ἵνα</strong></span> 
     </span>
    </p>
   </div>
   <div class='ocr_carea' id='block_1_47' title="bbox 243 4319 1816 4399">
    <p class='ocr_par' dir='ltr' id='par_1_47' title="bbox 243 4319 1816 4399">
     <span class='ocr_line' id='line_1_47' title="bbox 243 4319 1816 4399; baseline 0.006 -28"><span class='ocrx_word' id='word_1_318' title='bbox 243 4319 318 4391; x_wconf 79' lang='grc' dir='ltr'>μὴ</span> <span class='ocrx_word' id='word_1_319' title='bbox 342 4320 626 4393; x_wconf 65' lang='grc' dir='ltr'>φροντίσῃ,</span> <span class='ocrx_word' id='word_1_320' title='bbox 666 4319 859 4389; x_wconf 83' lang='grc' dir='ltr'>λέγων,</span> <span class='ocrx_word' id='word_1_321' title='bbox 893 4321 1064 4375; x_wconf 90' lang='grc' dir='ltr'>Πόσον</span> <span class='ocrx_word' id='word_1_322' title='bbox 1085 4323 1274 4394; x_wconf 83' lang='grc' dir='ltr'>χρόνον</span> <span class='ocrx_word' id='word_1_323' title='bbox 1303 4324 1410 4395; x_wconf 81' lang='grc' dir='ltr'><strong>ἔχω</strong></span> <span class='ocrx_word' id='word_1_324' title='bbox 1443 4327 1500 4378; x_wconf 83' lang='grc' dir='ltr'><strong>ἐν</strong></span> <span class='ocrx_word' id='word_1_325' title='bbox 1522 4326 1599 4396; x_wconf 81' lang='grc' dir='ltr'><strong>τῷ</strong></span> <span class='ocrx_word' id='word_1_326' title='bbox 1624 4345 1711 4380; x_wconf 87' lang='grc' dir='ltr'><strong>πει</strong></span> <span class='ocrx_word' id='word_1_327' title='bbox 1721 4345 1816 4399; x_wconf 89' lang='grc' dir='ltr'>ρα-</span> 
     </span>
    </p>
   </div>
   <div class='ocr_carea' id='block_1_48' title="bbox 240 4412 1814 4486">
    <p class='ocr_par' dir='ltr' id='par_1_48' title="bbox 240 4412 1814 4486">
     <span class='ocr_line' id='line_1_48' title="bbox 240 4412 1814 4486; baseline 0.003 -19"><span class='ocrx_word' id='word_1_328' title='bbox 240 4414 361 4485; x_wconf 79' lang='grc' dir='ltr'><strong>σμῷ</strong></span> <span class='ocrx_word' id='word_1_329' title='bbox 380 4413 591 4485; x_wconf 60' lang='lat' dir='ltr'><strong>sati-up;</strong></span> <span class='ocrx_word' id='word_1_330' title='bbox 622 4412 758 4466; x_wconf 79' lang='grc' dir='ltr'>ἀλλὰ</span> <span class='ocrx_word' id='word_1_331' title='bbox 784 4413 981 4483; x_wconf 85' lang='grc' dir='ltr'>μᾶλλον</span> <span class='ocrx_word' id='word_1_332' title='bbox 1010 4413 1310 4486; x_wconf 82' lang='grc' dir='ltr'>λογίσηται,</span> <span class='ocrx_word' id='word_1_333' title='bbox 1343 4417 1513 4486; x_wconf 81' lang='grc' dir='ltr'>λέγων</span> <span class='ocrx_word' id='word_1_334' title='bbox 1534 4418 1652 4471; x_wconf 80' lang='grc' dir='ltr'>καθ’</span> <span class='ocrx_word' id='word_1_335' title='bbox 1687 4420 1814 4473; x_wconf 78' lang='grc' dir='ltr'><strong>ἑκά-</strong></span> 
     </span>
    </p>
   </div>
   <div class='ocr_carea' id='block_1_49' title="bbox 240 4502 771 4574">
    <p class='ocr_par' dir='ltr' id='par_1_49' title="bbox 240 4502 771 4574">
     <span class='ocr_line' id='line_1_49' title="bbox 240 4502 771 4574; baseline 0.002 -20"><span class='ocrx_word' id='word_1_336' title='bbox 240 4518 389 4572; x_wconf 85' lang='grc' dir='ltr'>στην,</span> <span class='ocrx_word' id='word_1_337' title='bbox 422 4502 482 4556; x_wconf 82' lang='grc' dir='ltr'>τὺ</span> <span class='ocrx_word' id='word_1_338' title='bbox 512 4503 771 4574; x_wconf 82' lang='grc' dir='ltr'>σήμερον.</span> 
     </span>
    </p>
   </div>
   <div class='ocr_carea' id='block_1_50' title="bbox 311 4594 1808 4676">
    <p class='ocr_par' dir='ltr' id='par_1_50' title="bbox 311 4594 1808 4676">
     <span class='ocr_line' id='line_1_50' title="bbox 311 4594 1808 4676; baseline 0.004 -23"><span class='ocrx_word' id='word_1_339' title='bbox 311 4600 443 4670; x_wconf 68' lang='grc' dir='ltr'>ρκξ.</span> <span class='ocrx_word' id='word_1_340' title='bbox 496 4594 635 4652; x_wconf 65' lang='lat' dir='ltr'><strong>Eine</strong></span> <span class='ocrx_word' id='word_1_341' title='bbox 686 4599 867 4665; x_wconf 75' lang='grc' dir='ltr'>πάλιν,</span> <span class='ocrx_word' id='word_1_342' title='bbox 917 4601 999 4654; x_wconf 87' lang='grc' dir='ltr'>ὅτι</span> <span class='ocrx_word' id='word_1_343' title='bbox 1054 4600 1128 4653; x_wconf 84' lang='grc' dir='ltr'>Τὸ</span> <span class='ocrx_word' id='word_1_344' title='bbox 1180 4600 1385 4666; x_wconf 79' lang='grc' dir='ltr'>διδάξαι</span> <span class='ocrx_word' id='word_1_345' title='bbox 1437 4603 1525 4656; x_wconf 74' lang='grc' dir='ltr'>τὸν</span> <span class='ocrx_word' id='word_1_346' title='bbox 1583 4604 1808 4676; x_wconf 78' lang='grc' dir='ltr'>πλησίον</span> 
     </span>
    </p>
   </div>
   <div class='ocr_carea' id='block_1_51' title="bbox 237 4691 1804 4767">
    <p class='ocr_par' dir='ltr' id='par_1_51' title="bbox 237 4691 1804 4767">
     <span class='ocr_line' id='line_1_51' title="bbox 237 4691 1804 4767; baseline 0.005 -23"><span class='ocrx_word' id='word_1_347' title='bbox 237 4691 566 4758; x_wconf 79' lang='grc' dir='ltr'>ὑγιαίνοντός</span> <span class='ocrx_word' id='word_1_348' title='bbox 591 4691 709 4743; x_wconf 79' lang='grc' dir='ltr'>ἐστι</span> <span class='ocrx_word' id='word_1_349' title='bbox 758 4693 849 4745; x_wconf 69' lang='grc' dir='ltr'>καὶ</span> <span class='ocrx_word' id='word_1_350' title='bbox 878 4691 1138 4755; x_wconf 71' lang='grc' dir='ltr'>ἀπαθοῦςο</span> <span class='ocrx_word' id='word_1_351' title='bbox 1171 4693 1290 4745; x_wconf 77' lang='grc' dir='ltr'>ἐπεὶ</span> <span class='ocrx_word' id='word_1_352' title='bbox 1310 4694 1391 4757; x_wconf 86' lang='grc' dir='ltr'><strong>τίς</strong></span> <span class='ocrx_word' id='word_1_353' title='bbox 1419 4696 1574 4767; x_wconf 83' lang='grc' dir='ltr'>χρεία</span> <span class='ocrx_word' id='word_1_354' title='bbox 1602 4699 1804 4752; x_wconf 85' lang='grc' dir='ltr'>οἰκοδο-</span> 
     </span>
    </p>
   </div>
   <div class='ocr_carea' id='block_1_52' title="bbox 242 4782 1809 4861">
    <p class='ocr_par' dir='ltr' id='par_1_52' title="bbox 242 4782 1809 4861">
     <span class='ocr_line' id='line_1_52' title="bbox 242 4782 1809 4861; baseline 0.006 -27"><span class='ocrx_word' id='word_1_355' title='bbox 242 4782 406 4853; x_wconf 78' lang='grc' dir='ltr'>μῆσαί</span> <span class='ocrx_word' id='word_1_356' title='bbox 455 4800 577 4835; x_wconf 90' lang='grc' dir='ltr'>τινα</span> <span class='ocrx_word' id='word_1_357' title='bbox 612 4782 773 4838; x_wconf 82' lang='grc' dir='ltr'>ἄλλου</span> <span class='ocrx_word' id='word_1_358' title='bbox 831 4784 1029 4850; x_wconf 83' lang='grc' dir='ltr'>οἰκίαν,</span> <span class='ocrx_word' id='word_1_359' title='bbox 1067 4785 1161 4837; x_wconf 77' lang='grc' dir='ltr'>καὶ</span> <span class='ocrx_word' id='word_1_360' title='bbox 1203 4787 1302 4855; x_wconf 83' lang='grc' dir='ltr'>τὴν</span> <span class='ocrx_word' id='word_1_361' title='bbox 1340 4786 1471 4839; x_wconf 80' lang='grc' dir='ltr'>ἰδίαν</span> <span class='ocrx_word' id='word_1_362' title='bbox 1516 4792 1809 4861; x_wconf 80' lang='grc' dir='ltr'>καταστρέ·</span> 
     </span>
    </p>
   </div>
   <div class='ocr_carea' id='block_1_53' title="bbox 239 4874 428 4941">
    <p class='ocr_par' dir='ltr' id='par_1_53' title="bbox 239 4874 428 4941">
     <span class='ocr_line' id='line_1_53' title="bbox 239 4874 428 4941; baseline 0.005 -14"><span class='ocrx_word' id='word_1_363' title='bbox 239 4877 330 4941; x_wconf 73' lang='grc' dir='ltr'><strong>ψαι</strong></span> <span class='ocrx_word' id='word_1_364' title='bbox 354 4874 428 4940; x_wconf 81' lang='lat'><strong>&quot;&#39;,</strong></span> 
     </span>
    </p>
   </div>
   <div class='ocr_carea' id='block_1_54' title="bbox 306 4962 1804 5040">
    <p class='ocr_par' dir='ltr' id='par_1_54' title="bbox 306 4962 1804 5040">
     <span class='ocr_line' id='line_1_54' title="bbox 306 4962 1804 5040; baseline 0.004 -20"><span class='ocrx_word' id='word_1_365' title='bbox 306 4975 442 5037; x_wconf 81' lang='grc' dir='ltr'>ρκη’.</span> <span class='ocrx_word' id='word_1_366' title='bbox 473 4966 647 5021; x_wconf 84' lang='grc' dir='ltr'>Πάλιν</span> <span class='ocrx_word' id='word_1_367' title='bbox 679 4962 851 5033; x_wconf 80' lang='grc' dir='ltr'>εἶπεν,</span> <span class='ocrx_word' id='word_1_368' title='bbox 877 4968 961 5021; x_wconf 80' lang='grc' dir='ltr'>ὅτι</span> <span class='ocrx_word' id='word_1_369' title='bbox 988 4969 1079 5033; x_wconf 88' lang='grc' dir='ltr'>Τίς</span> <span class='ocrx_word' id='word_1_370' title='bbox 1107 4971 1264 5040; x_wconf 84' lang='grc' dir='ltr'>χρεία</span> <span class='ocrx_word' id='word_1_371' title='bbox 1293 4971 1547 5025; x_wconf 86' lang='grc' dir='ltr'>ἀπελθεῖν</span> <span class='ocrx_word' id='word_1_372' title='bbox 1578 4990 1700 5026; x_wconf 85' lang='grc' dir='ltr'>τινα</span> <span class='ocrx_word' id='word_1_373' title='bbox 1723 4976 1804 5038; x_wconf 88' lang='grc' dir='ltr'><strong>είς</strong></span> 
     </span>
    </p>
   </div>
   <div class='ocr_carea' id='block_1_55' title="bbox 241 5058 1129 5132">
    <p class='ocr_par' dir='ltr' id='par_1_55' title="bbox 241 5058 1129 5132">
     <span class='ocr_line' id='line_1_55' title="bbox 241 5058 1129 5132; baseline 0.006 -22"><span class='ocrx_word' id='word_1_374' title='bbox 241 5059 443 5130; x_wconf 75' lang='grc' dir='ltr'>τέχνην,</span> <span class='ocrx_word' id='word_1_375' title='bbox 484 5059 581 5113; x_wconf 71' lang='grc' dir='ltr'><strong>κα)⁸</strong></span> <span class='ocrx_word' id='word_1_376' title='bbox 614 5058 688 5131; x_wconf 80' lang='grc' dir='ltr'>μὴ</span> <span class='ocrx_word' id='word_1_377' title='bbox 713 5060 902 5131; x_wconf 81' lang='grc' dir='ltr'>μαθεῖν</span> <span class='ocrx_word' id='word_1_378' title='bbox 928 5062 1129 5132; x_wconf 62' lang='lat' dir='ltr'><strong>abripi;</strong></span> 
     </span>
    </p>
   </div>
   <div class='ocr_carea' id='block_1_56' title="bbox 307 5146 1797 5228">
    <p class='ocr_par' dir='ltr' id='par_1_56' title="bbox 307 5146 1797 5228">
     <span class='ocr_line' id='line_1_56' title="bbox 307 5146 1797 5228; baseline 0.005 -25"><span class='ocrx_word' id='word_1_379' title='bbox 307 5151 436 5217; x_wconf 76' lang='lat' dir='ltr'><strong>pr’.</strong></span> <span class='ocrx_word' id='word_1_380' title='bbox 476 5146 612 5204; x_wconf 81' lang='grc' dir='ltr'>Εἷπε</span> <span class='ocrx_word' id='word_1_381' title='bbox 660 5151 842 5217; x_wconf 84' lang='grc' dir='ltr'>πάλιν,</span> <span class='ocrx_word' id='word_1_382' title='bbox 876 5152 958 5206; x_wconf 83' lang='grc' dir='ltr'><strong>ὅτι</strong></span> <span class='ocrx_word' id='word_1_383' title='bbox 996 5153 1075 5207; x_wconf 85' lang='grc' dir='ltr'><strong>Τὰ</strong></span> <span class='ocrx_word' id='word_1_384' title='bbox 1113 5156 1431 5228; x_wconf 80' lang='grc' dir='ltr'>ὑπέρμετρα</span> <span class='ocrx_word' id='word_1_385' title='bbox 1466 5157 1641 5210; x_wconf 74' lang='grc' dir='ltr'>πάντα</span> <span class='ocrx_word' id='word_1_386' title='bbox 1690 5157 1797 5210; x_wconf 86' lang='grc' dir='ltr'><strong>τῶν</strong></span> 
     </span>
    </p>
   </div>
   <div class='ocr_carea' id='block_1_57' title="bbox 241 5238 682 5313">
    <p class='ocr_par' dir='ltr' id='par_1_57' title="bbox 241 5238 682 5313">
     <span class='ocr_line' id='line_1_57' title="bbox 241 5238 682 5313; baseline 0.007 -18"><span class='ocrx_word' id='word_1_387' title='bbox 241 5238 494 5313; x_wconf 71' lang='grc' dir='ltr'>δαιμόνων</span> <span class='ocrx_word' id='word_1_388' title='bbox 520 5242 682 5298; x_wconf 74' lang='grc' dir='ltr'>εἰσίν.</span> 
     </span>
    </p>
   </div>
   <div class='ocr_carea' id='block_1_58' title="bbox 306 5331 1792 5413">
    <p class='ocr_par' dir='ltr' id='par_1_58' title="bbox 306 5331 1792 5413">
     <span class='ocr_line' id='line_1_58' title="bbox 306 5331 1792 5413; baseline 0.005 -26"><span class='ocrx_word' id='word_1_389' title='bbox 306 5333 395 5405; x_wconf 86' lang='grc' dir='ltr'>ρλ’.</span> <span class='ocrx_word' id='word_1_390' title='bbox 417 5331 553 5388; x_wconf 82' lang='grc' dir='ltr'>Εἶπε</span> <span class='ocrx_word' id='word_1_391' title='bbox 578 5335 762 5402; x_wconf 85' lang='grc' dir='ltr'>πάλιν,</span> <span class='ocrx_word' id='word_1_392' title='bbox 785 5337 908 5391; x_wconf 75' lang='grc' dir='ltr'>Ὀτι</span> <span class='ocrx_word' id='word_1_393' title='bbox 938 5339 1064 5392; x_wconf 82' lang='grc' dir='ltr'>ὅταν</span> <span class='ocrx_word' id='word_1_394' title='bbox 1096 5339 1261 5412; x_wconf 82' lang='grc' dir='ltr'>μέλλῃ</span> <span class='ocrx_word' id='word_1_395' title='bbox 1290 5341 1384 5394; x_wconf 80' lang='grc' dir='ltr'>ἄνθ</span> <span class='ocrx_word' id='word_1_396' title='bbox 1394 5359 1571 5413; x_wconf 88' lang='grc' dir='ltr'>ρωπος</span> <span class='ocrx_word' id='word_1_397' title='bbox 1599 5340 1792 5394; x_wconf 77' lang='grc' dir='ltr'>οἰκοδο-</span> 
     </span>
    </p>
   </div>
   <div class='ocr_carea' id='block_1_59' title="bbox 1950 570 3514 643">
    <p class='ocr_par' dir='ltr' id='par_1_59' title="bbox 1950 570 3514 643">
     <span class='ocr_line' id='line_1_59' title="bbox 1950 570 3514 643; baseline 0.012 -21"><span class='ocrx_word' id='word_1_398' title='bbox 1950 582 2073 622; x_wconf 87' lang='lat' dir='ltr'><strong>eum</strong></span> <span class='ocrx_word' id='word_1_399' title='bbox 2113 574 2419 623; x_wconf 87' lang='lat' dir='ltr'><strong>concitatus</strong></span> <span class='ocrx_word' id='word_1_400' title='bbox 2458 570 2659 637; x_wconf 84' lang='lat' dir='ltr'><strong>fueris,</strong></span> <span class='ocrx_word' id='word_1_401' title='bbox 2704 583 2905 631; x_wconf 90' lang='lat' dir='ltr'><strong>temere</strong></span> <span class='ocrx_word' id='word_1_402' title='bbox 2964 578 3237 637; x_wconf 82' lang='lat' dir='ltr'><strong>irasceris.</strong></span> <span class='ocrx_word' id='word_1_403' title='bbox 3290 580 3391 641; x_wconf 82' lang='lat' dir='ltr'><strong>Sed</strong></span> <span class='ocrx_word' id='word_1_404' title='bbox 3426 590 3514 643; x_wconf 85' lang='lat' dir='ltr'><strong>nlu’</strong></span> 
     </span>
    </p>
   </div>
   <div class='ocr_carea' id='block_1_60' title="bbox 1951 659 3227 733">
    <p class='ocr_par' dir='ltr' id='par_1_60' title="bbox 1951 659 3227 733">
     <span class='ocr_line' id='line_1_60' title="bbox 1951 659 3227 733; baseline 0.014 -21"><span class='ocrx_word' id='word_1_405' title='bbox 1951 668 2002 713; x_wconf 89' lang='lat' dir='ltr'><strong>te</strong></span> <span class='ocrx_word' id='word_1_406' title='bbox 2031 674 2060 713; x_wconf 87' lang='lat' dir='ltr'><strong>a</strong></span> <span class='ocrx_word' id='word_1_407' title='bbox 2091 659 2200 716; x_wconf 87' lang='lat' dir='ltr'><strong>Deo</strong></span> <span class='ocrx_word' id='word_1_408' title='bbox 2233 677 2491 732; x_wconf 85' lang='lat' dir='ltr'><strong>separare</strong></span> <span class='ocrx_word' id='word_1_409' title='bbox 2530 666 2779 733; x_wconf 78' lang='lat' dir='ltr'><strong>voluerit,</strong></span> <span class='ocrx_word' id='word_1_410' title='bbox 2809 678 2938 725; x_wconf 90' lang='lat' dir='ltr'><strong>tunc</strong></span> <span class='ocrx_word' id='word_1_411' title='bbox 2969 672 3227 730; x_wconf 78' lang='lat' dir='ltr'><strong>irascere.</strong></span> 
     </span>
    </p>
   </div>
   <div class='ocr_carea' id='block_1_61' title="bbox 2022 752 3520 837">
    <p class='ocr_par' dir='ltr' id='par_1_61' title="bbox 2022 752 3520 837">
     <span class='ocr_line' id='line_1_61' title="bbox 2022 752 3520 837; baseline 0.015 -32"><span class='ocrx_word' id='word_1_412' title='bbox 2022 752 2143 810; x_wconf 85' lang='grc'><strong>119.</strong></span> <span class='ocrx_word' id='word_1_413' title='bbox 2199 754 2307 826; x_wconf 72' lang='grc'>(65)</span> <span class='ocrx_word' id='word_1_414' title='bbox 2365 753 2561 811; x_wconf 89' lang='lat' dir='ltr'><strong>Frater</strong></span> <span class='ocrx_word' id='word_1_415' title='bbox 2605 762 2957 829; x_wconf 68' lang='lat' dir='ltr'><strong>qua&#39;stioncm</strong></span> <span class='ocrx_word' id='word_1_416' title='bbox 3010 770 3293 837; x_wconf 87' lang='lat' dir='ltr'><strong>proposuit</strong></span> <span class='ocrx_word' id='word_1_417' title='bbox 3338 770 3520 827; x_wconf 81' lang='lat' dir='ltr'><strong>abbati</strong></span> 
     </span>
    </p>
   </div>
   <div class='ocr_carea' id='block_1_62' title="bbox 1950 844 3517 925">
    <p class='ocr_par' dir='ltr' id='par_1_62' title="bbox 1950 844 3517 925">
     <span class='ocr_line' id='line_1_62' title="bbox 1950 844 3517 925; baseline 0.012 -26"><span class='ocrx_word' id='word_1_418' title='bbox 1950 844 2232 911; x_wconf 78' lang='lat' dir='ltr'><strong>Ptemcni,</strong></span> <span class='ocrx_word' id='word_1_419' title='bbox 2284 850 2416 919; x_wconf 90' lang='lat' dir='ltr'><strong>quid</strong></span> <span class='ocrx_word' id='word_1_420' title='bbox 2476 852 2678 908; x_wconf 79' lang='lat' dir='ltr'><strong>faceret</strong></span> <span class='ocrx_word' id='word_1_421' title='bbox 2731 858 2970 925; x_wconf 74' lang='lat' dir='ltr'><strong>peccatis</strong></span> <span class='ocrx_word' id='word_1_422' title='bbox 3021 862 3158 914; x_wconf 89' lang='lat' dir='ltr'><strong>suis.</strong></span> <span class='ocrx_word' id='word_1_423' title='bbox 3219 861 3389 916; x_wconf 73' lang='lat' dir='ltr'><strong>Senex</strong></span> <span class='ocrx_word' id='word_1_424' title='bbox 3447 866 3517 920; x_wconf 80' lang='lat' dir='ltr'><strong>ita</strong></span> 
     </span>
    </p>
   </div>
   <div class='ocr_carea' id='block_1_63' title="bbox 1948 939 3517 1019">
    <p class='ocr_par' dir='ltr' id='par_1_63' title="bbox 1948 939 3517 1019">
     <span class='ocr_line' id='line_1_63' title="bbox 1948 939 3517 1019; baseline 0.008 -27"><span class='ocrx_word' id='word_1_425' title='bbox 1948 939 2162 994; x_wconf 91' lang='lat' dir='ltr'><strong>locutus</strong></span> <span class='ocrx_word' id='word_1_426' title='bbox 2212 949 2296 995; x_wconf 91' lang='lat' dir='ltr'><strong>est</strong></span> <span class='ocrx_word' id='word_1_427' title='bbox 2353 942 2399 996; x_wconf 90' lang='lat' dir='ltr'><strong>ei</strong></span> <span class='ocrx_word' id='word_1_428' title='bbox 2434 960 2447 996; x_wconf 89' lang='lat'><strong>:</strong></span> <span class='ocrx_word' id='word_1_429' title='bbox 2478 942 2581 1009; x_wconf 82' lang='lat' dir='ltr'><strong>Qui</strong></span> <span class='ocrx_word' id='word_1_430' title='bbox 2631 946 2748 998; x_wconf 88' lang='lat' dir='ltr'><strong>vult</strong></span> <span class='ocrx_word' id='word_1_431' title='bbox 2800 947 3066 1003; x_wconf 89' lang='lat' dir='ltr'><strong>redimere</strong></span> <span class='ocrx_word' id='word_1_432' title='bbox 3099 963 3351 1019; x_wconf 82' lang='lat' dir='ltr'><strong>peccata,</strong></span> <span class='ocrx_word' id='word_1_433' title='bbox 3394 953 3517 1006; x_wconf 87' lang='lat' dir='ltr'><strong>lletu</strong></span> 
     </span>
    </p>
   </div>
   <div class='ocr_carea' id='block_1_64' title="bbox 1948 1031 3520 1112">
    <p class='ocr_par' dir='ltr' id='par_1_64' title="bbox 1948 1031 3520 1112">
     <span class='ocr_line' id='line_1_64' title="bbox 1948 1031 3520 1112; baseline 0.009 -30"><span class='ocrx_word' id='word_1_434' title='bbox 1948 1031 2211 1095; x_wconf 88' lang='lat' dir='ltr'><strong>redimet;</strong></span> <span class='ocrx_word' id='word_1_435' title='bbox 2246 1039 2297 1085; x_wconf 88' lang='lat' dir='ltr'><strong>et</strong></span> <span class='ocrx_word' id='word_1_436' title='bbox 2320 1034 2411 1101; x_wconf 90' lang='lat' dir='ltr'><strong>qui</strong></span> <span class='ocrx_word' id='word_1_437' title='bbox 2449 1036 2565 1086; x_wconf 89' lang='lat' dir='ltr'><strong>vult</strong></span> <span class='ocrx_word' id='word_1_438' title='bbox 2588 1038 2870 1105; x_wconf 80' lang='lat' dir='ltr'><strong>acquirere</strong></span> <span class='ocrx_word' id='word_1_439' title='bbox 2903 1039 3148 1099; x_wconf 77' lang='lat' dir='ltr'><strong>virtutes.</strong></span> <span class='ocrx_word' id='word_1_440' title='bbox 3183 1040 3305 1095; x_wconf 75' lang='lat' dir='ltr'><strong>ﬂetu</strong></span> <span class='ocrx_word' id='word_1_441' title='bbox 3333 1046 3520 1112; x_wconf 81' lang='lat' dir='ltr'><strong>aequi-</strong></span> 
     </span>
    </p>
   </div>
   <div class='ocr_carea' id='block_1_65' title="bbox 1949 1119 3520 1205">
    <p class='ocr_par' dir='ltr' id='par_1_65' title="bbox 1949 1119 3520 1205">
     <span class='ocr_line' id='line_1_65' title="bbox 1949 1119 3520 1205; baseline 0.011 -33"><span class='ocrx_word' id='word_1_442' title='bbox 1949 1129 2047 1173; x_wconf 87' lang='lat' dir='ltr'><strong>ret.</strong></span> <span class='ocrx_word' id='word_1_443' title='bbox 2086 1119 2220 1174; x_wconf 74' lang='lat' dir='ltr'><strong>Nam</strong></span> <span class='ocrx_word' id='word_1_444' title='bbox 2266 1120 2395 1177; x_wconf 83' lang='lat' dir='ltr'><strong>ﬂere</strong></span> <span class='ocrx_word' id='word_1_445' title='bbox 2418 1125 2502 1178; x_wconf 93' lang='lat' dir='ltr'><strong>via</strong></span> <span class='ocrx_word' id='word_1_446' title='bbox 2535 1137 2618 1181; x_wconf 86' lang='lat' dir='ltr'><strong>est</strong></span> <span class='ocrx_word' id='word_1_447' title='bbox 2644 1143 2803 1195; x_wconf 90' lang='lat' dir='ltr'><strong>quam</strong></span> <span class='ocrx_word' id='word_1_448' title='bbox 2834 1133 3058 1184; x_wconf 85' lang='lat' dir='ltr'><strong>tradidit</strong></span> <span class='ocrx_word' id='word_1_449' title='bbox 3088 1135 3242 1187; x_wconf 81' lang='lat' dir='ltr'><strong>nobis</strong></span> <span class='ocrx_word' id='word_1_450' title='bbox 3274 1136 3520 1205; x_wconf 81' lang='lat' dir='ltr'><strong>Scriptu-</strong></span> 
     </span>
    </p>
   </div>
   <div class='ocr_carea' id='block_1_66' title="bbox 1946 1215 3517 1282">
    <p class='ocr_par' dir='ltr' id='par_1_66' title="bbox 1946 1215 3517 1282">
     <span class='ocr_line' id='line_1_66' title="bbox 1946 1215 3517 1282; baseline 0.011 -18"><span class='ocrx_word' id='word_1_451' title='bbox 1946 1228 2041 1275; x_wconf 88' lang='lat' dir='ltr'><strong>ra,</strong></span> <span class='ocrx_word' id='word_1_452' title='bbox 2085 1228 2296 1267; x_wconf 78' lang='lat' dir='ltr'><strong>nernon</strong></span> <span class='ocrx_word' id='word_1_453' title='bbox 2351 1215 2541 1271; x_wconf 78' lang='lat' dir='ltr'><strong>Patres</strong></span> <span class='ocrx_word' id='word_1_454' title='bbox 2598 1219 2807 1282; x_wconf 83' lang='lat' dir='ltr'><strong>nostri,</strong></span> <span class='ocrx_word' id='word_1_455' title='bbox 2856 1221 3134 1276; x_wconf 84' lang='lat' dir='ltr'><strong>dicendo:</strong></span> <span class='ocrx_word' id='word_1_456' title='bbox 3174 1225 3340 1281; x_wconf 84' lang='lat' dir='ltr'><strong>Flete.</strong></span> <span class='ocrx_word' id='word_1_457' title='bbox 3402 1228 3517 1282; x_wconf 69' lang='lat' dir='ltr'><strong>Alia</strong></span> 
     </span>
    </p>
   </div>
   <div class='ocr_carea' id='block_1_67' title="bbox 1944 1308 2966 1381">
    <p class='ocr_par' dir='ltr' id='par_1_67' title="bbox 1944 1308 2966 1381">
     <span class='ocr_line' id='line_1_67' title="bbox 1944 1308 2966 1381; baseline 0.007 -22"><span class='ocrx_word' id='word_1_458' title='bbox 1944 1308 2144 1377; x_wconf 89' lang='lat' dir='ltr'><strong>quippe</strong></span> <span class='ocrx_word' id='word_1_459' title='bbox 2166 1310 2251 1363; x_wconf 83' lang='lat' dir='ltr'><strong>via</strong></span> <span class='ocrx_word' id='word_1_460' title='bbox 2281 1325 2390 1363; x_wconf 89' lang='lat' dir='ltr'><strong>non</strong></span> <span class='ocrx_word' id='word_1_461' title='bbox 2417 1319 2522 1377; x_wconf 86' lang='lat' dir='ltr'><strong>est,</strong></span> <span class='ocrx_word' id='word_1_462' title='bbox 2556 1323 2752 1381; x_wconf 72' lang='lat' dir='ltr'><strong>prmter</strong></span> <span class='ocrx_word' id='word_1_463' title='bbox 2784 1312 2966 1366; x_wconf 85' lang='lat' dir='ltr'><strong>istam.</strong></span> 
     </span>
    </p>
   </div>
   <div class='ocr_carea' id='block_1_68' title="bbox 2017 1479 3514 1553">
    <p class='ocr_par' dir='ltr' id='par_1_68' title="bbox 2017 1479 3514 1553">
     <span class='ocr_line' id='line_1_68' title="bbox 2017 1479 3514 1553; baseline 0.009 -20"><span class='ocrx_word' id='word_1_464' title='bbox 2017 1479 2141 1535; x_wconf 74' lang='lat'><strong>1‘20.</strong></span> <span class='ocrx_word' id='word_1_465' title='bbox 2187 1481 2296 1553; x_wconf 83' lang='lat'><strong>(66)</strong></span> <span class='ocrx_word' id='word_1_466' title='bbox 2334 1485 2689 1540; x_wconf 74' lang='lat' dir='ltr'><strong>Percontatus</strong></span> <span class='ocrx_word' id='word_1_467' title='bbox 2725 1495 2808 1541; x_wconf 90' lang='lat' dir='ltr'><strong>est</strong></span> <span class='ocrx_word' id='word_1_468' title='bbox 2845 1487 3013 1542; x_wconf 81' lang='lat' dir='ltr'><strong>frater</strong></span> <span class='ocrx_word' id='word_1_469' title='bbox 3055 1504 3119 1543; x_wconf 80' lang='lat' dir='ltr'><strong>ex</strong></span> <span class='ocrx_word' id='word_1_470' title='bbox 3165 1490 3361 1545; x_wconf 84' lang='lat' dir='ltr'><strong>abbate</strong></span> <span class='ocrx_word' id='word_1_471' title='bbox 3396 1491 3514 1545; x_wconf 77' lang='grc' dir='ltr'><strong>Ρω-</strong></span> 
     </span>
    </p>
   </div>
   <div class='ocr_carea' id='block_1_69' title="bbox 1944 1573 3511 1650">
    <p class='ocr_par' dir='ltr' id='par_1_69' title="bbox 1944 1573 3511 1650">
     <span class='ocr_line' id='line_1_69' title="bbox 1944 1573 3511 1650; baseline 0.011 -27"><span class='ocrx_word' id='word_1_472' title='bbox 1944 1586 2135 1627; x_wconf 89' lang='lat' dir='ltr'><strong>meue:</strong></span> <span class='ocrx_word' id='word_1_473' title='bbox 2162 1573 2299 1640; x_wconf 88' lang='lat' dir='ltr'><strong>Quid</strong></span> <span class='ocrx_word' id='word_1_474' title='bbox 2337 1586 2420 1629; x_wconf 82' lang='lat' dir='ltr'><strong>est</strong></span> <span class='ocrx_word' id='word_1_475' title='bbox 2451 1580 2767 1647; x_wconf 73' lang='lat' dir='ltr'><strong>pmnitentia</strong></span> <span class='ocrx_word' id='word_1_476' title='bbox 2803 1580 2871 1635; x_wconf 90' lang='lat' dir='ltr'><strong>de</strong></span> <span class='ocrx_word' id='word_1_477' title='bbox 2906 1583 3167 1650; x_wconf 79' lang='lat' dir='ltr'><strong>peccato?</strong></span> <span class='ocrx_word' id='word_1_478' title='bbox 3196 1582 3369 1639; x_wconf 78' lang='lat' dir='ltr'><strong>Senex</strong></span> <span class='ocrx_word' id='word_1_479' title='bbox 3399 1588 3466 1638; x_wconf 87' lang='lat' dir='ltr'><strong>ait</strong></span> <span class='ocrx_word' id='word_1_480' title='bbox 3499 1606 3511 1640; x_wconf 91' lang='lat'>:</span> 
     </span>
    </p>
   </div>
   <div class='ocr_carea' id='block_1_70' title="bbox 1942 1660 3513 1748">
    <p class='ocr_par' dir='ltr' id='par_1_70' title="bbox 1942 1660 3513 1748">
     <span class='ocr_line' id='line_1_70' title="bbox 1942 1660 3513 1748; baseline 0.013 -35"><span class='ocrx_word' id='word_1_481' title='bbox 1942 1660 2060 1714; x_wconf 86' lang='lat' dir='ltr'><strong>Non</strong></span> <span class='ocrx_word' id='word_1_482' title='bbox 2086 1665 2319 1733; x_wconf 74' lang='lat' dir='ltr'><strong>amplius</strong></span> <span class='ocrx_word' id='word_1_483' title='bbox 2360 1667 2490 1722; x_wconf 92' lang='lat' dir='ltr'><strong>illud</strong></span> <span class='ocrx_word' id='word_1_484' title='bbox 2535 1682 2868 1738; x_wconf 84' lang='lat' dir='ltr'><strong>perpetrare.</strong></span> <span class='ocrx_word' id='word_1_485' title='bbox 2914 1674 3208 1744; x_wconf 82' lang='lat' dir='ltr'><strong>Propterea</strong></span> <span class='ocrx_word' id='word_1_486' title='bbox 3247 1680 3390 1732; x_wconf 88' lang='lat' dir='ltr'><strong>enim</strong></span> <span class='ocrx_word' id='word_1_487' title='bbox 3421 1683 3513 1748; x_wconf 89' lang='lat' dir='ltr'><strong>qui</strong></span> 
     </span>
    </p>
   </div>
   <div class='ocr_carea' id='block_1_71' title="bbox 1935 1755 3515 1844">
    <p class='ocr_par' dir='ltr' id='par_1_71' title="bbox 1935 1755 3515 1844">
     <span class='ocr_line' id='line_1_71' title="bbox 1935 1755 3515 1844; baseline 0.011 -33"><span class='ocrx_word' id='word_1_488' title='bbox 1935 1755 2071 1826; x_wconf 87' lang='lat' dir='ltr'><strong>justi</strong></span> <span class='ocrx_word' id='word_1_489' title='bbox 2106 1757 2325 1814; x_wconf 82' lang='lat' dir='ltr'><strong>fuerunt</strong></span> <span class='ocrx_word' id='word_1_490' title='bbox 2359 1766 2531 1817; x_wconf 66' lang='grc' dir='ltr'>νοωιὶ</span> <span class='ocrx_word' id='word_1_491' title='bbox 2560 1775 2689 1819; x_wconf 82' lang='lat' dir='ltr'><strong>sunt</strong></span> <span class='ocrx_word' id='word_1_492' title='bbox 2731 1767 3084 1833; x_wconf 87' lang='lat' dir='ltr'><strong>immaculati,</strong></span> <span class='ocrx_word' id='word_1_493' title='bbox 3122 1772 3249 1842; x_wconf 88' lang='lat' dir='ltr'><strong>quia</strong></span> <span class='ocrx_word' id='word_1_494' title='bbox 3281 1774 3515 1844; x_wconf 84' lang='lat' dir='ltr'><strong>relique-</strong></span> 
     </span>
    </p>
   </div>
   <div class='ocr_carea' id='block_1_72' title="bbox 1869 1847 2996 1937">
    <p class='ocr_par' dir='ltr' id='par_1_72' title="bbox 1869 1847 2996 1937">
     <span class='ocr_line' id='line_1_72' title="bbox 1869 1847 2996 1937; baseline 0.013 -37"><span class='ocrx_word' id='word_1_495' title='bbox 1869 1847 1909 1900; x_wconf 87' lang='lat' dir='ltr'><strong>B</strong></span> <span class='ocrx_word' id='word_1_496' title='bbox 1940 1857 2067 1903; x_wconf 89' lang='lat' dir='ltr'><strong>runt</strong></span> <span class='ocrx_word' id='word_1_497' title='bbox 2102 1863 2346 1937; x_wconf 77' lang='lat' dir='ltr'><strong>peccata.</strong></span> <span class='ocrx_word' id='word_1_498' title='bbox 2367 1856 2612 1926; x_wconf 88' lang='lat' dir='ltr'><strong>justique</strong></span> <span class='ocrx_word' id='word_1_499' title='bbox 2639 1858 2813 1912; x_wconf 78' lang='lat' dir='ltr'><strong>eﬂ‘eeti</strong></span> <span class='ocrx_word' id='word_1_500' title='bbox 2846 1871 2996 1917; x_wconf 88' lang='lat' dir='ltr'><strong>sunt.</strong></span> 
     </span>
    </p>
   </div>
   <div class='ocr_carea' id='block_1_73' title="bbox 2008 1943 3510 2027">
    <p class='ocr_par' dir='ltr' id='par_1_73' title="bbox 2008 1943 3510 2027">
     <span class='ocr_line' id='line_1_73' title="bbox 2008 1943 3510 2027; baseline 0.013 -31"><span class='ocrx_word' id='word_1_501' title='bbox 2008 1943 2131 1997; x_wconf 63' lang='grc' dir='ltr'>ιει.</span> <span class='ocrx_word' id='word_1_502' title='bbox 2176 1945 2316 1999; x_wconf 80' lang='lat' dir='ltr'><strong>Dixit</strong></span> <span class='ocrx_word' id='word_1_503' title='bbox 2366 1948 2596 2012; x_wconf 82' lang='lat' dir='ltr'><strong>iterum,</strong></span> <span class='ocrx_word' id='word_1_504' title='bbox 2644 1951 2926 2007; x_wconf 83' lang='lat' dir='ltr'><strong>hominum</strong></span> <span class='ocrx_word' id='word_1_505' title='bbox 2977 1954 3239 2010; x_wconf 84' lang='lat' dir='ltr'><strong>malitiam</strong></span> <span class='ocrx_word' id='word_1_506' title='bbox 3289 1972 3319 2010; x_wconf 88' lang='lat' dir='ltr'><strong>a</strong></span> <span class='ocrx_word' id='word_1_507' title='bbox 3361 1966 3510 2027; x_wconf 78' lang='lat' dir='ltr'><strong>tergo</strong></span> 
     </span>
    </p>
   </div>
   <div class='ocr_carea' id='block_1_74' title="bbox 1933 2038 2706 2097">
    <p class='ocr_par' dir='ltr' id='par_1_74' title="bbox 1933 2038 2706 2097">
     <span class='ocr_line' id='line_1_74' title="bbox 1933 2038 2706 2097; baseline 0.013 -11"><span class='ocrx_word' id='word_1_508' title='bbox 1933 2048 2122 2087; x_wconf 86' lang='lat' dir='ltr'><strong>eorum</strong></span> <span class='ocrx_word' id='word_1_509' title='bbox 2152 2052 2275 2091; x_wconf 88' lang='lat' dir='ltr'><strong>esse</strong></span> <span class='ocrx_word' id='word_1_510' title='bbox 2310 2038 2706 2097; x_wconf 71' lang='lat' dir='ltr'><strong>absconditam.</strong></span> 
     </span>
    </p>
   </div>
   <div class='ocr_carea' id='block_1_75' title="bbox 2006 2125 3506 2204">
    <p class='ocr_par' dir='ltr' id='par_1_75' title="bbox 2006 2125 3506 2204">
     <span class='ocr_line' id='line_1_75' title="bbox 2006 2125 3506 2204; baseline 0.015 -28"><span class='ocrx_word' id='word_1_511' title='bbox 2006 2125 2128 2178; x_wconf 72' lang='grc'><strong>122.</strong></span> <span class='ocrx_word' id='word_1_512' title='bbox 2157 2127 2267 2195; x_wconf 82' lang='grc'>(67)</span> <span class='ocrx_word' id='word_1_513' title='bbox 2294 2126 2483 2182; x_wconf 68' lang='lat' dir='ltr'><strong>Frater</strong></span> <span class='ocrx_word' id='word_1_514' title='bbox 2509 2132 2856 2204; x_wconf 80' lang='lat' dir='ltr'><strong>interrogavit</strong></span> <span class='ocrx_word' id='word_1_515' title='bbox 2883 2135 3136 2192; x_wconf 83' lang='lat' dir='ltr'><strong>abbatem</strong></span> <span class='ocrx_word' id='word_1_516' title='bbox 3159 2137 3467 2197; x_wconf 65' lang='lat' dir='ltr'><strong>Pemenem</strong></span> <span class='ocrx_word' id='word_1_517' title='bbox 3490 2160 3506 2198; x_wconf 88' lang='lat'><strong>:</strong></span> 
     </span>
    </p>
   </div>
   <div class='ocr_carea' id='block_1_76' title="bbox 1934 2216 3512 2301">
    <p class='ocr_par' dir='ltr' id='par_1_76' title="bbox 1934 2216 3512 2301">
     <span class='ocr_line' id='line_1_76' title="bbox 1934 2216 3512 2301; baseline 0.012 -31"><span class='ocrx_word' id='word_1_518' title='bbox 1934 2216 2073 2283; x_wconf 91' lang='lat' dir='ltr'><strong>Quid</strong></span> <span class='ocrx_word' id='word_1_519' title='bbox 2110 2221 2300 2275; x_wconf 83' lang='lat' dir='ltr'><strong>faciam</strong></span> <span class='ocrx_word' id='word_1_520' title='bbox 2339 2226 2848 2292; x_wconf 81' lang='lat' dir='ltr'><strong>perturbationibus</strong></span> <span class='ocrx_word' id='word_1_521' title='bbox 2878 2229 2964 2284; x_wconf 88' lang='lat' dir='ltr'><strong>his</strong></span> <span class='ocrx_word' id='word_1_522' title='bbox 2994 2246 3117 2301; x_wconf 70' lang='lat' dir='ltr'><strong>quae</strong></span> <span class='ocrx_word' id='word_1_523' title='bbox 3148 2248 3234 2288; x_wconf 90' lang='lat' dir='ltr'><strong>me</strong></span> <span class='ocrx_word' id='word_1_524' title='bbox 3273 2234 3512 2289; x_wconf 77' lang='lat' dir='ltr'><strong>vexant?</strong></span> 
     </span>
    </p>
   </div>
   <div class='ocr_carea' id='block_1_77' title="bbox 1934 2311 3507 2383">
    <p class='ocr_par' dir='ltr' id='par_1_77' title="bbox 1934 2311 3507 2383">
     <span class='ocr_line' id='line_1_77' title="bbox 1934 2311 3507 2383; baseline 0.013 -22"><span class='ocrx_word' id='word_1_525' title='bbox 1934 2312 2021 2363; x_wconf 70' lang='lat' dir='ltr'><strong>Ait</strong></span> <span class='ocrx_word' id='word_1_526' title='bbox 2066 2311 2141 2364; x_wconf 87' lang='lat' dir='ltr'><strong>illi</strong></span> <span class='ocrx_word' id='word_1_527' title='bbox 2195 2329 2357 2367; x_wconf 77' lang='lat' dir='ltr'><strong>senex</strong></span> <span class='ocrx_word' id='word_1_528' title='bbox 2399 2335 2411 2370; x_wconf 92' lang='lat'><strong>:</strong></span> <span class='ocrx_word' id='word_1_529' title='bbox 2450 2314 2735 2373; x_wconf 86' lang='lat' dir='ltr'><strong>Ploremus</strong></span> <span class='ocrx_word' id='word_1_530' title='bbox 2783 2335 2970 2374; x_wconf 90' lang='lat' dir='ltr'><strong>coram</strong></span> <span class='ocrx_word' id='word_1_531' title='bbox 3025 2323 3272 2380; x_wconf 83' lang='lat' dir='ltr'><strong>bonitate</strong></span> <span class='ocrx_word' id='word_1_532' title='bbox 3324 2326 3417 2381; x_wconf 88' lang='lat' dir='ltr'><strong>Dei</strong></span> <span class='ocrx_word' id='word_1_533' title='bbox 3452 2329 3507 2383; x_wconf 89' lang='lat' dir='ltr'><strong>in</strong></span> 
     </span>
    </p>
   </div>
   <div class='ocr_carea' id='block_1_78' title="bbox 1932 2403 3505 2483">
    <p class='ocr_par' dir='ltr' id='par_1_78' title="bbox 1932 2403 3505 2483">
     <span class='ocr_line' id='line_1_78' title="bbox 1932 2403 3505 2483; baseline 0.013 -31"><span class='ocrx_word' id='word_1_534' title='bbox 1932 2403 2079 2455; x_wconf 89' lang='lat' dir='ltr'><strong>omni</strong></span> <span class='ocrx_word' id='word_1_535' title='bbox 2116 2404 2528 2471; x_wconf 85' lang='lat' dir='ltr'><strong>laborenostro,</strong></span> <span class='ocrx_word' id='word_1_536' title='bbox 2562 2409 2738 2464; x_wconf 84' lang='lat' dir='ltr'><strong>donec</strong></span> <span class='ocrx_word' id='word_1_537' title='bbox 2772 2427 2899 2483; x_wconf 79' lang='lat' dir='ltr'><strong>erga</strong></span> <span class='ocrx_word' id='word_1_538' title='bbox 2937 2429 3040 2469; x_wconf 85' lang='lat' dir='ltr'><strong>nos</strong></span> <span class='ocrx_word' id='word_1_539' title='bbox 3072 2417 3371 2472; x_wconf 75' lang='lat' dir='ltr'><strong>ostenderit</strong></span> <span class='ocrx_word' id='word_1_540' title='bbox 3401 2420 3505 2473; x_wconf 93' lang='lat' dir='ltr'><strong>mi-</strong></span> 
     </span>
    </p>
   </div>
   <div class='ocr_carea' id='block_1_79' title="bbox 1933 2496 2497 2553">
    <p class='ocr_par' dir='ltr' id='par_1_79' title="bbox 1933 2496 2497 2553">
     <span class='ocr_line' id='line_1_79' title="bbox 1933 2496 2497 2553; baseline 0.005 -4"><span class='ocrx_word' id='word_1_541' title='bbox 1933 2496 2288 2550; x_wconf 86' lang='lat' dir='ltr'><strong>sericordiam</strong></span> <span class='ocrx_word' id='word_1_542' title='bbox 2322 2514 2497 2553; x_wconf 90' lang='lat' dir='ltr'><strong>suam.</strong></span> 
     </span>
    </p>
   </div>
   <div class='ocr_carea' id='block_1_80' title="bbox 2006 2587 3503 2670">
    <p class='ocr_par' dir='ltr' id='par_1_80' title="bbox 2006 2587 3503 2670">
     <span class='ocr_line' id='line_1_80' title="bbox 2006 2587 3503 2670; baseline 0.012 -32"><span class='ocrx_word' id='word_1_543' title='bbox 2006 2587 2128 2640; x_wconf 65' lang='lat'><strong>£25.</strong></span> <span class='ocrx_word' id='word_1_544' title='bbox 2172 2588 2367 2643; x_wconf 85' lang='lat' dir='ltr'><strong>lterum</strong></span> <span class='ocrx_word' id='word_1_545' title='bbox 2413 2593 2482 2645; x_wconf 88' lang='lat' dir='ltr'><strong>ab</strong></span> <span class='ocrx_word' id='word_1_546' title='bbox 2514 2607 2581 2647; x_wconf 86' lang='lat' dir='ltr'><strong>eo</strong></span> <span class='ocrx_word' id='word_1_547' title='bbox 2622 2605 2973 2663; x_wconf 76' lang='lat' dir='ltr'><strong>percontatus</strong></span> <span class='ocrx_word' id='word_1_548' title='bbox 3016 2607 3099 2655; x_wconf 86' lang='lat' dir='ltr'><strong>est</strong></span> <span class='ocrx_word' id='word_1_549' title='bbox 3127 2600 3294 2656; x_wconf 81' lang='lat' dir='ltr'><strong>frater</strong></span> <span class='ocrx_word' id='word_1_550' title='bbox 3321 2623 3335 2656; x_wconf 89' lang='lat'><strong><em>:</em></strong></span> <span class='ocrx_word' id='word_1_551' title='bbox 3362 2602 3503 2670; x_wconf 85' lang='lat' dir='ltr'><strong>Quid</strong></span> 
     </span>
    </p>
   </div>
   <div class='ocr_carea' id='block_1_81' title="bbox 1934 2676 3504 2761">
    <p class='ocr_par' dir='ltr' id='par_1_81' title="bbox 1934 2676 3504 2761">
     <span class='ocr_line' id='line_1_81' title="bbox 1934 2676 3504 2761; baseline 0.011 -32"><span class='ocrx_word' id='word_1_552' title='bbox 1934 2676 2175 2735; x_wconf 82' lang='lat' dir='ltr'><strong>facturus</strong></span> <span class='ocrx_word' id='word_1_553' title='bbox 2222 2697 2342 2736; x_wconf 90' lang='lat' dir='ltr'><strong>sum</strong></span> <span class='ocrx_word' id='word_1_554' title='bbox 2380 2683 2664 2741; x_wconf 86' lang='lat' dir='ltr'><strong>inutilibus</strong></span> <span class='ocrx_word' id='word_1_555' title='bbox 2711 2687 2999 2745; x_wconf 86' lang='lat' dir='ltr'><strong>desideriis</strong></span> <span class='ocrx_word' id='word_1_556' title='bbox 3040 2694 3238 2761; x_wconf 89' lang='lat' dir='ltr'><strong>quibus</strong></span> <span class='ocrx_word' id='word_1_557' title='bbox 3279 2696 3504 2750; x_wconf 84' lang='lat' dir='ltr'><strong>teneor?</strong></span> 
     </span>
    </p>
   </div>
   <div class='ocr_carea' id='block_1_82' title="bbox 1933 2768 3499 2854">
    <p class='ocr_par' dir='ltr' id='par_1_82' title="bbox 1933 2768 3499 2854">
     <span class='ocr_line' id='line_1_82' title="bbox 1933 2768 3499 2854; baseline 0.013 -33"><span class='ocrx_word' id='word_1_558' title='bbox 1933 2768 2121 2826; x_wconf 83' lang='lat' dir='ltr'><strong>Dixit:</strong></span> <span class='ocrx_word' id='word_1_559' title='bbox 2162 2773 2254 2828; x_wconf 84' lang='lat' dir='ltr'><strong>Est</strong></span> <span class='ocrx_word' id='word_1_560' title='bbox 2308 2775 2491 2841; x_wconf 86' lang='lat' dir='ltr'><strong>homo,</strong></span> <span class='ocrx_word' id='word_1_561' title='bbox 2548 2779 2643 2847; x_wconf 85' lang='lat' dir='ltr'><strong>qui</strong></span> <span class='ocrx_word' id='word_1_562' title='bbox 2701 2782 3049 2838; x_wconf 87' lang='lat' dir='ltr'><strong>rhonchissat</strong></span> <span class='ocrx_word' id='word_1_563' title='bbox 3109 2785 3175 2838; x_wconf 88' lang='lat' dir='ltr'><strong>ad</strong></span> <span class='ocrx_word' id='word_1_564' title='bbox 3234 2797 3499 2854; x_wconf 88' lang='lat' dir='ltr'><strong>mortem,</strong></span> 
     </span>
    </p>
   </div>
   <div class='ocr_carea' id='block_1_83' title="bbox 1931 2864 3498 2949">
    <p class='ocr_par' dir='ltr' id='par_1_83' title="bbox 1931 2864 3498 2949">
     <span class='ocr_line' id='line_1_83' title="bbox 1931 2864 3498 2949; baseline 0.011 -34"><span class='ocrx_word' id='word_1_565' title='bbox 1931 2864 2270 2934; x_wconf 85' lang='lat' dir='ltr'><strong>attenditque</strong></span> <span class='ocrx_word' id='word_1_566' title='bbox 2306 2867 2469 2937; x_wconf 88' lang='lat' dir='ltr'><strong>hujus</strong></span> <span class='ocrx_word' id='word_1_567' title='bbox 2511 2873 2695 2925; x_wconf 75' lang='lat' dir='ltr'><strong>saeculi</strong></span> <span class='ocrx_word' id='word_1_568' title='bbox 2729 2873 3041 2930; x_wconf 76' lang='lat' dir='ltr'><strong>desideriis.</strong></span> <span class='ocrx_word' id='word_1_569' title='bbox 3082 2876 3157 2932; x_wconf 81' lang='lat' dir='ltr'><strong>Ne</strong></span> <span class='ocrx_word' id='word_1_570' title='bbox 3205 2880 3498 2949; x_wconf 35' lang='lat' dir='ltr'><strong>appropin‘</strong></span> 
     </span>
    </p>
   </div>
   <div class='ocr_carea' id='block_1_84' title="bbox 1935 2958 3410 3040">
    <p class='ocr_par' dir='ltr' id='par_1_84' title="bbox 1935 2958 3410 3040">
     <span class='ocr_line' id='line_1_84' title="bbox 1935 2958 3410 3040; baseline 0.015 -33"><span class='ocrx_word' id='word_1_571' title='bbox 1935 2960 2190 3024; x_wconf 70' lang='lat' dir='ltr'><strong>quaret-is</strong></span> <span class='ocrx_word' id='word_1_572' title='bbox 2213 2958 2278 3011; x_wconf 85' lang='lat' dir='ltr'><strong>ad</strong></span> <span class='ocrx_word' id='word_1_573' title='bbox 2308 2975 2391 3022; x_wconf 87' lang='lat' dir='ltr'><strong>ea,</strong></span> <span class='ocrx_word' id='word_1_574' title='bbox 2426 2976 2492 3015; x_wconf 89' lang='lat' dir='ltr'><strong>ne</strong></span> <span class='ocrx_word' id='word_1_575' title='bbox 2523 2963 2801 3033; x_wconf 80' lang='lat' dir='ltr'><strong>te.igeris;</strong></span> <span class='ocrx_word' id='word_1_576' title='bbox 2835 2974 2889 3020; x_wconf 90' lang='lat' dir='ltr'><strong>et</strong></span> <span class='ocrx_word' id='word_1_577' title='bbox 2920 2968 3174 3024; x_wconf 81' lang='lat' dir='ltr'><strong>secedent</strong></span> <span class='ocrx_word' id='word_1_578' title='bbox 3198 2981 3410 3040; x_wconf 88' lang='lat' dir='ltr'><strong>sponte.</strong></span> 
     </span>
    </p>
   </div>
   <div class='ocr_carea' id='block_1_85' title="bbox 2009 3048 3499 3127">
    <p class='ocr_par' dir='ltr' id='par_1_85' title="bbox 2009 3048 3499 3127">
     <span class='ocr_line' id='line_1_85' title="bbox 2009 3048 3499 3127; baseline 0.011 -26"><span class='ocrx_word' id='word_1_579' title='bbox 2009 3049 2122 3101; x_wconf 67' lang='lat'><strong>121.</strong></span> <span class='ocrx_word' id='word_1_580' title='bbox 2187 3048 2371 3105; x_wconf 83' lang='lat' dir='ltr'><strong>Frater</strong></span> <span class='ocrx_word' id='word_1_581' title='bbox 2433 3055 2787 3125; x_wconf 64' lang='lat' dir='ltr'><strong>interregni-it</strong></span> <span class='ocrx_word' id='word_1_582' title='bbox 2848 3059 3097 3115; x_wconf 81' lang='lat' dir='ltr'><strong>abbatem</strong></span> <span class='ocrx_word' id='word_1_583' title='bbox 3152 3061 3499 3127; x_wconf 76' lang='lat' dir='ltr'><strong>Pocmeuem,</strong></span> 
     </span>
    </p>
   </div>
   <div class='ocr_carea' id='block_1_86' title="bbox 1930 3138 3501 3206">
    <p class='ocr_par' dir='ltr' id='par_1_86' title="bbox 1930 3138 3501 3206">
     <span class='ocr_line' id='line_1_86' title="bbox 1930 3138 3501 3206; baseline 0.011 -18"><span class='ocrx_word' id='word_1_584' title='bbox 1930 3138 2030 3191; x_wconf 83' lang='lat' dir='ltr'><strong>hoe</strong></span> <span class='ocrx_word' id='word_1_585' title='bbox 2089 3155 2379 3197; x_wconf 76' lang='lat' dir='ltr'><strong>sermone:</strong></span> <span class='ocrx_word' id='word_1_586' title='bbox 2414 3142 2667 3198; x_wconf 81' lang='lat' dir='ltr'><strong>Potestne</strong></span> <span class='ocrx_word' id='word_1_587' title='bbox 2718 3144 2882 3200; x_wconf 86' lang='lat' dir='ltr'><strong>homo</strong></span> <span class='ocrx_word' id='word_1_588' title='bbox 2926 3163 3046 3202; x_wconf 88' lang='lat' dir='ltr'><strong>esse</strong></span> <span class='ocrx_word' id='word_1_589' title='bbox 3096 3151 3378 3206; x_wconf 88' lang='lat' dir='ltr'><strong>mortuus?</strong></span> <span class='ocrx_word' id='word_1_590' title='bbox 3410 3153 3501 3205; x_wconf 86' lang='lat' dir='ltr'><strong>Ait</strong></span> 
     </span>
    </p>
   </div>
   <div class='ocr_carea' id='block_1_87' title="bbox 1931 3230 3499 3306">
    <p class='ocr_par' dir='ltr' id='par_1_87' title="bbox 1931 3230 3499 3306">
     <span class='ocr_line' id='line_1_87' title="bbox 1931 3230 3499 3306; baseline 0.011 -25"><span class='ocrx_word' id='word_1_591' title='bbox 1931 3231 2003 3282; x_wconf 87' lang='lat' dir='ltr'><strong>illi</strong></span> <span class='ocrx_word' id='word_1_592' title='bbox 2033 3245 2046 3281; x_wconf 91' lang='lat'><strong>:</strong></span> <span class='ocrx_word' id='word_1_593' title='bbox 2078 3230 2129 3284; x_wconf 88' lang='lat' dir='ltr'><strong>Si</strong></span> <span class='ocrx_word' id='word_1_594' title='bbox 2164 3231 2443 3287; x_wconf 78' lang='lat' dir='ltr'><strong>devenerit</strong></span> <span class='ocrx_word' id='word_1_595' title='bbox 2477 3237 2542 3287; x_wconf 87' lang='lat' dir='ltr'><strong>ad</strong></span> <span class='ocrx_word' id='word_1_596' title='bbox 2594 3248 2911 3306; x_wconf 88' lang='lat' dir='ltr'><strong>peccatum,</strong></span> <span class='ocrx_word' id='word_1_597' title='bbox 2962 3242 3226 3304; x_wconf 89' lang='lat' dir='ltr'><strong>moritur;</strong></span> <span class='ocrx_word' id='word_1_598' title='bbox 3270 3244 3315 3297; x_wconf 89' lang='lat' dir='ltr'><strong>si</strong></span> <span class='ocrx_word' id='word_1_599' title='bbox 3367 3260 3499 3299; x_wconf 84' lang='lat' dir='ltr'><strong>vero</strong></span> 
     </span>
    </p>
   </div>
   <div class='ocr_carea' id='block_1_88' title="bbox 1928 3323 3410 3402">
    <p class='ocr_par' dir='ltr' id='par_1_88' title="bbox 1928 3323 3410 3402">
     <span class='ocr_line' id='line_1_88' title="bbox 1928 3323 3410 3402; baseline 0.012 -31"><span class='ocrx_word' id='word_1_600' title='bbox 1928 3336 2104 3388; x_wconf 79' lang='lat' dir='ltr'><strong>pervei</strong></span> <span class='ocrx_word' id='word_1_601' title='bbox 2129 3323 2231 3376; x_wconf 88' lang='lat' dir='ltr'><strong>erit</strong></span> <span class='ocrx_word' id='word_1_602' title='bbox 2254 3324 2319 3377; x_wconf 88' lang='lat' dir='ltr'><strong>ad</strong></span> <span class='ocrx_word' id='word_1_603' title='bbox 2355 3325 2574 3391; x_wconf 86' lang='lat' dir='ltr'><strong>bonum,</strong></span> <span class='ocrx_word' id='word_1_604' title='bbox 2611 3330 2770 3389; x_wconf 86' lang='lat' dir='ltr'><strong>vivet,</strong></span> <span class='ocrx_word' id='word_1_605' title='bbox 2805 3331 3044 3400; x_wconf 80' lang='lat' dir='ltr'><strong>illudque</strong></span> <span class='ocrx_word' id='word_1_606' title='bbox 3072 3334 3410 3402; x_wconf 85' lang='lat' dir='ltr'><strong>operabitur.</strong></span> 
     </span>
    </p>
   </div>
   <div class='ocr_carea' id='block_1_89' title="bbox 1997 3499 3496 3573">
    <p class='ocr_par' dir='ltr' id='par_1_89' title="bbox 1997 3499 3496 3573">
     <span class='ocr_line' id='line_1_89' title="bbox 1997 3499 3496 3573; baseline 0.011 -22"><span class='ocrx_word' id='word_1_607' title='bbox 1997 3499 2119 3552; x_wconf 75' lang='grc'><strong>125.</strong></span> <span class='ocrx_word' id='word_1_608' title='bbox 2163 3501 2273 3570; x_wconf 83' lang='grc'>(68)</span> <span class='ocrx_word' id='word_1_609' title='bbox 2316 3502 2521 3557; x_wconf 78' lang='lat' dir='ltr'><strong>Retulit</strong></span> <span class='ocrx_word' id='word_1_610' title='bbox 2552 3506 2724 3561; x_wconf 84' lang='lat' dir='ltr'><strong>abbas</strong></span> <span class='ocrx_word' id='word_1_611' title='bbox 2757 3506 2997 3573; x_wconf 74' lang='lat' dir='ltr'><strong>Pmmen,</strong></span> <span class='ocrx_word' id='word_1_612' title='bbox 3029 3509 3234 3565; x_wconf 85' lang='lat' dir='ltr'><strong>dictum</strong></span> <span class='ocrx_word' id='word_1_613' title='bbox 3266 3511 3432 3569; x_wconf 80' lang='lat' dir='ltr'><strong>fuisse</strong></span> <span class='ocrx_word' id='word_1_614' title='bbox 3466 3531 3496 3568; x_wconf 88' lang='lat' dir='ltr'><strong>a</strong></span> 
     </span>
    </p>
   </div>
   <div class='ocr_carea' id='block_1_90' title="bbox 1927 3589 3497 3675">
    <p class='ocr_par' dir='ltr' id='par_1_90' title="bbox 1927 3589 3497 3675">
     <span class='ocr_line' id='line_1_90' title="bbox 1927 3589 3497 3675; baseline 0.014 -34"><span class='ocrx_word' id='word_1_615' title='bbox 1927 3589 2080 3643; x_wconf 84' lang='lat' dir='ltr'><strong>beato</strong></span> <span class='ocrx_word' id='word_1_616' title='bbox 2103 3592 2297 3646; x_wconf 86' lang='lat' dir='ltr'><strong>abbate</strong></span> <span class='ocrx_word' id='word_1_617' title='bbox 2319 3594 2581 3662; x_wconf 87' lang='lat' dir='ltr'><strong>Antonio,</strong></span> <span class='ocrx_word' id='word_1_618' title='bbox 2608 3600 2750 3665; x_wconf 79' lang='lat' dir='ltr'><strong>quod</strong></span> <span class='ocrx_word' id='word_1_619' title='bbox 2780 3617 2971 3671; x_wconf 82' lang='lat' dir='ltr'><strong>magna</strong></span> <span class='ocrx_word' id='word_1_620' title='bbox 2998 3602 3233 3659; x_wconf 85' lang='lat' dir='ltr'><strong>hominis</strong></span> <span class='ocrx_word' id='word_1_621' title='bbox 3253 3616 3497 3675; x_wconf 76' lang='lat' dir='ltr'><strong>potestas</strong></span> 
     </span>
    </p>
   </div>
   <div class='ocr_carea' id='block_1_91' title="bbox 1923 3684 3495 3759">
    <p class='ocr_par' dir='ltr' id='par_1_91' title="bbox 1923 3684 3495 3759">
     <span class='ocr_line' id='line_1_91' title="bbox 1923 3684 3495 3759; baseline 0.012 -23"><span class='ocrx_word' id='word_1_622' title='bbox 1923 3684 2013 3745; x_wconf 89' lang='lat' dir='ltr'><strong>sit,</strong></span> <span class='ocrx_word' id='word_1_623' title='bbox 2044 3691 2104 3736; x_wconf 92' lang='lat' dir='ltr'><strong>ut</strong></span> <span class='ocrx_word' id='word_1_624' title='bbox 2136 3700 2300 3752; x_wconf 86' lang='lat' dir='ltr'><strong>super</strong></span> <span class='ocrx_word' id='word_1_625' title='bbox 2340 3702 2398 3739; x_wconf 87' lang='lat' dir='ltr'><strong>se</strong></span> <span class='ocrx_word' id='word_1_626' title='bbox 2436 3689 2615 3743; x_wconf 83' lang='lat' dir='ltr'><strong>mittat</strong></span> <span class='ocrx_word' id='word_1_627' title='bbox 2660 3705 2941 3759; x_wconf 75' lang='lat' dir='ltr'><strong>peccatum</strong></span> <span class='ocrx_word' id='word_1_628' title='bbox 2977 3711 3135 3750; x_wconf 90' lang='lat' dir='ltr'><strong>suum</strong></span> <span class='ocrx_word' id='word_1_629' title='bbox 3164 3715 3348 3752; x_wconf 89' lang='lat' dir='ltr'><strong>coram</strong></span> <span class='ocrx_word' id='word_1_630' title='bbox 3384 3697 3495 3755; x_wconf 91' lang='lat' dir='ltr'><strong>Do-</strong></span> 
     </span>
    </p>
   </div>
   <div class='ocr_carea' id='block_1_92' title="bbox 1923 3774 3491 3847">
    <p class='ocr_par' dir='ltr' id='par_1_92' title="bbox 1923 3774 3491 3847">
     <span class='ocr_line' id='line_1_92' title="bbox 1923 3774 3491 3847; baseline 0.014 -22"><span class='ocrx_word' id='word_1_631' title='bbox 1923 3774 2090 3837; x_wconf 90' lang='lat' dir='ltr'><strong>mino,</strong></span> <span class='ocrx_word' id='word_1_632' title='bbox 2123 3787 2508 3847; x_wconf 82' lang='lat' dir='ltr'><strong>exspectetqne</strong></span> <span class='ocrx_word' id='word_1_633' title='bbox 2543 3784 2898 3839; x_wconf 89' lang='lat' dir='ltr'><strong>tentationem</strong></span> <span class='ocrx_word' id='word_1_634' title='bbox 2936 3802 3110 3843; x_wconf 90' lang='lat' dir='ltr'><strong>usuue</strong></span> <span class='ocrx_word' id='word_1_635' title='bbox 3145 3788 3209 3841; x_wconf 90' lang='lat' dir='ltr'><strong>ad</strong></span> <span class='ocrx_word' id='word_1_636' title='bbox 3242 3790 3491 3846; x_wconf 90' lang='lat' dir='ltr'><strong>ultimum</strong></span> 
     </span>
    </p>
   </div>
   <div class='ocr_carea' id='block_1_93' title="bbox 1921 3866 2168 3924">
    <p class='ocr_par' dir='ltr' id='par_1_93' title="bbox 1921 3866 2168 3924">
     <span class='ocr_line' id='line_1_93' title="bbox 1921 3866 2168 3924; baseline 0.02 -6"><span class='ocrx_word' id='word_1_637' title='bbox 1921 3866 2168 3924; x_wconf 90' lang='lat' dir='ltr'><strong>halitum.</strong></span> 
     </span>
    </p>
   </div>
   <div class='ocr_carea' id='block_1_94' title="bbox 1990 3959 3488 4034">
    <p class='ocr_par' dir='ltr' id='par_1_94' title="bbox 1990 3959 3488 4034">
     <span class='ocr_line' id='line_1_94' title="bbox 1990 3959 3488 4034; baseline 0.011 -22"><span class='ocrx_word' id='word_1_638' title='bbox 1990 3959 2112 4014; x_wconf 69' lang='grc'><strong>126.</strong></span> <span class='ocrx_word' id='word_1_639' title='bbox 2173 3961 2285 4032; x_wconf 81' lang='grc'>(69)</span> <span class='ocrx_word' id='word_1_640' title='bbox 2345 3961 2714 4034; x_wconf 83' lang='lat' dir='ltr'><strong>Interrogatus</strong></span> <span class='ocrx_word' id='word_1_641' title='bbox 2762 3976 2850 4022; x_wconf 81' lang='lat' dir='ltr'><strong>est</strong></span> <span class='ocrx_word' id='word_1_642' title='bbox 2902 3970 3069 4024; x_wconf 88' lang='lat' dir='ltr'><strong>abbas</strong></span> <span class='ocrx_word' id='word_1_643' title='bbox 3116 3970 3377 4034; x_wconf 71' lang='lat' dir='ltr'><strong>Pmmen.</strong></span> <span class='ocrx_word' id='word_1_644' title='bbox 3433 3975 3488 4029; x_wconf 90' lang='lat' dir='ltr'><strong>in</strong></span> 
     </span>
    </p>
   </div>
   <div class='ocr_carea' id='block_1_95' title="bbox 1916 4052 3491 4127">
    <p class='ocr_par' dir='ltr' id='par_1_95' title="bbox 1916 4052 3491 4127">
     <span class='ocr_line' id='line_1_95' title="bbox 1916 4052 3491 4127; baseline 0.01 -26"><span class='ocrx_word' id='word_1_645' title='bbox 1916 4064 2074 4119; x_wconf 90' lang='lat' dir='ltr'><strong>quem</strong></span> <span class='ocrx_word' id='word_1_646' title='bbox 2117 4052 2433 4106; x_wconf 72' lang='lat' dir='ltr'><strong>conveniret</strong></span> <span class='ocrx_word' id='word_1_647' title='bbox 2478 4058 2701 4108; x_wconf 81' lang='lat' dir='ltr'><strong>verbum</strong></span> <span class='ocrx_word' id='word_1_648' title='bbox 2756 4056 3102 4127; x_wconf 66' lang='lat' dir='ltr'><strong>SCI‘iplUHE:</strong></span> <span class='ocrx_word' id='word_1_649' title='bbox 3150 4059 3330 4115; x_wconf 76' lang='lat' dir='ltr'><strong>Nolite</strong></span> <span class='ocrx_word' id='word_1_650' title='bbox 3377 4080 3491 4117; x_wconf 78' lang='lat' dir='ltr'><strong>esse</strong></span> 
     </span>
    </p>
   </div>
   <div class='ocr_carea' id='block_1_96' title="bbox 1916 4125 3489 4224">
    <p class='ocr_par' dir='ltr' id='par_1_96' title="bbox 1916 4125 3489 4224">
     <span class='ocr_line' id='line_1_96' title="bbox 1916 4125 3489 4224; baseline 0.01 -29"><span class='ocrx_word' id='word_1_651' title='bbox 1916 4125 2136 4196; x_wconf 69' lang='lat' dir='ltr'><strong>solliciti</strong></span> <span class='ocrx_word' id='word_1_652' title='bbox 2170 4144 2234 4197; x_wconf 79' lang='lat' dir='ltr'><strong>de</strong></span> <span class='ocrx_word' id='word_1_653' title='bbox 2268 4146 2501 4198; x_wconf 81' lang='lat' dir='ltr'><strong>crastino</strong></span> <span class='ocrx_word' id='word_1_654' title='bbox 2534 4149 2597 4201; x_wconf 85' lang='grc'><strong>¹².</strong></span> <span class='ocrx_word' id='word_1_655' title='bbox 2643 4125 2943 4216; x_wconf 81' lang='lat' dir='ltr'><strong>Respondit</strong></span> <span class='ocrx_word' id='word_1_656' title='bbox 2982 4169 3144 4206; x_wconf 74' lang='lat' dir='ltr'><strong>senex</strong></span> <span class='ocrx_word' id='word_1_657' title='bbox 3177 4172 3189 4207; x_wconf 95' lang='lat'>:</span> <span class='ocrx_word' id='word_1_658' title='bbox 3220 4157 3489 4224; x_wconf 77' lang='lat' dir='ltr'><strong>Competit</strong></span> 
     </span>
    </p>
   </div>
   <div class='ocr_carea' id='block_1_97' title="bbox 1918 4235 3488 4307">
    <p class='ocr_par' dir='ltr' id='par_1_97' title="bbox 1918 4235 3488 4307">
     <span class='ocr_line' id='line_1_97' title="bbox 1918 4235 3488 4307; baseline 0.008 -19"><span class='ocrx_word' id='word_1_659' title='bbox 1918 4235 2124 4290; x_wconf 90' lang='lat' dir='ltr'><strong>homini</strong></span> <span class='ocrx_word' id='word_1_660' title='bbox 2157 4237 2208 4289; x_wconf 92' lang='lat' dir='ltr'><strong>in</strong></span> <span class='ocrx_word' id='word_1_661' title='bbox 2243 4242 2538 4291; x_wconf 82' lang='lat' dir='ltr'><strong>tentatione</strong></span> <span class='ocrx_word' id='word_1_662' title='bbox 2573 4241 2771 4307; x_wconf 87' lang='lat' dir='ltr'><strong>posito,</strong></span> <span class='ocrx_word' id='word_1_663' title='bbox 2805 4257 2869 4295; x_wconf 92' lang='lat' dir='ltr'><strong>ac</strong></span> <span class='ocrx_word' id='word_1_664' title='bbox 2902 4244 3193 4305; x_wconf 79' lang='lat' dir='ltr'><strong>deﬁcienti.</strong></span> <span class='ocrx_word' id='word_1_665' title='bbox 3236 4262 3303 4300; x_wconf 87' lang='lat' dir='ltr'><strong>ne</strong></span> <span class='ocrx_word' id='word_1_666' title='bbox 3339 4249 3488 4302; x_wconf 91' lang='lat' dir='ltr'><strong>solli-</strong></span> 
     </span>
    </p>
   </div>
   <div class='ocr_carea' id='block_1_98' title="bbox 1915 4328 3487 4403">
    <p class='ocr_par' dir='ltr' id='par_1_98' title="bbox 1915 4328 3487 4403">
     <span class='ocr_line' id='line_1_98' title="bbox 1915 4328 3487 4403; baseline 0.008 -24"><span class='ocrx_word' id='word_1_667' title='bbox 1915 4328 2055 4381; x_wconf 85' lang='lat' dir='ltr'><strong>citus</strong></span> <span class='ocrx_word' id='word_1_668' title='bbox 2100 4328 2203 4390; x_wconf 78' lang='lat' dir='ltr'><strong>sit,</strong></span> <span class='ocrx_word' id='word_1_669' title='bbox 2250 4329 2439 4383; x_wconf 71' lang='lat' dir='ltr'><strong>diei-ns</strong></span> <span class='ocrx_word' id='word_1_670' title='bbox 2471 4348 2483 4379; x_wconf 85' lang='lat'><strong>:</strong></span> <span class='ocrx_word' id='word_1_671' title='bbox 2514 4329 2729 4395; x_wconf 82' lang='lat' dir='ltr'><strong>Quanto</strong></span> <span class='ocrx_word' id='word_1_672' title='bbox 2766 4343 3008 4403; x_wconf 87' lang='lat' dir='ltr'><strong>tempore</strong></span> <span class='ocrx_word' id='word_1_673' title='bbox 3053 4336 3150 4389; x_wconf 84' lang='lat' dir='ltr'><strong>hac</strong></span> <span class='ocrx_word' id='word_1_674' title='bbox 3188 4340 3487 4392; x_wconf 80' lang='lat' dir='ltr'><strong>tentatione</strong></span> 
     </span>
    </p>
   </div>
   <div class='ocr_carea' id='block_1_99' title="bbox 1912 4419 3486 4501">
    <p class='ocr_par' dir='ltr' id='par_1_99' title="bbox 1912 4419 3486 4501">
     <span class='ocr_line' id='line_1_99' title="bbox 1912 4419 3486 4501; baseline 0.009 -30"><span class='ocrx_word' id='word_1_675' title='bbox 1912 4421 2192 4474; x_wconf 79' lang='lat' dir='ltr'><strong>vexandus</strong></span> <span class='ocrx_word' id='word_1_676' title='bbox 2238 4419 2393 4474; x_wconf 91' lang='lat' dir='ltr'><strong>sum?</strong></span> <span class='ocrx_word' id='word_1_677' title='bbox 2436 4424 2530 4475; x_wconf 83' lang='lat' dir='ltr'><strong>sed</strong></span> <span class='ocrx_word' id='word_1_678' title='bbox 2582 4423 2764 4492; x_wconf 89' lang='lat' dir='ltr'><strong>potius</strong></span> <span class='ocrx_word' id='word_1_679' title='bbox 2809 4427 3107 4494; x_wconf 74' lang='lat' dir='ltr'><strong>existimet,</strong></span> <span class='ocrx_word' id='word_1_680' title='bbox 3149 4431 3486 4501; x_wconf 65' lang='lat' dir='ltr'><strong>singulisque</strong></span> 
     </span>
    </p>
   </div>
   <div class='ocr_carea' id='block_1_100' title="bbox 1865 4512 2509 4602">
    <p class='ocr_par' dir='ltr' id='par_1_100' title="bbox 1865 4512 2509 4602">
     <span class='ocr_line' id='line_1_100' title="bbox 1865 4512 2509 4602; baseline 0.009 -39"><span class='ocrx_word' id='word_1_681' title='bbox 1865 4556 1884 4602; x_wconf 66' lang='lat'><strong>)</strong></span> <span class='ocrx_word' id='word_1_682' title='bbox 1912 4512 2107 4566; x_wconf 80' lang='lat' dir='ltr'><strong>diebus</strong></span> <span class='ocrx_word' id='word_1_683' title='bbox 2133 4512 2297 4574; x_wconf 85' lang='lat' dir='ltr'><strong>dicat,</strong></span> <span class='ocrx_word' id='word_1_684' title='bbox 2333 4513 2509 4569; x_wconf 86' lang='lat' dir='ltr'><strong>hodie.</strong></span> 
     </span>
    </p>
   </div>
   <div class='ocr_carea' id='block_1_101' title="bbox 1984 4603 3482 4679">
    <p class='ocr_par' dir='ltr' id='par_1_101' title="bbox 1984 4603 3482 4679">
     <span class='ocr_line' id='line_1_101' title="bbox 1984 4603 3482 4679; baseline 0.009 -24"><span class='ocrx_word' id='word_1_685' title='bbox 1984 4603 2104 4657; x_wconf 74' lang='grc'><strong>127.</strong></span> <span class='ocrx_word' id='word_1_686' title='bbox 2149 4605 2258 4673; x_wconf 77' lang='grc'>(70)</span> <span class='ocrx_word' id='word_1_687' title='bbox 2327 4605 2469 4658; x_wconf 80' lang='lat' dir='ltr'><strong>Dixit</strong></span> <span class='ocrx_word' id='word_1_688' title='bbox 2502 4608 2694 4661; x_wconf 87' lang='lat' dir='ltr'><strong>ilermn</strong></span> <span class='ocrx_word' id='word_1_689' title='bbox 2728 4628 2739 4661; x_wconf 90' lang='lat'>:</span> <span class='ocrx_word' id='word_1_690' title='bbox 2776 4607 2978 4664; x_wconf 84' lang='lat' dir='ltr'><strong>Docere</strong></span> <span class='ocrx_word' id='word_1_691' title='bbox 3009 4613 3342 4679; x_wconf 74' lang='lat' dir='ltr'><strong>proximum,</strong></span> <span class='ocrx_word' id='word_1_692' title='bbox 3396 4632 3482 4669; x_wconf 81' lang='lat' dir='ltr'><strong>res</strong></span> 
     </span>
    </p>
   </div>
   <div class='ocr_carea' id='block_1_102' title="bbox 1912 4696 3480 4768">
    <p class='ocr_par' dir='ltr' id='par_1_102' title="bbox 1912 4696 3480 4768">
     <span class='ocr_line' id='line_1_102' title="bbox 1912 4696 3480 4768; baseline 0.01 -21"><span class='ocrx_word' id='word_1_693' title='bbox 1912 4705 1995 4749; x_wconf 88' lang='lat' dir='ltr'><strong>est</strong></span> <span class='ocrx_word' id='word_1_694' title='bbox 2026 4696 2263 4751; x_wconf 87' lang='lat' dir='ltr'><strong>hominis</strong></span> <span class='ocrx_word' id='word_1_695' title='bbox 2306 4699 2426 4751; x_wconf 89' lang='lat' dir='ltr'><strong>sani</strong></span> <span class='ocrx_word' id='word_1_696' title='bbox 2471 4715 2533 4752; x_wconf 86' lang='lat' dir='ltr'><strong>ac</strong></span> <span class='ocrx_word' id='word_1_697' title='bbox 2581 4702 2990 4768; x_wconf 86' lang='lat' dir='ltr'><strong>perturbatione</strong></span> <span class='ocrx_word' id='word_1_698' title='bbox 3020 4708 3278 4761; x_wconf 81' lang='lat' dir='ltr'><strong>ementis.</strong></span> <span class='ocrx_word' id='word_1_699' title='bbox 3330 4709 3480 4761; x_wconf 75' lang='lat' dir='ltr'><strong>Aliu-</strong></span> 
     </span>
    </p>
   </div>
   <div class='ocr_carea' id='block_1_103' title="bbox 1911 4790 3478 4865">
    <p class='ocr_par' dir='ltr' id='par_1_103' title="bbox 1911 4790 3478 4865">
     <span class='ocr_line' id='line_1_103' title="bbox 1911 4790 3478 4865; baseline 0.01 -26"><span class='ocrx_word' id='word_1_700' title='bbox 1911 4790 2041 4857; x_wconf 85' lang='lat' dir='ltr'><strong>quin</strong></span> <span class='ocrx_word' id='word_1_701' title='bbox 2075 4806 2195 4858; x_wconf 64' lang='lat' dir='ltr'><strong>quae</strong></span> <span class='ocrx_word' id='word_1_702' title='bbox 2226 4791 2452 4855; x_wconf 88' lang='lat' dir='ltr'><strong>utilitas,</strong></span> <span class='ocrx_word' id='word_1_703' title='bbox 2487 4793 2531 4846; x_wconf 93' lang='lat' dir='ltr'><strong>si</strong></span> <span class='ocrx_word' id='word_1_704' title='bbox 2565 4795 2689 4862; x_wconf 90' lang='lat' dir='ltr'><strong>quis</strong></span> <span class='ocrx_word' id='word_1_705' title='bbox 2721 4794 2950 4850; x_wconf 63' lang='lat' dir='ltr'><strong>mdilicet</strong></span> <span class='ocrx_word' id='word_1_706' title='bbox 2981 4798 3206 4852; x_wconf 88' lang='lat' dir='ltr'><strong>alterius</strong></span> <span class='ocrx_word' id='word_1_707' title='bbox 3236 4801 3478 4865; x_wconf 89' lang='lat' dir='ltr'><strong>domum,</strong></span> 
     </span>
    </p>
   </div>
   <div class='ocr_carea' id='block_1_104' title="bbox 1913 4884 2501 4938">
    <p class='ocr_par' dir='ltr' id='par_1_104' title="bbox 1913 4884 2501 4938">
     <span class='ocr_line' id='line_1_104' title="bbox 1913 4884 2501 4938; baseline 0.003 -3"><span class='ocrx_word' id='word_1_708' title='bbox 1913 4897 2065 4935; x_wconf 87' lang='lat' dir='ltr'><strong>suam</strong></span> <span class='ocrx_word' id='word_1_709' title='bbox 2091 4898 2218 4935; x_wconf 89' lang='lat' dir='ltr'><strong>vero</strong></span> <span class='ocrx_word' id='word_1_710' title='bbox 2254 4884 2501 4938; x_wconf 84' lang='lat' dir='ltr'><strong>evertat?</strong></span> 
     </span>
    </p>
   </div>
   <div class='ocr_carea' id='block_1_105' title="bbox 1984 4974 3475 5053">
    <p class='ocr_par' dir='ltr' id='par_1_105' title="bbox 1984 4974 3475 5053">
     <span class='ocr_line' id='line_1_105' title="bbox 1984 4974 3475 5053; baseline 0.007 -25"><span class='ocrx_word' id='word_1_711' title='bbox 1984 4974 2105 5029; x_wconf 70' lang='lat'><strong>128.</strong></span> <span class='ocrx_word' id='word_1_712' title='bbox 2148 4974 2361 5031; x_wconf 79' lang='lat' dir='ltr'><strong>Rursus</strong></span> <span class='ocrx_word' id='word_1_713' title='bbox 2397 4977 2534 5031; x_wconf 84' lang='lat' dir='ltr'><strong>dixit</strong></span> <span class='ocrx_word' id='word_1_714' title='bbox 2574 4995 2588 5032; x_wconf 89' lang='lat'><strong>:</strong></span> <span class='ocrx_word' id='word_1_715' title='bbox 2636 4978 2766 5044; x_wconf 69' lang='lat' dir='ltr'><strong>Qua:</strong></span> <span class='ocrx_word' id='word_1_716' title='bbox 2819 4980 3027 5034; x_wconf 89' lang='lat' dir='ltr'><strong>utilitas</strong></span> <span class='ocrx_word' id='word_1_717' title='bbox 3070 4981 3147 5035; x_wconf 88' lang='lat' dir='ltr'><strong>ire</strong></span> <span class='ocrx_word' id='word_1_718' title='bbox 3188 4984 3475 5053; x_wconf 87' lang='lat' dir='ltr'><strong>quemdam</strong></span> 
     </span>
    </p>
   </div>
   <div class='ocr_carea' id='block_1_106' title="bbox 1907 5064 2777 5129">
    <p class='ocr_par' dir='ltr' id='par_1_106' title="bbox 1907 5064 2777 5129">
     <span class='ocr_line' id='line_1_106' title="bbox 1907 5064 2777 5129; baseline 0.005 -10"><span class='ocrx_word' id='word_1_719' title='bbox 1907 5064 1971 5119; x_wconf 91' lang='lat' dir='ltr'><strong>ad</strong></span> <span class='ocrx_word' id='word_1_720' title='bbox 2006 5074 2197 5129; x_wconf 87' lang='lat' dir='ltr'><strong>artem,</strong></span> <span class='ocrx_word' id='word_1_721' title='bbox 2232 5081 2329 5121; x_wconf 90' lang='lat' dir='ltr'><strong>nec</strong></span> <span class='ocrx_word' id='word_1_722' title='bbox 2367 5083 2485 5119; x_wconf 89' lang='lat' dir='ltr'><strong>eam</strong></span> <span class='ocrx_word' id='word_1_723' title='bbox 2518 5067 2777 5123; x_wconf 83' lang='lat' dir='ltr'><strong>discere?</strong></span> 
     </span>
    </p>
   </div>
   <div class='ocr_carea' id='block_1_107' title="bbox 1978 5156 3472 5229">
    <p class='ocr_par' dir='ltr' id='par_1_107' title="bbox 1978 5156 3472 5229">
     <span class='ocr_line' id='line_1_107' title="bbox 1978 5156 3472 5229; baseline 0.005 -21"><span class='ocrx_word' id='word_1_724' title='bbox 1978 5156 2098 5209; x_wconf 69' lang='lat'><strong>129.</strong></span> <span class='ocrx_word' id='word_1_725' title='bbox 2147 5157 2285 5211; x_wconf 74' lang='lat' dir='ltr'><strong>Dixit</strong></span> <span class='ocrx_word' id='word_1_726' title='bbox 2334 5166 2595 5228; x_wconf 67' lang='lat' dir='ltr'><strong>praeterea</strong></span> <span class='ocrx_word' id='word_1_727' title='bbox 2623 5179 2635 5211; x_wconf 89' lang='lat'><strong>:</strong></span> <span class='ocrx_word' id='word_1_728' title='bbox 2669 5161 2878 5215; x_wconf 85' lang='lat' dir='ltr'><strong>Cuncta</strong></span> <span class='ocrx_word' id='word_1_729' title='bbox 2907 5177 3025 5229; x_wconf 75' lang='lat' dir='ltr'><strong>qua:</strong></span> <span class='ocrx_word' id='word_1_730' title='bbox 3054 5162 3273 5216; x_wconf 86' lang='lat' dir='ltr'><strong>modum</strong></span> <span class='ocrx_word' id='word_1_731' title='bbox 3307 5177 3472 5217; x_wconf 71' lang='lat' dir='ltr'><strong>exce-</strong></span> 
     </span>
    </p>
   </div>
   <div class='ocr_carea' id='block_1_108' title="bbox 1901 5251 2563 5313">
    <p class='ocr_par' dir='ltr' id='par_1_108' title="bbox 1901 5251 2563 5313">
     <span class='ocr_line' id='line_1_108' title="bbox 1901 5251 2563 5313; baseline 0.008 -11"><span class='ocrx_word' id='word_1_732' title='bbox 1901 5251 2056 5313; x_wconf 87' lang='lat' dir='ltr'><strong>dunt,</strong></span> <span class='ocrx_word' id='word_1_733' title='bbox 2084 5252 2389 5305; x_wconf 70' lang='lat' dir='ltr'><strong>dmmonum</strong></span> <span class='ocrx_word' id='word_1_734' title='bbox 2421 5262 2563 5307; x_wconf 90' lang='lat' dir='ltr'><strong>sunt.</strong></span> 
     </span>
    </p>
   </div>
   <div class='ocr_carea' id='block_1_109' title="bbox 1970 5342 3474 5414">
    <p class='ocr_par' dir='ltr' id='par_1_109' title="bbox 1970 5342 3474 5414">
     <span class='ocr_line' id='line_1_109' title="bbox 1970 5342 3474 5414; baseline 0.002 -20"><span class='ocrx_word' id='word_1_735' title='bbox 1970 5342 2092 5398; x_wconf 83' lang='grc'><strong>150.</strong></span> <span class='ocrx_word' id='word_1_736' title='bbox 2133 5343 2246 5396; x_wconf 88' lang='lat' dir='ltr'><strong>lloc</strong></span> <span class='ocrx_word' id='word_1_737' title='bbox 2289 5344 2450 5397; x_wconf 89' lang='lat' dir='ltr'><strong>etiam</strong></span> <span class='ocrx_word' id='word_1_738' title='bbox 2500 5345 2818 5414; x_wconf 90' lang='lat' dir='ltr'><strong>prolocutus</strong></span> <span class='ocrx_word' id='word_1_739' title='bbox 2858 5353 2989 5401; x_wconf 84' lang='lat' dir='ltr'><strong>est:</strong></span> <span class='ocrx_word' id='word_1_740' title='bbox 3033 5343 3206 5399; x_wconf 85' lang='lat' dir='ltr'><strong>Homo</strong></span> <span class='ocrx_word' id='word_1_741' title='bbox 3247 5344 3474 5405; x_wconf 77' lang='lat' dir='ltr'><strong>domum,</strong></span> 
     </span>
    </p>
   </div>
   <div class='ocr_carea' id='block_1_110' title="bbox 302 5495 1829 5576">
    <p class='ocr_par' dir='ltr' id='par_1_110' title="bbox 302 5495 1829 5570">
     <span class='ocr_line' id='line_1_110' title="bbox 302 5495 1829 5570; baseline 0.005 -20"><span class='ocrx_word' id='word_1_742' title='bbox 302 5495 345 5528; x_wconf 82' lang='grc'><strong>¹⁰</strong></span> <span class='ocrx_word' id='word_1_743' title='bbox 372 5496 454 5553; x_wconf 81' lang='lat' dir='ltr'><strong>Al.</strong></span> <span class='ocrx_word' id='word_1_744' title='bbox 477 5498 603 5554; x_wconf 78' lang='lat' dir='ltr'><strong>add.</strong></span> <span class='ocrx_word' id='word_1_745' title='bbox 643 5498 908 5570; x_wconf 82' lang='grc' dir='ltr'>σφοδρῶς.</span> <span class='ocrx_word' id='word_1_746' title='bbox 979 5502 1020 5532; x_wconf 84' lang='grc'>¹¹</span> <span class='ocrx_word' id='word_1_747' title='bbox 1053 5502 1137 5555; x_wconf 82' lang='lat' dir='ltr'><strong>Al.</strong></span> <span class='ocrx_word' id='word_1_748' title='bbox 1175 5502 1494 5556; x_wconf 77' lang='grc' dir='ltr'>καταλῦσαι.</span> <span class='ocrx_word' id='word_1_749' title='bbox 1574 5504 1615 5534; x_wconf 82' lang='grc'><strong>¹³</strong></span> <span class='ocrx_word' id='word_1_750' title='bbox 1648 5503 1829 5558; x_wconf 83' lang='lat' dir='ltr'><strong>Matth.</strong></span> 
     </span>
    </p>
   </div>
   <div class='ocr_carea' id='block_1_111' title="bbox 1931 5495 2695 5576">
    <p class='ocr_par' dir='ltr' id='par_1_111' title="bbox 1931 5506 2695 5576">
     <span class='ocr_line' id='line_1_111' title="bbox 1931 5506 2695 5576; baseline -0.004 -13"><span class='ocrx_word' id='word_1_751' title='bbox 1931 5546 1936 5563; x_wconf 70' lang='grc' dir='ltr'><strong>ι</strong></span> <span class='ocrx_word' id='word_1_752' title='bbox 1973 5508 2079 5571; x_wconf 77' lang='lat' dir='ltr'><strong>5i;</strong></span> <span class='ocrx_word' id='word_1_753' title='bbox 2118 5506 2340 5561; x_wconf 85' lang='lat' dir='ltr'><strong>Doroth.</strong></span> <span class='ocrx_word' id='word_1_754' title='bbox 2382 5509 2539 5576; x_wconf 86' lang='lat' dir='ltr'><strong>epist.</strong></span> <span class='ocrx_word' id='word_1_755' title='bbox 2574 5522 2612 5574; x_wconf 83' lang='grc' dir='ltr'><strong>ι,</strong></span> <span class='ocrx_word' id='word_1_756' title='bbox 2646 5508 2695 5560; x_wconf 91' lang='lat'><strong>7.</strong></span> 
     </span>
    </p>
   </div>
   <div class='ocr_carea' id='block_1_112' title="bbox 299 5650 1332 5734">
    <p class='ocr_par' dir='ltr' id='par_1_112' title="bbox 299 5650 1332 5734">
     <span class='ocr_line' id='line_1_112' title="bbox 299 5650 1332 5734; baseline 0.004 -28"><span class='ocrx_word' id='word_1_757' title='bbox 434 5651 863 5734; x_wconf 40' lang='grc' dir='ltr'>ξζξεεεέιηνοεε.</span> <span class='ocrx_word' id='word_1_758' title='bbox 896 5671 954 5734; x_wconf 86' lang='lat' dir='ltr'><strong>p._</strong></span> <span class='ocrx_word' id='word_1_759' title='bbox 982 5656 1111 5734; x_wconf 54' lang='lat'><strong>132.</strong></span> <span class='ocrx_word' id='word_1_760' title='bbox 1208 5727 1240 5734; x_wconf 87' lang='lat'><strong>__</strong></span> <span class='ocrx_word' id='word_1_761' title='bbox 1291 5724 1332 5734; x_wconf 48' lang='lat' dir='ltr'><strong>ﬂ</strong></span> 
     </span>
    </p>
   </div>
   <div class='ocr_carea' id='block_1_113' title="bbox 322 5722 1562 5793">
    <p class='ocr_par' dir='ltr' id='par_1_113' title="bbox 322 5722 1562 5793">
     <span class='ocr_line' id='line_1_113' title="bbox 322 5722 1562 5793; baseline 0.003 -17"><span class='ocrx_word' id='word_1_762' title='bbox 322 5723 405 5793; x_wconf 68' lang='lat' dir='ltr'><strong>iiii)</strong></span> <span class='ocrx_word' id='word_1_763' title='bbox 442 5722 557 5793; x_wconf 60' lang='lat' dir='ltr'><strong>Yit.</strong></span> <span class='ocrx_word' id='word_1_764' title='bbox 581 5723 741 5793; x_wconf 68' lang='lat' dir='ltr'><strong>Patr.</strong></span> <span class='ocrx_word' id='word_1_765' title='bbox 773 5722 956 5783; x_wconf 54' lang='lat' dir='ltr'><strong>nuli</strong></span> <span class='ocrx_word' id='word_1_766' title='bbox 986 5746 1000 5793; x_wconf 92' lang='lat'><strong>;</strong></span> <span class='ocrx_word' id='word_1_767' title='bbox 1035 5725 1260 5782; x_wconf 79' lang='lat' dir='ltr'><strong>Misceil.</strong></span> <span class='ocrx_word' id='word_1_768' title='bbox 1291 5724 1449 5781; x_wconf 74' lang='lat' dir='ltr'><strong>Voss.</strong></span> <span class='ocrx_word' id='word_1_769' title='bbox 1486 5729 1562 5780; x_wconf 85' lang='lat' dir='ltr'><strong>th.</strong></span> 
     </span>
    </p>
   </div>
   <div class='ocr_carea' id='block_1_114' title="bbox 322 5790 937 5864">
    <p class='ocr_par' dir='ltr' id='par_1_114' title="bbox 322 5790 937 5864">
     <span class='ocr_line' id='line_1_114' title="bbox 322 5790 937 5864; baseline 0.005 -19"><span class='ocrx_word' id='word_1_770' title='bbox 322 5790 406 5864; x_wconf 84' lang='lat'><strong>67)</strong></span> <span class='ocrx_word' id='word_1_771' title='bbox 430 5792 634 5851; x_wconf 63' lang='lat' dir='ltr'><strong>Niceti.</strong></span> <span class='ocrx_word' id='word_1_772' title='bbox 663 5791 826 5849; x_wconf 85' lang='lat' dir='ltr'><strong>Voss.</strong></span> <span class='ocrx_word' id='word_1_773' title='bbox 864 5795 937 5850; x_wconf 90' lang='lat' dir='ltr'><strong>Ib.</strong></span> 
     </span>
    </p>
   </div>
   <div class='ocr_carea' id='block_1_115' title="bbox 1972 5661 2653 5728">
    <p class='ocr_par' dir='ltr' id='par_1_115' title="bbox 1972 5661 2653 5728">
     <span class='ocr_line' id='line_1_115' title="bbox 1972 5661 2653 5728; baseline -0.001 -13"><span class='ocrx_word' id='word_1_774' title='bbox 1972 5661 2084 5728; x_wconf 59' lang='lat'><strong>(68)</strong></span> <span class='ocrx_word' id='word_1_775' title='bbox 2115 5662 2171 5714; x_wconf 78' lang='lat' dir='ltr'><strong>S.</strong></span> <span class='ocrx_word' id='word_1_776' title='bbox 2207 5665 2259 5715; x_wconf 83' lang='lat' dir='ltr'><strong>in</strong></span> <span class='ocrx_word' id='word_1_777' title='bbox 2290 5665 2483 5716; x_wconf 83' lang='lat' dir='ltr'><strong>Anton.</strong></span> <span class='ocrx_word' id='word_1_778' title='bbox 2511 5679 2565 5716; x_wconf 82' lang='grc' dir='ltr'><strong>η.</strong></span> <span class='ocrx_word' id='word_1_779' title='bbox 2600 5663 2653 5715; x_wconf 74' lang='grc'><strong>4.</strong></span> 
     </span>
    </p>
   </div>
   <div class='ocr_carea' id='block_1_116' title="bbox 1971 5732 2616 5801">
    <p class='ocr_par' dir='ltr' id='par_1_116' title="bbox 1971 5732 2616 5801">
     <span class='ocr_line' id='line_1_116' title="bbox 1971 5732 2616 5801; baseline 0.006 -20"><span class='ocrx_word' id='word_1_780' title='bbox 1971 5733 2080 5801; x_wconf 77' lang='lat' dir='ltr'><strong>(om</strong></span> <span class='ocrx_word' id='word_1_781' title='bbox 2123 5732 2227 5786; x_wconf 69' lang='lat' dir='ltr'><strong>ru.</strong></span> <span class='ocrx_word' id='word_1_782' title='bbox 2266 5732 2414 5785; x_wconf 83' lang='lat' dir='ltr'><strong>l’atr.</strong></span> <span class='ocrx_word' id='word_1_783' title='bbox 2458 5750 2529 5787; x_wconf 85' lang='grc' dir='ltr'><strong>ιν,</strong></span> <span class='ocrx_word' id='word_1_784' title='bbox 2565 5732 2616 5785; x_wconf 83' lang='lat'><strong>9.</strong></span> 
     </span>
    </p>
   </div>
   <div class='ocr_carea' id='block_1_117' title="bbox 1969 5800 2850 5868">
    <p class='ocr_par' dir='ltr' id='par_1_117' title="bbox 1969 5800 2850 5868">
     <span class='ocr_line' id='line_1_117' title="bbox 1969 5800 2850 5868; baseline 0.007 -15"><span class='ocrx_word' id='word_1_785' title='bbox 1969 5800 2081 5868; x_wconf 85' lang='lat'><strong>(&#39;70)</strong></span> <span class='ocrx_word' id='word_1_786' title='bbox 2116 5801 2173 5853; x_wconf 87' lang='lat' dir='ltr'><strong>L.</strong></span> <span class='ocrx_word' id='word_1_787' title='bbox 2203 5802 2453 5856; x_wconf 82' lang='lat' dir='ltr'><strong>Dorothei</strong></span> <span class='ocrx_word' id='word_1_788' title='bbox 2488 5802 2727 5856; x_wconf 79' lang='lat' dir='ltr'><strong>lnstitut.</strong></span> <span class='ocrx_word' id='word_1_789' title='bbox 2764 5800 2850 5859; x_wconf 78' lang='grc'><strong>17.</strong></span> 
     </span>
    </p>
   </div>
  </div>
