4062 6332
306 363 416 423 357

1431 364 2042 423 APOPHTHEGMATA
2083 365 2398 424 PATRUM.

3440 369 3543 427 358

306 486 395 535 καὶ
424 483 592 546 ἀκοὰς
618 481 878 556 ἀκούσῃς,
917 483 992 555 μὴ
1013 481 1201 555 διηγοῦ
1227 484 1365 539 αὐτὰ
1390 485 1468 558 τῷ
1496 484 1722 557 πλησίον
1756 503 1870 540 σου·

1981 485 2217 549 ctacula,
2248 493 2302 541 et
2329 484 2570 542 audieris
2598 502 2901 551 sermones,
2934 486 3043 543 noli
3079 500 3337 541 enarrare
3368 492 3544 553 prosi.

304 573 576 646 ἀνατροπὴ
601 575 711 647 γάρ
732 577 846 629 ἐστι
877 575 1128 648 πολέμου.

373 671 481 736 pp’.
509 660 647 720 Εἶπε
678 667 860 720 πάλινο
889 667 962 719 Τὸ
987 666 1200 736 πρῶτον
1239 665 1378 736 φύγε
1407 668 1573 735 ἅπαξ,
1609 668 1671 722 τὸ
1693 668 1875 723 δεύτε-

305 773 395 830 ρον
427 757 586 827 φύγε,
615 758 676 812 τὸ
696 757 900 828 τρίτον,
934 758 1094 827 γενοῦ
1118 761 1379 831 ῥομφαία.

379 848 520 920 ρμσ.’.
555 847 687 904 Εἷπε
713 850 876 904 πάλιν
897 853 924 903 6
950 851 1122 915 ἁὸὀᾶς
1146 852 1358 923 Ποιμὴν
1384 852 1463 924 τῷ
1492 853 1635 925 ἀὸῦᾷ
1664 855 1872 908 ἰσαάκο

305 941 572 1012 Κούφισον
604 943 768 1014 μέρος
799 946 898 1015 τῆς
926 943 1272 1016 δικαιοσύνης
1303 962 1419 1008 σου,
1456 947 1549 1000 καὶ
1577 947 1716 1012 ἕξεις
1740 948 1868 1001 ἀνά-

307 1049 497 1089 παυσιν
526 1033 625 1098 τὰς
653 1036 839 1103 ὀλίγας
868 1036 1080 1107 ἡμέρας
1109 1052 1222 1089 σου.
1867 1090 1887 1105 ,

372 1126 515 1198 ρμβ’.
563 1128 810 1196 Ἀδελφὸς
860 1127 1134 1201 παρέϐαλε
1182 1127 1259 1199 τῷ
1298 1129 1440 1200 άὸϐᾷ
1486 1129 1725 1199 Ποιμένιο
1779 1132 1872 1184 καὶ

308 1220 785 1289 συγκαθεζομένων
813 1221 994 1285 τινῶν,
1029 1220 1260 1293 ἐπῄνεσέ
1282 1239 1400 1273 τινα
1430 1221 1673 1290 ἀδελφὸν,
1700 1221 1773 1286 ὡς
1793 1225 1872 1277 ὅτι

307 1309 663 1381 μισοπὸνηρός
693 1312 832 1365 ἐστι.
872 1311 1033 1378 Λέγει
1075 1312 1104 1364 6
1146 1309 1316 1374 άσσᾶς
1354 1313 1564 1383 Ποιμὴν
1596 1313 1672 1383 τῷ
1711 1314 1873 1385 λαλή-

306 1418 470 1456 σαντι·
500 1401 610 1454 Καὶ
652 1401 704 1454 τί
742 1404 858 1455 ἐστι
888 1402 1286 1475 μισοπονηρίας
1326 1402 1547 1472 Ἐξέστη
1577 1404 1633 1457 δὲ
1667 1405 1695 1456 6
1728 1404 1875 1458 ἀδελ-

306 1493 414 1563 φὸς.
441 1496 534 1547 καὶ
557 1494 655 1565 οὐχ
681 1488 837 1566 εὗρεν
867 1495 1250 1567 ἁποκριθῆναι’
1281 1495 1515 1559 ἀναστάς
1536 1497 1591 1549 δὲ
1621 1498 1872 1568 μετενόη-

306 1603 360 1639 σε
386 1585 462 1655 τῷ
480 1585 716 1657 γέροντι,
747 1587 940 1654 λέγων·
968 1586 1104 1640 Εἰπέ
1132 1605 1222 1658 μοι
1255 1587 1309 1640 τί
1332 1590 1444 1640 ἐστι
1475 1591 1868 1662 μισοπονηρία;

306 1676 442 1747 Ἔφη
474 1679 501 1728 ὁ
532 1676 729 1747 γέρων·
754 1677 1131 1748 Μισοπονηρία
1166 1676 1304 1749 αῦτη
1342 1679 1510 1740 ἐστὶν,
1552 1680 1607 1731 εἴ
1649 1698 1730 1743 τις
1776 1681 1873 1744 τὰς

303 1767 565 1840 ἁμαρτίας
590 1767 754 1821 αὐτοῦ
787 1767 1037 1840 ἐμίσησε,
1066 1770 1157 1822 καὶ
1186 1769 1276 1822 τὸν
1307 1769 1532 1839 πλησίον
1564 1769 1728 1823 αὐτοῦ
1765 1771 1870 1824 tat.

306 1873 531 1912 καιωσεν
543 1892 559 1906 ο

371 2047 516 2111 ρμγ’.
563 2040 811 2109 ’Λδελφὸς
842 2040 1179 2112 παραϐαλὼν
1212 2042 1290 2113 τῷ
1326 2042 1470 2115 ἀόϐᾷ
1505 2044 1747 2116 Ποιμένι,
1786 2044 1868 2099 λέ-

301 2146 383 2202 γει
403 2131 572 2204 αὐτῷ’
609 2132 675 2186 Τί
708 2135 944 2204 ποιήσω;
975 2134 1137 2202 Λέγει
1166 2133 1312 2204 αὐτῷ
1356 2135 1383 2186 6
1414 2135 1610 2204 γέρων·
1632 2136 1871 2204 ”Υπαγε,

302 2224 596 2297 πλησίασον
622 2224 759 2295 μετὰ
781 2224 873 2278 τοῦ
900 2225 1166 2293 λέγοντος,
1195 2225 1259 2278 Τί
1291 2225 1427 2280 θέλω
1447 2227 1555 2296 ἐγώ
1577 2244 1590 2292 ;
1620 2228 1711 2280 καὶ
1734 2228 1874 2294 ἕξεις

300 2315 623 2369 ἀνάπαυσιν.

369 2409 504 2480 ρμδ’.
533 2409 841 2478 Διηγὴσατο
872 2412 900 2463 6
951 2410 1123 2476 άόεᾶς
1169 2411 1385 2482 Ἰωσὴφ,
1432 2413 1513 2466 ὅτι
1538 2407 1687 2465 εἶπεν
1720 2413 1748 2464 6
1780 2411 1878 2466 ἀϐ-

298 2500 396 2563 σᾶς
437 2489 643 2563 Ἰσαὰκ.
707 2501 790 2554 ὅτι
849 2501 1162 2575 Ἐκαοὴμην
1223 2504 1354 2556 ποτὲ
1406 2503 1540 2574 πρὸς
1584 2504 1673 2556 τὸν
1702 2503 1876 2557 ἀῦὗᾶν

304 2592 561 2663 Ποιμένα·
591 2592 687 2645 καὶ
716 2587 855 2645 εἶδον
880 2594 1042 2646 αὑτὸν
1080 2595 1138 2647 ὲν
1164 2594 1420 2648 ἐκστάσει
1447 2594 1757 2664 γενόμενον·
1783 2595 1877 2647 καὶ

299 2685 482 2756 ἐπειδὴ
530 2681 676 2755 εἶχον
710 2687 846 2759 πρὸς
880 2687 1041 2741 αὐτὸν
1076 2687 1277 2758 πολλὴν
1311 2685 1656 2759 παρρησίαν,
1690 2684 1879 2739 ἔϐαλον

298 2776 445 2849 αὐτῷ
475 2777 786 2848 μετάνοιαν,
820 2779 913 2833 καὶ
934 2780 1283 2850 παρεκάλεσα
1309 2779 1493 2843 αὑτὸν,
1522 2778 1718 2847 λέγων’
1743 2778 1879 2831 Εἱπέ

300 2886 410 2940 μοι,
435 2871 538 2925 ποῦ
567 2865 670 2942 ἦς;
725 2871 782 2924 '0
818 2870 874 2924 δὲ
913 2870 1277 2940 ἀναγκασθεὶς
1325 2867 1495 2926 εἶπεν·
1537 2872 1596 2925 ὐ
1634 2871 1765 2941 ἐμὸς
1794 2872 1880 2924 λο-

296 2964 493 3033 γισμὸς
527 3004 542 3029 ,
564 2964 699 3017 ὅπου
727 2965 761 3036 ἠ
810 2963 938 3033 άγία
970 2965 1215 3036 Μαρίαὴ
1245 2964 1504 3029 Θεοτὸκος
1532 2966 1752 3037 ἕστηκε.
1786 2966 1881 3019 καὶ

300 3054 510 3110 ἔκλαιεν
532 3058 626 3111 ἐπὶ
656 3057 751 3110 τοῦ
781 3057 1014 3126 σταυροῦ
1048 3058 1140 3112 τοῦ
1184 3058 1455 3130 Σωτῆρος·
1494 3060 1589 3113 καὶ
1612 3059 1721 3128 ἐγὼ
1749 3060 1877 3129 ἤθε-

272 3180 277 3183 λ
299 3147 393 3202 λεν
420 3149 653 3203 πάντοτε
679 3148 853 3215 οὕτως
877 3150 1105 3204 κλαίειν.

373 3327 508 3402 ρμέ.
550 3329 801 3398 Ἀδελφὸς
824 3328 1074 3401 ἠρώτησε
1104 3328 1193 3382 τὸν
1220 3328 1392 3382 ἀϐὅᾶν
1408 3327 1875 3400 Ποιμένα,λέγων·

301 3418 369 3476 Τί
390 3423 600 3494 ⁸ιιιοιήσω
641 3422 720 3491 τῷ
751 3421 904 3493 βάρει
940 3421 1114 3491 τούτῳ
1165 3419 1241 3491 τῷ
1273 3421 1549 3492 συνέχοντί
1583 3437 1683 3490 με;
1718 3420 1880 3488 Λέγει

299 3512 443 3584 αὐτῷ
473 3516 502 3566 ὁ
538 3513 740 3582 γέοων,
771 3514 851 3565 ὅτι
882 3513 962 3565 Τὰ
1000 3511 1172 3583 μικρὰ
1210 3513 1369 3565 πλοῖα
1406 3514 1501 3565 καὶ
1550 3513 1618 3565 τά
1672 3512 1882 3583 μεγάλα

299 3603 481 3678 ἔχουσι
533 3603 733 3669 ζώνας,
768 3604 855 3658 ἵνα
878 3603 943 3657 ἂν
978 3604 1051 3675 μὴ
1156 3604 1384 3676 εὔφορος
1426 3605 1646 3675 ἄνεμος,
1680 3605 1882 3674 βάλωσι

300 3701 363 3755 τὸ
383 3701 676 3772 παρόλκιον
702 3699 793 3754 καὶ
825 3699 923 3762 τὰς
967 3697 1142 3762 ζώνας
1168 3700 1248 3763 εἰς
1272 3697 1339 3751 τά
1369 3697 1536 3768 στήθη
1559 3697 1757 3761 αὐτῶν,
1792 3699 1885 3752 καὶ

305 3790 423 3845 κατ’
472 3789 653 3859 ὀλίγον
679 3787 880 3843 ἕλκωσι
912 3788 973 3842 τὸ
1006 3789 1187 3841 πλοῖον
1217 3788 1320 3851 ἕως
1368 3780 1428 3840 οῦ
1458 3790 1485 3842 6
1516 3788 1647 3851 Θεὸς
1694 3788 1886 3862 πέμψῃ

302 3881 393 3936 τὸν
427 3881 654 3953 ἄνεμονο
692 3880 788 3935 ἐὰν
814 3880 872 3934 δὲ
922 3880 1168 3951 μάθωσιν
1187 3881 1268 3933 ὄτι
1296 3880 1491 3949 ἄνεστη
1518 3881 1733 3950 γνόφος,
1764 3879 1885 3932 τότε

306 3973 366 4044 δὴ
394 3972 607 4045 ὁρμῶσι
657 3972 753 4025 καὶ
807 3972 1059 4043 βάλλουσι
1093 3973 1399 4037 πάσσαλον,
1432 3973 1519 4026 ἵνα
1562 3973 1636 4043 μὴ
1676 3971 1883 4044 ῥέμϐη-

306 4081 390 4118 ται
422 4065 489 4121 ³⁸.

376 4152 526 4227 ρμς⁹.
574 4155 831 4225 ’Λδελφὸς
864 4156 1117 4229 ἠρώτησε
1165 4157 1256 4210 τὸν
1281 4158 1454 4211 ἁεϐξὶν
1509 4158 1747 4228 Ποιμένα
1798 4156 1887 4210 διὰ

306 4248 400 4311 τὰς
424 4249 534 4302 τῶν
550 4249 827 4318 λογισμῶν
854 4250 1135 4321 ἐπηρείας.
1166 4251 1277 4303 Καὶ
1294 4250 1443 4320 λέγει
1468 4250 1615 4320 αὐτῷ
1635 4252 1663 4303 6
1683 4251 1883 4321 γέρωνο

308 4339 475 4394 Τοῦτο
503 4341 568 4394 τὸ
606 4343 839 4414 πρᾶγμα
885 4342 1060 4395 ἔοικεν
1118 4343 1272 4414 ἀνδρὶ
1315 4342 1487 4413 ἔχοντι
1524 4343 1635 4413 πῦρ
1664 4341 1720 4408 ἐξ
1755 4343 1888 4393 εὐω-

307 4432 511 4505 νύμων,
569 4434 665 4488 καὶ
715 4433 965 4505 κρατῆρα
1007 4432 1198 4497 ὓδατος
1250 4437 1314 4488 ὲκ
1368 4433 1577 4500 δεξιῶν.
1620 4433 1749 4487 Ἐὰν
1793 4429 1886 4486 οὖν

1979 593 2067 633 mo
2104 587 2219 634 tuo.
2257 577 2353 634 Est
2378 579 2523 634 enim
2555 581 2748 636 bellica
2780 582 3084 636 subversio.

2048 669 2171 723 140.
2215 669 2329 740 (75)
2371 670 2516 725 Dixit
2564 672 2772 726 etiam:
2807 674 2989 727 Primo
3040 671 3164 741 fuge
3211 671 3408 734 seruet,
3459 686 3545 725 se—

1976 761 2156 815 cundo
2183 761 2325 830 fuge,
2359 763 2524 817 tertio
2549 764 2761 818 ellicere
2784 765 2932 818 velut
2964 764 3298 833 rhompnzea.

2049 854 2171 908 Ml.
2239 852 2383 908 Dixit
2435 855 2631 909 iterum
2687 857 2853 932 abbas
2907 854 3125 932 PaL-men
3180 861 3244 907 ad
3297 854 3548 908 ahbteln

1976 944 2220 999 lsaaemn
2252 963 2265 998 :
2298 942 2493 1000 Levem
2525 945 2690 1000 redde
2714 928 2941 1015 justitia:
2978 928 3082 999 inse
3118 958 3346 1016 partem,
3379 955 3433 1000 et
3457 946 3550 999 ha-

1975 1037 2129 1091 bebis
2162 1038 2403 1106 requiem
2436 1039 2489 1091 in
2526 1039 2716 1108 paucis
2741 1038 2934 1091 diebus
2961 1048 3091 1092 tuis.

2045 1127 2169 1180 142.
2222 1127 2338 1197 (⁸14)
2386 1126 2578 1181 Frater
2625 1128 2865 1182 visitavit
2910 1129 3158 1183 abbatem
3205 1127 3549 1195 Ρωλιιυιιθιιι,

1975 1226 2140 1290 atque
2167 1235 2273 1273 una
2310 1220 2627 1276 sedentibus
2664 1221 2961 1285 nmumllis,
2998 1222 3236 1273 laudavit
3261 1225 3551 1291 quemdam

1977 1308 2223 1374 fratrem,
2254 1311 2411 1380 quasi
2441 1312 2532 1381 qui
2563 1324 2707 1366 esset
2740 1314 3004 1367 malorum
3035 1329 3182 1367 osor.
3218 1314 3355 1367 Dicit
3382 1314 3553 1366 abbas

1973 1395 2197 1454 Ptemen
2226 1400 2274 1455 ei
2307 1401 2400 1471 qui
2433 1400 2484 1454 id
2517 1405 2728 1456 locutus
2764 1402 2980 1456 fuerat:
3014 1403 3075 1456 Et
3108 1403 3238 1474 quid
3268 1414 3350 1457 est
3383 1406 3553 1456 malo-

1975 1505 2094 1543 rum
2126 1491 2354 1545 odium?
2386 1494 2454 1545 At
2490 1492 2657 1547 frater
2694 1497 3009 1566 obstupuit,
3045 1512 3143 1550 nec
3182 1497 3385 1548 invenit
3424 1496 3554 1565 qmd

1975 1583 2372 1652 responderet:
2407 1585 2547 1639 unde
2576 1601 2806 1655 surgens
2840 1588 2958 1642 seni
2994 1603 3054 1642 se
3116 1588 3421 1651 inelinav.t,
3465 1605 3557 1658 pe-

1976 1686 2095 1730 tens
2152 1676 2375 1730 doceret
2424 1693 2547 1731 eum
2600 1679 2732 1747 quid
2800 1692 2948 1733 esset
3011 1679 3196 1734 odium
3262 1682 3553 1734 malorum.

1977 1763 2201 1833 Excepit
2248 1780 2412 1819 senex
2441 1784 2455 1819 :
2482 1766 2595 1819 Hae
2633 1778 2717 1821 est
2750 1770 3018 1822 malorum
3070 1769 3291 1831 odium,
3328 1771 3373 1825 si
3432 1772 3557 1841 quis

1907 1858 1944 1911 Β
1977 1865 2195 1925 peccata
2230 1872 2329 1913 sua
2359 1858 2555 1919 oderit.
2590 1862 3009 1933 proximumque
3032 1877 3191 1917 suum
3217 1863 3428 1932 justum
3458 1879 3559 1934 pu-

1977 1950 2191 2000 taverit.

2047 2040 2169 2094 M5.
2208 2041 2398 2094 Frater
2441 2042 2532 2110 qui
2581 2051 2889 2097 accesserat
2916 2044 2982 2097 ad
3031 2044 3284 2100 abbatem
3335 2042 3550 2099 Poeme-

1975 2145 2120 2191 nem,
2154 2133 2227 2185 ait
2257 2133 2334 2186 illi
2366 2153 2379 2188 :
2410 2133 2549 2199 Quad
2584 2135 2818 2188 faciam?
2850 2136 3025 2191 Senex
3061 2138 3127 2189 ad
3162 2153 3285 2190 eum
3330 2155 3343 2190 :
3384 2134 3554 2199 Vade,

1981 2223 2218 2294 adjunge
2247 2234 2299 2278 te
2352 2226 2555 2279 homini
2593 2227 2791 2281 ιιερριιιὶ
2825 2246 2837 2281 :
2875 2226 3012 2294 Quid
3066 2246 3160 2298 rgo
3199 2228 3361 2283 volo?
3390 2236 3444 2284 et
3472 2243 3557 2284 re-

1975 2316 2156 2382 quiem
2186 2314 2560 2384 consequeris.

2047 2405 2172 2460 144.
2223 2405 2479 2460 Narravit
2525 2408 2692 2462 abbas
2749 2407 2975 2479 Ioseph,
3026 2409 3235 2464 divisse
3290 2411 3546 2466 abbatem

1978 2497 2131 2553 Isaac
2163 2519 2176 2553 :
2210 2497 2476 2554 Sedebam
2517 2501 2817 2571 aliquando
2851 2502 2994 2572 apud
3032 2503 3287 2557 abbatem
3338 2503 3554 2559 Preme-

1979 2605 2141 2655 nem,
2196 2599 2250 2645 et
2301 2593 2563 2663 conspexi
2609 2597 2659 2647 in
2696 2597 2958 2649 cxstasim
2997 2603 3246 2664 raptum;
3297 2598 3560 2667 quodque

1982 2683 2150 2736 multa
2186 2690 2369 2738 uterer
2411 2700 2540 2755 erga
2580 2685 2731 2739 illum
2772 2686 3028 2758 loquendi
3067 2688 3339 2750 libertate,
3368 2692 3562 2744 incur-

1980 2775 2099 2827 vavi
2125 2790 2210 2828 me
2230 2789 2416 2829 coram
2447 2776 2588 2846 ipso,
2615 2792 2677 2830 ac
2703 2776 3033 2847 deprecatus
3065 2794 3186 2835 sum
3219 2779 3304 2834 his
3333 2781 3515 2835 verbis
3542 2799 3556 2834 :

1981 2864 2159 2920 Elfare
2190 2867 2346 2932 mihi,
2375 2868 2467 2922 ubi
2498 2869 2661 2923 eras?
2692 2870 2783 2923 Ille
2810 2885 2940 2924 vero
2972 2879 3200 2925 coactus
3230 2872 3515 2942 respondit
3541 2891 3555 2926 :

1983 2955 2135 3012 Mens
2170 2972 2290 3011 mea
2344 2958 2398 3011 in
2453 2973 2521 3012 eo
2573 2959 2692 3012 loco
2742 2960 3083 3026 versabalur,
3137 2962 3191 3015 in
3229 2977 3339 3031 quo
3369 2974 3561 3018 sancta

1980 3047 2151 3104 Maria
2191 3048 2283 3103 Dei
2335 3049 2572 3119 genitrix
2622 3052 2802 3114 stetit,
2856 3053 3079 3122 plorans
3128 3054 3285 3124 juxta
3332 3071 3557 3111 crucem

1987 3140 2324 3206 Salvatoris;
2371 3150 2533 3212 atque
2583 3158 2684 3214 ego
2738 3159 2995 3214 cuperem
3043 3161 3265 3217 semper
3300 3162 3366 3202 eo
3399 3148 3562 3203 modo

1987 3233 2135 3288 ﬂere.

2058 3327 2182 3380 Hii.
2226 3325 2418 3382 Frater
2464 3330 2676 3399 rogavit
2723 3330 2973 3385 abbatem
3010 3332 3326 3387 Pmmenem
3363 3351 3376 3387 :
3412 3332 3560 3400 Quid

1990 3416 2183 3474 faciam
2226 3424 2380 3477 oneri
2414 3424 2543 3477 huic
2575 3425 2716 3492 quod
2752 3440 2836 3477 me
2881 3427 3228 3495 eomprim.t?
3261 3425 3564 3496 Respondit

1986 3512 2033 3565 ci
2070 3529 2268 3566 senex:
2309 3513 2492 3568 Parva:
2526 3530 2688 3568 naves
2726 3522 2780 3568 et
2816 3529 3023 3585 magna:
3058 3518 3211 3572 zonis
3280 3517 3564 3573 instructa:

1987 3616 2135 3668 sunt,
2168 3614 2225 3657 ut
2260 3606 2305 3660 si
2347 3614 2543 3662 ventus
2584 3607 2862 3662 secundus
2899 3610 3155 3674 defuerit,
3199 3618 3382 3664 nautae
3429 3613 3559 3664 mit-

1987 3704 2106 3749 tant
2143 3697 2325 3750 l'unem
2375 3714 2499 3752 cum
2530 3700 2767 3769 cingulis
2816 3705 2869 3754 in
2902 3710 3122 3770 pectora
3161 3718 3283 3768 sua,
3323 3712 3378 3759 et
3429 3720 3565 3773 pau-

1990 3787 2141 3840 latim
2170 3804 2362 3842 navem
2397 3790 2635 3857 trahant,
2671 3791 2844 3846 donec
2880 3792 3022 3847 Deus
3058 3805 3277 3849 ventmn
3306 3796 3558 3852 miserit:

1992 3879 2137 3950 quod
2175 3881 2218 3936 si
2253 3882 2622 3951 compererint
2656 3885 3035 3939 exsurrexisse
3078 3888 3389 3958 caliginem.
3432 3897 3565 3942 tunc

1987 3975 2290 4043 appellunt,
2326 3983 2379 4028 et
2410 3976 2670 4045 paxillum
2701 3979 2893 4046 ligunt,
2929 3994 2995 4033 ne
3022 3981 3178 4034 navis
3210 3989 3453 4050 vagetur.

2069 4150 2186 4207 I46.
2214 4151 2326 4222 (75)
2361 4150 2555 4208 Frater
2586 4162 2940 4224 percontatus
2974 4165 3058 4211 est
3085 4158 3334 4212 abbatem
3362 4160 3566 4215 Poeme-

1991 4256 2110 4295 ncm
2138 4241 2205 4295 de
2219 4242 2618 4313 cogitationum
2644 4243 3105 4301 infestationibus.
3133 4246 3221 4300 Ait
3254 4248 3331 4301 illi
3358 4265 3561 4305 senex:

1994 4331 2116 4387 llaec
2172 4350 2260 4388 res
2291 4334 2489 4389 similis
2519 4343 2603 4391 est
2640 4336 2844 4391 homini
2879 4338 2973 4407 qui
3012 4339 3173 4394 habet
3207 4339 3387 4409 ignem
3426 4358 3455 4397 a
3490 4345 3566 4398 si-

1993 4427 2199 4491 nistris,
2245 4434 2298 4483 et
2346 4438 2614 4484 craterem
2664 4445 2818 4501 aqure
2862 4448 2892 4486 a
2931 4432 3159 4489 dextris.
3204 4432 3261 4489 Si
3311 4452 3442 4505 ergo
3471 4452 3564 4492 ac-

312 4526 452 4600 άφθῇ
479 4527 543 4580 τὸ
592 4525 724 4597 πῦρ,
755 4526 897 4598 λάϐῃ
949 4528 1013 4579 ἐκ
1061 4524 1153 4579 τοῦ
1196 4527 1470 4597 κρατῆρος
1514 4527 1573 4578 τὸ
1601 4525 1764 4597 ὕδωρ,
1793 4524 1879 4579 καὶ

1992 4536 2192 4576 census
2236 4522 2401 4576 fuerit
2453 4523 2617 4594 ignis,
2649 4525 2881 4595 accipiet
2919 4540 2948 4578 e
2993 4536 3204 4581 cratere
3248 4542 3470 4597 aquam,
3503 4546 3566 4583 ac

314 4618 478 4693 σϐέσῃ
533 4618 685 4673 αὑτό.
733 4617 808 4671 Τὸ
831 4618 941 4689 πῦρ
976 4622 1122 4673 ἐστιν
1152 4622 1179 4672 6
1209 4619 1408 4691 σπόρος
1456 4619 1549 4672 τοῦ
1582 4619 1798 4691 ἐχθροῖν
1829 4618 1879 4695 τέ

1993 4612 2302 4685 exstinguet
2336 4614 2511 4668 illum.
2549 4615 2691 4686 Ignis
2719 4624 2801 4670 est
2856 4616 3120 4671 sementis
3149 4618 3394 4684 inimici;
3424 4636 3565 4690 aqua

310 4709 367 4765 δὲ
386 4710 551 4783 ὕδωρ,
582 4709 643 4764 τὸ
678 4711 829 4783 ῥίψαι
857 4711 1047 4764 ἑαυτὸν
1074 4710 1302 4765 ἐνώπιον
1330 4711 1423 4764 τοῦ
1450 4709 1604 4765 Θεοῦ.

384 4800 526 4873 ρμζη
574 4800 824 4871 Ἀδελφὸς
855 4799 1105 4872 ἠρώτησε
1134 4801 1222 4854 τὸν
1278 4802 1453 4855 ἀὸϐἆν
1494 4802 1752 4873 Ποιμένα,
1802 4802 1890 4856 λέ-

313 4902 458 4959 γων’
501 4889 719 4943 Βέλτιόν
771 4891 887 4942 ἐστι
933 4890 992 4942 τὸ
1034 4888 1328 4962 λαλῆσαιῆ
1367 4892 1677 4961 σιωπῆσαι;
1726 4891 1889 4961 Λέγει

320 4974 504 5047 αὐτῷὸ
529 4976 825 5049 γέρων,ὃτι
854 4976 912 5028 Ὀ
938 4975 1113 5028 λαλῶν
1141 4977 1230 5030 διὰ
1255 4976 1345 5029 τὸν
1361 4977 1492 5031 Θεὸν
1520 4976 1697 5041 καλῶς
1725 4981 1886 5043 ποιεῖ,

316 5068 453 5123 καὶὸ
479 5068 699 5123 σιωπῶν
735 5069 823 5122 διὰ
853 5068 944 5122 τὸν
976 5069 1128 5133 Θεὸν,
1163 5068 1381 5141 ὁμοίως.

372 5168 535 5233 ,ρμη’.
585 5161 840 5232 Ἀδελφὸς
859 5162 1110 5235 ἠρώτησε
1157 5161 1245 5216 τὸν
1276 5162 1449 5216 ἁϐὁᾶν
1481 5162 1755 5232 Ποιμένα,
1805 5161 1893 5215 λέ-

1992 4720 2144 4770 vero,
2175 4715 2454 4777 prostrare
2481 4724 2540 4764 se
2575 4710 2629 4762 in
2654 4716 2956 4778 conspectu
2991 4707 3106 4763 Dei.

2070 4797 2189 4852 M7.
2229 4797 2340 4870 ('76)
2374 4797 2567 4854 Frater
2596 4799 2907 4854 sciscitatus
2935 4809 3019 4854 est
3061 4800 3314 4854 abbatem
3350 4801 3565 4857 Preme-

1996 4904 2142 4953 nem,
2174 4899 2526 4960 praestaretne
2556 4891 2702 4961 loqui
2737 4907 2899 4961 quam
2934 4899 3138 4946 tacere.
3177 4889 3244 4944 Et
3275 4908 3444 4946 senex
3480 4908 3569 4946 re-

1993 4983 2216 5053 spondit
2250 5006 2260 5038 :
2293 4983 2395 5049 Qui
2437 4995 2659 5055 propter
2692 4982 2860 5039 Deum
2911 4985 3173 5054 loquitur,
3208 4992 3357 5039 recte
3404 4982 3565 5048 iacit;

1990 5074 2111 5144 pari
2136 5075 2297 5130 modo
2321 5076 2484 5132 etiam
2512 5077 2603 5147 qui
2637 5084 2783 5130 tacet
2810 5083 3036 5146 pr0pter
3068 5075 3259 5131 Deum.

2065 5164 2188 5220 MS.
2229 5164 2340 5237 (77)
2382 5165 2572 5222 Frater
2623 5167 2878 5236 quaesivit
2929 5168 2997 5221 ab
3028 5168 3224 5222 abbate
3266 5165 3563 5220 Premene:

322 5265 447 5319 γωψ
492 5250 620 5314 Πῶς
648 5250 869 5306 δύναται
917 5252 1201 5325 ἄνθρωπος
1234 5254 1489 5321 ἐκφυγεῖν
1533 5251 1610 5322 τῷ
1641 5254 1685 5285 ’⁵
1710 5252 1879 5317 κακῶς

1993 5256 2279 5323 Quomodo
2319 5267 2496 5329 potest
2535 5261 2697 5315 homo
2738 5260 2978 5331 ellugere
3007 5276 3078 5316 ne
3121 5261 3273 5322 male
3305 5260 3566 5328 loquatur

329 5342 490 5395 εἰπεῖν
518 5341 599 5413 τῷ
626 5341 887 5414 πλησίον;
920 5344 1080 5414 Λέγει
1111 5343 1260 5414 αὐτῷ
1288 5344 1316 5395 6
1353 5341 1548 5414 γέρων·
1582 5344 1770 5414 Ἡμεῖς
1801 5346 1894 5397 καὶ

1997 5348 2062 5403 de
2102 5350 2394 5420 proximo?
2423 5349 2566 5406 Dicit
2605 5353 2655 5406 ei
2685 5367 2850 5407 senex
2884 5371 2899 5407 :
2930 5351 3041 5406 Nos
3077 5360 3131 5407 et
3166 5352 3363 5406 fratres
3387 5347 3565 5404 nostri

326 5433 373 5484 οι
390 5432 601 5504 ἀδελφοὶ
634 5435 816 5507 ἡμῶν,
840 5434 933 5488 δύο
960 5435 1167 5500 εἰκόνες
1205 5434 1391 5505 ὲσμὲνο
1428 5435 1496 5506 ἣν
1524 5433 1567 5487 δ’
1601 5434 1667 5487 ἂν
1697 5434 1842 5506 ὤραν
1867 5442 1879 5490 c‘

1996 5441 2117 5496 dua:
2152 5443 2419 5514 imagines
2452 5460 2674 5508 sumus;
2705 5459 3034 5515 quacunque
3064 5458 3191 5498 vero
3236 5443 3369 5496 hora
3403 5441 3565 5497 homo

399 5546 440 5581 ¹⁸
458 5548 541 5604 Al.
576 5549 704 5606 add.
730 5548 1005 5614 πάσσαλος
1040 5550 1098 5604 δέ
1118 5552 1234 5605 ἐστι
1273 5550 1332 5605 τὸ
1366 5551 1554 5603 ἑαυτὸν
1598 5548 1879 5620 μέμφεσθαι

2005 5552 2048 5585 ⁸⁸
2082 5553 2168 5608 Al.
2217 5556 2295 5610 τό.

396 5661 504 5730 (73)
536 5665 574 5717 Α
615 5680 668 5735 p.
735 5705 748 5717 .
785 5663 924 5719 1004
952 5680 1006 5718 ιι.
1032 5664 1120 5718 42.

401 5730 509 5790 (74)
546 5680 839 5790 £1.30".
878 5750 959 5790 ιιι.
999 5735 1120 5790 152.

401 5730 513 5871 liii
545 5730 651 5861 iii:
678 5730 1120 5868 5335211533?

2072 5667 2183 5740 (A79)
2214 5667 2438 5740 Miscell.
2473 5670 2631 5725 Voss.
2663 5686 2715 5740 p.
2741 5671 2863 5740 154,

2067 5733 2182 5809 (77)
2226 5739 2326 5793 Vit.
2364 5739 2519 5794 Patr.
2556 5757 2638 5804 Ill,
2663 5733 2794 5795 .153.
2831 5736 3061 5795 Hisce“.
3107 5736 3265 5797 Voss.
3304 5733 3390 5798 Ib.
