4062 6332
480 352 585 405 1'53

1620 342 1841 401 APPEN
1851 343 1964 400 DIX
2002 343 2096 400 AD
2132 340 2554 399 PALLADIUM.

3616 335 3724 392 '56)

480 468 583 525 sibi
627 465 940 527 attenderit,
972 478 1036 517 ac
1074 460 1415 531 redarguerit
1446 473 1526 521 se,
1563 459 1872 514 invenietur
1904 457 2047 529 apud

2167 457 2433 529 ἱνθρωπος
2460 451 2636 524 ἑαυτῷ
2677 452 2913 523 προσέχῃ
2945 451 3038 506 καὶ
3069 450 3369 523 μέμψηται,
3417 449 3729 520 εὑρίσκεται

480 575 604 615 eum
638 565 803 618 frater
825 557 947 626 ejus
972 553 1342 617 honorabilis;
1373 558 1428 605 at
1454 549 1676 620 quando
1703 550 1806 606 sibi
1834 548 2051 605 videtur

483 655 802 722 praeclarus,
840 649 1049 703 invenit
1097 644 1320 699 fratrem
1358 658 1518 697 suum
1562 658 1787 713 pravum
1824 643 1878 697 in
1913 658 2047 697 con-

484 752 671 815 spectu
708 757 829 797 suo.

554 856 676 912 149.
718 852 913 907 Frater
943 857 1299 921 percontatus
1333 856 1418 904 est
1461 864 1523 903 ex
1569 848 1764 903 abbate
1796 847 2052 903 Pmmene

482 948 549 1003 de
577 945 830 1015 segnitie.
868 941 936 995 Et
970 941 1109 997 dixit
1139 940 1219 995 illi
1257 956 1424 996 senex
1452 957 1468 997 :
1503 938 1773 1008 Segnities
1811 947 1922 994 stat
1954 954 2051 994 su-

486 1056 580 1110 per
607 1037 756 1093 omni
797 1035 1092 1106 principio,
1124 1048 1227 1089 nec
1266 1033 1422 1103 pejus
1454 1032 1546 1085 illa
1577 1041 1664 1085 est
1699 1030 1926 1094 vitium;
1957 1029 2053 1084 sed

480 1132 528 1185 si
556 1129 839 1201 agnoverit
868 1143 988 1183 eam
1012 1127 1198 1193 homo,
1228 1126 1373 1196 quod
1400 1124 1517 1194 ipsa
1547 1124 1641 1188 sit,
1670 1122 1941 1178 obtinebit
1969 1138 2055 1177 re-

486 1237 682 1292 quiem.

561 1335 682 1389 150.
724 1333 871 1388 Dixit
889 1332 1059 1388 abbas
1078 1331 1328 1385 Pmmen:
1354 1328 1490 1383 Tres
1503 1341 1798 1396 corporeas
1812 1326 2056 1380 actiones

483 1424 946 1496 deprehendimus
990 1424 1043 1476 in
1087 1423 1282 1476 abbate
1314 1420 1521 1474 Pambo
1556 1437 1570 1475 :
1605 1418 1876 1488 jejunium
1914 1430 2056 1487 quo-

484 1519 750 1573 tidianmn
781 1533 954 1586 usque
975 1516 1042 1570 ad
1067 1530 1369 1585 vesperam,
1419 1513 1695 1568 silentium
1719 1518 1773 1565 et
1805 1523 2054 1580 magnam

485 1623 743 1662 manuum
780 1607 1174 1677 operationem.

558 1721 679 1775 151.
716 1718 891 1773 Etiam
924 1718 1113 1772 retulit
1146 1717 1478 1772 sententiam
1525 1715 1739 1770 abbatis
1769 1714 2006 1768 Theonaa
2039 1732 2053 1767 :

487 1813 644 1869 Licet
699 1814 825 1883 quis
868 1813 1128 1866 virtutem
1181 1808 1519 1879 acquisierit,
1586 1809 1726 1862 Deus
1779 1823 1887 1860 non
1953 1806 2057 1874 ipsi

489 1906 590 1961 soli
639 1907 840 1975 praebet
887 1902 1139 1972 gratiam.
1193 1899 1354 1955 Novit
1401 1900 1544 1954 enim
1578 1898 1723 1968 quod
1768 1914 1877 1951 non
1922 1896 2060 1951 foret

489 1997 664 2051 fidelis
696 1999 748 2049 in
796 2011 897 2050 suo
928 1994 1136 2048 labore.
1172 1992 1277 2047 Sed
1308 1992 1352 2047 si
1386 1991 1690 2060 perrexerit
1716 1991 1779 2045 ad
1818 1988 2059 2045 sodalem

489 2103 648 2143 suum
668 2127 681 2145 ,
721 2094 851 2139 tunc
885 2092 1169 2154 permanet
1192 2081 1333 2151 apud
1360 2096 1508 2135 eum.

492 2216 494 2219 τ
562 2178 685 2232 152.
726 2177 913 2230 Frater
942 2175 1294 2243 interrogavit
1319 2173 1571 2226 abbatem
1600 2169 1912 2226 Pteinenem
1946 2170 2060 2224 sic:

488 2270 626 2324 Volo
659 2272 866 2323 intrare
898 2268 950 2321 in
984 2266 1318 2326 coenobium,
1346 2264 1563 2333 illicque
1587 2278 1892 2317 remanere.
1929 2246 2083 2314 Dicit

488 2366 536 2416 ei
591 2376 802 2416 Senex:
845 2359 899 2413 Si
961 2359 1240 2414 desideras
1286 2359 1470 2412 vivere
1530 2356 1584 2409 in
1633 2355 1921 2419 caanobio,
1959 2355 2062 2408 nisi

489 2454 759 2524 aiijeceris
804 2468 994 2507 curam
1040 2450 1224 2504 omnis
1272 2448 1555 2517 colloquii,
1617 2447 1907 2516 omnisque
1963 2448 2064 2511 rei,

491 2562 599 2599 non
627 2544 831 2615 poteris
860 2550 918 2595 nt
952 2540 1280 2597 eteuobitam
1321 2538 1477 2592 decet
1499 2537 1735 2605 operari.
1762 2534 1883 2589 Non
1919 2537 2062 2590 enim

493 2638 571 2692 vel
602 2638 764 2690 unius
792 2644 1003 2688 tantum
1041 2632 1289 2686 haucalis
1318 2630 1576 2685 dominus
1607 2644 1690 2684 es.

564 2728 690 2783 15⁸5.
715 2726 827 2797 (78)
843 2724 1034 2779 Frater
1052 2722 1368 2778 sciscitatus
1386 2731 1553 2776 estex
1571 2722 1766 2776 abbate
1786 2719 2064 2785 Pcemene,

493 2821 620 2890 quid
651 2818 829 2872 facere
850 2818 1089 2870 deberet.
1120 2815 1421 2885 Respondit
1444 2834 1456 2868 :
1484 2815 1762 2884 Scriptum
1787 2824 1870 2869 est
1895 2833 1909 2865 ι
1931 2814 2069 2880 Quo-

494 2912 638 2962 niam
671 2907 1003 2975 inimitalem
1035 2921 1203 2957 meam
1236 2920 1329 2974 ego
1366 2903 1713 2965 annuutiabo,
1749 2914 1796 2957 et
1825 2901 2066 2972 cogitabo

495 3018 589 3072 pro
621 3011 829 3061 peccato
854 3016 964 3054 meo
983 3001 1050 3053 '°.

572 3094 693 3148 151.
740 3093 852 3165 (79)
883 3093 1067 3148 Abbas
1091 3088 1315 3145 Poemen
1352 3089 1489 3144 dixit
1518 3107 1533 3144 :
1564 3088 1720 3155 Quod
1754 3097 1967 3158 spectat
2000 3087 2067 3142 ad

2152 550 2367 620 ἔντιμος
2417 549 2546 620 παρ’
2577 547 2725 618 αὑτῷ
2777 548 2805 600 6
2835 545 3060 616 ἀδελφὸς
3105 544 3287 598 αὑτοῦ·
3343 543 3433 595 ὅτε
3460 541 3518 596 δὲ
3551 541 3727 616 ἑαυτῷ

2153 643 2401 713 φαίνεται
2430 640 2612 705 καλὸς,
2664 640 2903 711 εὑρίσκει
2959 638 3050 691 τὸν
3100 637 3322 706 ἀδελφὸν
3345 635 3509 689 αὐτοῦ
3559 638 3732 692 κακὸν

2154 733 2386 787 ἐνώπιον
2420 732 2606 787 αὐτοῦ.
3727 784 3733 789 ,

2225 847 2367 919 ρμθ’.
2415 845 2659 916 Ἀδελφὸς
2688 842 2941 917 ἠρώτησε
2979 843 3082 896 ’τὸν
3127 841 3300 895 ἀόϐἇν
3352 838 3589 909 Ποιμένα
3643 835 3735 891 δια

2152 939 2251 1009 τὴν
2278 939 2525 1010 ἀκηδίαν.
2563 938 2670 991 Καὶ
2696 937 2841 1004 λέγει
2866 934 3011 1004 αὐτῷ
3039 937 3068 988 6
3095 934 3292 1006 γέρων,
3326 932 3405 984 ὅτι
3441 932 3502 983 'H
3532 929 3735 1000 ἀκηδία

2158 1031 2347 1100 στήκει
2376 1030 2467 1083 ἐπὶ
2518 1029 2665 1101 πάσῃ
2705 1029 2870 1101 ἀρχῇ,
2928 1026 3023 1081 καὶ
3053 1026 3152 1079 οὐκ
3199 1024 3313 1077 ἔστι
3340 1025 3517 1093 χεῖρον
3567 1020 3736 1090 αὐτῆς

2154 1120 2347 1184 πάθοςο
2384 1118 2497 1174 ἁλλ⁴
2528 1121 2623 1174 ἐὰν
2655 1117 3092 1193 γνωρίσῃάύτὴν
3119 1120 3147 1170 6
3174 1114 3572 1187 ἄνθρωπος,ὃτι
3594 1114 3733 1182 αὕτη

2155 1213 2324 1276 ἐστὶν,
2359 1212 2713 1267 ἀναπαύεται.

2228 1330 2325 1396 ρνν.
2354 1323 2519 1378 Εἶπεν
2550 1324 2579 1376 6
2617 1323 2789 1387 ὰϐὄᾶς
2810 1324 3019 1394 Ποιμήν
3040 1363 3054 1387 ,
3100 1323 3182 1376 ὅτι
3210 1323 3369 1394 Τρεῖς
3421 1326 3741 1393 σωματικὰς

2159 1416 2384 1487 πράξεις
2431 1416 2611 1487 ἴδομεν
2656 1414 2751 1468 τοῦ
2797 1415 2939 1468 ἀὸὅᾶ
2978 1415 3206 1485 Παμϐιίν
3241 1414 3455 1469 ἀσιτίαν
3495 1413 3600 1476 ἕως
3639 1415 3742 1482 ὀψὲ

2158 1506 2279 1560 καθ’
2306 1507 2544 1577 ἑκάστην
2576 1506 2806 1579 ἡμέραν,
2845 1508 2940 1560 καὶ
2989 1507 3218 1578 σιωπὴν,
3250 1507 3346 1560 καὶ
3387 1506 3530 1577 μέγα
3575 1505 3742 1577 ἐργό-

2156 1616 2358 1671 χειρον.

2228 1717 2363 1783 ρναθ.
2396 1707 2526 1763 Eia:
2551 1709 2732 1776 πάλιν,
2774 1711 2856 1763 ὅτι
2894 1709 3075 1777 ἔλεγεν
3109 1709 3137 1761 6
3167 1708 3342 1772 c1665.;
3366 1709 3603 1772 Θεωνᾶς,
3658 1709 3745 1762 ὅτι

2159 1804 2279 1857 Κᾶν
2311 1802 2549 1874 κερδήσῃ
2581 1818 2663 1864 τις
2713 1801 2933 1871 ἀρετὴν,
2974 1802 3002 1853 6
3043 1799 3174 1862 Θεὸς
3231 1799 3292 1851 οὐ
3329 1799 3555 1869 παρέχει
3597 1805 3745 1869 μόνῳ

2162 1897 2312 1968 αὐτῷ
2344 1897 2442 1968 τὴν
2464 1897 2644 1967 χάρινο
2675 1892 2783 1948 οἶδε
2811 1897 2921 1965 γὰρ
2944 1896 3025 1947 ὅτι
3057 1895 3156 1947 οὐκ
3182 1889 3249 1964 ἦν
3278 1892 3467 1955 πιστὸς
3492 1891 3588 1945 τοῦ
3612 1891 3745 1944 ἰδίου

2163 1987 2433 2058 καμάτου⁵
2482 1985 2595 2040 ἀλλ’
2627 1987 2722 2039 ἐὰν
2761 1985 2970 2057 ἀπέλθῃ
3002 1986 3136 2057 πρὸς
3177 1984 3268 2038 τὸν
3295 1986 3506 2057 ἑταῖρον
3553 1982 3745 2046 αὐτοῦ,

2162 2080 2284 2133 τότε
2315 2079 2619 2150 παραμένει
2653 2076 2819 2148 αὐτῷ.

2238 2170 2357 2242 ρνβ’.
2378 2164 2623 2238 Ἀδελφὸς
2654 2169 2906 2241 ἠρώτησε
2940 2169 3029 2222 τὸν
3059 2168 3230 2224 ἁϐσᾶν
3257 2168 3517 2239 Ποιμένα,
3545 2168 3743 2237 λέγων⁹

2164 2262 2313 2315 Θέλω
2340 2264 2420 2325 εἰς
2471 2262 2736 2316 κοινόϐιον
2795 2260 3090 2325 εἰσελθεῖν,
3139 2261 3232 2315 καὶ
3278 2261 3518 2331 οἰκῆσαι.
3582 2260 3751 2328 Λέγει

2164 2355 2313 2426 αὐτῷ
2346 2358 2375 2409 6
2409 2355 2605 2427 γέρων·
2659 2355 2723 2409 Et
2752 2354 2924 2419 Θέλεις
2957 2356 3037 2419 εἰς
3089 2354 3354 2408 κοινόϐιον
3384 2353 3666 2415 εἰσελθεῖν,
3695 2354 3749 2407 εἰ

2170 2449 2244 2521 μὴ
2276 2448 2659 2522 ἀμεριμνήσῃς
2694 2447 2802 2500 ἀπὸ
2849 2448 3028 2518 πάσης
3073 2446 3361 2517 συντυχίας
3403 2448 3498 2501 καὶ
3548 2445 3756 2508 παντὸς

2168 2540 2512 2611 πράγματος,
2538 2541 2597 2593 οὑ
2624 2538 2845 2592 δύνασαι
2883 2537 3145 2592 κοινόὸιον
3168 2536 3234 2570 ²⁰⁴
3257 2537 3613 2609 ἐργάσασθαι·
3653 2535 3754 2591 τοῦ

2167 2634 2275 2705 γὰρ
2301 2633 2593 2704 βαυκαλίου
2626 2632 2786 2702 μόνου
2813 2631 2970 2702 μόνον
2995 2631 3094 2685 οὐκ
3120 2629 3262 2701 ἔχεις
3289 2628 3556 2695 ἐξουσίαν.

2242 2731 2374 2795 ρνγ¹.
2404 2723 2656 2791 Ἀδελιρὸς
2690 2722 2937 2794 ἠρώτησε
2963 2724 3054 2777 τὸν
3078 2723 3250 2777 ἀϐὅᾱν
3266 2722 3522 2792 Ποιμένα,
3550 2720 3747 2788 λέγων·

2167 2817 2231 2868 Ί¹ί
2265 2819 2507 2888 ποιήσως
2549 2816 2656 2869 Καὶ
2707 2812 2860 2868 εἶπεν
2885 2833 2901 2846 ·
2938 2814 3286 2886 Γέγραπται,
3337 2816 3419 2868 ὅτι
3461 2813 3579 2879 Τὴν
3607 2813 3755 2868 ἀνί-

2164 2908 2313 2978 μίαν
2322 2926 2440 2977 μου
2462 2908 2575 2978 ἐγὼ
2594 2905 2922 2977 ἀναγγελεῖ),
2951 2906 3049 2960 καὶ
3066 2905 3409 2976 μεριμνήσω
3437 2904 3589 2972 ὑπὲρ
3639 2902 3757 2971 τῆς

2170 3001 2384 3070 ἁμαρτί
2386 3017 2459 3064 ας
2479 3019 2621 3069 μου.

2248 3094 2372 3165 ρνδ’.
2419 3092 2581 3147 Εἶπεν
2605 3097 2632 3146 6
2654 3093 2828 3157 assa;
2850 3093 3082 3163 Ποιμήν·
3107 3092 3218 3161 Τῆς
3245 3090 3496 3162 πορνείας
3533 3089 3624 3141 καὶ
3649 3085 3758 3157 τῆς

499 3187 912 3240 fornicationem
929 3184 1385 3240 etdetractionem
1407 3224 1423 3247 ,
1442 3198 1551 3237 non
1569 3194 1801 3264 oportet,
1815 3194 1873 3237 ut
1904 3183 2063 3237 homo

2171 3184 2507 3248 καταλαλιᾶς
2530 3184 2591 3237 οὑ
2625 3183 2743 3237 δέον
2773 3184 2919 3237 ἐστὶν
2960 3183 3243 3254 ἄνθρωπον
3275 3181 3338 3234 τὸ
3384 3179 3599 3233 σύνολον
3627 3179 3757 3232 οὐδὲ

499 3278 776 3333 uilatenus
809 3277 893 3331 vel
940 3277 1197 3346 loquatur
1233 3275 1302 3330 de
1338 3276 1554 3330 duabus
1591 3259 1730 3330 istis.
1752 3258 2070 3329 tentatioui-

500 3373 627 3431 bus,
667 3385 767 3424 nec
796 3372 1019 3422 omnino
1060 3367 1199 3421 intra
1237 3383 1295 3421 se
1335 3369 1556 3437 cogitet.
1591 3364 1726 3420 Nam
1762 3367 1806 3421 si
1845 3383 1939 3423 eas
1975 3385 2069 3421 vu-

498 3463 666 3517 luerit
694 3463 1042 3531 aliquatenus
1071 3460 1388 3515 discernere
1419 3461 1472 3513 in
1508 3460 1673 3515 corde
1706 3476 1829 3525 suo,
1854 3461 2058 3514 emolu-

499 3563 742 3611 mentum
784 3571 891 3609 non
923 3554 1122 3623 capiet,
1156 3552 1249 3609 sed
1288 3553 1376 3607 ubi
1406 3568 1534 3624 erga
1567 3553 1690 3608 illas
1725 3553 1980 3608 ferociter
2012 3568 2072 3609 se

499 3648 752 3717 gesserit,
786 3647 1008 3702 habebit
1041 3646 1303 3717 requiem.

574 3736 697 3791 155.
724 3736 954 3791 Abbatis
975 3734 1247 3791 Pmmenis
1272 3739 1470 3791 fratres
1496 3736 1755 3791 dixerunt
1784 3738 1833 3792 ei
1860 3755 1873 3791 :
1905 3738 2075 3794 Abea-

503 3843 624 3883 mus
648 3846 678 3881 e
703 3831 824 3880 loco
859 3828 996 3892 isto;
1034 3842 1134 3882 nos
1156 3828 1300 3881 enim
1335 3828 1713 3883 interturbant
1742 3832 2071 3886 monasteria

500 3936 623 3990 quae
651 3919 739 3974 hic
768 3927 917 3984 sunt,
947 3929 1000 3972 et
1023 3920 1303 3988 perdimus
1326 3920 1539 3976 animas
1565 3932 1802 3977 nostras.
1830 3924 1910 3977 Ad
1938 3924 2072 3988 haec,

499 4029 630 4069 ecce
674 4013 912 4067 infantes
963 4011 1263 4081 vagientes.
1327 4028 1433 4067 non
1493 4013 1684 4069 sinunt
1730 4028 1834 4071 nos
1894 4016 2077 4086 quiete

502 4119 679 4171 agere.
723 4101 993 4173 ιὶυρυευὶι.
1014 4104 1094 4157 eis
1128 4102 1299 4157 abbas
1350 4103 1573 4160 Poemen
1612 4124 1625 4160 :
1660 4105 1888 4179 Propter
1912 4124 2077 4164 voces

503 4194 819 4263 angelorum
844 4193 1011 4247 vultis
1038 4193 1163 4246 hinc
1199 4195 1478 4249 recedere.

577 4368 700 4424 156.
740 4367 1103 4439 Interrogavit
1146 4370 1320 4424 abbas
1356 4369 1609 4426 Bitimius
1656 4373 1908 4427 abbatem
1957 4373 2081 4430 Pa:-

507 4474 742 4520 menem,
772 4459 874 4513 hoc
892 4458 1047 4529 dicto
1082 4478 1096 4512 :
1132 4458 1191 4512 Si
1236 4460 1360 4528 quis
1408 4460 1663 4516 habuerit
1696 4463 1960 4519 adversus
1996 4482 2081 4521 me

2171 3275 2402 3346 λαλῆσαι
2450 3276 2575 3339 τοὺς
2604 3274 2697 3328 δύο
2730 3274 3024 3346 λογισμοὺς
3072 3271 3314 3338 τούτους,
3343 3272 3466 3325 οὐδὲ
3508 3270 3642 3333 ὅλως
3670 3271 3762 3322 ὲν-

2171 3369 2362 3439 νοῆσαι
2397 3370 2463 3439 τῇ
2495 3367 2714 3439 καρδίᾳ.
2774 3368 2898 3421 Ἐάν
2934 3383 2994 3419 τε
3033 3364 3142 3434 γὰρ
3167 3363 3296 3437 θέλῃ
3321 3363 3456 3426 ὅλως
3483 3362 3764 3432 διακρῖναι

2171 3462 2309 3515 αὐτὰ
2366 3463 2425 3514 ὲν
2475 3463 2540 3532 τῇ
2601 3460 2800 3534 καρδίᾳ
2857 3459 3021 3514 αὐτοῦ
3053 3499 3067 3522 ,
3115 3459 3215 3511 οὐκ
3270 3457 3578 3527 ὠφελεῖται’
3639 3455 3763 3511 ἀλλ’

2175 3556 2488 3627 ἁγριανθεὶς
2512 3556 2604 3608 ἀπ’
2628 3555 2806 3608 αὐτῶν
2837 3554 2948 3621 ἔξει
2977 3553 3304 3606 ἀνάπαυσιν.

2252 3738 2377 3805 ρνε’.
2408 3732 2631 3801 Ἔλεγον
2668 3733 2719 3784 οἱ
2748 3730 2965 3800 ἀδελφοὶ
3003 3730 3096 3783 τοῦ
3123 3729 3266 3783 ἀεϐἄ
3291 3728 3554 3798 Ποιμένος
3582 3724 3761 3796 αὐτῷ’

2158 3898 2159 3901 η
2190 3825 2534 3896 Ἀπέλθωμεν
2568 3827 2631 3879 ἐκ
2655 3825 2749 3877 τοῦ
2800 3826 2968 3878 τόπου
3015 3825 3225 3877 τούτου⁸
3282 3820 3496 3894 ὀχλούσι
3541 3819 3649 3890 γὰρ
3682 3820 3761 3873 τὰ

2182 3917 2512 3987 μοναστήρια
2561 3915 2652 3968 τοῦ
2691 3918 2856 3969 τόπου
2896 3915 3285 3987 τούτου-ἡμῖν,
3321 3916 3413 3970 καὶ
3446 3914 3759 3986 ἀπόλλυμεν

2177 4007 2278 4070 τὰς
2312 4006 2490 4078 ψυχὰς
2535 4008 2710 4076 ἡμῶψ
2749 4006 2856 4060 ἰδοὺ
2892 4009 2984 4060 καὶ
3024 4008 3094 4060 τὰ
3142 4008 3328 4061 παιδία
3371 4008 3625 4061 κλαίοντα
3657 4010 3764 4064 οὐκ

2179 4097 2430 4165 ἀφίουσιν
2462 4097 2607 4167 ἡμᾶς
2633 4098 2920 4169 ἡσυχάσαι.
2955 4098 3115 4166 Λέγει
3147 4100 3328 4162 αὐτοῖς
3357 4101 3386 4151 6
3412 4098 3586 4162 ἀὸθᾶς
3635 4099 3768 4151 llat-

2184 4189 2313 4258 μήν·
2348 4188 2444 4241 Διὰ
2496 4188 2594 4252 τὰς
2627 4190 2808 4258 φωνὰς
2843 4189 2951 4243 τῶν
2980 4190 3226 4259 ἀγγέλων
3258 4191 3439 4245 θέλετε
3467 4191 3764 4261 ἀναχωρῆα

2185 4295 2273 4331 σαι
2314 4277 2484 4333 ἔνθεν.

2258 4378 2397 4441 ρνςθ.
2440 4370 2749 4442 Ἠρώτησεν
2778 4376 2805 4426 6
2834 4373 3005 4436 666:1;
3029 4374 3271 4445 Βιτίμιος
3308 4376 3397 4428 τὸν
3428 4372 3602 4429 ἀϐὄᾶν
3630 4375 3769 4429 Ποι-

2189 4463 2342 4533 μένα,
2385 4462 2577 4531 λέγων⁵
2610 4463 2738 4518 Ἐάν
2765 4483 2847 4529 τις
2874 4466 2969 4538 ἔχῃ
3002 4467 3138 4539 πρὸς
3167 4469 3265 4539 ἐμὲ
3296 4468 3492 4539 λύπην,
3527 4470 3621 4522 καὶ
3668 4486 3771 4539 με-

510 4551 865 4613 simultatum,
909 4563 961 4605 et
988 4551 1057 4627 ab
1094 4565 1160 4604 eo
1193 4552 1404 4603 veniam
1455 4556 1683 4622 supplex
1726 4557 1952 4624 petiero,
1990 4559 2063 4611 111(

2182 4557 2430 4624 τανοὴσω
2488 4555 2656 4627 αὐτῷ,
2713 4558 2909 4632 καὶμὴ
2948 4559 3161 4631 πεισθῇ,
3196 4561 3251 4613 τί
3301 4563 3542 4631 ποιήσως
3595 4560 3770 4630 Λέγει

512 4654 640 4695 vero
683 4639 824 4693 ﬂecti
873 4641 1133 4703 noluerit,
1178 4642 1307 4710 quid
1351 4652 1576 4697 acturus
1602 4645 2058 4716 sum?Respondi

2183 4648 2330 4718 αύτῲ
2357 4651 2384 4701 ὀ
2419 4649 2617 4720 γέρωψ
2663 4650 2806 4708 Λάϐε
2838 4652 2974 4722 μετὰ
3009 4652 3102 4705 σοῦ
3133 4653 3325 4717 ἄλλους
3352 4653 3444 4706 δύο
3476 4651 3767 4722 ἀδελφοὺς.

513 4743 677 4783 senex
713 4748 725 4781 :
756 4727 923 4784 Sume
967 4737 1147 4784 tecum
1189 4732 1329 4785 alios
1375 4732 1515 4787 duos
1570 4733 1791 4803 fratres,
1840 4754 1904 4792 ac
1948 4740 1995 4794 ei
2035 4750 2063 4793 lt

2185 4741 2276 4792 καὶ
2314 4742 2642 4811 μετανόησον
2698 4742 2862 4814 αὐτῷ.
2891 4745 2999 4797 Καὶ
3028 4745 3122 4799 ἐὰν
3154 4745 3230 4816 μὴ
3259 4746 3476 4817 πεισθῇ.
3508 4744 3638 4800 λάϐε
3666 4744 3769 4800 ἆλ-

515 4819 792 4874 humiliter
834 4820 1113 4876 submitte.
1162 4820 1319 4888 Quod
1370 4824 1413 4879 si
1444 4842 1548 4881 non
1578 4825 1741 4881 fuerit
1768 4845 2059 4898 persuasus

2184 4832 2308 4896 λους
2338 4832 2519 4885 πέντε.
2587 4833 2711 4886 Ἐὰν
2744 4835 2801 4888 δὲ
2844 4836 2937 4889 καὶ
2968 4837 3175 4901 τούτοις
3231 4839 3307 4909 μὴ
3364 4837 3556 4909 πεισθῇ
3583 4878 3597 4900 ,
3628 4837 3765 4893 λάϐε

514 4922 738 4963 assume
771 4910 906 4965 alios
928 4910 1188 4980 quinque.
1225 4912 1282 4966 Si
1316 4929 1447 4969 vero
1469 4916 1549 4970 sic
1578 4932 1794 4987 quoque
1821 4923 2063 4974 renuerit

2195 4925 2574 4998 πρεσϐύτερον.
2624 4926 2750 4980 Ἐὰν
2781 4928 2837 4980 δὲ
2867 4930 2960 4982 καὶ
2999 4928 3170 4996 οὕτως
3206 4933 3279 5003 μὴ
3305 4933 3520 5004 πεισθῇ,
3557 4932 3768 5002 ἁταρέι·

515 5001 623 5056 duc
661 5000 1058 5071 presbyterum.
1106 5003 1283 5073 Atque
1323 5006 1368 5061 si
1405 5014 1536 5062 tunc
1588 5009 1751 5063 etiam
1802 5013 2061 5067 restiterit

2188 5033 2298 5084 χως
2330 5016 2512 5071 λοιπὸν
2541 5015 2691 5083 εὖξαι
2738 5019 2816 5091 τῷ
2860 5020 3012 5093 Θεῷ,
3043 5023 3130 5076 ἵνα
3164 5000 3324 5088 uini);
3373 5000 3773 5098 πλήροφορῆςῃ

519 5103 575 5146 ιιι
609 5092 870 5163 deinceps
899 5107 1092 5147 secure
1135 5109 1231 5149 ora
1280 5097 1471 5163 Deum,
1510 5109 1567 5152 ut
1608 5101 1711 5171 ipsi
1755 5102 1808 5155 in
1844 5105 2063 5159 animun

2191 5106 2370 5171 αὐτὸν,
2403 5108 2497 5161 καὶ
2521 5109 2922 5183 ἀμεριμνήσῃς.

519 5186 764 5248 inducat,
791 5193 959 5255 tuque
989 5196 1173 5242 careto
1205 5189 1592 5247 sollicitudine.

592 5275 714 5331 157.
756 5275 1100 5333 Dixit-abbas
1140 5277 1364 5336 Pmmen
1392 5301 1406 5336 :
1435 5280 1639 5339 Docere
1671 5286 2001 5356 proximum,
2031 5299 2085 5347 et

517 5381 769 5437 arguere,
797 5366 999 5420 similia
1028 5375 1178 5422 sunt.

592 5458 715 5513 158.
756 5456 893 5511 Dixit
941 5459 1137 5513 iterum
1178 5480 1191 5515 :
1225 5458 1305 5515 Ne
1350 5461 1417 5516 ad
1459 5462 1709 5521 effectum
1759 5470 2079 5538 perduxeris

2206 5355 2223 5360 _
2261 5286 2390 5357 va'.
2409 5284 2575 5344 Εἶπεν
2590 5293 2618 5344 6
2639 5292 2814 5357 ἀόὁᾶς
2833 5294 3065 5367 Ποιμήν,
3085 5296 3168 5349 ὅτι
3186 5296 3260 5351 Τὸ
3285 5296 3488 5364 διδάξαι
3512 5297 3603 5352 τὸν
3631 5298 3738 5368 πλη
3751 5328 3775 5343 ο

2192 5378 2325 5445 σὶον,
2354 5380 2537 5450 ὅμοιόν
2563 5382 2678 5436 ἐστι
2701 5384 2792 5437 τοῦ
2826 5386 3065 5455 ἐλέγξαι.

2260 5478 2392 5542 ρνη¹.
2428 5469 2563 5527 Εἷπε
2614 5476 2796 5531 πάλινο
2852 5478 2946 5551 Μὴ
2979 5478 3273 5553 πληρώσῃς
3314 5482 3373 5535 τὸ
3416 5482 3626 5554 θέλῃιά
3649 5499 3769 5540 σου.

589 5610 634 5642 ²⁰
660 5611 803 5668 Psal.
841 5630 1049 5680 xxxv“,
1106 5615 1195 5674 19.
1268 5617 1337 5650 ’θ’
1363 5617 1451 5673 Al.
1475 5618 1545 5674 τὰ
1564 5620 1658 5675 τοῦ
1688 5621 1980 5678 κοινοΰίον.

588 5758 705 5831 (78)
732 5763 964 5832 Appeud.
1000 5785 1054 5837 p.
1100 5770 1255 5840 1004,
1279 5788 1334 5827 n.
1367 5772 1458 5830 45.

2270 5778 2382 5848 (79)
2408 5781 2540 5847 App.
2578 5794 2630 5849 p.
2660 5778 2818 5845 1002,
2846 5793 2903 5835 η.
2930 5781 2991 5847 5;
3025 5773 3090 5829 In
3120 5773 3385 5844 Ephrwm,
3419 5793 3473 5847 p.
3514 5784 3645 5839 563.
