4062 6332
298 343 383 400 301
1408 338 2023 398 APOPHTIIEGMATA
2062 339 2368 397 PATRUM.

3425 355 3529 409 369

306 458 610 527 Ἀναγκαῖον
652 456 708 508 δέ
748 458 861 510 ἐστι
912 456 1110 528 μᾶλλον
1163 455 1497 509 ταπεινῶσαι
1541 453 1735 509 ἑαυτὸν
1782 450 1861 521 τῷ

1967 451 2299 507 voluntatem
2332 460 2479 507 tuam
2518 472 2531 508 :
2562 457 2933 513 necessarium
2978 460 3161 529 potius
3204 468 3309 527 est,
3341 472 3398 518 ut
3426 466 3533 518 bu-

523 564 639 602 σου.

525 639 774 710 Ἀδελφδς
796 640 1044 711 ἠρώτησε
1062 639 1150 694 τὸν
1166 638 1341 694 ἀόὅᾶν
1370 639 1631 710 Ποιμένα,
1662 636 1854 705 λέγων·

296 729 450 805 Εὗρον
478 731 642 786 τόπον
695 730 888 803 ἔχοντα
918 731 1095 784 πᾶσαν
1119 729 1422 784 ἀνάπαυσιν
1449 729 1560 783 τῶν
1592 725 1856 796 ἀδελφῶν·

1961 541 2144 597 milem
2171 550 2224 597 te
2260 543 2518 601 exhibeas
2552 560 2680 617 erga
2710 546 2931 604 fratrem
2962 558 3140 607 tuum.

2030 633 2154 690 159.
2191 632 2383 691 Frater
2428 639 2717 709 requisivit
2760 657 2829 698 ex
2877 642 3074 699 abbate
3124 643 3405 712 Pmmene,
3452 646 3537 701 di-

1959 739 2093 781 cens
2122 744 2135 779 :
2157 724 2340 782 Inveni
2373 729 2551 783 locum
2574 734 2722 787 omni
2748 732 2978 789 fratrum
3000 737 3186 807 quiete
3211 739 3531 809 praaditum;

292 824 464 887 Θέλεις
503 820 709 893 οἰκήσω
750 822 869 874 ἐκεῖ
886 837 900 886 ;
949 820 1044 875 καὶ
1089 815 1243 875 εἶπεν
1286 822 1316 873 6
1352 819 1550 890 γέρων·
1587 818 1759 870 Ὅπου
1796 815 1857 867 οὐ

1967 817 2117 873 visne
2166 826 2225 874 ut
2261 820 2374 876 illic
2422 822 2700 880 habitem?
2730 825 2800 880 Et
2849 827 2988 882 dixit
3034 828 3374 886 senex:Ubi
3422 845 3535 886 non

295 916 538 986 βλάπτεις
556 900 649 966 τδν
671 912 896 982 ἀδελφόν
926 929 1043 978 σου,
1071 914 1190 967 ἐκεῖ
1230 914 1431 983 μεῖνον.

355 1005 447 1077 ρξ’.
478 1001 645 1059 Εἶπεν
673 1006 702 1058 6
725 1002 904 1068 ἀ66ἆς
934 1003 1167 1075 Ποιμήν·
1195 1002 1278 1056 Τὰ
1319 1001 1447 1074 τρία
1485 1000 1657 1055 ταῦτα
1685 1000 1859 1070 κεφά-

292 1098 409 1152 λαιά
434 1097 552 1150 ἐστι
589 1096 857 1168 χρήσιμα·
887 1094 950 1148 τὸ
978 1094 1261 1165 φοϐεῖσθαι
1290 1095 1380 1148 τὸν
1413 1093 1636 1166 Κύριον,
1666 1086 1763 1145 καί
1800 1092 1861 1144 τὸ

290 1187 539 1253 εὔξασθαι
564 1188 637 1251 ⁸¹,
666 1187 761 1240 καὶ
790 1187 852 1241 τὸ
878 1188 1096 1258 ποιῆσαι
1136 1185 1339 1254 ἀγαθὸν
1362 1182 1441 1255 τῷ
1474 1184 1720 1255 πλησίον.

354 1278 491 1351 ρξα’.
516 1278 769 1348 ’Δδελφδς
800 1273 923 1332 εἷπε
970 1276 1050 1350 τῷ
1100 1275 1246 1348 ἀϐσᾷ
1284 1276 1534 1347 Ποιμένι·
1582 1276 1657 1328 T6
1705 1273 1863 1345 σῶμά

290 1387 385 1442 μου
418 1368 770 1441 ἐξησθένησε,
817 1369 913 1423 καὶ
937 1370 1008 1423 τὰ
1040 1367 1188 1440 πάθη
1220 1385 1323 1439 μου
1359 1367 1461 1421 οὐκ
1492 1364 1857 1431 ὲξασθενοῦσι.

290 1461 443 1533 Λέγει
480 1459 633 1531 αὐτῷ
660 1461 692 1513 6
740 1459 937 1533 γέρων·
984 1457 1346 1522 Ἀκανθώδεις
1395 1456 1638 1529 ρουσίδες
1662 1456 1769 1509 eici.
1793 1455 1862 1509 τὰ

289 1554 450 1626 πάθη.

355 1646 491 1720 ρξθ.
527 1644 784 1715 ’Δδελφδς
829 1642 1082 1716 ἠρώτησε
1113 1643 1207 1697 τὸν
1247 1641 1423 1697 ἀϐὁᾶν
1460 1640 1723 1712 Ποιμένα,
1774 1639 1863 1693 λέ-

1960 912 2220 968 nocueris
2244 912 2398 969 fratri
2429 925 2544 982 tuo,
2576 917 2655 973 ibi
2682 933 2860 975 mane.

2033 1003 2155 1058 160.
2190 1004 2303 1075 (85)
2344 1003 2491 1060 Dixit
2519 1007 2690 1063 abbas
2729 1007 2952 1065 Posmen
2982 1028 2996 1065 :
3030 1009 3159 1066 'l‘ria
3188 1013 3303 1068 haec
3330 1014 3532 1084 capita,

1963 1096 2119 1150 utilia
2158 1104 2316 1164 sunt;
2363 1097 2554 1153 timere
2597 1098 2910 1166 Dominum,
2943 1106 3179 1173 precari,
3210 1106 3536 1164 benefacere

1962 1202 2233 1256 proximo.

2033 1278 2155 1333 161.
2199 1278 2390 1336 Frater
2415 1280 2555 1336 dixit
2582 1282 2767 1338 abbati
2787 1281 3070 1340 Pwmeni;
3118 1285 3331 1358 Corpus
3353 1303 3537 1345 meum

1964 1372 2137 1426 evasit
2158 1371 2358 1439 debile,
2385 1387 2441 1428 et
2480 1372 2709 1431 aﬂ'ectus
2750 1377 2858 1431 mei
2898 1391 3010 1432 non
3037 1377 3417 1437 debilitantur.
3446 1380 3539 1435 Ait

1964 1459 2042 1513 illi
2067 1474 2233 1516 senex
2258 1480 2271 1516 :
2303 1460 2544 1518 Allectus
2569 1471 2698 1518 sunt
2726 1465 2928 1534 spinea:
2956 1480 3122 1537 rugat.

2042 1638 2167 1693 162.
2210 1637 2403 1696 Frater
2443 1643 2698 1711 quaesivit
2727 1643 2794 1699 de
2835 1643 3030 1698 abbate
3062 1642 3319 1699 i’teniene
3353 1664 3367 1699 :
3397 1644 3540 1710 Quid

288 1756 412 1809 γων·
440 1738 505 1792 Τί
522 1737 767 1808 ποιήσω;
794 1735 956 1804 Λέγει
980 1732 1132 1805 αὐτῷ
1172 1735 1205 1787 6
1241 1735 1443 1804 γέρων·
1481 1732 1648 1786 Ὅταν
1676 1732 1706 1785 6
1732 1729 1863 1794 Θεὸς

1972 1728 2202 1784 faciam?
2241 1730 2331 1783 Ait
2360 1730 2435 1784 illi
2484 1746 2651 1787 senex
2684 1732 2858 1787 :Cum
2907 1732 3051 1789 Deus
3084 1734 3385 1790 visitaverit
3415 1749 3539 1802 nos,

289 1796 680 1902 έπισκέπτηται
724 1796 894 1900 ἡμᾶς,
921 1827 1067 1891 τίνος
1099 1796 1295 1898 ἔχομεν
1316 1796 1328 1804 ’
1350 1826 1665 1897 φροντίσαι;
1700 1823 1863 1893 Λέγει

1967 1822 2035 1878 de
2076 1836 2315 1892 quonam
2353 1837 2501 1879 curae
2538 1825 2701 1880 nobis
2729 1840 2853 1881 esse
2872 1825 3068 1881 debet?
3096 1824 3401 1898 Respondit
3426 1796 3539 1881 fra;

287 1924 429 1996 αὐτῷ
458 1927 487 1979 6
518 1923 764 1993 ἀδελφός·
801 1920 922 1975 Τῶν
978 1919 1261 1992 ἁμαρτιῶν
1306 1918 1484 1989 ἡμῶν.
1514 1918 1677 1987 Λέγει
1721 1912 1814 1973 οὖν
1835 1918 1865 1971 6

287 2015 481 2087 γέρων·
509 2012 856 2085 Είσέλθωμεν
887 2013 989 2076 είς,
1016 2010 1079 2064 τὸ
1138 2010 1349 2065 κελλίον
1377 2012 1554 2082 ἡμῶν,
1602 2011 1697 2065 καὶ
1734 2010 1865 2065 καθ-

290 2108 496 2171 ίσαντες
536 2103 999 2177 μνημονεύσωμεν
1021 2101 1131 2156 τῶν
1168 2101 1451 2173 ἁμαρτιῶν
1499 2101 1677 2172 ἡμῶν,
1712 2101 1805 2154 καὶ
1835 2101 1864 2152 6

288 2197 485 2269 Κύριος
518 2196 838 2266 συνέρχεται
870 2195 1002 2265 ἡμῖν
1030 2196 1089 2248 έν
1124 2196 1278 2247 πᾶσι.

351 2288 488 2360 ρξγ’.
536 2286 790 2355 ’Λδελφὸς
836 2285 1060 2353 ὑπάγων
1106 2286 1185 2346 εἰς
1230 2283 1329 2354 τὴν
1358 2282 1564 2352 ἀγορὰν
1610 2279 1864 2352 ἠρώτησε

285 2379 367 2433 τὸν
386 2378 567 2433 ἀόὁᾶν
593 2376 851 2448 Ποιμένα·
883 2375 948 2429 Τί
978 2376 1150 2439 θέλεις
1178 2376 1421 2446 ποιήσω;
1470 2374 1632 2442 Λέγει
1667 2372 1819 2442 αὑτῷ
1836 2374 1865 2425 6

285 2472 473 2544 γέρων·
497 2469 664 2524 Γενοῦ
698 2468 850 2539 φίλος
871 2467 964 2522 τοῦ
1003 2467 1197 2522 ἑαυτὸν
1236 2465 1579 2537 βιαζομένου,
1606 2463 1701 2518 καὶ
1726 2462 1866 2534 μετά

282 2568 645 2630 ἀναπαύσεως
667 2566 865 2628 πωλεῖς
897 2562 969 2615 τὰ
997 2560 1169 2632 σκεύη
1198 2577 1312 2614 σου.

349 2660 473 2732 ρξδν.
520 2654 695 2715 Εἶπεν
746 2656 775 2708 6
810 2654 984 2719 ἀὸὁᾶς
1016 2653 1248 2724 Ποιμήν·
1306 2646 1524 2713 Δίδαξον
1571 2648 1631 2701 τὺ
1688 2648 1864 2720 στόμα

286 2767 368 2805 σου
397 2751 587 2806 λαλεῖν
619 2749 655 2804 ἃ
680 2747 792 2820 ἔχει
817 2749 851 2819 ἡ
879 2744 1074 2818 καρδία
1106 2760 1220 2797 σου.

348 2843 477 2917 ρξε’.
530 2839 820 2914 Ἠρωτήθη
848 2841 877 2893 6
916 2837 1090 2901 ἀσϐᾶς
1127 2833 1338 2906 Ποιμὴν
1368 2833 1496 2903 σιτερὶ¹
1547 2832 1861 2905 μολυσμῶν·

283 2936 369 2990 καὶ
391 2918 698 3007 ἀπεκρίθή,
743 2934 827 2988 ὅτι
865 2931 991 2985 Ἐὰν
1040 2932 1324 3004 στήσωμεν
1365 2931 1426 2983 τὸ
1461 2928 1765 3001 πρακτικὸν
1797 2930 1864 2991 “,

283 3025 371 3080 καὶ
395 3027 667 3099 νήφωμεν
705 3021 1000 3094 ἐπιμελῶς,
1058 3021 1158 3093 οὐχ
1184 3021 1491 3092 εὑρήσομεν
1544 3021 1603 3073 ὲν
1656 3020 1868 3081 ἑαυτοῖς

286 3116 587 3191 μολυσμὸν.

349 3210 490 3282 ρξς¹.
508 3204 683 3263 Εἶπεν
702 3209 730 3262 6
756 3205 929 3270 ἀὸὗᾶς
954 3205 1189 3277 Ποιμὴν,
1219 3205 1300 3258 ὅτι
1331 3203 1438 3258 ἀπὺ
1451 3203 1644 3275 τρίτης
1672 3202 1866 3272 γενεᾶς

281 3301 374 3372 τῆς
435 3302 722 3372 Σκήτεως,
784 3300 880 3352 καὶ
908 3297 1003 3351 τοῦ
1034 3296 1179 3351 ὰὸὅᾶ
1212 3295 1516 3359 Μωῦσέως,
1551 3297 1651 3349 οὐκ
1702 3289 1864 3365 ἦλθον

283 3392 356 3447 ἔτι
385 3397 434 3449 οί
475 3393 708 3462 ἀδελφοὶ
740 3393 819 3455 είς
851 3390 1158 3461 προκοπήν.

350 3486 479 3557 ρξζκ
511 3481 657 3539 Είπε
686 3483 866 3538 πάλιν·
903 3481 1223 3553 Ἀνθρωπος
1251 3480 1346 3534 έάν
1370 3481 1469 3551 τὴν
1521 3478 1673 3543 τάξιν
1700 3476 1863 3530 αὐτοῦ

284 3577 547 3651 φυλάττῃ,
577 3577 637 3629 οὐ
666 3577 1018 3648 ταράσσεται.

346 3670 482 3742 ρξη’-
517 3668 779 3739 Ἀδελφδς
830 3668 1081 3740 ἠρώτησε
1119 3666 1209 3720 τὸν
1237 3665 1411 3720 ἀόϐἄν
1462 3664 1727 3735 Ποιμένα,
1780 3658 1867 3715 λέ-

281 3771 403 3823 γων·
434 3758 570 3820 Πῶς
596 3756 680 3810 δεῖ
713 3773 780 3827 με
807 3754 1029 3810 καθίσαι
1053 3758 1111 3809 ὲν
1134 3754 1211 3826 τῷ
1241 3752 1473 3825 κελλίῳ;
1506 3752 1672 3820 Λέγει
1693 3751 1862 3823 αὐτῷ’

280 3847 346 3901 Τὸ
376 3851 435 3904 ὲν
467 3848 559 3921 τῷ
592 3846 789 3918 κελλίῳ
813 3847 1057 3907 καθίσαι,
1079 3847 1141 3901 τὸ
1178 3846 1431 3917 φανερὸν,
1475 3843 1634 3898 τοῦτό
1660 3845 1775 3896 ἐστι
1805 3843 1867 3896 τὸ

280 3937 617 4013 ὲργόχειρον,
641 3938 740 3997 καὶ
772 3938 834 3992 τὸ
885 3937 1215 4010 μονοσιτίσαι
1248 3937 1382 4009 (80),
1417 3936 1513 3990 καὶ
1538 3935 1600 3989 τὸ
1629 3936 1864 4005 σιωπᾷν,

279 4031 367 4083 καὶ
420 4033 455 4101 ἡ
489 4030 720 4103 μελέτη·
751 4029 825 4082 τὸ
877 4030 935 4084 δὲ
963 4030 1021 4082 ἐν
1064 4028 1291 4101 κρυπτῷ
1330 4027 1661 4100 προκόπτειν
1691 4028 1771 4089 εἰς
1805 4025 1867 4078 τὸ

280 4121 481 4176 κελλίον
516 4123 663 4188 ἐστὶ,
715 4122 776 4176 τὸ
814 4119 1122 4191 βασανίζειν
1165 4120 1278 4193 (81)
1306 4119 1401 4191 τὴν
1427 4117 1621 4173 ἑαυτοῦ
1658 4117 1864 4188 μέμψιν

278 4216 332 4267 ἐν
359 4216 528 4269 παντὶ
561 4215 714 4286 τόπῳ
738 4215 873 4268 ὅπου
905 4214 1000 4268 ὲάν
1042 4214 1281 4286 ἀπέρχῃ,
1317 4212 1411 4264 καὶ
1452 4209 1562 4264 τῶν
1592 4209 1866 4274 συνάξεων

276 4303 373 4367 τὰς
395 4304 553 4376 ὥρας
586 4303 687 4357 καὶ
714 4303 821 4357 τῶν
848 4305 1106 4375 κρυπτῶν
1134 4305 1207 4376 μὴ
1238 4304 1479 4375 ἀμελεῖν.
1532 4303 1656 4358 Ἐὰν
1684 4304 1742 4358 δὲ
1772 4303 1865 4357 καὶ

280 4394 456 4466 συμϐῇ
488 4394 689 4466 καιρὸν
717 4396 955 4467 ἀργῆσαι
980 4395 1071 4449 τοῦ
1120 4395 1434 4468 ὲργοχείρου
1466 4413 1581 4460 σου,
1609 4393 1864 4448 εἰσελθὼν

279 4486 353 4546 είς
370 4486 469 4558 τὴν
499 4484 727 4550 σύναξιν
754 4487 1042 4558 ἀταράχως
1065 4487 1393 4542 ὲπιτέλεσον.
1410 4489 1485 4541 T6
1504 4488 1561 4541 δὲ
1581 4488 1734 4551 τέλος
1751 4488 1866 4541 τού·

285 4588 401 4640 των,
431 4576 689 4630 συνεδίαν
725 4576 896 4647 καλὴν
923 4579 1141 4649 ντῆσαι,
1192 4580 1431 4651 ἀπόσχου
1461 4579 1517 4633 δὲ
1554 4579 1663 4634 ἀπὸ
1688 4581 1863 4649 κακῆς

286 4666 521 4732 συνοδίας
555 4668 695 4740 (82).

347 4845 509 4901 “Al.
571 4844 703 4900 add.
745 4845 1124 4912 ἀδιαλείπτως.
1198 4851 1244 4880 ’⁸
1271 4848 1355 4902 Al.
1419 4850 1542 4905 add.
1615 4849 1786 4921 ἡμῶν.

342 5000 459 5071 (80)
504 5000 935 5073 Μονοσιτίσαι.
977 5000 1139 5055 Malui
1188 5016 1313 5073 cum
1353 5000 1576 5073 Pelagio
1616 5003 1870 5073 accipere

283 5070 341 5143 ile
356 5070 463 5143 un_a
486 5088 592 5143 per
612 5071 862 5143 singulos
886 5071 1003 5143 dies
1027 5072 1383 5143 comestione,
1399 5070 1706 5143 quamcum
1732 5070 1870 5125 Mar-

285 5140 390 5210 lino
415 5140 808 5210 Dtimiensi'de
844 5141 1088 5196 solitarie
1117 5149 1338 5210 sumpto
1369 5140 1515 5196 cibo.
1555 5140 1869 5196 Germanus

284 5208 455 5265 CP.in
477 5215 724 5282 primam
739 5209 1076 5282 ieiuniorum
1097 5208 1446 5282 Dominieagm
1483 5212 1743 5282 appellat,
1771 5228 1866 5281 μο-

290 5279 550 5350 ωφαγίαν
579 5279 948 5344 ἀσπάζεσθαι.
976 5281 1035 5335 In
1076 5279 1329 5351 Aﬂisgtoria
1376 5279 1734 5351 Pach'y’tneris
1764 5279 1860 5337 lib.

288 5349 377 5414 xu,
410 5367 539 5420 cap.
565 5352 632 5405 21
661 5366 675 5401 :
704 5351 1046 5420 μοναφαγίαν
1067 5349 1135 5403 δι’
1168 5349 1321 5413 ἔτους
1362 5349 1821 5420 ὲξακρὶϐούμενος
1845 5389 1861 5415 ,

287 5426 337 5491 et
379 5436 507 5490 cap.
548 5420 646 5482 2'5,
688 5420 772 5491 ib1
802 5436 901 5475 xut
934 5437 947 5473 :
983 5420 1317 5491 μονοφαγίαν
1363 5421 1485 5473 κατ’
1534 5422 1758 5482 ὲννάτας
1793 5420 1861 5472 δι’

288 5486 435 5554 ἔτους
449 5486 691 5546 ’ἀσκεῖν.
712 5559 718 5560 γ
739 5486 1062 5560 Quanquam
1118 5486 1415 5560 μονοσιτεῖν
1445 5497 1499 5543 et
1514 5492 1860 5560 povoqaayetv

289 5568 577 5632 utramque
636 5559 874 5632 habeant
918 5558 1467 5632 fsignil‘icationemt
1508 5558 1612 5632 Sed
1696 5577 1860 5632 μονο-

292 5631 431 5683 σιτία
454 5627 732 5700 ρἰοωεερια
763 5630 822 5684 in
852 5627 1221 5701 cella—magis
1268 5629 1498 5698 respicit
1526 5627 1594 5682 ad
1626 5627 1857 5698 primam

291 5700 585 5756 notionem.

360 5770 470 5842 (81)
506 5769 883 5831 Βασανιζὲιν.
921 5769 1000 5824 lta
1036 5767 1310 5825 Martinus
1349 5767 1683 5824 Dumiensis.
1728 5767 1859 5821 Nam

566 5864 836 5926 Ρλτιιοῐ..
871 5865 985 5927 (in.
1024 5865 1207 5926 LXV.

1963 1922 2049 1969 ter
2082 1932 2097 1969 :
2129 1913 2204 1970 De
2240 1918 2481 1986 peccatis
2529 1918 2753 1974 nostris.
2799 1916 2986 1989 itaque
3031 1920 3539 1992 senelengredia-

1966 2022 2110 2066 mur.
2146 2007 2347 2077 inquit,
2374 2008 2429 2062 in
2465 2009 2658 2064 cellam
2688 2018 2956 2075 nostram,
2983 2017 3037 2065 et
3064 2010 3323 2066 sedentes
3347 2011 3542 2067 memio

1967 2103 2211 2158 nerimus
2240 2112 2589 2173 peccatorum
2627 2115 2963 2170 nosuorum,
3002 2111 3246 2175 tuncque
3276 2102 3541 2158 Dominus

1968 2196 2019 2248 in
2049 2196 2266 2251 eunetis
2289 2204 2583 2251 concurret
2611 2196 2915 2251 nobiscum.

2037 2287 2159 2341 165.
2204 2287 2316 2358 (84)
2373 2285 2562 2342 Frater
2603 2302 2837 2358 pergens
2877 2287 2943 2342 ad
2990 2293 3315 2349 mercatum,
3368 2288 3539 2342 inter-

1966 2379 2179 2449 rogavit
2200 2379 2451 2435 abbatem
2474 2377 2809 2442 Poamenem,
2836 2378 2969 2449 quid
2993 2379 3095 2449 ipsi
3121 2377 3340 2432 consilii
3365 2377 3539 2433 daret.

1966 2466 2147 2523 Senex
2186 2474 2367 2522 autem
2415 2467 2697 2537 respondit
2725 2468 2773 2521 ei
2810 2466 2980 2522 :Esto
3024 2468 3234 2522 amicus
3266 2468 3415 2529 illius
3446 2472 3540 2539 qui

1967 2560 2064 2615 tibi
2094 2561 2200 2615 vim
2225 2560 2499 2625 intulerit;
2534 2567 2734 2615 etcum
2758 2559 2942 2630 quiete
2969 2559 3173 2616 vendes
3196 2574 3327 2616 vasa
3356 2569 3468 2615 tua.

2042 2650 2163 2707 164.
2202 2650 2349 2706 Dixit
2389 2651 2558 2706 abbas
2600 2651 2818 2706 Ptnmeu
2856 2669 2869 2705 :

1967 2758 2088 2816 qua:
2119 2743 2291 2800 sentis
2320 2743 2374 2798 in
2404 2744 2566 2798 corde
2596 2750 2713 2798 tuo.

2037 2833 2160 2890 165.
2207 2832 2321 2904 (85)
2366 2832 2735 2901 interrogatus
2774 2832 2842 2889 de
2889 2832 3317 2904 inquinamentis
3372 2835 3542 2892 abbas

1966 2926 2212 2994 Pmmen,
2242 2925 2525 2999 respondit
2557 2946 2569 2982 :
2603 2926 2660 2981 Si
2696 2944 2797 2984 nos
2828 2928 3041 2985 activos
3069 2930 3541 2997 constituerimus,

1967 3028 2023 3076 et
2053 3020 2341 3092 diligenter
2382 3020 2815 3089 vigilaverimus,
2856 3037 2964 3077 non
2996 3023 3334 3092 reperiemus
3361 3024 3543 3095 inqui-

2907 2650 3047 2708 Doce
3088 2667 3151 2708 os
3183 2661 3336 2708 tuum
3394 2654 3540 2725 loqui

1894 3135 1938 3192 ς
1972 3123 2287 3170 namentum
2311 3114 2370 3171 in
2390 3115 2570 3170 nobis.

2040 3206 2164 3263 166.
2209 3206 2357 3262 Dixit
2374 3207 2543 3262 abbas
2565 3204 2786 3261 Poemen
2813 3224 2828 3261 :
2855 3206 2900 3259 Λ
2924 3208 3083 3262 tertia
3108 3215 3269 3264 aitate
3291 3207 3544 3278 Seeteos,

1968 3310 2023 3356 et
2054 3307 2178 3371 post
2203 3300 2454 3355 abbatem
2488 3297 2746 3368 Moysem,
2785 3312 2894 3353 non
2925 3300 3162 3370 amplius
3197 3299 3395 3357 fratres
3418 3317 3546 3370 pro-

1968 3408 2211 3465 gressum
2244 3391 2444 3447 fecere.

2040 3484 2162 3538 167.
2204 3483 2318 3554 (86)
2348 3482 2563 3539 Rursus
2613 3482 2750 3537 dixit
2785 3502 2796 3536 :
2828 3481 2884 3537 Si
2910 3483 3073 3539 homo
3104 3484 3354 3540 ordinem
3384 3500 3546 3541 suum

1969 3576 2320 3642 custodierit,
2349 3590 2691 3647 nequaquam
2723 3575 3162 3632 conturbabitur.

2041 3670 2163 3726 168.
2207 3670 2319 3740 (87)
2347 3668 2543 3725 Frater
2568 3668 2648 3724 sic
2671 3668 3028 3739 interrogavit
3056 3670 3308 3726 abbatem
3332 3669 3547 3726 Poeme-

1969 3779 2091 3819 nem
2124 3781 2137 3816 :
2170 3761 2290 3828 Quo
2321 3759 2483 3815 modo
2516 3765 2730 3829 Oportet
2757 3774 2843 3814 me
2877 3761 3069 3815 sedere
3105 3761 3160 3814 in
3199 3760 3373 3817 cella?
3403 3760 3546 3815 Dicit

1968 3857 2017 3912 ei
2055 3873 2069 3910 :
2097 3855 2300 3910 Sedere
2326 3853 2382 3906 in
2418 3852 2576 3916 cella,
2607 3850 2754 3921 quod
2779 3857 2995 3917 spectat
3027 3851 3092 3905 ad
3122 3866 3416 3922 apparens,
3440 3851 3546 3905 hoc

1967 3954 2075 4008 est,
2112 3944 2328 4014 operari
2372 3942 2647 4008 manibus,
2687 3942 2857 3996 semel
2896 3942 2954 3996 in
2991 3941 3080 3996 die
3124 3942 3431 4005 comedere,
3459 3949 3546 3994 ta-

1968 4054 2113 4100 cere,
2142 4036 2427 4101 meditari;
2463 4041 2519 4089 at
2550 4035 2804 4089 occultus
2834 4047 3125 4103 processus
3159 4034 3216 4087 in
3252 4033 3411 4092 cella.
3440 4040 3542 4093 est,

1967 4137 2299 4198 extorquere
2320 4126 2597 4197 querelam
2623 4126 2702 4180 tui
2724 4126 2779 4179 in
2804 4140 3131 4196 quocunque
3150 4124 3274 4180 loco
3294 4125 3361 4180 ad
3382 4138 3544 4194 quem

1967 4223 2309 4295 perrexeris;
2356 4237 2465 4277 non
2517 4219 2791 4289 negligere
2839 4218 3005 4274 horas
3053 4216 3236 4282 officii,
3281 4231 3383 4272 nec
3424 4232 3546 4287 quae

1967 4315 2290 4372 abscondita
2321 4321 2468 4369 sunt.
2501 4311 2658 4379 Quod
2684 4313 2730 4366 si
2761 4310 3056 4380 contigerit
3078 4317 3138 4364 ut
3161 4316 3378 4380 tempus
3401 4311 3543 4365 otio-

1971 4420 2092 4462 sum
2138 4404 2344 4461 habeas
2387 4404 2456 4459 ab
2498 4418 2663 4475 opere
2710 4416 2995 4466 manuum,
3026 4401 3308 4472 ingressus
3346 4402 3401 4456 in
3428 4402 3548 4456 col-

1972 4496 2193 4558 lectam,
2232 4495 2352 4550 sine
2392 4490 2803 4559 perturbatione
2846 4506 3062 4561 perage.
3113 4489 3325 4544 Horum
3365 4504 3544 4547 autem
3590 4549 3599 4556 ,

1971 4598 2216 4639 summa:
2254 4581 2576 4638 comitatum
2627 4579 2989 4637 fraternitatis
3026 4581 3231 4635 bonum
3277 4579 3544 4643 obtineto,

1972 4675 2186 4730 abstine
2215 4689 2345 4731 vero
2377 4690 2407 4729 a
2443 4674 2588 4728 malo
2618 4688 2941 4744 congressu.

1971 5002 2406 5072 vertitiarctare.
2434 5000 2502 5052 At
2534 4999 2810 5072 ‘Peiagius
2848 5002 3267 5072 interpretando
3302 5011 3547 5071 portare,

1970 5071 2212 5125 ostendit
2231 5087 2289 5125 se
2307 5071 2506 5140 legisse
2528 5069 2837 5138 βαστάζειν.
2861 5070 2972 5125 Nec
2989 5069 3053 5126 ea
3079 5072 3240 5126 lectio
3266 5069 3543 5126 contemni

1969 5142 2152 5203 debet,
2188 5140 2324 5194 fulta
2356 5140 2519 5195 etiam
2545 5140 2877 5194 auctoritate
2920 5142 3111 5208 optimi
3151 5140 3272 5195 eod.
3299 5140 3542 5194 Coibert.

2039 5210 2151 5333 (ἔτι)
2186 5210 2491 5278 Ἀπόσχου
2507 5208 2576 5262 δὲ
2591 5210 2707 5263 ἀπὸ
2736 5208 2926 5278 κακῆς
2946 5209 3543 5276 συνοδίας-,0110011⁸03

2100 5281 2265 5333 artini
2294 5281 2551 5333 versione
2584 5279 2869 5333 legendum
2891 5321 2906 5333 .
2960 5280 3406 5333 conversationem
3451 5280 3543 5332 bo-

1967 5280 2022 5334 in
2047 5279 2265 5334 Martini
2294 5281 2551 5335 versione
2584 5279 2869 5348 legendum
2891 5321 2906 5344 ,
2960 5280 3406 5335 conversationem
3451 5280 3545 5332 bo-

1965 5367 2087 5404 nam
2106 5351 2349 5412 retinere,
2375 5367 2405 5402 a
2430 5350 2573 5402 mata
2601 5366 2716 5401 rero
2744 5348 2999 5404 recedere.

2057 5420 2147 5488 85)
2191 5419 2492 5473 Misreltan.
2527 5419 2687 5472 Voss.
2729 5435 2781 5488 p.
2822 5418 2961 5481 152;
2989 5418 3213 5473 Doroth.
3239 5418 3420 5472 Doctr.
3457 5422 3541 5477 18.

2033 5421 2147 5557 285)
2191 5421 2492 5473 Misreltan.
2527 5421 2687 5472 Voss.
2729 5435 2781 5488 p.
2822 5421 2888 5471 15

2057 5490 2148 5555 8-1)
2191 5490 2427 5558 Append.
2461 5506 2513 5558 p.
2546 5489 2701 5550 1002,
2735 5505 2789 5542 ιι.
2833 5488 2888 5542 5.

2055 5560 2146 5622 85)
2199 5558 2303 5612 Vit.
2343 5560 2491 5612 Patr.
2537 5573 2614 5617 χι,
2652 5560 2743 5610 (21.

2055 5565 2146 5622 85)
2201 5565 2303 5612 γει.
2343 5565 2491 5612 Patr.
2537 5573 2614 5617 xr,
2652 5565 2712 5610 ‘2I

2032 5565 2144 5698 (86)
2196 5628 2302 5698 γει.
2336 5629 2489 5698 Patr.
2520 5645 2611 5691 xv,
2641 5628 2728 5698 578.

2032 5696 2146 5772 (87)
2194 5696 2300 5772 Vit.
2328 5697 2488 5772 Pani.
2531 5714 2583 5763 χ,
2623 5697 2728 5763 64;
2763 5697 2994 5766 Append.
3044 5715 3096 5769 p.
3134 5698 3295 5765 1005,
3350 5717 3403 5754 n.
3429 5700 3542 5772 21;

1963 5769 2187 5823 Dorotli.
2227 5768 2410 5822 Doctr.
2447 5768 2501 5820 7.

3232 5858 3303 5915 12
