4062 6332
480 327 584 381 3ὓὸ

1632 319 1673 372 Α
1686 317 1979 373 PPENDIX
2021 317 2113 371 AD
2155 317 2572 380 PALI.ADIUM.

3625 326 3739 384 3M

551 446 651 499 169
711 443 821 514 (88)
863 441 1054 497 Frater
1101 439 1349 512 quaesivit
1391 451 1457 492 ex
1506 436 1701 492 abbate
1746 435 2040 492 Pwmene:

2232 438 2364 509 ρξθῖ
2406 442 2656 511 Ἀδελφὸς
2694 443 2945 515 ὴρωτησε
2973 442 3063 495 τὸν
3120 440 3292 495 ἁδῦᾶν
3323 441 3580 512 Ποιμένα·
3613 445 3744 507 Ἐὰν

479 538 534 591 Si
574 537 738 591 frater
780 535 1031 590 habuerit
1075 545 1265 603 parum
1312 529 1558 600 pecunias
1596 544 1751 596 meas,
1780 530 1936 585 visne
1964 545 2055 583 re-

2156 528 2380 598 ἀδελφὸς
2416 530 2512 602 ἔχῃ
2539 548 2639 602 μου
2674 530 2846 602 μικρὰ
2880 529 3095 601 νουμία,
3129 528 3302 592 Θέλεις
3340 529 3503 583 αὑτὸν
3535 531 3745 607 ὲρωτῄ-

478 628 694 700 petam?
737 626 829 680 Ait
859 625 935 679 ilii
976 638 1139 679 senex
1175 640 1187 674 :
1224 619 1352 675 Pete
1387 619 1455 674 ab
1492 633 1559 676 eo
1599 621 1791 677 semel.
1827 619 2040 689 Excepit

2156 638 2263 680 σω;
2296 622 2459 691 Λέγει
2497 623 2647 693 αὐτῷ
2686 623 2934 695 ὀγέρωνο
3004 622 3307 694 Ἐρώτησον
3360 621 3519 675 αὐτὸν
3567 624 3741 689 ἅπαξ.

479 718 645 773 frater
680 736 691 770 :
727 715 867 782 Quid
915 726 1044 781 ergo
1077 710 1314 764 faciam?
1360 708 1479 764 Non
1514 709 1659 766 enim
1696 710 2040 781 cogitationis

2152 710 2251 780 Λέγ
2266 726 2313 765 ει
2347 711 2541 783 αὐτῷὁ
2571 712 2819 782 ἁδελφός·
2854 712 2918 765 Τί
2949 707 3041 766 οῦν
3073 713 3318 782 ποιήσως
3358 711 3420 763 οὐ
3446 709 3555 782 γὰρ
3586 726 3746 783 περι-

479 823 611 863 ιηετε
639 805 890 862 dominus
923 815 1063 856 sum.
1100 799 1275 855 Senex
1311 800 1595 870 respondit
1629 816 1643 853 :
1682 798 1810 856 Sine
1845 800 2053 873 cogita-

478 900 677 952 tionem
725 902 873 948 tuam
930 899 1216 962 stagnare;
1266 899 1476 947 tantum
1530 890 1688 947 fratri
1726 901 1819 947 tuo
1866 908 1934 948 ne
1973 893 2051 950 sis

474 988 761 1042 molestus.

551 1074 667 1130 170.
713 1073 824 1144 ί89)
852 1072 1094 1143 Contigit
1127 1072 1428 1145 ut.quidam
1457 1071 1703 1138 Patrum,
1737 1089 1876 1143 quos
1908 1074 2051 1129 inter

476 1174 595 1221 erat
633 1167 803 1220 abbas
833 1154 1078 1227 Piemen,
1118 1164 1366 1219 venirent
1416 1164 1472 1219 in
1498 1165 1721 1219 domum
1756 1165 2046 1235 cujusdam

478 1257 713 1328 religiosi
764 1256 1036 1323 hominis;
1078 1271 1311 1326 cumque
1361 1257 1729 1322 comederent,
1786 1259 2048 1328 appositae

475 1360 603 1406 sunt
653 1365 880 1415 carnes;
911 1348 1097 1404 cuncti
1142 1356 1324 1403 autem
1363 1348 1790 1416 manducabant,
1852 1358 2049 1422 praeter

474 1442 723 1495 abbatem
758 1438 1069 1497 Pmmenem
1110 1458 1124 1494 :
1162 1454 1326 1508 quam
1359 1439 1430 1494 ob
1457 1440 1845 1495 abstinentiam
1875 1441 2049 1496 admi-

475 1537 737 1588 rabantur
764 1548 942 1596 senes,
967 1539 1363 1603 cognoscentes
1390 1532 1782 1588 discretionem
1813 1534 1951 1604 ejus.
1982 1532 2048 1588 Ut

473 1644 601 1699 ergo
638 1642 668 1679 e
704 1640 888 1681 mensa
937 1631 1318 1688 surrexerunt,
1365 1623 1521 1680 aiunt
1566 1625 1613 1680 ci
1653 1645 1666 1680 :
1701 1624 1783 1681 Tu
1826 1642 1886 1683 es
1918 1626 2046 1682 Poe-

475 1737 619 1781 men,
644 1728 696 1773 et
721 1719 797 1773 sic
825 1716 1035 1772 fecisti?
1065 1714 1368 1786 Respondit
1394 1716 1503 1772 illis
1534 1733 1701 1773 senex
1730 1738 1743 1773 :
1776 1719 2048 1789 Ignoscite

477 1814 626 1877 mihi,
664 1810 886 1875 Patres;
923 1824 1018 1865 vos
1053 1808 1395 1873 comedistis,
1426 1817 1481 1864 et
1515 1825 1678 1865 nemo
1718 1812 2041 1867 scandalum

475 1918 668 1973 passus
700 1909 818 1966 est;
853 1916 953 1972 ego
988 1915 1113 1956 vero
1159 1902 1205 1955 si
1240 1899 1499 1963 edissem,
1547 1902 1806 1972 quoniam
1846 1902 2044 1959 fratres

476 1996 627 2050 multi
658 1995 813 2065 juxta
846 2010 930 2048 me
963 1993 1208 2056 veniunt,
1240 1994 1317 2048 illi
1350 1993 1552 2048 damno
1580 1993 1815 2050 fuissent
1838 1994 2040 2061 affecti,

472 2100 520 2144 cl
555 2088 818 2144 dixissent
851 2105 863 2139 :
899 2085 1120 2142 Pmmen
1141 2101 1360 2141 carnem
1383 2087 1759 2151 manducavit,
1784 2103 1885 2143 nos
1918 2104 2045 2144 vero

474 2193 581 2233 non
609 2178 859 2235 edimus?
880 2176 1035 2233 Tunc
1060 2177 1312 2233 demirati
1346 2185 1475 2233 sunt
1491 2178 1612 2248 ejus
1633 2177 2039 2234 discretionem.

545 2271 668 2326 l7l.
705 2269 849 2325 Dixit
888 2269 1059 2324 abbas
1098 2267 1319 2323 Pmmeu
1358 2288 1370 2323 :
1416 2268 1526 2340 Ego
1563 2269 1690 2324 dico
1722 2287 1736 2324 :
1773 2267 1831 2323 In
1863 2269 2043 2323 locum

470 2361 525 2416 iu
557 2378 717 2433 quem
757 2360 1047 2433 projicitur
1078 2359 1337 2427 Satanas,
1370 2361 1483 2415 illic
1513 2360 1796 2431 projicior.

544 2455 667 2509 172.
700 2452 843 2508 Idem
870 2452 1046 2507 suasit
1076 2453 1259 2507 abbati
1284 2452 1442 2506 Anub
1470 2469 1482 2505 :
1511 2454 1698 2506 Averte
1720 2452 1898 2505 oculos
1926 2464 2042 2504 tuos

471 2565 534 2602 ne
569 2544 779 2601 videant
825 2544 1114 2598 vanitatem
1151 2541 1218 2596 “.
1256 2540 1391 2595 Nam
1431 2541 1659 2597 libertas
1699 2542 1912 2596 animas
1958 2542 2045 2595 in-

470 2635 691 2692 terﬁcit.

543 2727 666 2781 175.
701 2723 814 2796 (90)
847 2724 1089 2795 Pugnam
1119 2723 1359 2779 inierunt
1408 2723 1701 2794 aliquando
1747 2723 1961 2778 Paisius
1991 2732 2044 2779 et

473 2822 641 2873 frater
664 2816 781 2888 ejus
844 2831 1017 2887 usque
1044 2816 1110 2870 ad
1140 2814 1457 2870 effusionem
1482 2816 1765 2887 sanguinis
1796 2831 1825 2870 e
1856 2816 2046 2885 capiti-

472 2910 573 2964 bus
597 2908 735 2968 suis,
761 2911 1043 2976 spectante
1062 2904 1259 2960 abbate
1278 2902 1533 2959 Pmmene
1553 2921 1567 2970 ;
1585 2912 1640 2959 et
1660 2904 1797 2959 nihil
1819 2907 2042 2959 omnino

469 3001 551 3057 eis
575 3000 792 3054 locutus
816 3009 899 3053 est
925 3012 1112 3052 senex.
1136 2995 1323 3067 Itaque
1342 2998 1621 3067 ingressus
1640 2997 1811 3053 abbas
1833 2998 1996 3052 Anub
2022 3039 2035 3062 ,

2152 803 2373 876 γίνομαι
2432 805 2528 860 τοῦ
2590 804 2851 877 λογισμοῦ
2896 821 3020 876 μου.
3078 803 3240 872 Λέγει
3296 800 3444 873 αὐτῷ
3479 803 3506 854 6
3538 802 3741 873 γέρων·

2155 895 2328 962 ’Λφες
2361 895 2454 948 τὸν
2478 894 2736 966 λογισμόν
2767 911 2862 949 σου
2880 894 3089 965 λακκᾷν
3118 892 3250 965 (9l),
3280 891 3440 962 μόνον
3466 883 3557 945 τὸν
3588 892 3745 946 ἀδελ.

2152 988 2252 1058 φάν
2286 1006 2379 1043 σου
2414 990 2489 1061 μὴ
2519 990 2733 1064 θλίψῃς.

2226 1082 2319 1152 ρο’.
2355 1082 2564 1155 Συνέϐη
2591 1083 2745 1147 τινὰς
2780 1084 2888 1137 τῶν
2947 1082 3207 1155 Πατέρων
3268 1079 3605 1151 παραϐαλεῖν
3658 1080 3744 1144 εἰς

2151 1175 2328 1229 οίκίαν
2362 1176 2705 1249 φιλοχρίστου
2735 1178 2899 1241 τινος,
2931 1180 2989 1231 ὲν
3025 1171 3107 1240 οἷς
3134 1172 3203 1247 ἦν
3236 1174 3331 1229 καὶ
3352 1174 3382 1226 ὁ
3410 1173 3585 1239 ἀδϐᾶς
3612 1174 3743 1228 Ποι-

2153 1270 2283 1338 μήν·
2320 1270 2413 1321 καὶ
2452 1270 2510 1321 ὲν
2571 1268 2649 1338 τῷ
2707 1269 2912 1324 ἐσθίειν
2958 1268 3191 1333 αὐτοὺς,
3250 1263 3524 1337 παρετέθη
3578 1263 3740 1337 κρέα·

2149 1357 2351 1427 ἔφαγον
2371 1359 2427 1412 δὲ
2456 1359 2655 1424 πάντες
2678 1361 2847 1432 χωρὶς
2861 1360 2956 1414 τοῦ
2976 1358 3123 1415 ἁδδᾶ
3151 1358 3439 1431 Ποιμένος-
3457 1359 3550 1413 καὶ
3578 1356 3743 1413 ὲοαύ-

2151 1450 2322 1520 μαζον
2378 1453 2426 1505 οἱ
2452 1452 2704 1524 γέροντες
2742 1453 2822 1506 ὄτι
2855 1451 2957 1507 οὐκ
2992 1450 3214 1523 ἤσθιεν,
3273 1451 3475 1515 ειδότες
3502 1449 3602 1521 τὴν
3623 1449 3742 1504 διά-

2149 1557 2330 1611 κρισιν
2364 1541 2550 1596 αὐτοῦ.
2594 1543 2682 1607 Ὠς
2718 1543 2774 1596 δὲ
2802 1543 3127 1614 ἀνέστησαν,
3164 1543 3414 1611 λέγουσιν
3436 1540 3607 1612 αὐτῷ·
3663 1541 3738 1594 Σὺ

2147 1626 2201 1684 εἷ
2235 1633 2465 1704 Ποιμὴν,
2503 1634 2597 1688 καὶ
2619 1632 2791 1696 οὕτως
2816 1633 3117 1704 ὲποίησας;
3174 1631 3474 1704 Ἀπεκρίθη
3505 1634 3689 1695 αὐτοῖς
3710 1632 3751 1683 6

2149 1723 2346 1796 γέρων
2372 1724 2770 1797 Συγχωρήσατέ
2811 1742 2924 1796 μοι,
2974 1724 3235 1796 Πατέρες’
3274 1726 3433 1796 ὑμεῖς
3478 1724 3739 1793 ἐφάγετε,

2078 1785 2122 1845 ⁸
2150 1785 2245 1870 διαὶ
2285 1785 2469 1880 οὐδεὶς
2484 1785 2931 1887 ”ι‹ἓκέινδαλιξτθηό
2975 1814 3086 1885 εγὼ
3113 1785 3169 1869 δὲ
3197 1785 3252 1868 ξι
3292 1785 3738 1887 ἐφαοξονξιτὶειδὴ

2148 1905 2333 1960 πολλοὶ
2362 1906 2582 1977 ἀδελφοὶ
2628 1907 2877 1978 ἔρχονται
2930 1906 3158 1976 ἔγγιστά
3197 1924 3320 1979 μου,
3357 1902 3500 1978 εἶχον
3533 1906 3739 1977 βλαϐῆ-

2147 2015 2257 2065 ναι,
2286 1997 2557 2067 λέγοντες·
2588 1999 2804 2071 Ποιμὴν
2839 1998 3011 2069 ἔφαγε
3060 1999 3233 2070 κρέα,
3291 2000 3385 2053 καὶ
3440 2001 3601 2071 ἡμεῖς
3633 1999 3739 2053 οὐκ

2146 2087 2432 2159 ὲπθίομεν;
2476 2089 2587 2144 Καὶ
2612 2089 2930 2160 ἐθαύμασαν
2951 2090 3049 2162 τὴν
3072 2091 3343 2163 διάκρισιν
3368 2089 3555 2145 αὐτοῦ.

2220 2270 2351 2335 ροα¹.
2385 2259 2551 2319 Εἶπεν
2568 2266 2597 2319 6
2618 2265 2791 2331 ἀὸϐἄς
2817 2268 3050 2338 Ποιμήν’
3078 2266 3220 2334 Ἐγὼ
3243 2267 3406 2336 λέγω,
3433 2270 3516 2322 ὅτι
3536 2271 3616 2333 εἰς
3642 2269 3738 2323 τὸν

2143 2356 2306 2410 τόπον
2330 2357 2465 2411 ὅπου
2500 2358 2752 2429 βάλλεται
2800 2363 2828 2414 6
2862 2361 3128 2426 Σατανᾶς,
3153 2363 3271 2415 ἐκεῖ
3309 2360 3591 2433 βάλλομαι.

2217 2446 2347 2519 906'.
2383 2447 2441 2503 '0
2464 2449 2627 2514 αὐτὸς
2649 2446 2769 2505 εἷπε
2796 2451 2874 2522 τῷ
2896 2452 3041 2524 ἀϐὁᾷ
3063 2452 3274 2507 Ἀνούδ·
3318 2454 3738 2525 Ἀπόστρεψον

2143 2538 2285 2604 τοὺς
2314 2541 2660 2611 ὀφθαλμούς
2687 2556 2804 2597 σου
2865 2543 2972 2598 τοῦ
3018 2543 3107 2614 μὴ
3159 2544 3309 2600 ιδεῖν
3341 2548 3733 2616 ματαιότητα·

2142 2630 2175 2698 ἡ
2216 2628 2325 2701 γὰρ
2354 2630 2637 2702 ἐλευθερία
2669 2631 2847 2703 ψυχὰς
2869 2634 3102 2706 ἀναιρεῖ.

2217 2728 2347 2792 ρογθ.
2390 2722 2737 2794 Ἐμαχήσατό
2768 2742 2896 2778 ποτε
2925 2725 3148 2791 Παῖζιος
3182 2726 3320 2798 μετὰ
3362 2727 3595 2797 ἀδελφοῦ
3626 2728 3734 2783 αὐ-

2142 2812 2256 2877 τοῦ,
2281 2811 2643 2883 καθεζομένου
2678 2814 2770 2868 τοῦ
2792 2815 2938 2869 ὰδόἄ
2957 2817 3240 2887 Ποιμένος,
3276 2818 3470 2890 μέχρις
3497 2816 3633 2891 αἷμα
3665 2821 3735 2874 ἐκ

2142 2904 2250 2958 τῶν
2278 2904 2527 2972 κεφαλῶν
2556 2905 2733 2958 αὐτῶν
2772 2908 3173 2979 καταρρυῆναι·
3204 2910 3297 2963 καὶ
3327 2908 3479 2964 οὐδὲν
3515 2911 3578 2963 τὸ
3602 2909 3732 2964 σύν-

2141 2994 2260 3049 ολον
2290 2995 2548 3071 έλὰληςεν
2571 2997 2751 3061 αὐτοῖς
2780 2997 2808 3048 6
2836 2997 3030 3068 γέρων.
3067 2998 3326 3069 Εἰσῆλθεν
3361 2996 3457 3055 οὖν
3504 3002 3534 3054 6
3552 3000 3733 3066 ἁσϐᾶς

469 3105 813 3162 cernensque
848 3089 995 3153 illos,
1030 3089 1161 3142 dicit
1200 3088 1385 3143 abbati
1417 3087 1660 3143 Pcemeni
1696 3106 1709 3142 :
1747 3087 1928 3155 Quare
1959 3091 2036 3146 si-

2155 3088 2362 3143 Ἀνού6’
2390 3090 2481 3144 καὶ
2518 3088 2642 3143 ἰδὼν
2689 3092 2906 3155 αὐτοὺς,
2957 3090 3106 3160 λέγει
3156 3091 3233 3162 τῷ
3278 3090 3421 3163 ἁδδᾷ
3478 3091 3728 3164 Ποιμένιο

472 3186 593 3239 visti
636 3181 834 3237 fratres
881 3181 1023 3235 inter
1070 3195 1128 3234 se
1177 3194 1441 3250 pugnare,
1472 3178 1607 3232 nihil
1642 3179 1898 3236 locutus?
1924 3180 2028 3236 Re-

467 3275 689 3346 spondit
729 3273 899 3328 abbas
933 3271 1151 3327 Pmmeu
1189 3290 1201 3323 :
1240 3268 1460 3326 Fratres
1491 3278 1641 3332 sunt,
1681 3271 1934 3327 redibunt
1971 3272 2038 3327 ad

473 3383 684 3439 pacem.
717 3364 858 3420 Tum
894 3363 1068 3420 abbas
1112 3361 1314 3416 Anub:
1351 3360 1492 3428 Quid
1550 3363 1652 3418 hoc
1691 3364 1813 3420 est?
1855 3366 2039 3420 vidisti

474 3462 548 3512 ita
582 3467 829 3529 agentes,
864 3464 920 3512 et
945 3456 1027 3511 ais
1059 3474 1071 3509 :
1107 3452 1383 3510 Redibunt
1427 3455 1479 3510 in
1511 3456 1783 3527 gratiam?
1813 3456 2040 3530 Excepit

471 3550 643 3603 abbas
692 3547 912 3601 Pmmen
948 3564 960 3599 :
996 3543 1143 3598 Pone
1186 3542 1242 3598 in
1285 3544 1449 3598 corde
1499 3553 1614 3612 tuo,
1660 3561 1748 3600 me
1778 3546 1866 3601 hic
1895 3549 2039 3604 intro

473 3654 578 3694 IIOH
612 3638 906 3694 exstitisse.

543 3731 667 3785 174.
710 3733 900 3786 Frater
932 3728 1249 3784 sciscitatus
1285 3739 1366 3784 est
1400 3729 1467 3783 de
1499 3729 1694 3785 abbate
1729 3729 1987 3786 Pmmrne
2022 3752 2034 3786 :

471 3820 731 3876 Habitant
769 3833 979 3873 mecum
1020 3816 1217 3871 fratres
1250 3832 1263 3869 :
1298 3816 1571 3872 suadesne
1598 3826 1657 3871 ut
1689 3819 1757 3875 iis
1782 3819 2041 3889 jubeam?

472 3917 561 3969 Ait
588 3913 664 3967 illi
695 3928 861 3968 senex
894 3929 906 3965 :
939 3909 1094 3976 Non;
1131 3911 1226 3965 sed
1256 3918 1312 3963 tu
1347 3912 1500 3981 prius
1531 3910 1698 3968 facito
1728 3929 1888 3985 opus,
1918 3924 1972 3968 et
1992 3918 2036 3968 si

470 4005 656 4059 vivere
684 4002 1138 4064 desideraverint,
1173 4001 1276 4071 ipsi
1311 4015 1405 4071 per
1431 4016 1491 4056 se
1522 4001 1805 4057 videbunt.
1841 4000 2039 4057 Suhdic

472 4097 551 4149 dit
584 4095 750 4149 frater
784 4111 796 4147 :
836 4080 1077 4162 Cupiunt
1106 4090 1269 4146 etiam
1306 4091 1433 4161 ipsi,
1466 4089 1645 4158 Pater,
1685 4100 1746 4145 ut
1787 4093 1867 4147 eis
1901 4109 2037 4163 pra:-

471 4187 690 4257 cipiam.
732 4182 1035 4254 Respondit
1082 4198 1292 4239 senex:
1325 4180 1720 4252 Nequaquam;
1767 4182 1861 4238 sed
1919 4193 2039 4238 esto

471 4280 580 4334 illis
606 4277 900 4347 exemplar,
932 4290 1040 4331 non
1065 4283 1245 4329 autem
1274 4274 1578 4345 legislator.

541 4368 663 4423 175.
695 4365 839 4421 Dixit
882 4365 1053 4421 abbas
1080 4362 1304 4419 Pmmeu
1337 4381 1350 4417 :
1389 4362 1525 4418 Cum
1564 4365 1863 4420 accesserit
1884 4367 1951 4421 ad
1986 4379 2038 4424 te

2144 3181 2297 3234 Δια-εί
2318 3182 2538 3253 ἀφῆκας
2571 3182 2694 3244 τοὺς
2759 3182 3021 3252 ἀδελφοὺς
3051 3183 3412 3255 μαχομένους,
3445 3185 3613 3256 μηδὲν
3640 3185 3732 3239 λα·

2140 3271 2312 3345 λήσας
2340 3274 2553 3341 αὑτοῖς;
2583 3274 2745 3343 Λέγει
2773 3276 2801 3329 6
2832 3274 3010 3338 ἀὸὄᾶς
3051 3275 3282 3347 Ποιμήν·
3325 3275 3567 3346 Ἀδελφοί
3595 3277 3725 3339 εισι,

2144 3366 2306 3420 πάλιν
2360 3367 2723 3439 εἰρηνεύουσι.
2776 3368 2938 3437 Λέγει
2968 3370 2997 3421 6
3037 3367 3211 3435 ἀ66ᾶς
3271 3369 3480 3424 ’Λνοὺδο
3512 3371 3578 3425 Τί
3609 3372 3730 3427 ἐστι

2142 3455 2336 3523 τοῦτο;
2365 3453 2502 3522 εἶδες
2538 3460 2619 3513 ὅτι
2650 3458 2823 3525 οὕτως
2850 3460 3135 3530 ἐποίησαν,
3186 3460 3282 3515 καὶ
3315 3461 3515 3532 λέγεις’
3554 3461 3730 3516 Πάλιν

2142 3545 2513 3617 εἰρηνεύουσις
2572 3547 2905 3620 Λέγειαὺτῷ
2962 3551 2988 3602 6
3031 3548 3205 3615 ἀὸϐᾶς
3232 3551 3460 3623 Ποιμήνο
3502 3550 3606 3617 Θὲς
3645 3555 3728 3616 είς

2140 3634 2239 3705 τὴν
2266 3633 2492 3707 καρδίαν
2525 3652 2635 3701 σου,
2666 3639 2748 3691 ὅτι
2777 3639 2878 3692 οὐκ
2909 3639 3056 3710 ἤμην
3083 3633 3184 3691 ὦδε
3222 3640 3347 3692 ἔσω.

2212 3724 2338 3796 ροδ’.
2388 3726 2637 3797 Ἀδελφδς
2667 3728 2918 3802 ἠρώτησε
2939 3729 3030 3783 τὸν
3049 3730 3220 3783 ὰ66ἄν
3234 3731 3496 3802 Ποιμένα,
3524 3730 3724 3804 λέγωνζ

2154 3818 2392 3888 Ἀδελφοὶ
2427 3819 2637 3875 οἰκοῦσι
2681 3823 2797 3891 μετ’
2826 3822 2981 3892 ἐμοῦο
3012 3822 3189 3886 θέλεις
3224 3823 3465 3877 κελεύσω
3492 3824 3678 3890 αὐτοῖς
3706 3844 3724 3889 ;

2141 3907 2300 3974 Λέγει
2328 3908 2477 3979 αὐτῷ
2504 3912 2533 3963 6
2559 3909 2759 3982 γέρωνσ
2792 3910 2944 3981 Οὐχί·
2973 3911 3109 3966 ἀλλὰ
3148 3911 3373 3984 ποίησον
3406 3913 3620 3985 πρῶτον
3661 3915 3729 3970 τὸ

2141 3999 2321 4069 ἔργον,
2349 4000 2441 4056 καὶ
2461 3999 2555 4054 ἐὰν
2585 3999 2778 4057 θέλωσι
2818 3999 2936 4075 ζῇν,
2980 4003 3194 4066 ἑαυτοῖς
3225 4002 3501 4074 βλέπουσι.
3558 4004 3725 4075 Λέγει

2140 4088 2287 4159 αὐτῷ
2324 4092 2352 4142 6
2377 4089 2623 4159 ἁδελφός·
2677 4091 2902 4145 Θέλουσι
2931 4093 3025 4146 καὶ
3064 4094 3240 4157 αὐτοὶ,
3272 4095 3476 4168 Πάτερ,
3502 4096 3590 4151 ἵνα
3631 4113 3723 4151 κε-

2139 4175 2314 4231 λεύσω
2339 4178 2541 4243 αὐτοῖς.
2581 4179 2742 4249 Λέγει
2766 4180 2914 4251 αὐτῷ
2943 4184 2972 4235 6
3000 4182 3200 4253 γέρων·
3245 4184 3361 4255 Μήο
3393 4184 3528 4238 ἀλλὰ
3560 4186 3725 4255 γενοῦ

2141 4266 2327 4330 αὐτοῖς
2356 4267 2550 4333 τύπος,
2592 4271 2685 4323 καὶ
2722 4271 2797 4342 μὴ
2838 4272 3154 4344 νομοθέτης.

2210 4364 2329 4429 ροε’.
2366 4352 2531 4412 Εἶπεν
2562 4360 2592 4412 6
2632 4357 2809 4423 ἀδὸᾶς
2846 4361 3077 4431 Ποιμήν·
3123 4361 3245 4415 Ἐὰν
3303 4361 3593 4435 παραϐάλῃ
3636 4380 3726 4421 σοι

469 4462 657 4527 frater,
696 4466 750 4513 et
796 4456 1148 4526 conspexeris
1193 4461 1247 4509 te
1290 4454 1525 4510 adventu
1577 4454 1725 4511 illius
1772 4472 1878 4512 non
1917 4476 2039 4517 esse

2142 4453 2381 4521 ἀδελφὸς,
2412 4453 2506 4505 καὶ
2560 4452 2676 4523 ἴδῃς
2726 4451 2917 4505 ἑαυτὸν
2980 4452 3054 4523 μὴ
3102 4452 3477 4523 ὠφελούμενον
3539 4457 3595 4509 ὲν
3649 4458 3725 4530 τῇ

468 4552 736 4624 adjutum,
765 4549 981 4619 require
1011 4548 1066 4601 in
1094 4555 1273 4601 mente
1299 4554 1414 4608 tua,
1443 4554 1605 4618 atque
1631 4560 1839 4619 reputa,
1872 4569 2033 4622 quam

465 4642 850 4715 cogitationem
886 4640 1131 4695 volveres
1170 4639 1351 4693 animo
1384 4646 1509 4695 ante
1542 4640 1664 4710 ejus
1697 4640 1980 4698 introitum
2020 4664 2033 4698 :

467 4748 709 4804 tuncque
748 4746 1047 4803 cognosces
1100 4748 1321 4787 causam
1370 4748 1479 4787 non
1524 4740 1695 4804 captae
1759 4735 2032 4792 utilitatis.

466 4825 621 4892 Quod
661 4824 707 4878 si
742 4822 847 4876 hoc
891 4835 1013 4876 cum
1060 4821 1366 4876 humilitate
1398 4830 1453 4877 et
1481 4824 1781 4878 attentione
1816 4823 2033 4892 feceris,

465 4921 576 4976 eris
621 4918 932 4987 inculpatus
988 4930 1110 4969 cum
1171 4914 1440 4984 proximo,
1499 4924 1728 4986 portans
1788 4917 2034 4974 defectus

467 5021 610 5065 tuos.
639 5006 694 5062 Si
726 5006 873 5061 enim
898 5019 1023 5059 cum
1050 5005 1305 5059 cautione
1329 5002 1517 5060 fecerit
1540 5004 1703 5061 homo
1729 5009 2029 5064 sessionem

467 5114 645 5161 suam,
682 5112 787 5152 non
817 5094 1072 5150 offendet.
1096 5094 1238 5151 Deus
1263 5095 1465 5167 quippe
1494 5110 1680 5151 coram
1713 5097 1806 5151 illo
1830 5106 1933 5154 est.
1965 5097 2033 5155 Ut

466 5201 645 5245 autem
678 5203 777 5259 ego
807 5186 983 5249 video,
1011 5201 1076 5243 ex
1105 5187 1205 5241 hac
1238 5186 1367 5242 sede
1396 5185 1641 5258 possidet
1672 5187 1834 5242 homo
1869 5189 2032 5241 lituo-

467 5302 576 5340 retn
612 5280 722 5338 Dei.

536 5486 576 5515 ’³
606 5483 749 5538 Psal.
774 5498 959 5542 CXVIII.
985 5481 1072 5533 57.

537 5596 648 5660 ι88)
690 5595 791 5653 Vit.
828 5594 980 5648 Patr.
1018 5611 1100 5650 tu.
1139 5595 1261 5651 170.

537 5665 645 5733 ‘89)
681 5661 838 5718 Joan.
869 5663 1056 5718 Geom.
1084 5664 1287 5719 Parad.
1320 5665 1406 5719 δὲ.

539 5733 649 5803 (90)
686 5734 917 5804 Appeml.
956 5734 1110 5797 1005,
1138 5752 1190 5789 n.
1228 5736 1308 5790 l9.

2139 4543 2328 4614 εἰσόδῳ
2354 4541 2539 4607 αὐτοῦ,
2571 4541 2805 4615 ζήτησον
2838 4543 2896 4597 ὲν
2925 4545 2989 4615 τῇ
3024 4543 3229 4615 διανοίᾳ
3280 4561 3397 4611 σου,
3452 4545 3549 4599 καὶ
3580 4545 3725 4617 μάθε

2139 4636 2290 4697 ποῖος
2318 4628 2387 4704 ἦν
2419 4634 2449 4685 6
2484 4632 2742 4702 λογισμὸς
2770 4632 2830 4685 ὃν
2862 4628 3005 4704 εἶχες
3034 4633 3139 4704 πρὸ
3171 4634 3269 4705 τῆς
3292 4635 3499 4690 είσόδου
3528 4636 3719 4690 αὐτοῦ’

2139 4727 2230 4779 καὶ
2262 4725 2381 4778 τότε
2413 4725 2595 4797 γνώσῃ
2635 4725 2715 4788 τίς
2743 4725 2945 4795 ήαῐτία
2993 4725 3092 4796 τῆς
3121 4726 3469 4795 ἀνωφελείας.
3513 4728 3637 4781 Ἐὰν
3660 4728 3723 4783 δὲ

2137 4817 2294 4870 τοῦτο
2338 4822 2571 4888 ποιήσῃς
2620 4815 2758 4887 μετὰ
2784 4816 3298 4889 ξταπεινοφροσύνης
3344 4818 3441 4874 καὶ
3484 4818 3719 4885 ἑννοίας,

2138 4908 2234 4980 έσῃ
2264 4907 2551 4979 ἄμεμπτος
2581 4907 2718 4979 μετά
2741 4906 2835 4961 τοῦ
2880 4907 3106 4979 πλησίον
3159 4925 3276 4972 σου,
3332 4908 3619 4979 βαστάζων
3649 4910 3723 4965 τὰ

2138 5000 2332 5053 ἑαυτοῦ
2366 4998 2734 5071 ἐλαττώματα.
2754 4998 2881 5053 Ἐὰν
2910 4999 3020 5071 γὰρ
3045 5000 3182 5071 μετὰ
3216 4999 3497 5064 εὐλαϐείας
3517 5001 3722 5075 ποιήσῃ

2138 5092 2423 5164 ἄνθρωπος
2452 5091 2513 5145 τὸ
2541 5092 2781 5164 κὰθισμα
2804 5093 2990 5157 αὑτοῦ,
3034 5093 3095 5146 οὐ
3150 5093 3225 5166 μὴ
3272 5093 3496 5166 πταίσῃ’
3550 5095 3580 5147 6
3606 5093 3720 5168 γὰρ

2136 5185 2267 5249 Θεὸς
2296 5184 2524 5238 ὲνώτιιον
2576 5184 2739 5241 αὐτοῦ
2784 5187 2958 5245 ἐστιν.
2995 5185 3081 5249 Ὠς
3112 5184 3169 5239 δὲ
3197 5183 3308 5254 ἐγὼ
3330 5186 3461 5257 ὁρῶ,
3487 5187 3554 5243 ὲκ
3580 5186 3718 5241 ταύ-

2136 5296 2233 5350 της
2265 5278 2365 5349 τῆς
2406 5277 2673 5349 καθέδρας
2712 5280 2906 5333 κτᾶται
2964 5279 3246 5349 ἄνθρωπος
3275 5279 3368 5333 τὸν
3402 5278 3567 5347 φόϐον
3616 5278 3719 5333 τοῦ

2134 5371 2291 5426 Θεοῦ.

2206 5593 2320 5664 (9l)
2361 5590 2644 5659 Λαχκᾴν,
2677 5589 3201 5664 λάκκοςμακκᾷν.
3246 5589 3483 5664 Verbum
3534 5590 3713 5645 inter-

2140 5662 2381 5735 pretibus
2413 5676 2520 5735 non
2546 5662 2880 5735 intellectum
2902 5701 2916 5723 ,
2956 5662 3188 5735 ideoque
3219 5662 3286 5735 ab
3336 5676 3446 5714 uno
3475 5669 3680 5730 praeter

2141 5731 2388 5797 missum,
2431 5734 2499 5787 ab
2532 5733 2704 5789 altero
2735 5737 3004 5787 mutatum
3039 5731 3326 5797 ἰηλακείν,
3365 5745 3599 5799 crepare.
