4062 6332
293 331 399 389 365

1410 323 2024 381 APOPHTHEGMATA
2061 322 2370 379 PATRUM.

3440 325 3543 381 36η

368 440 507 512 ρος’.
541 434 673 492 Εἷπε
722 437 902 489 πάλιν·
943 435 1257 506 Ἀνθρωπος
1290 435 1426 507 ἔχων
1458 437 1670 491 παιδίον
1708 453 1879 491 συνοι-

2057 433 2181 490 176.
2220 434 2364 488 Dixit
2385 434 2616 488 iterum:
2653 430 2825 487 Homo
2853 432 2947 502 qui
2970 430 3134 486 habet
3159 445 3390 500 puerum
3423 446 3555 487 con-

300 532 446 589 κοῦν,
480 530 576 589 καὶ
594 527 984 599 ένεργούμενος
1003 527 1084 590 είς
1106 526 1238 580 αὐτὸ
1275 528 1354 589 εἰς
1390 521 1500 581 οἷον
1543 527 1586 579 δ’
1618 528 1684 580 ἂν
1707 526 1877 589 πάθος

302 623 389 681 τοῦ
428 620 660 675 παλαιοῦ
693 618 1005 693 ἀνθρώπου,
1036 616 1127 671 καὶ
1152 618 1314 671 πάλιν
1350 619 1570 689 κατέχει
1592 620 1724 673 αὐτὸ
1757 619 1878 690 μεθ’

302 710 513 775 ἑαυτοῦ,
567 710 750 781 ὅμοιός
807 712 955 764 ἐστιν
1004 711 1033 762 6
1083 708 1322 772 τοιοῦτος
1368 708 1639 780 ἀνθρώπῳ
1699 710 1876 781 ἔχοντι

302 803 467 876 ἀγρὸν
494 802 601 855 ὑπὸ
624 802 924 871 σκωλήκων
949 800 1409 872 βιϐρωσκόμενον.

371 893 502 969 ροξ.
532 889 669 950 Εἷπε
696 894 878 947 πάλιν·
924 893 987 945 Ἡ
1025 892 1259 964 πονηρία
1288 891 1387 963 τὴν
1437 892 1698 964 πονηρίαν
1724 892 1882 945 οὐδα-

306 988 420 1060 μῶς
441 988 674 1057 ἀναιρεῖ·
710 985 825 1039 ἀλλ’
856 984 950 1038 ὲάν
975 986 1060 1048 τίς
1094 1002 1154 1038 σε
1201 986 1564 1056 κακοποιήσῃ,
1598 984 1885 1054 εὐποίησον

304 1078 467 1149 αὐτῷ,
503 1078 589 1132 ἵνα
610 1077 699 1132 διὰ
728 1076 828 1147 τῆς
856 1076 1212 1145 ἀγαθοποιίας
1244 1075 1440 1149 ἀνέλῃς
1481 1076 1579 1145 τὴν
1600 1075 1882 1145 πονηρίαν.

375 1178 507 1243 ροη’.
535 1167 669 1223 Eius
696 1170 876 1233 πάλιν,
918 1170 999 1222 ὃτι
1049 1168 1215 1227 Δαδὶδ
1246 1169 1332 1221 ὅτε
1362 1166 1500 1237 μετὰ
1548 1166 1643 1220 τοῦ
1669 1167 1886 1229 λέοντος

307 1261 585 1325 συνέϐαλε,
617 1259 712 1316 τοῦ
748 1259 1045 1334 λαρυγγίου
1069 1260 1234 1314 αὑτοῦ
1276 1260 1539 1329 κατέσχεν
1578 1258 1759 1320 αὐτὸν,
1794 1260 1889 1315 καὶ

308 1354 504 1417 εὐθέως
530 1353 849 1407 ἀπέκτεινεν
882 1353 1064 1407 αὐτόν.
1097 1352 1222 1405 Ἐὰν
1249 1348 1341 1404 οὖν
1391 1352 1487 1404 καὶ
1526 1352 1687 1420 ἡμεῖς
1719 1351 1886 1404 κατά-

310 1461 522 1515 σχωμεν
548 1443 642 1496 τοῦ
671 1443 970 1515 λαρυγγίου
1023 1443 1240 1513 καὶτῆς
1275 1441 1480 1505 κοιλίας
1522 1440 1753 1502 ἑαυτῶν,
1811 1459 1889 1494 νι-

308 1535 488 1605 κῶμεν
517 1534 604 1588 διὰ
623 1534 718 1589 τοῦ
754 1535 889 1588 Θεοῦ
918 1534 1009 1587 τὸν
1041 1535 1276 1605 ἀόρατον
1307 1533 1513 1587 λέοντα.

380 1626 505 1698 ροθ’.
548 1626 799 1694 ’Δδελφὸς
819 1626 1069 1698 ἠρώτησε
1092 1627 1182 1683 τὸν
1202 1625 1376 1679 assam
1400 1625 1662 1695 Ποιμένα,
1691 1624 1886 1689 λέγων·

310 1719 374 1781 Τί
396 1720 624 1789 ποιήσω,
649 1719 729 1771 ὅτι
757 1717 973 1789 ἔρχεταί
999 1736 1087 1788 μοι
1119 1716 1315 1786 θλῖψις,
1342 1718 1437 1770 καὶ
1462 1716 1752 1787 κινοῦμαις
1778 1717 1890 1768 Καὶ

310 1805 457 1863 εἶπεν
486 1811 515 1861 6
550 1808 750 1879 γέρων,
784 1807 920 1879 ὅτιή
952 1807 1041 1877 βία
1076 1810 1219 1861 ποιεῖ
1255 1807 1499 1868 καὶτοὺς
1532 1806 1759 1877 μικροὺς
1795 1806 1888 1858 καὶ

312 1902 432 1964 τοὺς
464 1899 735 1971 μεγάλους
769 1917 857 1954 κιν
866 1899 1077 1971 ηθῆναι.

386 1991 733 2062 ρπ¹.⁹Ελεγον
768 1990 899 2062 περὶ
927 1990 1020 2044 τοῦ
1059 1991 1205 2045 ἀὸδᾶ
1235 1991 1520 2062 Ποιμένος.
1551 1992 1632 2046 ὅτι
1660 1991 1896 2063 ἐκάθητο

315 2085 391 2146 εἰς
414 2083 613 2155 Σκῆτιν
643 2082 780 2154 μετά
806 2083 899 2137 δύο
924 2084 1169 2153 ἀδελφῶν
1189 2084 1379 2137 αὑτοῦ·
1403 2086 1498 2138 καὶ
1523 2085 1551 2137 ὀ
1576 2084 1896 2156 μικρότερος

316 2174 521 2228 ἕθλιδεν
550 2173 770 2237 αὐτούς.
817 2174 927 2227 Καὶ
959 2174 1106 2243 λέγει
1150 2173 1227 2245 τῷ
1267 2175 1411 2246 ἄλλῳ
1442 2175 1675 2246 ἀδελφῷ·
1714 2178 1898 2247 Παρα-

316 2264 427 2318 λὺει
459 2267 609 2336 ἡμᾶς
644 2268 672 2321 ὁ
709 2266 1035 2339 μικρότερος
1068 2261 1242 2331 οὗτος·
1286 2267 1524 2337 ἐγείρου,
1561 2267 1785 2337 ἄγωμεν
1815 2267 1900 2320 ἐν·

318 2356 424 2409 θεν.
462 2356 573 2409 Καὶ
605 2356 910 2420 ἐξελθόντες
941 2357 1160 2427 ἀφῆκαν
1184 2357 1365 2411 αὐτόν.
1415 2358 1502 2421 Ὦς
1532 2353 1627 2411 οὖν
1652 2355 1791 2411 εἶδεν
1818 2358 1899 2411 ὅτι

319 2428 625 2518 ἐχρόνισαν,
664 2442 801 2500 εἶδεν
828 2448 1027 2511 αὐτοὺς
1064 2449 1282 2520 μακρὰν
1315 2449 1639 2519 ἀπέχοντας,
1671 2450 1763 2502 καὶ
1800 2450 1899 2520 ἦρ-

321 2536 443 2600 Eata
479 2540 699 2610 τρέχειν
738 2538 913 2592 ὀπίσω
944 2540 1146 2602 αὐτῶν,
1183 2540 1421 2610 κράζων.
1462 2542 1624 2610 Λέγει
1663 2544 1692 2595 6
1730 2541 1903 2605 ἀδὸἄς

322 2630 545 2702 Ποιμήν·
565 2631 853 2701 Μείνωμεν
873 2630 964 2683 τὸν
986 2630 1231 2699 ἀδελφὸν,
1250 2632 1334 2684 ὅτι
1357 2634 1541 2703 κοπιᾷ.
1560 2633 1647 2696 Ὠς
1662 2628 1754 2687 οὖν
1773 2629 1903 2703 ἦλθε

324 2722 454 2793 πρὸς
476 2722 697 2787 αὐτοὺς,
728 2722 889 2775 έδαλε
921 2723 1227 2794 μετάνοιαν,
1264 2722 1458 2793 λέγων·
1500 2724 1612 2785 Ποῦ
1643 2726 1903 2795 ὑπάγετε,

323 2817 414 2872 καὶ
439 2817 631 2886 ἀφίετέ
667 2833 733 2887 με
767 2818 958 2886 μόνον;
986 2816 1147 2885 Λέγει
1181 2817 1330 2888 αὐτῷ
1360 2819 1388 2870 ὁ
1416 2818 1611 2889 γέρων·
1650 2817 1773 2872 Ὅτι
1804 2818 1909 2871 θλί-

324 2908 433 2972 6εις
472 2910 636 2979 ἡμᾶς,
669 2907 758 2961 διὰ
789 2908 946 2962 τοῦτο
981 2910 1136 2978 ἡμεῖς
1167 2908 1577 2979 ἀναχωροῦμεν.
1619 2909 1781 2977 Λέγει
1809 2910 1907 2961 αὑ-

1982 527 2351 588 tubernalem,
2379 539 2409 577 a
2435 538 2546 593 quo
2573 523 2851 578 inducitur
2878 522 2944 576 ad
2971 521 3272 592 quemlibet
3297 521 3556 577 alectum

1982 618 2185 673 veteris
2217 616 2476 681 hominis,
2517 628 2617 670 nec
2648 616 2831 669 minus
2861 629 2985 669 eum
3036 613 3235 667 retinet
3261 627 3482 676 secum,
3515 613 3561 663 is

1984 710 2149 765 homo
2184 708 2385 764 similis
2429 714 2515 762 est
2562 704 2865 779 possidenti
2911 719 3102 775 agrum
3134 718 3296 774 quem
3348 715 3561 759 vol-mos

1984 800 2269 855 devorant.

2060 891 2183 947 177.
2223 888 2341 959 (93)
2393 887 2570 941 Etiam
2614 887 2751 941 dixit
2776 904 2789 942 :
2819 886 3019 942 Malitia
3065 899 3409 956 nequaquam
3441 897 3563 936 ma-

1988 985 2158 1040 litiam
2192 983 2365 1048 tollit;
2416 981 2509 1035 sed
2542 980 2588 1035 si
2637 981 2763 1049 quis
2813 980 2910 1034 tibi
2960 979 3102 1034 male
3157 977 3372 1039 fecerit,
3426 978 3563 1039 bene

1988 1076 2158 1131 facito
2186 1076 2259 1136 ei.
2292 1082 2353 1129 ut
2382 1088 2479 1145 per
2499 1073 2701 1127 bonum
2739 1071 2939 1126 factum
2961 1071 3216 1125 destruas
3239 1069 3526 1124 malitiam.

2060 1168 2185 1224 178.
2226 1166 2369 1222 Dixit
2410 1166 2625 1221 adhuc:
2674 1163 2843 1216 David
2883 1162 3105 1233 quando
3134 1177 3259 1217 cum
3287 1163 3444 1216 leone
3465 1175 3566 1231 pu-

1989 1275 2150 1333 gnam
2185 1259 2488 1321 commisit,
2530 1273 2594 1313 ex
2630 1263 2851 1328 gutture
2885 1256 3061 1309 tenuit
3091 1269 3240 1319 eum,
3271 1254 3569 1322 statimque

1990 1351 2270 1409 occidit".
2301 1349 2358 1405 Si
2392 1365 2522 1421 ergo
2554 1363 2657 1403 nos
2680 1362 2899 1417 quoque
2931 1346 3271 1401 tenuerimus
3300 1354 3490 1416 guttur
3515 1354 3570 1411 et

1992 1454 2237 1500 ventrem
2267 1451 2552 1506 nostrum,
2582 1440 2884 1494 auxiliante
2921 1440 3050 1500 Deo,
3082 1437 3414 1492 invisibilem
3458 1437 3567 1491 leo:

1994 1552 2117 1592 nem
2148 1536 2458 1592 vincemus.

2065 1628 2188 1689 179.
2231 1626 2426 1683 Frater
2456 1626 2711 1698 poposcit
2766 1624 2835 1681 ab
2871 1623 3065 1677 abbate
3104 1619 3397 1683 Pmmene:
3432 1617 3571 1685 Quid

1999 1720 2217 1779 faciant.
2251 1719 2379 1789 quia
2410 1718 2544 1772 mihi
2589 1716 2862 1786 contingit
2889 1714 3182 1797 "molestia,
3229 1718 3285 1765 et
3328 1726 3575 1765 commm-

1924 1859 1965 1912 Β
1997 1815 2161 1871 veor?
2198 1811 2500 1883 Respondit
2550 1825 2750 1867 senex:
2788 1808 2882 1865 Vis
2931 1806 3121 1871 efficit,
3157 1811 3218 1858 ut
3259 1820 3384 1858 cum
3421 1802 3573 1885 parvi

1996 1918 2107 1960 turn
2138 1904 2319 1975 magni
2348 1910 2690 1959 moveantur.

2072 1998 2191 2054 180.
2227 1995 2560 2051 Referebant
2595 1993 2700 2049 hoc
2739 1993 2807 2052 de
2845 1993 3043 2050 abbate
3089 1990 3377 2046 Pmrnene:
3418 1989 3577 2043 Resi-

1998 2091 2161 2145 dente
2196 2105 2261 2144 eo
2285 2092 2339 2143 in
2364 2087 2508 2143 Secti
2540 2103 2663 2143 cum
2689 2088 2908 2143 duobus
2933 2086 3194 2141 fratribus
3229 2084 3365 2141 suis.
3395 2084 3581 2152 junior

2000 2183 2270 2252 affligebat
2305 2196 2422 2237 eos.
2468 2179 2742 2247 Quocirca
2798 2178 3021 2233 Pmmen
3056 2180 3129 2233 ita
3181 2179 3458 2235 allocutus
3502 2186 3585 2232 est

2002 2275 2234 2329 alterum
2268 2272 2528 2327 fratrem:
2580 2270 2818 2325 Enervat
2857 2269 3164 2340 avertitque
3196 2284 3299 2327 nos
3333 2268 3437 2323 iste
3484 2283 3582 2322 na-

2003 2372 2061 2419 tu
2103 2365 2316 2435 minor;
2349 2379 2537 2435 surge,
2575 2365 2838 2417 abeamus
2872 2362 3021 2416 hinc.
3054 2358 3225 2431 Igitur
3263 2359 3470 2432 egressi
3501 2375 3587 2417 ree-

2006 2456 2290 2525 liquerunt
2335 2470 2482 2510 eum.
2542 2451 2613 2506 Ut
2647 2462 2826 2507 autem
2883 2452 3017 2506 vidit
3080 2451 3220 2527 quod
3285 2452 3588 2531 tardarent,

2006 2549 2405 2620 conspexitque
2446 2556 2636 2617 postea
2689 2549 2848 2617 longe
2878 2546 3128 2609 dissitos,
3170 2547 3337 2617 carpit
3362 2562 3587 2602 currere

2007 2649 2134 2710 post
2170 2641 2293 2695 illos
2338 2654 2463 2693 cum
2512 2640 2773 2693 clamore.
2818 2637 2961 2692 Dicit
2988 2637 3158 2692 abbas
3189 2636 3415 2694 Pmmen
3444 2658 3456 2692 :
3484 2638 3590 2693 Ex-

2009 2739 2317 2803 spectemns
2371 2730 2621 2793 fratrem,
2682 2731 2810 2801 quia
2877 2730 3225 2801 defatigatur.
3296 2730 3588 2802 Postquam

2007 2840 2139 2895 ergo
2189 2838 2284 2878 eos
2321 2823 2522 2893 attigit,
2575 2821 2848 2875 submisse
2899 2822 3195 2876 salutavit:
3235 2819 3356 2887 Quo
3406 2822 3591 2888 abitis,

2011 2916 2287 2985 inquiens.
2313 2929 2375 2968 ac
2412 2932 2496 2967 me
2541 2913 2851 2982 relinquitis
2874 2913 3085 2967 solum?
3104 2913 3406 2984 Respondit
3431 2914 3480 2969 ei
3515 2929 3593 2968 sec.

325 3003 432 3064 τοῖς
454 3000 610 3070 (91⁸)·
643 3001 769 3066 Ναὶ,
799 3002 931 3073 ναὶ..
952 3002 1089 3055 ὅπου
1123 2999 1328 3065 θέλετε,
1358 3001 1581 3086 ἀγωμεν
1608 3001 1767 3072 ὁμοῦ.
1800 3002 1906 3054 Kal

2011 3020 2147 3059 nex:
2184 3002 2454 3070 Quoniam
2501 3017 2670 3057 vexas
2720 3018 2845 3062 nos.
2893 3002 3015 3056 ideo
3069 3005 3399 3060 recedimus.
3456 3003 3591 3058 Tum

331 3090 449 3145 ιδὼν
491 3092 522 3144 6
566 3092 746 3162 γέρων
792 3092 892 3163 τὴν
932 3092 1167 3147 ἀκακίαν
1200 3093 1387 3157 αὐτοῦ,
1419 3093 1567 3163 λέγει
1594 3094 1672 3164 τῷ
1696 3094 1906 3163 ἀδελφῷ

2014 3097 2105 3153 ille
2143 3094 2211 3149 ad
2253 3109 2387 3149 eos:
2418 3093 2529 3154 Nzc.
2562 3107 2664 3154 me,
2706 3108 3039 3163 quocunque
3068 3094 3372 3159 volueritis,
3404 3110 3593 3150 eamus

331 3183 489 3238 αὑτοῦ
509 3199 522 3212 ³
561 3185 1036 3256 Ἀναστρέψωμεν,
1075 3185 1287 3255 ἀδελφέ·
1316 3188 1377 3240 οὐ
1407 3188 1516 3259 γὰρ
1547 3187 1714 3241 θέλων
1742 3188 1906 3241 ταῦτα

2022 3186 2203 3243 simul.
2235 3184 2301 3241 Et
2340 3199 2530 3249 senex,
2565 3191 2863 3254 conspecta
2891 3185 3011 3256 ejus
3038 3186 3410 3256 simplicitate,
3442 3186 3595 3249 fratri

333 3280 491 3342 ποιεῖ,
516 3277 634 3331 ἀλλ’
660 3280 689 3331 6
709 3278 951 3342 διάϐολός
982 3281 1128 3331 ἐστιν
1154 3282 1182 3333 6
1205 3280 1379 3335 ταῦτα
1409 3280 1578 3333 ποιῶν
1607 3280 1775 3350 αὐτῷ.
1803 3282 1906 3334 Kal

2018 3293 2120 3336 suo
2156 3278 2263 3332 ait:
2299 3277 2678 3339 Revertamur,
2711 3276 2914 3333 frater:
2955 3292 3063 3332 non
3101 3281 3243 3334 enim
3276 3288 3470 3350 sponte
3496 3295 3592 3334 sna

334 3367 764 3440 ἀναστρέψαντες
795 3363 958 3443 ἦλθον
998 3370 1078 3431 είς
1108 3368 1198 3422 τὸν
1232 3369 1398 3423 τόπον
1427 3369 1629 3426 αὐτῶν.

406 3551 547 3615 pm'.
595 3543 906 3615 Ἠρώτησεν
933 3544 1233 3616 ἡγούμενος
1261 3545 1374 3615 (92)
1403 3544 1670 3606 κοινοϐίου
1697 3545 1787 3596 τὸν
1816 3544 1916 3597 ἀϐ-

338 3640 434 3693 όίν
478 3638 743 3710 Ποιμένα.
792 3638 987 3708 λέγων·
1038 3638 1162 3702 Πῶς
1200 3638 1435 3709 δύναμαι
1480 3639 1785 3709 κτήσασθαι
1828 3639 1918 3692 τὸν

340 3730 498 3800 φόϐον
524 3730 622 3785 τοῦ
654 3730 830 3796 Θεοῦς
872 3730 1036 3801 Λέγει
1071 3729 1220 3801 αὑτῷ
1257 3733 1286 3784 6
1321 3730 1497 3793 assa;
1529 3730 1760 3799 Ποιμήν·
1795 3729 1919 3793 Πῶς

340 3824 609 3894 δυνάμεθα
646 3824 953 3893 κτήσασθαι
979 3821 1142 3891 φόὸον
1170 3822 1326 3881 Θεοῦ,
1361 3821 1562 3874 ἔσωθεν
1583 3821 1798 3891 ἔχοντες
1822 3839 1921 3889 γα-

343 3914 495 3985 στρία
534 3914 758 3984 τυρίων,
791 3913 887 3965 καὶ
909 3911 1149 3982 κεράμια
1182 3911 1449 3982 ταρίχωνς

410 4006 552 4079 ρπῆν.
588 4005 840 4075 Ἀδελφὸς
867 4003 1116 4075 ἠρώτησε
1137 4002 1227 4056 τὸν
1245 4002 1418 4056 assa»
1444 4002 1537 4054 Ποι
1546 4003 1703 4071 μένα,
1727 4002 1919 4070 λέγων·

355 4098 538 4163 Ἀδδᾶ,
578 4097 673 4151 δύο
699 4097 976 4169 ἀνθρωττοι
1010 4093 1171 4168 ἦσαν,
1205 4091 1285 4158 εἷς
1322 4095 1552 4165 μοναχδς
1591 4097 1683 4147 καὶ
1722 4090 1800 4157 εἷς
1835 4112 1925 4148 κο-

346 4191 555 4263 σμιχός,
590 4189 652 4242 Ὀ
681 4189 914 4260 μοναχὸς
937 4189 1221 4256 ἐλογίσατο
1243 4187 1339 4255 ὀψὲ
1365 4187 1449 4239 ἵνα
1470 4188 1530 4239 τὸ
1547 4187 1596 4219 ⁸⁸
1624 4186 1769 4257 πρωῒ
1792 4187 1924 4259 ῥίψῃ

345 4278 403 4332 τὸ
444 4278 650 4350 σχῆμα,
691 4279 787 4331 καὶ
828 4280 856 4332 6
902 4278 1165 4348 κοσμικὺς
1195 4276 1476 4345 ἐλογίσατο
1506 4278 1551 4309 ³⁸
1586 4277 1670 4329 ἵνα
1700 4277 1924 4348 γένηται

350 4370 597 4442 μοναχός·
627 4371 925 4442 ἀμφότεροι
960 4370 1017 4423 δὲ
1048 4369 1315 4423 ἀπέθανον
1339 4370 1405 4438 τῇ
1440 4368 1595 4421 νυκτὶ
1632 4368 1836 4441 ἐκείνῃ·
1872 4369 1924 4420 τί

349 4457 454 4529 ἄρα
470 4460 744 4529 λογίζεται
770 4462 984 4526 αὑτοῖς;
1019 4461 1130 4513 Kal.
1163 4455 1312 4512 εἶπεν
1334 4460 1362 4510 ό
1379 4457 1574 4528 γέρων·
1615 4458 1671 4510 Ὀ
1695 4458 1926 4527 μοναχὺς

349 4550 580 4605 ἀπέθανε
610 4551 869 4622 μοναχδς,
904 4550 995 4604 κα)⁵
1027 4552 1055 4603 6
1079 4551 1343 4619 κοσμικὺς
1373 4548 1609 4602 ἀπέθανε
1638 4548 1919 4618 κοσμικός·

350 4642 405 4694 ἐν
435 4636 480 4710 ᾧ
505 4642 616 4713 γὰρ
636 4642 961 4715 εὑρέθησαν,
1002 4641 1265 4710 ἀπῆλθον.

421 4742 565 4807 μετ’.
600 4735 828 4803 Ἔλεγεν
858 4737 886 4788 ό
915 4734 1089 4798 assa;
1125 4735 1375 4804 Ἰωάννης
1404 4735 1470 4795 ³⁸,
1506 4735 1586 4786 ὅτι
1618 4732 1926 4803 Παρεὸάλο-

355 4828 451 4898 μέν
478 4845 604 4881 ποτε
634 4828 740 4880 ἀπὸ
764 4827 965 4898 Συρίας
985 4826 1063 4897 τῷ
1099 4826 1241 4896 ἀὸϐᾆ
1264 4826 1509 4896 Ποιμένι,
1542 4826 1635 4877 καὶ
1661 4824 1927 4894 ἠθέλομεν

351 4919 509 4973 αὐτὸν
536 4918 810 4990 ἐρωτῆσαι
846 4919 973 4989 περὶ
998 4918 1098 4988 τῆς
1128 4917 1497 4989 σκληρότητος
1538 4916 1634 4985 τῆς
1677 4916 1922 4986 καρδίας·

353 5010 376 5060 ὁ
406 5008 463 5061 δὲ
483 5009 660 5077 γέρων
685 5008 784 5059 οὐκ
815 5006 930 5077 ᾔδει
973 5006 1292 5076 Ἑλληνιστὶ,
1315 5004 1439 5058 οὐδὲ
1474 5006 1502 5056 6
1530 5005 1799 5073 ἑρμηνεὺς
1836 5005 1929 5055 εὑ·-

355 5098 613 5171 καίρησεν
639 5100 708 5154 ".
771 5097 917 5151 Ἰδὼν
957 5098 1013 5153 δὲ
1062 5100 1210 5167 ἡμᾶς
1253 5095 1605 5165 θλιϐομένους
1654 5097 1683 5148 ὁ
1729 5095 1925 5166 γέρων,

2020 3370 2149 3422 facit
2176 3374 2309 3431 lucc,
2344 3370 2440 3427 sed
2465 3370 2720 3435 diabolus
2742 3377 2829 3425 est
2862 3371 2954 3441 qui
2993 3371 3071 3425 illi
3103 3371 3366 3442 suggerit.
3401 3369 3598 3426 Reverc

2020 3460 2064 3515 si
2098 3475 2229 3531 ergo
2255 3468 2520 3516 venerunt
2544 3461 2598 3514 in
2628 3462 2806 3514 locum
2846 3476 3027 3517 suum.

2094 3552 2214 3606 181.
2252 3551 2614 3625 Interrogavit
2675 3554 2913 3608 coenobii
2967 3553 3295 3623 praepositus
3349 3552 3597 3613 abbatem

2024 3638 2338 3695 Pmmenem
2373 3658 2385 3693 :
2419 3641 2706 3707 Quomodo
2759 3658 2981 3712 possum
3048 3643 3298 3698 obtinere
3345 3642 3595 3697 timorem

2026 3729 2155 3783 Dei?
2192 3728 2490 3799 Respondit
2521 3732 2691 3788 abbas
2734 3733 2986 3790 Pmmen:
3020 3732 3138 3799 Qua
3170 3734 3382 3793 ratione
3409 3748 3600 3805 possu-

2025 3837 2149 3877 mus
2195 3823 2477 3891 possidere
2521 3826 2770 3880 timorem
2834 3824 2949 3891 Dei,
3002 3826 3096 3896 qui
3151 3827 3301 3885 intus
3336 3827 3601 3883 habemus

2028 3921 2246 3968 ventres
2274 3929 2581 3980 caseorum,
2623 3923 2678 3971 et
2702 3915 2848 3972 dolia
2883 3918 3344 3973 salsamentorum
3365 3918 3390 3970 ?

2100 4002 2223 4061 182.
2264 4002 2457 4059 Frater
2482 4007 2841 4074 quaestionem
2867 4007 3154 4077 proposuit
3182 4007 3365 4062 abbati
3391 4006 3605 4062 Preme-

2030 4094 2108 4156 ni,
2143 4094 2367 4148 dicens:
2407 4094 2582 4160 Abba,
2609 4096 2718 4150 duo
2748 4096 2999 4149 homines
3026 4105 3203 4160 erant,
3236 4112 3379 4152 unus
3408 4112 3601 4152 mona-

2029 4182 2191 4244 chus,
2222 4182 2359 4236 alter
2387 4184 2690 4237 saecnlaris.
2738 4183 3038 4239 Monachus
3070 4200 3294 4254 vespere
3339 4185 3600 4244 decrevit.

2030 4276 2277 4331 habitum
2309 4278 2557 4347 proximo
2584 4293 2743 4332 inane
2774 4278 3045 4345 alijicere;
3084 4277 3364 4334 saecularis
3396 4280 3610 4335 consti-

2032 4367 2157 4428 tuit.
2192 4366 2307 4421 fieri
2348 4367 2687 4422 monachus:
2719 4367 2881 4422 ambo
2918 4376 3096 4422 autem
3130 4377 3289 4423 nocte
3332 4369 3422 4423 illa
3468 4384 3611 4424 mor-

2032 4460 2111 4513 tui
2137 4459 2435 4528 sunt.Quid
2460 4460 2804 4529 reputabitur
2820 4461 2939 4515 eis?
2960 4459 3260 4529 Respondit
3278 4476 3442 4517 senex
3470 4461 3605 4527 (94):

2032 4551 2334 4608 Monachus
2364 4560 2613 4607 mortuus
2632 4561 2716 4607 est
2739 4552 3062 4616 monachus,
3086 4559 3139 4607 et
3167 4553 3446 4607 saecularis
3470 4554 3607 4608 obiit

1956 4678 2006 4736 ι)
2030 4645 2334 4702 smeularis.
2368 4643 2426 4697 In
2450 4658 2560 4713 quo
2587 4644 2732 4699 enim
2766 4644 2974 4698 inventi
3000 4651 3152 4707 sunt,
3192 4643 3461 4699 abierunt.

2106 4733 2228 4789 185.
2251 4732 2364 4804 (95)
2383 4731 2586 4788 Retulit
2604 4733 2773 4789 abbas
2784 4733 3024 4789 Joannes
3045 4750 3059 4789 :
3079 4733 3387 4804 Aliquando
3409 4734 3608 4806 eSyria

2035 4824 2383 4894 perreximus
2418 4824 2485 4879 ad
2516 4825 2765 4880 abbatem
2797 4824 3128 4891 Pmmcnem,
3162 4826 3408 4881 volentes
3438 4827 3607 4881 inter-
3644 4838 3650 4876 ;

2038 4930 2231 4986 rogare
2258 4931 2384 4970 eum
2418 4915 2487 4971 de
2520 4916 2721 4971 duritia
2750 4917 2936 4972 cordis
2975 4935 2988 4971 :
3037 4933 3199 4972 senex
3254 4933 3383 4972 vero
3426 4917 3609 4973 Greco

2038 5008 2337 5068 nesciebat,
2368 5023 2470 5063 nec
2491 5009 2760 5077 interpres
2785 5008 3039 5064 inventus
3072 5020 3172 5063 est.
3207 5006 3393 5078 Itaque
3423 5009 3611 5063 videns

2038 5111 2137 5149 nos
2170 5097 2419 5163 afflictos,
2453 5100 2621 5167 carpit
2658 5100 2841 5169 lingua
2890 5097 3077 5153 Graeca
3125 5100 3293 5168 loqui,
3332 5100 3605 5169 dixitque:

426 5254 575 5312 "Al.
609 5258 730 5329 τῷ.
784 5259 829 5290 π
863 5257 947 5311 Al.
980 5252 1297 5329 ρῖξιξρλόψέ.
1373 5251 1420 5283 ε·
1454 5250 1538 5329 A_I_._
1594 5250 1715 5303 add.
1754 5253 1781 5302 δ
1813 5249 1899 5313 ego

2008 5250 2108 5314 331;
2160 5252 2262 5305 ὑπὸ
2296 5253 2612 5322 Μαρκιανοῦ
2665 5253 2759 5305 τοῦ
2820 5254 3100 5323 βασιλέως.
3180 5255 3223 5285 ’⁷
3252 5254 3336 5306 Al.
3371 5254 3614 5324 ἑρμηνέα

310 5352 313 5353 ν
363 5326 565 5397 Ξραμεν
593 5321 937 5400 ριἐὖραμεν.
985 5321 1060 5355 ί²⁸
1094 5322 1266 5393 IRt‘g.
1297 5337 1431 5383 XVII,
1470 5321 1560 5373 55.

433 5468 563 5536 (91⁸)
606 5467 779 5535 Λέγει
812 5467 1035 5529 αὐτοῖς.
1075 5464 1371 5536 Sequentla
1414 5462 1685 5536 usque-ad
1714 5457 1830 5536 litt.
1870 5461 1929 5515 Ω,

369 5550 416 5609 n_.
455 5537 486 5589 8
508 5528 586 5608 τῷ
608 5528 740 5609 ίΘεῷ
769 5528 1079 5599 διαπαντός,
1107 5528 1309 5589 contuli
1334 5548 1457 5587 cum
1492 5528 1682 5585 codice
1708 5530 1932 5581 (Jolber-

370 5605 477 5660 tino
507 5605 727 5680 opum
754 5616 913 5661 notae.

438 5668 557 5755 mf
583 5681 924 5751 'Hpcbtnrrer
944 5679 1293 5745 ἡγούμενος.
1320 5673 1517 5726 Aberat
1536 5670 1640 5723 hoc
1664 5668 1943 5735 Apothtlm-

368 5790 481 5852 gma
514 5790 542 5837 :t
580 5789 683 5835 ms.
735 5770 906 5848 [legio
949 5767 1109 5825 9566.
1161 5765 1343 5834 Itaque
1384 5762 1687 5840 appositum
1733 5759 1831 5814 fuit
1878 5776 1940 5813 ex

2049 5444 2366 5504 (lulhcrtinu
2395 5452 2587 5503 codice
2631 5454 2686 5500 et
2714 5443 2886 5513 Regio
2922 5440 3081 5495 1787.

2111 5529 2222 5589 (97.)
2269 5527 2369 5579 Vit.
2410 5526 2558 5579 Patr.
2595 5545 2646 5589 χ,
2690 5528 2789 5586 55;
2824 5527 3041 5579 floruth.
3076 5525 3255 5579 Doctr.
3286 5527 3372 5590 10,

2112 5598 2219 5659 (fl/tl
2263 5596 2406 5649 Infra
2440 5599 2491 5648 in
2528 5596 2679 5648 Sisoe
2712 5613 2758 5647 n.
2795 5595 2881 5648 38.

2116 5668 2225 5722 195)
2281 5666 2380 5718 l'ir.
2422 5666 2569 5717 I’ntr.
2605 5681 2757 5727 xvm,
2790 5666 2887 5728 lli;
2919 5679 3013 5726 vlt,
3048 5680 3197 5730 χχιχ,
3232 5665 3282 5732 1,
