4062 6332
483 318 595 375 367

1624 310 1974 369 APPENDIX
2016 309 2105 364 AD
2137 307 2363 366 PALLA
2376 309 2567 367 DIUM.

3637 311 3745 366 568

484 435 654 505 Aqua:
670 438 866 489 natura
886 431 1069 488 mollis
1094 436 1198 495 est,
1222 427 1422 499 lapidis
1451 435 1629 482 autem
1663 429 1798 483 dura
1827 447 1840 482 :
1869 441 2058 482 verum

2173 424 2363 496 ήρξατο
2403 426 2582 478 λαλεῖν
2628 426 2694 495 τῇ
2741 421 3002 495 Ἑλληνίδι
3048 424 3222 494 φωνῇ,
3251 420 3442 490 λέγων·
3482 420 3547 474 Ἦ
3582 420 3748 490 φύσις

484 523 712 581 baucale
746 523 892 594 quod
936 536 1263 595 suspensum
1303 529 1387 575 est
1434 533 1599 590 supra
1634 518 1890 588 lapidem,
1944 517 2061 571 stil-

487 616 651 672 lando
699 615 963 688 paulatim
1010 628 1134 669 eum
1193 610 1356 665 forat.
1401 609 1478 665 lta
1511 610 1679 667 etiam
1745 607 1841 663 Dei
1881 621 2063 662 sermo

485 709 672 764 mollis
702 716 807 771 est,
861 721 958 761 cor
990 720 1121 760 vero
1162 711 1436 770 nostrum,
1462 701 1693 767 durum;
1725 709 1909 755 tamen
1936 714 2060 753 cum

487 799 654 853 homo
688 798 1008 867 frequenter
1042 792 1280 848 audierit
1332 806 1642 849 sermonem
1671 790 1787 856 Dei,
1820 788 2064 860 aperitur

486 906 583 946 cor
615 891 735 959 ejus
759 897 818 943 ut
847 887 1013 942 Deum
1042 886 1252 942 timeat.

550 1061 793 1133 184496)
811 1059 992 1116 Abbas
1012 1058 1165 1114 lsaac
1187 1057 1443 1114 convenit
1458 1057 1705 1114 abbatem
1717 1055 2027 1113 Pmmenem
2047 1073 2064 1122 ;

487 1170 647 1225 quem
675 1168 909 1208 cernens
937 1166 1129 1222 parum
1164 1164 1319 1221 aquae
1361 1150 1576 1206 mittere
1605 1151 1659 1204 in
1706 1149 1875 1219 pedes
1909 1161 2063 1211 suos,

473 1248 636 1319 quod
671 1247 900 1302 haberet
935 1258 1063 1315 erga
1097 1259 1220 1298 eum
1253 1243 1509 1313 loquendi
1545 1243 1869 1303 libertatem,
1897 1240 2062 1319 dixit:

470 1316 607 1407 ιριιο
663 1338 832 1393 modo
869 1335 1091 1407 quidam
1142 1334 1229 1391 usi
1270 1342 1401 1390 sunt
1443 1334 1751 1396 severitate,
1783 1333 1918 1387 dure
1948 1316 2066 1385 tra-

487 1437 702 1485 ctantes
757 1442 959 1497 corpus
994 1424 1192 1481 suum?
1238 1423 1304 1477 Et
1341 1424 1417 1478 ait
1455 1424 1541 1490 illi
1584 1422 1753 1477 abbas
1807 1420 2063 1477 Pmmen:

484 1520 598 1577 Nos
629 1535 740 1575 non
766 1518 945 1574 edocti
981 1531 1173 1572 sumus
1217 1514 1471 1584 corporis
1514 1513 1892 1569 interfectores
1921 1527 2064 1577 esse,

468 1612 583 1669 sed
609 1611 925 1667 affectuum.

560 1706 683 1761 185.
740 1701 851 1773 (97)
885 1700 1033 1755 Dixit
1076 1699 1307 1753 iterum:
1348 1695 1477 1751 Tria
1517 1696 1633 1751 haec
1679 1710 1785 1749 non
1841 1708 2066 1764 possum

2167 516 2262 570 τοῦ
2303 517 2493 580 ὓδατος
2523 516 2704 587 ἀπαλή
2750 519 2917 581 ἐστιν,
2951 517 2985 586 ὴ
3018 515 3075 569 δὲ
3107 513 3203 568 τοῦ
3247 512 3394 567 λίθου
3427 511 3655 584 σκληρά·
3688 515 3752 566 τὸ

2163 608 2219 662 δὲ
2253 609 2543 680 βαυκάλιον
2586 611 2770 664 ἐπάνω
2808 608 3155 680 κρεμάμενον
3198 607 3291 660 τοῦ
3335 604 3508 673 λίθου,
3554 603 3750 669 στάζον

2164 700 2367 764 αάζο*
2399 701 2557 771 τιτρᾷ
2594 699 2685 753 τὸν
2717 698 2884 752 λίθον.
2922 696 3109 762 Οὕτως
3135 699 3231 750 καὶ
3257 697 3285 749 6
3309 695 3466 764 λόγος
3491 693 3586 749 τοῦ
3609 690 3754 747 Θεοῦ

2163 792 2369 855 ἁπαλός
2396 793 2566 858 ἐστιν,
2605 792 2640 862 ἡ
2671 790 2729 844 δὲ
2758 790 2956 863 καρδία
2989 787 3148 860 ἡμῶν
3184 786 3415 859 σκληρά·
3441 785 3657 841 ἀκούων
3690 785 3751 840 δὲ

2162 883 2191 934 6
2212 880 2497 953 ἄνθρωπος
2521 880 2780 944 πολλάκις
2803 879 2892 933 τὸν
2903 879 3075 948 ’λόγον
3100 876 3196 931 τοῦ
3222 875 3378 942 Θεοῦ,
3407 875 3682 946 ἀνοίγεται
3712 878 3750 947 ἠ

2164 974 2361 1046 καρδία
2385 972 2551 1026 αὐτοῦ
2582 971 2676 1026 τοῦ
2702 969 2986 1042 φοϐεῖσθαι
3012 969 3104 1023 τὸν
3126 968 3281 1023 Θεόν.

2238 1066 2377 1137 ρπδ¹.
2410 1063 2727 1137 Παρέὸαλεν
2750 1066 2778 1117 6
2805 1062 2978 1126 άδδᾶς
3013 1061 3202 1116 Ἰσαὰκ
3225 1061 3307 1133 τῷ
3329 1059 3473 1132 deos
3500 1059 3751 1131 Ποιμένι·

2166 1157 2261 1212 καὶ
2286 1155 2408 1211 ἰδὼν
2436 1156 2598 1210 αὐτὸν
2626 1154 2889 1225 βάλλοντα
2923 1153 3118 1225 μικρὸν
3149 1151 3292 1224 ὕδωρ
3321 1152 3401 1215 εις
3428 1151 3556 1213 τοὺς
3584 1148 3756 1212 πόδας

2167 1246 2333 1302 αὐτοῦ
2356 1247 2431 1311 ὡς
2455 1248 2500 1280 ’³
2527 1246 2666 1317 ἔχων
2697 1244 2836 1316 πρὸς
2861 1244 3025 1298 αὐτὸν
3050 1243 3382 1315 παρρησίαν,
3406 1238 3556 1295 εἶπεν
3578 1239 3752 1311 αὐτῷ·

2168 1339 2293 1405 Πῶς
2318 1356 2461 1402 τινες
2490 1339 2873 1409 ἐχρήσαντοτῇ
2894 1336 3166 1407 ἀποτομία
3189 1334 3322 1407 (99),
3360 1331 3759 1404 σκληραγωγή-

2169 1448 2360 1486 σαντες
2400 1430 2460 1483 τὸ
2499 1430 2659 1501 σῶμα
2704 1428 2915 1496 αύτῶν;
2965 1427 3075 1481 Καὶ
3113 1426 3262 1495 λέγει
3318 1423 3466 1495 αύτῷ
3512 1425 3540 1476 ὁ
3578 1420 3759 1484 άὸὅᾶς

2168 1523 2401 1593 Ποιμήν·
2442 1522 2637 1592 Ἡμεῖς
2670 1521 2769 1574 οὐκ
2832 1518 3189 1591 ἐδιδάχθημεν
3216 1518 3291 1587 (1)
3330 1514 3754 1587 σωματοκτόνοι,

2170 1614 2304 1668 ἀλλὰ
2332 1614 2678 1669 παθοκτόνοι.

2244 1712 2383 1777 ρπε’.
2411 1702 2577 1759 Εἶπεν
2604 1704 2786 1759 πάλιν·
2817 1703 2900 1758 Τὰ
2927 1702 3276 1775 τραύματα³⁰
3302 1702 3362 1755 οὐ
3389 1700 3625 1771 δύναμαι
3657 1696 3755 1750 κό-

489 1811 763 1861 amovere,
813 1808 1020 1856 escam,
1075 1799 1324 1855 vestem,
1375 1804 1660 1846 somnum:
1709 1796 1950 1843 attamen
2000 1802 2067 1842 ex

2173 1795 2290 1865 ψαι,
2318 1794 2419 1866 τὴν
2450 1793 2674 1865 βρῶσιν,
2702 1794 2764 1848 τὸ
2790 1795 3016 1866 ἔνδυμα,
3056 1793 3150 1847 καὶ
3190 1797 3282 1847 τὸν
3314 1791 3500 1845 ὕπνον·
3542 1790 3656 1844 ἀλλ’
3691 1791 3759 1843 ἐκ

489 1895 646 1962 parte
669 1899 919 1941 amovere
953 1897 1270 1954 possumus.

561 1977 687 2033 186.
731 1975 928 2031 Frater
972 1972 1329 2043 interrogavit
1360 1970 1611 2026 abbatem
1642 1969 1951 2042 Poemenem
1980 1967 2067 2023 bis

490 2069 704 2126 verbis:
732 2065 901 2121 Multa
930 2065 1078 2121 olera
1107 2064 1399 2119 manduco.
1440 2063 1532 2117 Ait
1560 2077 1756 2118 senex:
1793 2059 1914 2114 Non
1939 2074 2068 2130 pro-

490 2162 614 2216 dest
649 2159 787 2235 tibi;
822 2157 920 2214 sed
972 2155 1198 2210 comede
1232 2169 1428 2226 panem
1475 2161 1654 2218 tuum,
1699 2167 1824 2206 cum
1876 2150 2067 2221 paucis

493 2252 772 2318 oleribus;
794 2258 849 2304 et
873 2262 943 2302 ne
971 2253 1196 2317 propter
1245 2245 1605 2302 necessitates
1635 2242 1839 2300 abieris
1877 2241 1945 2297 ad
1974 2257 2070 2314 pa-

491 2349 703 2394 ternam
728 2334 975 2390 domum.

560 2427 684 2482 187.
721 2424 1050 2481 Referebant
1079 2422 1148 2480 de
1192 2421 1389 2478 abbate
1414 2419 1693 2484 Poemene,
1717 2419 1864 2490 quod
1897 2420 1944 2475 si
1983 2434 2069 2474 se-

490 2521 683 2576 derent
717 2532 878 2574 senes
900 2530 1087 2572 coram
1112 2530 1200 2580 eo,
1225 2520 1280 2570 et
1307 2514 1670 2584 loquerentur
1704 2512 1773 2566 de
1805 2512 2066 2576 senibus;

492 2611 537 2667 si
587 2611 938 2665 nominarent
997 2606 1248 2662 abbatem
1302 2603 1546 2668 Sisoem,
1596 2603 1779 2660 dicere
1831 2605 2067 2660 soleret:

494 2705 660 2760 Missa
684 2702 843 2757 facite
866 2715 988 2771 quae
1017 2698 1087 2755 ad
1106 2698 1358 2754 abbatem
1409 2696 1620 2753 Sisoem
1654 2705 1932 2769 spectant;
1958 2713 2068 2753 non

493 2798 638 2853 enim
673 2794 741 2851 ad
770 2793 1086 2851 mensuram
1123 2791 1458 2847 narrationis
1503 2791 1691 2847 venire
1715 2798 1953 2862 possunt
1981 2806 2070 2846 res

493 2889 632 2959 ejus.

1014 2973 1090 3028 De
1120 2973 1308 3028 abbate
1333 2972 1559 3029 Pambo.

565 3086 616 3140 1.
651 3084 884 3152 Quidam
932 3091 1054 3139 erat
1111 3085 1332 3140 nomine
1383 3086 1552 3140 abbas
1598 3085 1829 3152 Pambo;
1865 3085 1933 3141 de
1961 3100 2071 3156 quo

2175 1887 2372 1960 μέρους
2396 1886 2674 1958 δυνάμεθα
2708 1886 2890 1956 κόψαι.

2243 1987 2397 2051 ρπςν.
2454 1978 2767 2052 Ἠρώτησεν
2805 1976 3032 2047 ἀδελφὸς
3058 1978 3149 2031 τὸν
3178 1976 3353 2031 ἀϐδᾶν
3377 1974 3640 2045 Ποιμένα,
3664 1972 3760 2025 λέ-

2169 2089 2302 2140 γων,
2325 2073 2406 2124 ὃτι
2434 2071 2613 2124 Πολλὰ
2637 2070 2847 2141 λάχανα
2868 2069 3053 2122 ἐσθίω.
3072 2067 3216 2139 Ἔφη
3243 2071 3271 2121 6
3293 2066 3356 2137 γέ
3367 2083 3492 2139 ρων·
3524 2066 3598 2118 υὺ
3625 2080 3765 2133 συμ-

2171 2165 2328 2239 φέρει
2360 2181 2465 2218 σοι·
2502 2163 2639 2218 ἀλλά
2676 2163 2814 2233 φάγε
2859 2161 2951 2215 τὸν
2986 2161 3149 2233 ἄρτον
3188 2178 3304 2224 σου,
3337 2159 3432 2214 καὶ
3465 2157 3638 2230 μικρά
3662 2157 3764 2211 λά-

2171 2273 2330 2328 χανα,
2370 2257 2466 2311 καὶ
2511 2257 2585 2330 μὴ
2627 2256 2991 2328 ἀπέλθῃξεις
3037 2253 3106 2308 τά
3150 2254 3392 2325 πατρικά
3436 2269 3530 2305 σου
3571 2252 3766 2306 ἕνεκεν

2170 2346 2389 2419 χρειῶν.

2246 2438 2389 2510 ρπξ.
2411 2438 2639 2507 Ἔλεγον
2666 2437 2794 2509 περὶ
2819 2435 2916 2491 τοῦ
2937 2434 3082 2490 assa
3100 2435 3385 2506 Ποιμένος,
3416 2436 3499 2488 ὅτι
3520 2435 3568 2486 εἰ
3592 2430 3767 2486 ἐκάθ-

2172 2533 2301 2604 ηντό
2333 2548 2478 2593 τινες
2511 2531 2767 2603 γέροντες
2812 2530 3125 2602 ἔμπροσθεν
3166 2527 3331 2582 αὐτοῦ
3353 2568 3367 2593 ,
3404 2527 3498 2580 κα)⁵
3531 2526 3767 2583 ἐλάλουν

2173 2625 2302 2697 περὶ
2329 2624 2623 2695 γερόντων,
2656 2623 2751 2677 καὶ
2795 2625 2845 2677 εἰ
2879 2623 3163 2694 ὠνόμαζον
3206 2621 3296 2675 τὸν
3329 2619 3503 2674 ἀδόᾶν
3538 2619 3768 2690 Σισόην,

2173 2716 2378 2785 ἔλεγεν·
2414 2717 2618 2785 ’Ἄφετε
2654 2715 2725 2768 τὰ
2752 2715 2882 2787 περὶ
2908 2714 3004 2768 τοῦ
3038 2713 3183 2769 ά66ἄ
3216 2713 3399 2783 Σισόη·
3428 2711 3489 2764 ού
3520 2712 3632 2782 γὰρ
3668 2711 3770 2785 ἔρ-

2173 2827 2323 2880 χεται
2353 2813 2432 2874 εὶς
2468 2809 2667 2881 μέτρον
2699 2810 3039 2881 διηγήματος
3074 2808 3142 2862 τά
3172 2807 3301 2879 περὶ
3327 2805 3513 2862 αὐτοῦ.

2596 2963 2737 3031 Περὶ
2770 2962 2880 3017 τοῦ
2913 2962 3065 3018 ἀϐϐᾶ
3094 2961 3328 3032 Παμϐώ.

2242 3084 2311 3132 α’.
2340 3073 2449 3131 Ἦν
2472 3094 2555 3140 τις
2584 3076 2877 3148 λεγόμενος
2906 3076 3082 3140 assa;
3110 3077 3341 3148 Παμϐὼ,
3365 3078 3613 3152 καὶπερὶ
3637 3078 3772 3132 τού·-

498 3178 694 3242 fertur,
730 3190 829 3246 per
853 3182 965 3231 tres
989 3186 1165 3229 annos
1198 3175 1443 3244 integros
1469 3173 1622 3229 illum
1648 3175 1953 3233 orationem
1986 3177 2068 3231 fu-

2173 3186 2266 3222 του
2309 3169 2549 3238 λέγεται,
2593 3170 2673 3224 ὅτι
2720 3169 2848 3240 τρία
2899 3168 2993 3240 ἐτη
3037 3169 3251 3241 ἔμεινεν
3297 3172 3619 3243 αἰτούμενος
3668 3171 3771 3225 τὸν

495 3269 646 3325 disse
689 3266 756 3322 ad
812 3264 1001 3332 Deum,
1037 3280 1102 3320 ac
1147 3265 1391 3322 dixisse:
1429 3262 1507 3320 Ne
1533 3265 1667 3320 mihi
1706 3269 1936 3337 gloriam
1970 3268 2069 3324 de—

492 3359 642 3416 deris
673 3360 726 3412 in
763 3365 931 3413 terra.
969 3356 1038 3411 At
1074 3355 1221 3413 Deus
1266 3355 1347 3411 sic
1376 3371 1502 3411 eum
1544 3358 1717 3429 gloria
1761 3358 1964 3427 affecit,
2009 3367 2072 3415 ut

496 3465 655 3506 nemo
675 3457 864 3522 posset
892 3449 948 3503 in
974 3447 1168 3505 faciem
1184 3448 1304 3520 ejus
1320 3448 1546 3519 intueri,
1571 3464 1682 3520 prae
1707 3451 1881 3518 gloria
1904 3465 2069 3521 quam

495 3559 591 3598 ore
622 3540 973 3613 praeferebat.

564 3636 618 3689 2.
652 3634 764 3708 (98)
801 3633 1087 3692 Venerunt
1116 3633 1414 3705 aliquando
1441 3634 1551 3690 duo
1577 3634 1775 3691 fratres
1803 3635 1871 3690 ad
1903 3635 2072 3690 abba-

488 3736 605 3782 tem
635 3725 877 3794 Pambo;
908 3737 962 3783 et
1007 3724 1363 3796 interrogavit
1395 3740 1521 3780 eum
1554 3741 1700 3781 unus
1732 3726 1813 3781 sic
1846 3744 1861 3780 :
1892 3724 2068 3790 Abba,

474 3833 596 3888 -ego
633 3832 734 3888 per
768 3816 933 3873 bidua
960 3816 1172 3888 jejuno,
1206 3822 1260 3871 et
1285 3815 1425 3871 duos
1455 3831 1624 3887 panes
1659 3815 1922 3883 comedo;
1955 3831 2073 3871 ser-

496 3922 635 3964 vone
682 3908 922 3962 animam
980 3921 1179 3970 meam,
1233 3921 1304 3961 an
1352 3906 1622 3962 seducor?
1670 3907 1825 3963 Alter
1853 3921 2073 3978 quoque

494 4000 665 4055 dixit:
695 4000 871 4064 Abba,
906 4013 1006 4071 ego
1033 3999 1101 4054 de
1122 4013 1287 4068 opere
1317 4013 1579 4054 manuum
1627 4012 1875 4055 mearum
1922 3999 2074 4054 exei-

472 4093 585 4162 .pio
613 4090 752 4146 duas
782 4090 1013 4161 siliquas
1046 4090 1311 4160 quotidie,
1343 4104 1409 4146 ac
1438 4091 1648 4146 retineo
1676 4105 1851 4161 pauca
1880 4091 1948 4146 ad
1976 4090 2075 4144 ali-

495 4189 759 4246 mentum,
783 4181 992 4251 reliqua
1018 4180 1074 4233 in
1094 4180 1499 4250 eleemosynam
1520 4179 1621 4245 do;
1671 4180 1928 4234 salvusne
1953 4194 2070 4247 ero,

482 4276 578 4331 .vel
596 4274 784 4345 peribo
799 4273 1078 4343 iC’umque
1100 4272 1395 4343 plurimum
1413 4279 1668 4329 orassent
1682 4286 1828 4339 eum,
1845 4287 2071 4343 respon-

494 4381 617 4423 sum
646 4380 757 4420 non
782 4364 952 4421 dedit.
984 4362 1115 4419 Post
1143 4372 1382 4433 quatuor
1417 4372 1599 4418 autem
1625 4362 1745 4419 dies
1773 4363 2073 4420 discessuri

474 4472 620 4513 eum
657 4463 866 4522 essent,
893 4455 1259 4510 hortabantur
1288 4468 1384 4509 eos
1414 4454 1623 4517 clerici,
1652 4454 1757 4509 hoc
1782 4469 2071 4511 sermone:

2171 3263 2322 3326 Θεὸν,
2356 3262 2451 3315 καὶ
2480 3262 2671 3331 λέγων·
2710 3260 2803 3332 Μὴ
2845 3260 3076 3332 δοξάσῃς
3114 3278 3180 3331 με
3228 3262 3322 3315 ἐπὶ
3363 3266 3463 3334 τῆς
3493 3264 3616 3334 γῆς.
3649 3264 3772 3317 Καὶ

2170 3354 2343 3418 οὕτως
2371 3353 2624 3418 ἐδόξασεν
2648 3353 2810 3407 αὐτὸν
2839 3355 2867 3407 6
2892 3352 3048 3417 Θεὸς,
3076 3352 3217 3406 ὥστε
3248 3354 3322 3425 μὴ
3351 3354 3614 3410 δύνασθαί
3637 3373 3771 3409 τινα

2171 3448 2416 3501 ἀτενίσαι
2450 3448 2531 3510 εἰς
2554 3447 2615 3499 τὸ
2650 3447 2942 3517 πρόσωπον
2968 3443 3159 3507 αὐτοῦ,
3185 3446 3249 3498 ἐκ
3278 3446 3378 3517 τῆς
3405 3446 3564 3518 δόξης
3587 3441 3656 3517 ἧς
3682 3443 3772 3500 εἷ-

2172 3555 2265 3608 χεν
2292 3539 2354 3592 τὸ
2386 3538 2682 3608 πρόσωπον
2720 3536 2908 3590 αὐτοῦ.

2245 3633 2309 3704 β’.
2344 3628 2549 3685 Ἦλθόν
2585 3648 2715 3684 ποτε
2755 3629 2974 3698 ἀδελφοὶ
3001 3630 3043 3661 ³³
3082 3629 3219 3701 πρὸς
3256 3630 3346 3683 τὸν
3388 3629 3561 3686 ἀδῦᾶν
3603 3630 3740 3700 Παμ

2171 3723 2275 3788 ὄὼ,
2315 3723 2411 3777 καὶ
2450 3722 2735 3794 ἠρώτησεν
2769 3721 2930 3775 αὑτὸν
2968 3723 2995 3775 6
3026 3717 3128 3787 εἷς,
3167 3721 3366 3790 λέγων·
3418 3720 3618 3791 Ἀϐδᾶ,
3648 3722 3772 3789 ἐγω

2172 3812 2264 3865 δύο
2305 3811 2398 3866 δύο
2444 3810 2710 3880 νηστεύω,
2766 3810 2860 3865 καὶ
2902 3809 3097 3880 ζεῦγος
3141 3810 3373 3882 ψωμιων
3427 3809 3611 3865 ἐσθίω·
3648 3806 3773 3882 ἄρα

2175 3902 2332 3967 σώζω
2356 3902 2455 3972 τὴν
2483 3902 2662 3973 ψυχήν
2696 3918 2823 3971 μου,
2855 3901 2887 3971 ἢ
2917 3901 3247 3972 πλανῶμαι;
3276 3898 3447 3956 Εἶπεν
3467 3901 3524 3956 δέ
3551 3903 3645 3956 καὶ
3668 3903 3774 3957 άλ-

2174 3994 2281 4058 λος·
2326 3994 2511 4054 Ἀ66ἄ,
2541 3992 2652 4062 ἐγὼ
2676 3993 2931 4047 καταλύω
2956 3995 3019 4046 ἐκ
3048 3994 3143 4047 τοῦ
3182 3994 3499 4067 ἐργοχείρου
3540 4012 3641 4065 μου
3666 3995 3774 4050 δύο

2174 4087 2406 4156 κεράτια
2426 4086 2548 4139 καθ’
2580 4086 2814 4157 ἡμέραν,
2845 4087 2939 4140 καὶ
2966 4086 3154 4159 κρατῶ
3181 4087 3352 4159 μικρά
3383 4087 3472 4140 διὰ
3504 4088 3602 4159 τὴν
3635 4105 3772 4158 τρο-

2175 4177 2301 4249 φὴν,
2329 4177 2400 4230 τὰ
2436 4178 2494 4230 δέ
2523 4177 2657 4231 ἄλλα
2693 4179 2772 4240 εἰς
2806 4178 3027 4249 ἀγάπην
3058 4178 3271 4249 δίδωμι·
3302 4173 3413 4249 ἄρα
3445 4177 3690 4248 σώζομαι
3730 4180 3768 4252 ἢ

2174 4270 2463 4341 ἀπόλωμαι
2483 4286 2498 4335 ;
2523 4270 2701 4324 Πολλὰ
2724 4271 2780 4325 δέ
2810 4271 3274 4342 παρακαλούντων
3296 4271 3496 4338 αὐτῶν,
3518 4272 3618 4324 οὐκ
3638 4272 3776 4327 ἔδω-

2174 4379 2269 4415 κεν
2309 4362 2624 4432 ἀπόκρισιν.
2669 4363 2824 4418 Μετὰ
2874 4363 2931 4416 δέ
2977 4365 3247 4436 τέσσαρας
3285 4364 3502 4436 ἡμέρας
3543 4364 3772 4435 ἔχουσιν

2176 4454 2550 4525 ἀναχωρῆσαι,
2584 4455 2678 4508 καὶ
2705 4454 3051 4527 παρεκάλουν
3078 4456 3276 4518 αὐτοὺς
3304 4456 3355 4508 οἱ
3379 4456 3654 4527 κληρικοὶ,
3680 4455 3776 4511 λέ-

493 4547 678 4604 Nolite
716 4547 1069 4610 contristari,
1108 4544 1342 4609 fratres;
1402 4543 1546 4599 Deus
1604 4545 1762 4601 vobis
1809 4546 2068 4614 praebebit

2179 4561 2388 4614 γοντες·
2419 4544 2513 4616 Μὴ
2548 4543 2787 4616 θλιὸῆτε,
2834 4545 3072 4615 ἀδελφοί·
3109 4547 3137 4599 6
3176 4547 3309 4611 Θεὸς
3351 4550 3581 4620 παρέχει
3629 4551 3772 4622 ὑμῖν

498 4641 836 4697 mercedem:
870 4639 986 4694 haec
1025 4646 1113 4693 est
1158 4638 1307 4692 senis
1355 4636 1728 4703 consuetudo;
1763 4651 1874 4692 non
1911 4638 2072 4695 facile

495 4734 760 4804 loquitur,
792 4730 900 4787 nisi
933 4729 1079 4785 Deus
1105 4729 1155 4784 ei
1198 4727 1571 4799 inspiraverit.
1620 4727 2073 4785 lntraverunt’er-

496 4839 565 4895 go
595 4822 663 4877 ad
685 4836 893 4888 senem,
919 4821 1289 4890 dixeruntque
1313 4821 1361 4875 ei
1389 4839 1402 4875 :
1436 4820 1610 4886 Abba,
1640 4834 1734 4874 ora
1765 4836 1864 4891 pro
1889 4820 2069 4877 nobis.

496 4917 614 4971 Ait:
657 4915 822 4969 Abire
867 4913 1065 4968 vultis?
1110 4911 1468 4983 Respondent
1503 4931 1516 4967 :
1577 4911 1776 4967 Etiam.
1810 4911 1877 4967 Et
1911 4928 2070 4969 assu-

498 5020 651 5061 mens
674 4992 840 5074 opera
859 5018 1051 5059 eorum
1082 5004 1136 5058 in
1169 5004 1374 5074 seipso,
1410 5004 1772 5075 scribensque
1802 5005 1857 5060 in
1899 5015 2065 5073 terra,

478 5098 662 5153 dixit:
693 5095 901 5152 Pambo
958 5111 1053 5167 per
1076 5095 1242 5150 bidua
1270 5096 1507 5167 jejunat,
1535 5106 1591 5152 et
1612 5098 1752 5152 duos
1778 5112 1948 5167 panes
1982 5111 2071 5151 co-

495 5188 699 5254 medit;
746 5194 901 5242 estne
924 5187 977 5240 in
1008 5186 1113 5240 hoc
1142 5186 1480 5242 monachus?
1510 5185 1649 5241 Non.
1698 5188 1827 5243 Item
1860 5187 2067 5245 Pambo

563 5344 609 5375 "
638 5342 723 5395 Al.
750 5341 843 5395 καὶ
867 5340 964 5404 ὡς.

568 5460 677 5529 (96)
726 5456 841 5529 Vit.
862 5454 1015 5516 Patr.
1043 5476 1096 5529 p.
1142 5460 1299 5521 1000,
1343 5477 1396 5514 ιι.
1431 5461 1483 5513 4.

570 5528 679 5590 (97)
722 5530 780 5583 L.
817 5528 975 5584 Joan.
1002 5528 1192 5584 Geom.
1229 5529 1430 5583 Parad.
1462 5531 1553 5584 20.

572 5598 683 5665 (98')
738 5598 837 5651 Vit.
866 5599 1013 5653 Patr.
1042 5617 1095 5659 χ,
1130 5599 1218 5653 65.

569 5670 677 5738 (99)
727 5669 1097 5748 Ἐχρήσαῄζο
1125 5668 1537 5748 ῑνῇχὶπῖοτοθαίςῑ3
1577 5667 1632 5722 In
1681 5669 2058 5748 alitiqua_ver-

1042 5339 1086 5371 ³⁰
1118 5337 1176 5394 F.
1219 5340 1344 5412 τρία
1390 5341 1580 5396 ταῦτα.

2176 4638 2268 4690 τὸν
2295 4636 2506 4707 μισθόν·
2530 4636 2703 4700 οὕτως
2738 4638 2884 4692 ἐστὶν
2920 4640 2953 4709 ἡ
2987 4638 3245 4710 συνήθεια
3271 4639 3365 4692 τοῦ
3390 4641 3665 4710 γέροντος·
3696 4646 3768 4698 οὐ

2176 4729 2383 4799 ταχέως
2416 4728 2590 4797 λαλεῖ,
2641 4728 2736 4782 ἐὰν
2774 4729 2848 4801 μὴ
2879 4728 3271 4802 πληροφορήσῃ
3316 4732 3480 4785 αὐτὸν
3527 4734 3555 4786 ὁ
3597 4732 3764 4798 Θεός.

2177 4819 2439 4890 Εἰσῆλθω
2490 4817 2583 4873 οὖν
2634 4819 2770 4892 πρὸς
2807 4819 2897 4872 τὸν
2936 4820 3197 4891 γέροντα,
3244 4821 3339 4874 καὶ
3386 4817 3539 4874 εἷπον
3581 4821 3763 4892 αὐτῷ·

2189 4912 2377 4977 Ἀ66ᾶ,
2414 4908 2568 4978 εὖξαι
2611 4911 2752 4984 ὑπὲρ
2791 4911 2973 4982 ἡμῶν.
3015 4912 3177 4980 Λέγει
3221 4912 3425 4977 αὐτοῖς·
3477 4911 3767 4967 ’Δπελθεῖν

2178 5004 2390 5071 θέλετε;
2435 5006 2697 5074 Λέγουσι·
2745 5003 2874 5057 Ναί.
2917 5002 3030 5056 Καὶ
3061 5003 3346 5058 ἀναλαϐὼν
3391 5003 3492 5068 τὰς
3526 5004 3768 5075 πράξεις

2174 5097 2354 5153 αὐτῶν
2376 5100 2434 5151 ἐν
2460 5097 2660 5168 ἐαυτῷ,
2686 5097 2912 5168 γράφων
2944 5095 3036 5147 ἐπὶ
3074 5096 3172 5167 τὴν
3198 5097 3326 5167 γῆν,
3355 5096 3560 5167 ἔλεγεν·
3597 5097 3766 5169 Παμο

2175 5189 2254 5243 ὁὼ
2310 5189 2403 5243 δύο
2433 5189 2526 5243 δύο
2565 5187 2861 5262 νηστεύων,
2906 5186 3000 5241 καὶ
3036 5186 3230 5258 ζεῦγος
3264 5189 3460 5244 ἐσθίων
3496 5189 3758 5261 ψωμίων·

1683 5342 1721 5374 ³⁸
1756 5344 1839 5396 Al.
1870 5344 2034 5397 inser.
2085 5344 2197 5396 δύο.

2170 5462 2568 5525 indiscretione,
2601 5470 2695 5517 aut
2716 5462 3070 5520 districtione.

2248 5531 2824 5604 (1)]Εδιδάχθημεν.
2859 5533 3106 5603 Magnam
3157 5534 3411 5589 lacunam
3460 5535 3614 5604 Regii
3656 5549 3758 5589 en-

2168 5601 2308 5655 dieis
2342 5602 2620 5675 biclaceri
2642 5601 2912 5674 complevi
2941 5601 3038 5675 per
3059 5604 3460 5669 Colbertinum,
3488 5601 3755 5675 nimirum

2164 5686 2342 5747 usque
2380 5672 2448 5727 ad
2477 5673 2690 5728 initium
2726 5672 2851 5747 cap.
2886 5672 2974 5741 ff,
3002 5672 3080 5731 De
3127 5675 3359 5741 Pambo,
3396 5675 3564 5731 verbo
3601 5673 3758 5746 ὀφει-

500 5739 673 5803 sione,
721 5739 806 5791 usi
835 5747 955 5793 sunt
997 5740 1328 5794 discretione.
1385 5739 1491 5795 Sed
1523 5739 1811 5811 legendum
1845 5739 2061 5796 videtur
2170 5739 2372 5797 λουσιν.
