4062 6332
242 460 337 517 569
1351 460 1811 519 APOPHTHEGM

1917 463 1957 515 Α
1999 456 2312 516 PATRL'M.

3356 438 3465 496 370

242 578 342 652 ἆρα
391 581 448 633 ἐν
496 578 671 651 τούτῳ
720 581 926 650 γ’νεται
969 583 1229 652 μοναχύς;
1265 582 1419 654 (ὶὺχί.
1460 587 1568 640 Καὶ
1596 581 1810 655 Παμὸὼ

1914 588 2171 652 operatur
2197 581 2257 635 in
2278 578 2366 634 die
2396 577 2461 631 ad
2482 575 2619 630 duas
2644 575 2895 646 siliquas,
2915 588 3121 645 easque
3143 572 3236 627 dat
3261 573 3314 627 in
3338 578 3482 629 elec-

240 671 527 743 ἐργάζεται
556 672 649 725 δύο
670 671 939 744 κεραιίων
962 672 1023 738 ³⁸,
1049 672 1142 727 καὶ
1167 673 1379 730 δίδωσιν
1399 676 1535 740 αὐτὰ
1561 677 1802 747 ἀγάπην

240 758 343 833 ἆρα
380 766 438 816 ἐν
469 763 646 834 τούτῳ
687 764 892 833 γίνεται
930 767 1191 837 μοναχός;
1226 767 1396 822 οΰπω.
1430 765 1595 822 Εἶπεν
1624 768 1680 821 δὲ
1714 769 1808 821 καὶ

241 854 437 917 αὐτοῖς·
476 854 655 907 Καλαὶ
692 855 790 925 μὲν
824 856 880 909 αἱ
920 854 1166 927 πράξεις’
1212 856 1302 910 ἐὰν
1345 858 1400 911 δὲ
1434 858 1674 929 φυλάξῃς
1710 858 1807 929 τὴν

243 946 541 1017 συνείδησιν
580 948 687 1001 ἀπὸ
721 948 817 1002 τοῦ
853 949 1081 1019 πλησίον
1127 967 1242 1016 σου,
1288 951 1461 1016 οὓτως
1494 950 1661 1023 σώζῃ.
1699 954 1808 1006 Καὶ

241 1037 743 1110 πληροφορηθέντες
766 1040 1006 1111 ἀπῆλθον
1035 1042 1173 1113 μετὰ
1195 1045 1385 1114 χαρᾶς.

307 1130 374 1198 γ’.
410 1129 723 1201 Παρέόαλόν
755 1148 886 1184 ποτε
917 1132 1179 1204 τέσσαρες
1212 1133 1514 1205 Σκητιῶται
1539 1134 1616 1205 τῷ
1643 1135 1809 1204 μεγά-

234 1220 312 1291 λῳ
340 1220 569 1292 Παμϐὼ,
596 1221 892 1294 φοροῦντες
916 1224 1182 1295 δέρματα,
1215 1226 1311 1280 καὶ
1336 1225 1654 1297 ἀνήγγειλεν
1680 1227 1809 1281 ἕκα-

238 1327 359 1375 στος
378 1311 476 1382 τὴν
502 1313 702 1383 ἀρετὴν
733 1312 823 1367 τοῦ
840 1315 1060 1386 ἑταίρου
1081 1316 1246 1370 αὑτοῦ
1273 1319 1338 1362 ³³.
1360 1317 1420 1370 '0
1446 1318 1545 1389 μὲν
1574 1314 1655 1382 εἷς
1685 1320 1810 1389 ἐνή-

237 1414 423 1453 στευεν
462 1400 653 1455 πολλά⁶
688 1404 715 1455 ὁ
750 1402 1007 1475 δεύτερος
1032 1405 1295 1476 ἀκτήμων
1326 1400 1413 1476 ἦν·
1447 1408 1541 1460 καὶ
1570 1409 1598 1460 ὁ
1630 1407 1809 1477 τρίτος

236 1493 505 1563 ἐκτήσατο
555 1492 757 1564 πολλὴν
799 1495 1039 1565 ἀγάπην·
1086 1496 1305 1563 λέγουσι
1347 1499 1441 1550 κα)⁸
1466 1497 1512 1528 ⁸⁵
1544 1497 1673 1567 περὶ
1713 1496 1807 1551 τοῦ

233 1584 516 1654 τετάρτου,
536 1584 619 1638 ὅτι
640 1585 814 1638 εἴκοσι
838 1586 931 1638 δύο
957 1585 1052 1655 ἐτη
1079 1587 1190 1657 ἔχει
1216 1589 1274 1639 ἐν
1299 1588 1511 1659 ὑπακοῇ
1534 1589 1807 1659 γέροντος.

247 1674 542 1743 ’Δπεκρίθη
588 1675 770 1738 αὐτοῖς
810 1678 839 1728 ὁ
884 1676 1058 1740 ἅῦὄᾶς
1104 1676 1335 1747 Παμϐιῖν
1375 1677 1532 1746 Λέγω
1579 1678 1729 1747 ὑμῖν,
1775 1682 1807 1750 ή

234 1765 405 1835 ἀρετὴ
441 1767 632 1820 τούτου
668 1767 869 1838 μείζων
902 1769 1070 1822 ἐστίν.
1113 1769 1386 1832 Ἕκαστος
1424 1769 1534 1840 γὰρ
1562 1769 1715 1839 ὑμῶν
1744 1771 1810 1841 ἢν

230 1857 433 1928 ἀρετὴν
467 1860 754 1930 ἐκτήσατο,
794 1860 1062 1930 θελήματι
1093 1859 1256 1912 αὑτοῦ
1296 1860 1620 1930 ἐκράτησεν·
1656 1856 1811 1926 οὗτος

1910 686 2229 743 mosynam;
2294 684 2364 724 an
2419 669 2475 723 in
2532 668 2634 721 hoc
2692 666 2997 722 monachus
3059 665 3151 720 ﬁt?
3205 663 3478 720 Nondum.

1909 764 2153 834 Adjecit:
2181 761 2328 816 Bona
2361 760 2577 831 quidem
2603 766 2733 815 sunt
2759 774 2820 814 ea
2856 773 3052 829 opera;
3086 759 3178 813 sed
3208 758 3255 813 si
3291 764 3483 812 custo-

1908 857 2078 912 dieris
2106 854 2499 910 conscientiam
2530 867 2656 923 erga
2686 851 3018 921 proximum,
3047 850 3119 903 ita
3152 848 3477 905 servaberis.

1910 948 2012 1011 Illi,
2052 953 2243 1015 utpote
2268 943 2472 1013 quibus
2504 941 2704 996 factum
2738 949 2884 997 esset
2918 942 3075 1007 satis,
3108 940 3482 994 discesserunt

1910 1051 2033 1090 cum
2067 1034 2287 1105 gaudio.

1979 1127 2035 1182 3.
2067 1126 2144 1196 (5)
2182 1125 2552 1181 Accesserunt
2581 1130 2819 1193 quatuor
2853 1121 3106 1179 Scetiotte
3131 1124 3197 1178 ad
3225 1139 3480 1194 magnum

1910 1219 2135 1283 Pambo,
2167 1217 2346 1272 induti
2391 1216 2655 1287 pellibus;
2693 1224 2748 1269 et
2797 1216 3059 1271 indicavit
3102 1217 3485 1287 unusquisque

1910 1310 2167 1364 virtutem
2204 1307 2339 1365 socii
2390 1306 2498 1363 sui.
2531 1304 2685 1362 Unus
2718 1307 2939 1377 quidem
2987 1307 3271 1377 jejunabat
3315 1308 3485 1379 pluri-

1911 1414 2093 1464 mum;
2150 1398 2429 1455 secundus
2479 1398 2617 1452 nihil
2671 1396 3010 1468 possidebat;
3060 1400 3257 1453 tertius
3313 1399 3483 1453 multa

1911 1492 2180 1547 eharitate
2207 1502 2325 1547 erat
2352 1491 2636 1562 praeditus.
2669 1490 2839 1545 Aiunt
2870 1498 3051 1545 autem
3082 1490 3149 1546 de
3173 1498 3393 1560 quarto,
3416 1493 3487 1545 ab

1912 1582 2072 1637 annis
2094 1581 2287 1651 viginti
2316 1581 2536 1636 duobus
2568 1582 2621 1634 in
2651 1580 2965 1635 obedientia
2993 1580 3141 1634 senis
3170 1580 3483 1649 persistere.

1912 1673 2214 1745 Respondit
2242 1674 2322 1729 eis
2350 1673 2520 1729 abbas
2556 1671 2792 1726 Pambo:
2829 1671 2961 1725 Dico
3006 1672 3185 1735 vobis,
3222 1672 3484 1740 postremi

1913 1765 2076 1835 hujus
2116 1764 2294 1819 virtus
2342 1763 2518 1832 major
2560 1770 2666 1819 est.
2726 1761 2981 1819 Vestrum
3026 1762 3173 1819 enim
3229 1762 3482 1831 quisque,

1913 1871 2076 1927 quam
2108 1856 2367 1912 virtutem
2402 1854 2633 1918 obtinet,
2685 1855 2964 1908 voluntate
2998 1867 3096 1909 sua
3147 1859 3486 1906 consecutus

231 1948 285 2001 δὲ
312 1949 376 2001 τὸ
402 1949 617 2020 θέλημα
641 1950 805 2004 αὑτοῦ
832 1951 1026 2020 κόψας,
1067 1951 1227 2005 ἄλλου
1258 1954 1402 2004 ποιεῖ
1426 1952 1657 2021 θέλημα.
1690 1954 1811 2006 Τοι-

1914 1957 2030 2014 est;
2075 1947 2164 2003 hic
2199 1961 2330 2002 vero
2376 1946 2623 2001 abscissa
2657 1945 2880 2016 propria
2926 1945 3230 2009 voluntate,
3261 1943 3488 1998 alterius

229 2039 377 2094 οὗτοι
398 2042 507 2112 γάρ
535 2043 745 2114 ἄνδρες,
785 2042 1112 2114 ὁμολογηταί
1152 2046 1311 2110 εἰσιν,
1348 2043 1440 2097 ἐὰν
1468 2046 1547 2107 είς
1572 2044 1632 2097 τὺ
1659 2046 1810 2109 τέλος

234 2134 563 2203 φυλάξωσιν.

296 2331 356 2385 δ’.
409 2330 594 2395 Ὀσίας
644 2333 865 2404 μνήμης
929 2333 1245 2399 Ἀθανάσιος
1294 2335 1323 2387 ὁ
1381 2336 1812 2406 ἀρχιεπίσκοπος

244 2419 651 2491 ’Δλεξανδρείας
704 2423 1074 2494 παρεκάλεσεν
1131 2421 1220 2477 τὸν
1276 2424 1449 2478 ἀὸϐᾶν
1502 2422 1811 2496 Παμδὼβ)

236 2512 516 2567 κατελθεῖν
561 2514 626 2566 ἐκ
671 2512 769 2585 τῆς
806 2515 1017 2585 ἐρήμου
1071 2514 1163 2568 ἐπὶ
1212 2515 1311 2587 τήν
1383 2515 1810 2587 Ἀλεξάνδρειαν.

237 2603 530 2659 Ιὶατελθὼν
557 2605 636 2671 δὲ,
674 2606 768 2659 καὶ
805 2605 929 2660 ἰδὼν
956 2608 1072 2660 ἐκεῖ
1098 2610 1330 2676 γυναῖκα
1354 2607 1665 2680 θεατρικὴν,
1696 2609 1815 2662 σύν-

235 2694 431 2768 δακρυς
467 2697 707 2766 ἐγένετο.
742 2696 863 2751 Τῶν
899 2698 956 2751 δέ
991 2699 1258 2753 συνόντων
1293 2699 1633 2769 πυθομένων,
1670 2699 1813 2753 διατί

238 2790 554 2863 ἐδάκρυσεψ
582 2790 686 2844 Δύο
709 2807 798 2861 με,
827 2789 956 2862 ἔφη,
981 2792 1291 2862 κεκίνηκεν’
1312 2792 1370 2845 ’ἐν
1393 2792 1515 2863 μὲν,
1546 2793 1815 2863 ήέκείνης

239 2883 502 2937 ἁπὼλεια’
545 2883 732 2954 ἕτερον
771 2883 847 2948 δέ,
897 2884 978 2937 δτι
1023 2884 1084 2937 ού
1128 2883 1385 2954 τοιαύτην
1428 2884 1663 2955 σπουδὴν
1706 2884 1813 2956 ἔχω

241 2975 363 3045 πρὸς
385 2976 450 3029 τὸ
471 2976 673 3046 ἀρέσαι
705 2975 783 3047 τῷ
810 2976 950 3047 Θεῷ,
980 2977 1102 3031 ὅσον
1131 2975 1269 3047 αὕτη
1293 2977 1381 3029 ἵνα
1408 2976 1581 3050 ἀρέσῃ
1602 2976 1805 3048 ἀνθρώ-

242 3084 351 3130 ποις
376 3068 654 3137 αἰσχροῖς.

301 3165 358 3213 ε’.
396 3153 576 3211 Εἶπεν
601 3159 629 3211 ὁ
653 3155 827 3220 ἀόϐᾶς
864 3157 1094 3228 Παμδὼ,
1143 3158 1224 3211 ὅτι
1259 3160 1357 3211 Διά
1394 3158 1484 3212 τὸν
1518 3158 1678 3223 Θεὸν,
1720 3160 1812 3228 ἀφ’

1912 2040 2179 2094 voluntati
2215 2038 2572 2108 obtemperat.
2608 2036 2770 2117 Tales
2809 2038 3013 2108 quippe
3046 2036 3172 2102 viri,
3207 2034 3491 2090 confesso-

1913 2145 2001 2186 res
2047 2138 2197 2195 sunt,
2233 2131 2281 2187 si
2315 2145 2491 2200 usque
2539 2129 2604 2185 ad
2652 2130 2813 2184 tlnem
2848 2126 3161 2198 hujusmodi
3190 2126 3490 2182 observan-

1913 2223 2049 2278 tiam
2076 2223 2378 2279 tenuerint.

1981 2337 2033 2392 4.
2077 2337 2153 2408 (4)
2178 2336 2393 2392 Sanctae
2422 2336 2700 2392 memoria:
2716 2334 3052 2389 Athanasius
3083 2332 3488 2387 Alexandrinus

1914 2428 2361 2498 archiepiscopus
2400 2427 2613 2497 rogavit
2639 2427 2889 2481 abbatem
2921 2424 3149 2489 Pambo,
3177 2431 3238 2477 ut
3269 2423 3336 2479 de
3366 2439 3486 2477 ere-

1914 2534 2002 2573 mo
2032 2518 2389 2574 descenderet
2418 2517 2825 2572 Alexandriam.
2861 2514 2911 2572 ls
2934 2531 3057 2571 cum
3084 2514 3485 2579 descendisset,

1916 2611 2147 2666 intuitus
2179 2611 2292 2664 illic
2344 2610 2631 2665 mulierem
2666 2608 3015 2672 theatricam,
3058 2607 3485 2677 collacrymavit.

1915 2702 2163 2771 Cumque
2215 2702 2646 2771 intermgassent
2683 2700 2775 2771 qui
2802 2699 3053 2764 aderant,
3089 2714 3188 2753 cur
3216 2698 3489 2770 lacryma-

1914 2796 2003 2843 tus
2059 2788 2301 2844 fuisset:
2358 2790 2496 2856 Duo,
2540 2789 2739 2859 inquit,
2788 2804 2875 2843 me
2923 2789 3255 2860 adegerunt;
3295 2806 3487 2851 unum.

1914 2880 2146 2951 perditio
2168 2880 2446 2945 mulieris;
2484 2881 2739 2944 alterum,
2771 2881 2898 2950 quia
2926 2890 3141 2935 tantum
3167 2898 3275 2935 non
3314 2880 3493 2937 habeo

1916 2973 2157 3027 studium
2181 2972 2429 3044 placendi
2460 2972 2589 3039 Deo,
2627 2981 2893 3044 quantum
2930 2974 3043 3028 haec
3080 2981 3137 3028 ut
3173 2973 3488 3029 hominibus

1915 3065 2166 3135 turpibus
2191 3065 2420 3136 placeat.

1987 3157 2039 3211 5.
2080 3154 2375 3212 Prolessus
2404 3165 2487 3212 est
2519 3157 2690 3213 abbas
2736 3157 2976 3211 Pambo:
3027 3157 3217 3214 Gratia
3265 3158 3380 3225 Dei,
3424 3175 3505 3215 ex.

240 3242 295 3302 οὗ
315 3248 703 3319 ἀπεταξάμην,
721 3250 782 3301 οὐ
802 3249 1177 3320 μετεμελήθην
1197 3251 1289 3303 ἐπὶ
1315 3248 1459 3321 λόγῳ
1482 3244 1525 3319 ᾧ
1552 3250 1809 3323 ἐλάλησα.

1918 3262 2028 3318 quo
2057 3250 2366 3304 renuntiavi
2406 3251 2626 3317 smculo,
2666 3265 2774 3305 non
2810 3250 3069 3321 paenituit
3100 3266 3183 3306 me
3216 3253 3490 3307 sermonis

306 3451 376 3509 ς’.
428 3439 606 3498 Εἶπεν
649 3440 831 3506 πάλιν,
871 3440 953 3493 ὅτι
996 3440 1239 3495 τοιοῦτον
1280 3443 1309 3494 ὁ
1355 3441 1583 3513 μοναχος
1613 3442 1816 3511 ὀφείλει

244 3539 415 3609 φορεῖ)
459 3536 704 3608 ἱμάτιον,
744 3535 885 3589 ὥστε
923 3534 1139 3606 βάλλειν
1178 3535 1310 3589 αὐτὸ
1342 3534 1446 3599 ἔξω
1476 3535 1571 3588 τοῦ
1600 3535 1813 3589 κελλίου

245 3629 394 3684 αύτοῦ
422 3628 525 3683 ἐπὶ
550 3630 702 3700 τρεῖς
722 3628 958 3699 ἡμέρας,
984 3627 1077 3680 καλ⁸
1104 3626 1291 3697 μηδεὶς
1320 3627 1459 3699 λάϐῃ
1486 3628 1647 3684 αὐτό.

306 3741 367 3806 ζ’.
409 3741 665 3810 Ἐγένετό
694 3758 823 3794 ποτε
855 3741 945 3794 τὸν
981 3740 1155 3794 άὸὁᾶν
1195 3738 1403 3810 Παμὸὼ
1443 3740 1646 3793 ὁδεύειν
1678 3740 1816 3810 μετὰ

249 3830 476 3900 ἀδελφῶν
507 3832 590 3894 είς
616 3830 686 3884 τὰ
712 3830 853 3901 μέρη
883 3832 981 3900 τῆς
1006 3828 1303 3897 Αἰγύπτουο
1336 3828 1429 3882 καὶ
1468 3827 1589 3883 ἰδὼν
1616 3846 1814 3898 κοσμι-

251 3925 364 3986 xei»;
400 3921 770 3993 καθημένους,
809 3921 956 3990 λέγει
990 3921 1195 3983 αὐτοῖς·
1249 3920 1604 3984 Ἀναστάντες
1634 3921 1815 3975 ἀσπά-

253 4014 401 4068 σασθε
431 4015 566 4077 τοὺς
600 4015 867 4085 μοναχοὺς
889 4053 904 4080 ,
940 4013 1027 4067 ἴνα
1062 4011 1407 4088 εὑλογηθῆτε·
1445 4011 1682 4083 συνεχῶς
1708 4012 1816 4083 γὰρ

249 4102 316 4173 τῷ
344 4103 459 4175 Θεῷ
483 4101 733 4167 λαλοῦσι,
771 4102 867 4158 καὶ
900 4102 969 4156 τὰ
1002 4102 1244 4173 στόματα
1275 4102 1455 4157 αὐτῶν
1483 4104 1615 4171 ἆγιά
1647 4105 1814 4156 ἐστιν.

310 4311 375 4375 η’.
414 4306 764 4376 Διηγήσαντο
792 4305 919 4375 περὶ
950 4303 1043 4358 τοῦ
1068 4304 1214 4358 άδόἄ
1242 4304 1471 4376 Παμϐὼ,
1512 4306 1595 4359 ὅτι
1630 4306 1817 4358 τελευ-

252 4393 367 4462 τῶν,
414 4399 534 4452 κατ’
583 4397 753 4467 αὐτὴν
786 4397 884 4467 τὴν
916 4396 1064 4468 ὥραν
1100 4397 1195 4450 τοῦ
1229 4396 1480 4463 θανάτου,
1526 4393 1677 4450 εἶπεν
1705 4399 1816 4460 τοῖς

254 4490 584 4560 παρεστῶσιν
614 4488 766 4558 αὐτῷ
796 4488 971 4556 ἁγίοις
1003 4486 1278 4558 ἀνδράσιν,
1313 4489 1393 4541 ὄτι
1428 4488 1544 4558 Ἀφ’
1573 4484 1634 4542 οὗ
1655 4484 1817 4560 ἦλθον

1870 3385 1881 3399 ,
1918 3354 2079 3408 quem
2118 3339 2462 3408 protulerim.

1985 3448 2041 3504 6.
2071 3449 2150 3522 (5)
2199 3448 2346 3503 Dixit
2405 3451 2640 3505 iterum:
2696 3448 2975 3519 Ejusmodi
3028 3464 3229 3507 vestem
3280 3465 3499 3523 gestam

1918 3541 2077 3598 debet
2104 3542 2430 3604 monachus,
2457 3549 2513 3595 ut
2543 3544 2590 3597 si
2629 3542 2919 3611 projecerit
2947 3558 3067 3598 eam
3092 3556 3244 3599 extra
3276 3546 3492 3609 cellam,

1919 3649 2015 3704 per
2038 3642 2149 3689 tres
2179 3633 2318 3699 dies,
2352 3648 2514 3687 nemo
2542 3634 2718 3688 tollat.

1990 3746 2041 3799 7.
2079 3745 2152 3813 (6)
2189 3745 2430 3817 Contigit
2474 3745 2794 3817 aliquando,
2848 3756 2908 3802 ut
2935 3748 3105 3801 abbas
3140 3746 3345 3801 Pambo
3366 3764 3491 3803 cum

1919 3836 2182 3891 fratribus
2212 3836 2317 3891 iter
2356 3836 2560 3892 faceret
2586 3838 2640 3891 in
2676 3839 2928 3908 partibus
2962 3837 3213 3910 Egypti;
3257 3854 3495 3909 cumque

1916 3928 2146 3983 vidisset
2182 3929 2478 3985 saeculares
2517 3930 2665 3985 viros
2707 3931 2981 3994 sedentes,
3023 3932 3159 3985 dixit
3211 3931 3329 3989 eis:
3360 3929 3495 3983 Sur-

1915 4019 2048 4090 gite,
2074 4021 2376 4077 monachos
2413 4022 2667 4085 salutate,
2704 4030 2763 4076 ut
2801 4022 3196 4078 benedicamini
3231 4042 3243 4077 :
3274 4023 3495 4079 assidue

1916 4108 2064 4163 enim
2091 4124 2214 4163 cum
2248 4108 2360 4164 Deo
2388 4111 2706 4179 loquuntur,
2738 4119 2900 4181 atque
2936 4126 3034 4166 ora
3085 4126 3274 4167 eorum
3300 4120 3494 4167 sancta

1917 4208 2066 4256 sunt.

1987 4315 2039 4369 8.
2087 4314 2164 4385 (7)
2219 4314 2591 4370 Narraverunt
2614 4314 2681 4369 de
2708 4315 2903 4370 abbate
2938 4314 3163 4379 Pambo,
3195 4317 3342 4386 quod
3376 4334 3495 4373 mo—

1917 4408 2087 4470 riens,
2123 4407 2241 4477 ipsa
2265 4409 2459 4463 mortis
2490 4408 2625 4462 hora
2665 4406 2865 4463 dixerit
2908 4408 3253 4464 adstantibus
3286 4410 3496 4466 sanctis

1917 4498 2083 4554 viris:
2117 4496 2195 4551 Ex
2218 4512 2330 4567 quo
2360 4504 2606 4565 tempore
2645 4497 2769 4552 veni
2800 4497 2852 4550 in
2884 4496 3031 4551 hunc
3070 4496 3385 4553 solitudinis
3416 4499 3495 4552 lo-

255 4580 323 4643 είς
352 4580 439 4635 τὸν
455 4582 628 4635 τόπον
647 4580 838 4634 τοῦτον
861 4580 957 4650 τῆς
979 4581 1206 4653 ἐρήμου,
1236 4581 1328 4633 καὶ
1358 4581 1683 4652 ᾠκοδόμησά
1714 4597 1811 4652 μου

1922 4605 2072 4654 cum,
2104 4604 2391 4659 meamque
2417 4588 2610 4643 cellam
2653 4588 2921 4650 exstruxi,
2955 4603 3019 4642 ac
3050 4588 3289 4642 habitavi
3322 4588 3375 4643 in
3406 4605 3492 4653 ea,

253 4673 340 4743 τὴν
363 4674 580 4738 κέλλαν,
616 4672 711 4726 καὶ
755 4673 951 4742 οἴκησα
995 4675 1053 4725 ἐν
1093 4673 1252 4743 αὐτῇ,
1291 4673 1446 4735 ἐκτὸς
1478 4673 1585 4725 τῶν
1617 4673 1811 4745 χειρῶν

1923 4697 2032 4735 non
2052 4680 2276 4755 memini
2302 4694 2389 4734 me
2438 4678 2725 4733 comedere
2771 4694 2963 4748 panem
3005 4678 3115 4733 nisi
3151 4677 3337 4733 labore
3382 4694 3497 4733 ma-

257 4781 346 4832 μου
379 4768 438 4820 ού
483 4766 776 4837 μέμνημαι
816 4766 980 4835 ἄρτον
1020 4764 1231 4833 φαγὼν,
1270 4764 1391 4817 ούδέ
1431 4766 1814 4836 μεταμεμέλη-

259 4872 343 4924 μαι
376 4859 466 4911 ἐπὶ
505 4858 655 4928 λόγῳ
690 4849 736 4925 ᾧ
767 4856 1023 4928 ἐλάλησα,
1064 4857 1171 4921 ἓως
1206 4857 1305 4928 τῆς
1343 4857 1466 4931 ἄρτι
1504 4858 1672 4929 ὥρας.
1707 4860 1819 4913 Καὶ

259 4946 408 5015 οὕτως
437 4951 757 5021 ἀπέρχομαι
788 4949 925 5021 πρὸς
956 4949 1048 5002 τὸν
1074 4950 1226 5015 Θεὸν,
1253 4950 1329 5014 ὡς
1352 4951 1486 5022 μηδέ
1512 4952 1819 5023 ἀρξάμενος

259 5038 358 5110 Θεῷ
382 5042 673 5097 δουλεύειν.

317 5130 376 5187 θ’.
407 5134 580 5190 Τοῦτο
614 5134 673 5188 δὲ
711 5129 856 5204 εἶχεν
895 5133 1033 5205 ὑπὲρ
1078 5133 1325 5198 πολλοὺς,
1365 5133 1447 5186 ὅτι
1478 5136 1526 5187 εί
1558 5134 1817 5205 ἠρωτήθη

262 5215 394 5287 λόγον
408 5227 678 5298 γραφικὸν
699 5225 734 5297 ἢ
756 5227 1143 5297 πνευματικὸν,
1165 5228 1265 5281 οὐκ
1284 5226 1616 5297 ἀπεκρίνατο
1634 5227 1816 5293 εὐθὺς,

326 5379 365 5412 ²²
389 5383 465 5438 Al.
494 5387 743 5457 κεράτια.
813 5384 859 5418 ³³
889 5385 973 5439 Al.
1004 5385 1097 5438 τοῦ
1126 5384 1311 5455 ἐτέρου
1362 5384 1656 5450 πολιτείαν,
1690 5384 1766 5457 μή
1804 5384 2065 5454 παρόντος

330 5535 395 5602 (2)
436 5540 543 5592 Τὸν
562 5537 754 5594 ἁόὅᾶν
777 5537 1007 5608 Παμὸὡ.
1030 5538 1221 5594 Simile
1238 5538 1401 5593 habet
1422 5539 1661 5594 Joannes
1679 5540 1818 5595 Geo-

275 5609 521 5677 metrade
562 5608 877 5672 Carinone;
914 5616 1009 5662 aut
1050 5616 1109 5663 ut
1165 5610 1391 5677 corrigit
1429 5608 1699 5664 Meursius
1748 5609 1816 5662 ad

278 5668 909 5749 Palladiuthronione;
955 5693 1053 5734 seu
1084 5678 1230 5749 quod
1276 5668 1487 5735 uivinore
1516 5679 1817 5734 mutatione

275 5752 544 5811 constaret,
568 5747 821 5809 Carioue.

336 5813 401 5886 (εξ)
446 5815 545 5886 va.
574 5815 725 5873 Patr.
758 5833 873 5886 xw,
902 5819 957 5872 7.

340 5882 405 5942 ll)
448 5884 549 5941 Vit.
580 5887 726 5941 Patr.
770 5882 869 5954 ιιι(
896 5889 995 5958 H;
1040 5889 1194 5946 Joan.
1231 5890 1417 5947 Gcom.
1467 5889 1669 5943 Parad.
1710 5890 1813 5955 51;

1922 4788 2089 4827 nuum
2121 4787 2364 4826 mearum
2391 4778 2643 4840 partum;
2679 4783 2778 4823 nec
2817 4784 2904 4823 me
2932 4769 3189 4846 pmnituit
3224 4772 3496 4825 sermonis

1919 4879 2078 4935 quem
2107 4865 2324 4918 loeutus
2356 4862 2571 4925 fuerim,
2616 4876 2792 4930 usque
2836 4860 2892 4914 in
2941 4860 3082 4914 hanc
3135 4860 3344 4916 horam.
3404 4861 3497 4916 Sic

1921 4963 2107 5011 tamen
2136 4953 2455 5025 proﬁciscor
2491 4951 2559 5005 ad
2586 4950 2752 5006 Deum
2778 4989 2792 5015 ,
2845 4952 3120 5021 quomodo
3149 4951 3243 5022 qui
3270 4965 3369 5007 nec
3394 4951 3495 5005 ini-

1919 5047 2054 5099 tium
2089 5044 2307 5099 fecerim
2331 5043 2441 5098 Deo
2461 5043 2754 5099 serviendi.

1995 5137 2048 5191 9.
2098 5136 2174 5205 (8)
2212 5134 2323 5189 Hoc
2355 5142 2534 5189 autem
2577 5133 2766 5188 habuit
2801 5147 2965 5203 supra
3014 5131 3241 5197 multos,
3274 5131 3416 5201 quod
3448 5131 3493 5185 si

1923 5230 2295 5298 interrogatus
2348 5226 2545 5281 fuisset
2598 5240 2905 5281 sermonem
2962 5240 3027 5279 ex
3076 5224 3356 5293 Scriptura
3412 5225 3495 5275 vel

2119 5385 2303 5439 αὑτοῦ.
2382 5386 2426 5417 ³³
2460 5385 2543 5439 Al.
2575 5384 2651 5438 δέ.

1920 5539 2177 5594 Socrates
2206 5554 2277 5602 IV,
2311 5538 2402 5591 23.

1990 5610 2065 5678 (5)
2108 5609 2284 5678 Supra
2318 5608 2489 5661 lsaaei
2515 5606 2889 5678 Cellr._Ap_oph.
2930 5604 3031 5678 u_lt.

1989 5669 2063 5740 (oi
2117 5669 2220 5729 γιὶ.
2258 5675 2410 5729 Patr.
2451 5691 2584 5735 xvll.
2624 5669 2905 5740 ll;'Joan.
2938 5672 3125 5730 Geom.
3161 5669 3358 5726 Parad.
3397 5669 3498 5727 85..

1987 5751 2062 5815 (7)
2114 5745 2217 5799 Vit.
2250 5745 2403 5798 Patr.
2436 5746 2595 5810 ι,16;
2635 5761 2754 5815 vlll,
2790 5745 2873 5800 10.

1986 5814 2061 5883 (8)
2117 5816 2217 5870 l’il.
2257 5816 2409 5869 Patr.
2449 5829 2563 5881 vm,
2598 5814 2678 5867 10.
