4062 6332
308 391 412 457 3‘13

1436 360 2051 472 Aroru'rnsciiara
2094 388 2405 477 ramum.

3462 432 3570 489 574

307 515 370 569 τὸ
393 514 638 589 ὀψάριον.
682 514 849 574 Εἶπον
885 521 941 576 δὲ
975 523 1053 595 τῷ
1084 524 1229 596 ἀὸδᾷ
1266 525 1445 598 Ἀθρὲ·
1472 527 1583 582 Ποῦ
1614 524 1769 602 εὗρες
1790 533 1872 604 τὴη

1991 550 2051 590 es
2084 544 2289 591 tantam
2336 538 2748 595 obedientiam?
2780 542 2869 596 Ait
2921 543 3088 599 mihi:
3121 541 3240 599 Non
3300 555 3387 603 est
3433 564 3574 613 mea,

305 607 555 681 ὑπακοὴν
582 612 818 684 ταύτην;
848 614 956 668 Καὶ
982 611 1104 670 εἶπέ
1139 633 1252 688 μοι’
1286 619 1400 673 Οὐκ
1428 619 1576 675 ἔστιν
1600 622 1728 695 ἐμὴ,
1758 625 1890 679 ἀλλά

307 700 398 754 τοῦ
428 702 683 774 γέροντός
710 706 847 762 ἐστι.
874 709 984 763 Kal.
1006 709 1167 764 ἔλαϐέ
1194 727 1261 781 με
1293 713 1487 781 λέγων·
1512 715 1704 787 Δεῦρο.
1726 718 1889 787 βλέπε

306 788 402 861 τὴν
429 792 679 866 ὑπακοὴν
700 796 885 851 αὐτοῦ.
903 799 1012 852 Καὶ
1033 800 1208 871 ἥψησε
1224 801 1285 855 τὸ
1298 802 1345 836 ⁸⁸
1359 804 1605 878 ὀψάριον,
1631 808 1722 861 καὶ
1744 808 1889 879 ἠφά-

302 899 451 936 νισεν
484 885 617 938 αὐτὸ
659 886 848 953 θέλων,
897 889 994 943 καὶ
1043 892 1325 965 παρέθηκε
1368 894 1448 966 τῷ
1492 897 1727 970 γέροντι.
1780 901 1889 954 Καὶ

305 972 474 1043 ἔφαγε
503 977 672 1047 μηδὲν
696 979 957 1051 λαλήσας.
999 983 1109 1035 Καὶ
1138 978 1292 1037 εἶπεν
1325 985 1495 1059 αὐτῷ·
1535 989 1717 1043 Καλόν
1749 992 1883 1056 ἐστι,

305 1064 496 1135 γέρον;
533 1068 642 1121 Καὶ
666 1069 960 1142 ἀπεκρίθη·
998 1072 1176 1127 Καλόν
1202 1076 1317 1128 ἐστι
1340 1077 1504 1132 πάνυ.
1529 1079 1687 1135 Μετὰ
1716 1081 1887 1136 ταῦτα

304 1159 532 1230 ἤνεγκεν
551 1163 702 1234 αὑτῷ
727 1166 922 1237 μικρὸν
950 1157 1114 1222 καλὸν
1137 1170 1363 1243 σφόδρα,
1385 1173 1483 1229 καὶ
1507 1170 1682 1231 εἶπενο
1720 1177 1886 1247 Ἦφά-

305 1268 422 1305 vta:
450 1253 603 1318 αὐτὸ,
633 1257 814 1328 γέρον.
843 1259 954 1313 Καὶ
980 1260 1279 1335 ἀπεκρίθη,
1307 1262 1501 1332 λέγων·
1530 1267 1661 1333 Ναὶ,
1688 1269 1883 1338 ἠφάνι-

305 1357 401 1408 cz;
433 1345 565 1400 αὐτὸ
599 1349 814 1419 μικρόν.
848 1352 958 1406 Καὶ
991 1348 1115 1408 εἶπέ
1140 1359 1278 1428 μοιὸ
1307 1359 1484 1423 esse;
1525 1360 1699 1434 Ἀθρέο
1730 1360 1882 1428 Εἶδες

297 1435 380 1490 ὅτι
410 1438 442 1509 ἡ
473 1439 687 1512 ὑπακοὴ
707 1440 801 1495 τοῦ
827 1442 1079 1515 γέροντός
1099 1448 1246 1514 ἐστις
1276 1451 1386 1503 Καὶ
1418 1451 1641 1522 ἐξῆλθον
1666 1454 1765 1508 ἀπ’
1785 1457 1882 1508 αὐ-

301 1527 426 1590 τῶν,
459 1529 553 1581 καὶ
575 1528 695 1584 εἴτι
725 1527 883 1597 εἶδον,
900 1535 1134 1607 ἐποίησα
1148 1537 1191 1569 ⁸¹
1216 1538 1315 1610 τὴν
1338 1541 1567 1611 δύναμίν
1594 1559 1695 1613 μου
1719 1543 1884 1613 φυλά-

300 1614 403 1679 ξαι.
431 1615 614 1674 Ταῦτα
643 1616 764 1675 εἷπε
790 1625 903 1687 τοῖς
927 1625 1178 1695 ἀδελφοῖς
1198 1630 1228 1682 ὀ
1252 1629 1431 1694 sese;
1459 1633 1676 1703 Σισόης.
1705 1629 1800 1699 Εἷς
1824 1635 1879 1689 δὲ

296 1708 355 1771 ἐξ
372 1708 530 1778 ἡμῶν
549 1712 925 1784 παρεκάλεσεν
947 1717 1129 1785 αὑτὸν,
1154 1720 1348 1790 λέγων·
1374 1723 1607 1795 Ποίησον
1631 1726 1874 1799 ἀγάπην,

297 1798 413 1852 είπὲ
437 1802 572 1871 ἡμῖν
603 1805 699 1857 καὶ
733 1805 894 1871 αὐτὸς
934 1807 1030 1862 ἕνα
1061 1807 1238 1880 λόγον.
1286 1813 1396 1867 Καὶ
1428 1809 1604 1869 εἶπεν*
1655 1816 1715 1870 Ὀ
1746 1798 1877 1871 κατ-

1994 627 2143 680 senis
2181 635 2287 681 est.
2332 631 2755 701 Assumpsitque
2803 649 2909 697 me,
2953 633 3111 700 Veni,
3145 637 3419 707 inquiens,
3455 640 3579 693 vide

1991 714 2358 771 obedientiam
2390 719 2561 775 illius.
2588 718 2747 775 Coxit
2780 723 2967 793 itaque
3002 725 3230 793 piscem,
3252 786 3257 793 ι
3283 742 3348 782 ac
3393 728 3576 784 dedita

1990 819 2156 874 opera
2184 806 2418 871 vitiavit,
2446 811 2814 879 apposuitque
2843 813 2981 867 seni.
3007 812 3109 879 Qui
3140 816 3397 883 comedit,
3426 817 3575 871 locu-

1990 904 2080 951 tus
2114 896 2271 951 nihil.
2302 897 2449 953 Dixit
2486 901 2572 956 ei:
2607 901 2793 957 Bonus
2827 914 2930 971 est,
2972 906 3180 961 senex?
3226 888 3572 978 Respondit:

1987 986 2258 1059 Optimus.
2294 988 2492 1047 Postea
2521 994 2569 1049 ei
2605 996 2788 1050 attulit
2819 996 3096 1052 modicum
3129 998 3239 1053 cibi
3272 1000 3408 1055 scite
3436 1016 3571 1071 pra:-

1987 1081 2197 1152 parati,
2237 1081 2519 1153 dixitque:
2545 1084 2777 1156 Corrupi
2818 1087 2942 1152 hoc,
2989 1104 3186 1146 senex.
3240 1088 3571 1160 Respondit:

1986 1170 2180 1240 Etiam,
2238 1189 2529 1246 parumper
2581 1179 2900 1249 corrupisti.
2953 1179 3104 1236 'l‘unc
3164 1182 3231 1236 ad
3279 1197 3365 1238 me
3403 1185 3573 1239 abbas

1986 1263 2181 1318 Athre:
2216 1263 2433 1331 Vidisti,
2460 1267 2829 1323 obedientiam
2856 1272 3004 1326 senis
3030 1273 3197 1328 esse?
3234 1275 3299 1327 Et
3328 1275 3468 1329 exivi
3505 1277 3573 1331 ab

1986 1356 2085 1420 iis,
2122 1372 2351 1429 quisque
2382 1360 2646 1426 videram,
2675 1376 2775 1431 pro
2799 1362 2941 1417 virili
2972 1378 3091 1418 mea
3118 1366 3416 1421 eustodivi.
3447 1365 3573 1422 lites

1984 1450 2304 1519 prolocutus
2343 1460 2428 1506 est
2462 1450 2726 1509 fratribus
2754 1453 2927 1510 abbas
2959 1452 3171 1512 Sisoes.
3209 1453 3360 1512 Unus
3389 1468 3569 1513 autem

1981 1556 2012 1595 e
2050 1540 2211 1598 nobis
2256 1544 2464 1613 rogavit
2520 1559 2665 1609 eum,
2704 1553 2763 1599 ut
2820 1545 3026 1602 faceret
3078 1562 3218 1616 opus
3260 1549 3568 1612 charitatis,

1981 1633 2098 1703 ipse
2131 1633 2294 1687 etiam
2336 1634 2557 1706 aliquod
2604 1636 2831 1690 verbum
2879 1638 3040 1692 nobis
3087 1638 3377 1710 proferret.
3419 1640 3573 1696 Unde

1980 1724 2062 1779 sic
2116 1725 2332 1780 locutus
2384 1733 2505 1781 est:
2541 1726 2645 1792 Qui
2701 1727 2997 1796 plurimum
3044 1730 3290 1785 scientia:
3342 1731 3568 1794 obtinet,

1976 1830 2198 1871 onmem
2237 1817 2458 1887 perlicit
2499 1816 2866 1888 Scripturam.
2898 1819 3118 1878 Rursus
3145 1832 3397 1879 nostrum
3429 1824 3569 1879 alius

294 1887 430 1984 έχων
460 1889 522 1943 τὸ
564 1891 871 1964 ἀψήφιστον
918 1898 976 1950 ἐν
1020 1897 1242 1967 γνώσει,
1287 1902 1527 1957 ἐπιτελεί
1568 1905 1749 1959 πᾶσαν
1778 1906 1872 1977 τήν

1981 1885 2339 1977 percontatus
2388 1915 2512 1965 est:
2568 1885 2710 1975 Quid
2775 1920 2856 1965 est
2921 1913 3309 1984 peregrinatio,
3375 1913 3571 1970 Pater?

294 1977 533 2052 Γραφήν.
574 1981 745 2036 Πάλιν
787 1984 974 2059 ἕτερος
1005 1988 1066 2056 ἐξ
1105 1989 1260 2062 ἡμῶν
1290 1988 1443 2046 εἶπεν
1472 1994 1641 2066 αὐτῷ·
1670 1995 1737 2050 Τί
1762 1999 1877 2053 ἐστι

290 2067 518 2135 ξενιτεία
541 2069 675 2144 (12),
700 2073 915 2147 Πάτερ;
942 2078 1051 2133 Καὶ
1072 2074 1215 2134 εἷπε*
1244 2082 1453 2151 Σιώπα,
1480 2086 1574 2139 καὶ
1597 2087 1740 2140 εἰπέ·
1761 2087 1878 2143 Οὐκ

294 2160 396 2233 ἔχω
440 2167 693 2238 πρᾶγμα,
740 2170 799 2222 ἐν
845 2172 1009 2225 παντὶ
1041 2173 1192 2246 τόπῳ
1222 2176 1356 2229 ὅπου
1386 2177 1481 2230 ὲάν
1507 2177 1744 2252 ἀπέρχῃ·
1784 2183 1877 2235 καὶ

292 2253 428 2326 αὕτη
455 2257 605 2312 ἐστὶν
632 2261 665 2330 ἡ
700 2259 955 2325 ξενιτεία.

741 2370 881 2438 Περὶ
911 2371 1018 2425 τοῦ
1053 2373 1208 2430 ἀϐὄᾶ
1231 2377 1412 2446 ΙΙίωρ.

360 2482 426 2569 α’.
478 2478 538 2532 '0
572 2481 843 2554 μακάριος
889 2485 1043 2558 Πίωρ
1074 2489 1452 2561 ἐργασάμενος
1495 2494 1575 2558 είς
1623 2494 1684 2548 τὸ
1718 2496 1874 2569 θέρος

293 2566 437 2637 παρά
476 2585 603 2635 τινι,
634 2571 1020 2645 ὑπεμίμνησκε
1064 2576 1250 2634 λαὸεἰν
1296 2583 1390 2635 τὸν
1447 2584 1667 2651 μισθόν⁹
1695 2566 1792 2641 τοττι
1816 2589 1873 2643 δὲ

291 2656 685 2732 ὑπερθεμένου,
714 2667 794 2729 εἰς
817 2668 916 2740 τὴν
940 2670 1107 2742 μονὴν
1133 2673 1425 2746 ἐπανῆλθε.
1446 2677 1615 2734 Πάλιν
1641 2679 1733 2733 τοῦ
1752 2697 1873 2735 και-

289 2748 382 2843 ροῦ
408 2749 753 2819 καλέσαντος.
782 2757 1001 2830 θερίσας
1035 2763 1165 2833 παρ’
1186 2765 1356 2838 αὐτῷ,
1386 2770 1480 2822 καὶ
1509 2770 1648 2841 μετὰ
1675 2772 1874 2843 προθυ-

292 2840 413 2909 μίας
459 2845 861 2917 ἐργασάμενος,
888 2852 1040 2907 οὐδὲν
1083 2856 1292 2909 ἐκείνου
1347 2840 1738 2931 παρασχόντος,
1768 2865 1868 2917 ἐπ-

288 2933 514 3027 ανῆλθεν
539 2940 639 3002 ἐίς
687 2941 787 3012 τὴν
835 2945 1005 3018 μονὴν
1047 2948 1236 3004 αὑτοῦ.
1270 2950 1377 3004 Τοῦ
1417 2952 1473 3006 δὲ
1510 2953 1693 3024 τρίτου
1735 2973 1871 3027 συμ-

288 3022 661 3098 πληρωθέντος
693 3030 866 3099 έτους,
901 3036 999 3108 τὴν
1025 3039 1229 3112 συνήθη
1273 3022 1817 3113 ἐργασίαν-τελέσας-
1843 3052 1870 3102 ὁ

287 3117 481 3213 γέρων,
510 3123 827 3196 ἀνεχώρησε
879 3130 1047 3201 μηδὲν
1090 3131 1346 3204 εἰληφώς.
1384 3138 1494 3191 Kal
1532 3138 1628 3193 τοῦ
1662 3142 1869 3213 Κυρίου

1980 1996 2327 2069 Responsum
2358 2000 2544 2057 dedit:
2579 2001 2745 2070 Tace,
2778 2010 2832 2060 et
2871 2005 2925 2058 in
2962 2006 3110 2060 omni
3142 2007 3285 2071 loco,
3318 2008 3370 2061 in
3404 2023 3564 2077 quem

1980 2091 2292 2154 adveneris.
2334 2092 2534 2150 dicito:
2574 2093 2731 2150 Nihil‘
2769 2095 2943 2152 habeo
2990 2099 3225 2169 negotii;
3256 2110 3418 2171 atque
3453 2101 3567 2154 haec

1977 2195 2063 2245 est
2085 2191 2480 2262 peregrinatio.

2536 2389 2609 2445 De
2635 2390 2821 2444 abbate
2860 2388 3007 2445 Pior.

2048 2500 2101 2555 1.
2144 2499 2342 2555 Beatus
2376 2499 2506 2557 Pior
2540 2503 2632 2557 ubi
2678 2502 2823 2572 apud
2846 2504 3082 2574 aliquem
3114 2505 3169 2558 in
3220 2520 3399 2560 messe
3428 2521 3560 2575 ope-

1976 2606 2092 2647 ram
2128 2599 2423 2658 navasset,
2453 2592 2876 2649 commonefecit
2923 2594 2991 2649 de
3046 2594 3363 2666 accipienda
3412 2612 3562 2651 mer-

1974 2684 2151 2741 cede:
2182 2693 2348 2757 atque
2374 2686 2470 2742 illo
2501 2685 2806 2753 dill‘erente,
2844 2688 3003 2744 rediit
3041 2689 3093 2742 in
3143 2688 3559 2744 monasterium.

1974 2778 2194 2836 Rursus
2220 2787 2470 2851 tempore
2501 2779 2825 2846 advocante,
2854 2781 3086 2836 messuit
3108 2780 3267 2852 apud
3282 2780 3556 2844 eumdem,

1973 2880 2028 2928 et
2059 2873 2318 2928 alacriter
2350 2872 2405 2927 in
2429 2886 2568 2942 opus
2594 2872 2877 2935 incubuit,
2914 2888 3150 2943 cumque
3174 2873 3223 2928 is
3260 2873 3394 2928 nihil
3421 2889 3558 2943 pra:-

1975 2966 2146 3030 beret,
2176 2980 2432 3022 reversus
2471 2974 2556 3024 est
2602 2966 2659 3020 in
2707 2965 3102 3020 monasterium
3152 2979 3337 3020 suum.
3373 2964 3558 3019 Tertio

1974 3057 2179 3127 pariter
2231 3057 2504 3128 completo
2558 3070 2726 3120 anno,
2778 3056 2999 3111 solitum
3068 3071 3207 3127 opus
3267 3065 3556 3126 postquam

1972 3147 2221 3218 perfecit,
2264 3149 2531 3214 recessit,
2567 3165 2692 3204 cum
2727 3148 2861 3204 nihil
2901 3147 3226 3218 accepisset.
3269 3149 3336 3200 At
3376 3145 3559 3200 Domi-

285 3208 575 3278 ἐτάσαντος
630 3215 719 3269 τὸν
757 3218 966 3273 ἐκείνου
1001 3215 1169 3288 οἷκον,
1207 3224 1603 3299 ἐπιφερόμενος
1644 3208 1870 3303 τὸνψμι-

1975 3255 2079 3294 nus
2118 3240 2458 3311 prosperavit
2510 3241 2732 3296 domum
2805 3240 3065 3296 hominis.
3117 3237 3272 3295 Unde
3321 3237 3554 3294 ali‘erens

282 3300 427 3369 πθὺν,
470 3305 552 3368 εἰς
600 3305 669 3359 τά
717 3313 1053 3384 μοναστήρια
1088 3315 1319 3387 περιῆγε
1353 3316 1532 3390 ζητῶν
1572 3321 1664 3375 τὸν
1688 3300 1862 3392 ἅγιον.

282 3392 391 3445 Kal.
424 3394 579 3466 μόλις
602 3398 777 3470 εὑρὼν
811 3404 993 3470 αὐτὸν,
1029 3406 1337 3477 προσέπεσε
1385 3413 1501 3476 τοῖς
1554 3416 1710 3468 ποσὶν
1765 3416 1866 3469 αὒ-

437 3488 535 3541 uat
559 3489 845 3558 ἀποδιδοὺς
872 3494 1131 3564 ἔφασκεν,
1167 3499 1249 3552 ὅτι
1286 3501 1439 3572 Ἐμοὶ
1471 3506 1500 3557 ὁ
1534 3504 1739 3577 Κύριος
1761 3509 1867 3561 ἀπ·

1971 3333 2301 3396 mcrcedem,
2357 3348 2455 3403 per
2504 3333 2840 3389 monasteria
2898 3331 3188 3396 circuibat,
3259 3331 3554 3402 quaerendo

1970 3433 2243 3480 sanctum.
2274 3424 2395 3492 Quo
2424 3427 2513 3480 vix
2549 3426 2773 3481 invento
2798 3462 2814 3490 ,
2848 3424 3081 3494 procidit
3115 3425 3182 3480 ad
3213 3424 3378 3495 pedes
3410 3422 3552 3493 ejus,

1969 3516 2274 3572 mercedem
2321 3518 2518 3585 solvit,
2569 3518 2861 3588 dixitque:
2907 3514 3036 3570 Mihi
3074 3515 3339 3571 Dominus
3385 3516 3552 3585 largi-

278 3573 577 3679 έδωκωῖὍ
598 3580 973 3679 δέ-ἐπέτρεψεν
998 3589 1146 3662 αὐτῷ
1178 3598 1477 3665 παρασχεῖν
1498 3573 1641 3653 αὐτά
1666 3601 1746 3663 είς
1767 3601 1867 3671 τὴν

1975 3614 2058 3662 tus
2079 3615 2181 3663 est.
2225 3605 2320 3662 Ille
2348 3623 2476 3663 vero
2506 3573 2808 3663 'mandavit
2860 3615 2921 3663 ut
2966 3608 3204 3664 traderet
3234 3606 3554 3679 presbytero

285 3666 578 3740 ἐκκλησίαν
607 3671 687 3743 τῷ
718 3677 1095 3752 πρεσϐυτέρῳ.

352 3759 416 3830 β’.
472 3762 529 3817 'O
578 3764 749 3828 esse;
790 3769 941 3842 Πίωρ
990 3776 1310 3846 περιπατῶν
1344 3776 1518 3849 ἤσθιε.
1549 3780 1864 3854 Πυθομένου

283 3851 337 3904 δέ
367 3870 531 3918 τινος,
565 3858 718 3911 Διατί
746 3858 919 3924 οὕτως
946 3863 1178 3932 ἐσθίεις;
1212 3869 1286 3922 Οὐ
1323 3868 1607 3943 βούλομαι,
1635 3851 1764 3946 ἔφη,
1789 3875 1865 3942 ὡς

284 3943 426 4040 ξργῳ
449 3946 540 4040 τῷ-
555 3947 804 4021 βρώματι
835 3955 1297 4027 χρήσασθαι,’άλλ’
1318 3962 1392 4026 ὡς
1419 3963 1702 4037 παρέργῳ.
1724 3943 1866 4040 Πρὸς

279 4033 467 4108 ἕτερον
498 4038 554 4091 δὲ
583 4042 709 4113 περὶ
746 4044 936 4101 τούτου
966 4050 1323 4120 ἐρωτήσαντα
1349 4033 1715 4127 ἀπεκρίνατο·
1745 4033 1864 4113 "lva

284 4127 415 4196 μηδὲ
450 4128 509 4182 ἐν
538 4128 617 4200 τῷ
640 4131 864 4201 ἐσθίειν,
886 4140 1071 4209 φησὶν,
1100 4141 1289 4212 ἡδονῆς
1321 4149 1639 4218 σωματικῆς
1666 4149 1863 4204 αἰσθά-

284 4234 439 4288 νηται
466 4222 501 4292 ἠ
527 4221 673 4294 ψυχή
705 4242 827 4295 μου.

347 4316 415 4378 γ’.
471 4311 720 4381 Ἐγένετὸ
766 4333 895 4370 ποτε
944 4320 1221 4395 συνέδριον
1253 4326 1310 4377 ἐν
1341 4327 1540 4397 Σκήτει⁹
1571 4330 1697 4401 περὶ
1727 4347 1864 4399 σφα-

272 4395 460 4465 λέντος
489 4402 719 4472 ἀδελφοῦ
740 4421 754 4434 ο
784 4407 879 4461 καὶ
911 4408 1133 4465 ἐλάλουν
1164 4415 1212 4466 οἱ
1240 4395 1484 4487 Πατέρες
1509 4435 1521 4448 ’
1548 4421 1584 4471 -ὀ
1611 4395 1668 4473 δέ
1692 4395 1864 4486 diioui;

276 4491 427 4565 Πίωρ
462 4494 707 4552 ἐσιώπαο
747 4499 972 4573 ὕστερον
1006 4505 1061 4559 δὲ
1089 4508 1325 4573 ἀναστὰς
1378 4512 1589 4583 ἐξῆλθε,
1625 4518 1717 4569 καὶ
1766 4517 1862 4571 λα-

280 4583 387 4636 ϐὼν
440 4586 664 4655 σάκκον,
693 4591 979 4664 ἐπλήρωσε
1019 4596 1269 4669 ψάμμου,
1305 4603 1398 4654 καὶ
1446 4605 1744 4658 ἐδάστασεν
1786 4609 1863 4670 εἰς
1899 4596 1939 4650 ί)

274 4676 365 4729 τὸν
378 4671 531 4750 ὦμον
554 4682 742 4736 αὐτοῦ’
765 4686 858 4739 καὶ
882 4686 1060 4741 λαϐὼν
1073 4688 1117 4720 δ’
1133 4692 1213 4754 εἰς
1232 4692 1464 4761 μαλάκιν
1483 4695 1525 4726 ³³
1543 4697 1738 4769 μικρὸν
1760 4697 1860 4768 τῆς

276 4768 529 4844 ψάμμου,
560 4775 861 4832 ἐϐάστασεν
901 4779 1230 4853 ἔμπροσθεν.
1251 4768 1653 4859 Ἐπερωτηθεὶς
1672 4788 1728 4842 δὲ
1756 4789 1861 4842 ὑπὸ

279 4865 381 4919 τῶν
411 4864 695 4939 Πατέρων,
728 4872 780 4925 τί
808 4872 873 4927 ἄν
899 4873 983 4942 εἴη
1018 4876 1176 4930 τοῦτο
1199 4919 1214 4943 ,
1252 4879 1431 4950 λέγει’
1463 4877 1628 4946 Οὗτος
1660 4885 1689 4936 ό
1730 4883 1862 4937 σάκ-

281 4961 422 5048 uoco
441 4958 585 5032 ἔχων
611 4961 709 5034 τὴν
739 4964 936 5036 πολλὴν
970 4967 1195 5040 ψάμμον
1221 4971 1287 5026 τὰ
1319 4973 1428 5043 ἐμά
1453 4975 1570 5026 ἐστι
1606 4975 1862 5048 πλημμε-

279 5046 512 5121 λήματα,
541 5054 622 5106 ὄτι
647 5054 820 5110 πολλά
846 5059 961 5111 ἐστι
982 5076 997 5092 ο
1025 5063 1120 5115 καὶ
1154 5063 1339 5134 ἀφῆκα
1370 5065 1510 5118 αὑτὰ
1533 5046 1707 5120 ὀπίσω
1726 5046 1858 5139 μου,

279 5139 366 5192 τοῦ
415 5143 490 5215 μὴ
539 5144 772 5218 πονῆσαι
824 5149 953 5221 περὶ
999 5153 1180 5207 αὐτῶν
1207 5157 1298 5208 καὶ
1324 5155 1555 5211 κλαῦσαι
1578 5176 1590 5189 ·
1623 5161 1718 5213 καὶ
1750 5160 1857 5213 ἰδοὺ

281 5231 441 5288 ταῦτα
473 5235 544 5291 τά
582 5239 756 5312 μικρά
780 5241 875 5294 τοῦ
905 5243 1134 5314 ἀδελφοῦ
1166 5265 1268 5318 μου
1301 5249 1611 5321 ἔμπροσθέν
1645 5251 1748 5322 μού
1784 5256 1859 5307 εὶ-

288 5338 354 5386 σι.
386 5329 478 5383 καὶ
501 5331 584 5394 εἰς
608 5331 749 5386 αὐτὰ
779 5333 1053 5408 ἀδολεσχῶ
1100 5339 1302 5412 κρίνων
1344 5343 1525 5397 αὐτόν.
1561 5345 1636 5397 Οὐ
1672 5343 1777 5415 χρὴ
1803 5344 1858 5397 δὲ

1968 3698 2022 3752 in
2059 3698 2315 3753 ecclesia.

2034 3788 2089 3844 Ξ.
2136 3788 2248 3861 (i5)
2290 3790 2474 3845 Abbas
2524 3788 2654 3846 Pior
2701 3792 3035 3847 ambulando
3086 3792 3423 3845 comedebat.
3489 3791 3554 3842 Μ.

1967 3881 2337 3953 interrogante
2367 3881 2604 3953 quodam
2633 3898 2805 3954 quare
2843 3884 2923 3940 sic
2965 3883 3357 3938 manducarct:
3394 3880 3548 3943 Nolo,

1968 3972 2162 4042 inquit,
2206 3981 2467 4043 tanquam
2494 3987 2660 4044 opere
2696 3974 2820 4029 cibo
2858 3974 2960 4040 uti,
2997 3974 3093 4031 sed
3125 3982 3385 4045 tanquam
3422 3990 3551 4043 0pc-

1969 4065 2045 4117 ris
2075 4064 2389 4118 corollario.
2426 4063 2508 4117 Ad
2536 4064 2703 4119 alium
2729 4079 2857 4120 vero
2884 4064 3074 4119 eadem
3109 4064 3177 4119 de
3217 4080 3275 4119 re
3318 4079 3549 4135 percon-

1965 4161 2193 4216 tamem,
2236 4153 2561 4223 respondit:
2599 4151 2669 4206 Ut
2714 4168 2784 4207 ne
2832 4153 3055 4223 quidem
3102 4154 3157 4207 in
3214 4155 3551 4209 comedendo

1966 4260 2282 4315 corpoream
2316 4245 2645 4314 voluptatem
2680 4245 2882 4301 sentiat
2912 4246 3093 4299 anima
3127 4261 3265 4301 mea.

2033 4337 2087 4391 5.
2131 4335 2241 4407 (14)
2295 4335 2495 4391 Factus
2526 4345 2610 4391 est
2657 4337 2957 4407 aliquando
2984 4345 3289 4393 conventus
3314 4339 3366 4391 in
3404 4338 3547 4392 Sceti

1963 4430 2035 4483 ob
2069 4428 2291 4481 fratrem
2329 4426 2423 4497 qui
2450 4434 2772 4497 peccaverat
2801 4447 2813 4481 :
2852 4436 2906 4482 et
2931 4429 3294 4498 loquebantur
3327 4429 3546 4485 Patres:

1967 4520 2134 4576 abbas
2197 4530 2377 4576 autem
2417 4519 2548 4576 Pior
2597 4523 2843 4587 tacebat;
2902 4531 3086 4597 postea
3139 4538 3268 4579 vero
3319 4540 3549 4596 surgens

1968 4626 2226 4681 egressus
2283 4617 2387 4675 est,
2458 4611 2695 4681 sumpsit
2758 4626 3005 4678 saccum,
3058 4629 3225 4669 arena
3281 4616 3546 4688 implevit,

1970 4704 2330 4773 portabatque
2361 4718 2525 4772 super
2559 4703 2847 4758 humerum
2898 4721 3057 4759 suum
3092 4727 3104 4759 :
3141 4707 3363 4764 mittens
3411 4726 3547 4778 quo—

1968 4808 2073 4861 que
2099 4793 2150 4846 in
2194 4795 2509 4863 sportellam
2548 4810 2739 4865 parum
2788 4812 2988 4863 arenae,
3036 4799 3258 4868 gerebat
3302 4810 3427 4856 ante
3466 4819 3544 4857 se.

1970 4883 2342 4952 interrogatus
2392 4895 2572 4939 autem
2627 4900 2655 4938 a
2713 4885 3007 4949 Patribus,
3041 4889 3170 4957 quid
3229 4889 3334 4945 hoc
3378 4902 3544 4953 esset,

1968 4975 2107 5028 dixit
2142 4994 2153 5029 :
2190 4974 2397 5031 Saccus
2445 4975 2549 5032 iste
2583 4976 2675 5047 qui
2727 4978 2973 5033 continet
3024 4995 3244 5035 arenam
3298 4983 3544 5043 multum,

1970 5083 2086 5120 mea
2127 5074 2255 5122 sunt
2290 5076 2536 5137 peccata,
2570 5069 2829 5138 quoniam
2871 5071 3041 5125 multa
3067 5080 3216 5138 sunt,
3267 5083 3319 5128 ct
3361 5074 3544 5130 dimisi

1967 5176 2029 5211 ea
2064 5174 2092 5212 a
2125 5167 2274 5229 tergo
2310 5173 2451 5223 meo,
2506 5177 2570 5216 ne
2607 5163 2819 5218 doleam
2856 5163 2923 5219 de
2965 5164 3072 5220 illis
3106 5180 3171 5218 ac
3204 5166 3441 5236 plorem;
3478 5186 3541 5220 en

1966 5266 2096 5304 vero
2125 5265 2290 5319 parva
2333 5250 2444 5308 hazc
2472 5252 2658 5308 fratris
2684 5256 2810 5317 mei,
2836 5263 2963 5309 ante
2993 5271 3076 5309 me
3112 5265 3263 5323 sunt,
3300 5267 3460 5326 atque
3493 5261 3541 5309 in

1969 5342 2034 5395 iis
2065 5358 2148 5395 me
2179 5358 2444 5405 exerceo,
2490 5344 2745 5413 judicans
2793 5363 2939 5401 eum.
2973 5345 3090 5399 Non
3128 5357 3337 5416 oportet
3384 5366 3544 5417 porro

352 5489 399 5523 ἰθ
424 5491 509 5547 Al.
563 5492 732 5549 inser.
773 5497 987 5567 μικρόν.
1066 5497 1106 5528 ⁸¹
1135 5498 1217 5551 AI.
1253 5501 1417 5554 inser.
1436 5503 1595 5555 κατά.
1674 5504 1718 5534 ἰ’
1751 5505 1872 5574 AL;

1975 5506 2058 5560 ξὺν.
2138 5506 2181 5536 ³³
2216 5507 2297 5559 ΑΙ.
2333 5506 2617 5575 μαλάκιον.

352 5626 457 5695 (12)
500 5630 565 5708 Ii
594 5630 1024 5708 eat_l_._£§rnj§i'a.
1081 5634 1172 5708 Sit:
1207 5636 1431 5708 cfl'rrtur
1463 5638 1854 5708 Apophthegma

288 5697 464 5777 in_ms.
498 5699 669 5777 Itegjo
699 5702 853 5777 952__:
879 5704 1192 5777 _’H_ow:ﬁ0-q
1231 5706 1440 5777 γέρων·
1471 5697 1535 5761 Τέ
1566 5697 1680 5761 ἐστι
1719 5697 1855 5774 ξενι-

287 5765 427 5849 τείας
459 5770 553 5849 καὶ
573 5765 728 5849 εἶπεν
754 5789 779 5849 °_
798 5765 984 5825 Σιώπά
1005 5765 1122 5849 fatal.
1146 5765 1441 5849 357339057.
1468 5779 1576 5849 ἔχω
1598 5765 1848 5849 πρᾶγμα·

289 5838 378 5892 καὶ
401 5840 553 5895 τοῦτο
586 5842 731 5896 ποίει
765 5843 822 5894 ἐν
877 5847 1034 5896 παντὶ
1070 5846 1245 5917 καιρῷ
1276 5848 1369 5899 καὶ
1406 5838 1551 5919 τότὲῲ
1585 5838 1680 5901 κάξ

1960 5662 2129 5713 γματι
2149 5662 2160 5673 ο
2190 5645 2282 5715 καὶ
2308 5644 2444 5715 αςῦτη
2479 5646 2623 5697 ἐστὶν
2650 5648 2680 5715 ἡ
2713 5643 2915 5715 ἀληθὴς
2945 5645 3196 5715 ξενιτεία.

2029 5715 2140 5781 (15)
2193 5713 2295 5767 Vit.
2326 5710 2480 5766 Patr.
2518 5731 2588 5777 tv,
2622 5710 2906 5781 Si;Je:iti.
2945 5714 3135 5770 Ccom.
3178 5716 3379 5770 Parad.
3432 5715 3534 5781 50;

1962 5782 2220 5835 Socrates
2254 5798 2326 5838 IV.
2353 5784 2441 5835 “23.

2034 5853 2141 5921 (.14)
2194 5851 2298 5904 Vit.
2334 5852 2485 5904 Patr.
2521 5871 2593 5918 ιχ,
2625 5861 2655 5910 ‘J
2683 5872 2694 5919 ;
2723 5855 2877 5911 Joan.
2918 5855 3102 5912 Geom.
3139 5855 3334 5909 Parati.
3372 5853 3459 5907 (3-5.
