4062 6332
455 355 562 410 375
1620 357 1962 412 APPENDIX
2003 359 2035 413 Α

2141 337 2550 417 run-totum.

3609 360 3714 416 376

454 476 527 529 ita
560 473 772 540 facere,
808 474 906 530 sed
939 473 1122 546 potius
1159 488 1277 528 mea
1317 479 1441 526 ante
1471 487 1555 526 me
1584 481 1798 543 gestare
1826 515 1840 537 ,
1873 490 1933 530 ac
1963 476 2029 531 de

2141 477 2301 542 aii-rw;
2349 481 2553 540 ποιεῖν,
2599 476 2734 531 ἀλλὰ
2781 477 2983 548 μᾶλλον·
3019 475 3088 529 τὰ
3122 475 3232 546 ἐμά
3260 473 3568 547 ἔμπροσθέν
3610 491 3714 545 μου

452 567 588 637 ipsis
625 582 843 631 curare,
877 582 1090 622 necnon
1132 563 1298 618 Deum
1345 565 1556 632 precari
1605 575 1661 619 ut
1706 566 1836 621 mihi
1883 571 2036 639 igno-

453 668 591 713 seat.
619 658 774 713 Tunc
819 665 1104 728 surgentes
1157 653 1343 711 Patres
1365 695 1380 719 ,
1411 657 1670 712 dixerunt
1705 678 1716 712 :
1757 656 1892 714 Vere
1921 659 2034 714 haec

449 759 538 806 cst
572 750 658 805 via
690 749 908 806 salutis.

937 861 1009 915 De
1041 862 1229 916 abbate
1252 861 1552 932 Pityrione.

528 974 639 1042 (l5)
681 972 825 1026 Dixit
873 974 1040 1029 abbas
1084 973 1294 1046 Pityrio
1341 975 1645 1047 discipulus
1675 980 1888 1035 abbatis
1920 979 2031 1032 An-

455 1065 610 1130 tonii,
665 1065 808 1134 quod
867 1066 959 1135 qui
1024 1067 1140 1120 vult
1191 1068 1464 1138 expellere
1521 1069 1818 1138 daemones,
1882 1073 2034 1143 prius

453 1157 617 1210 animi
649 1157 869 1212 morbos
916 1158 1190 1226 subjiciet.
1233 1158 1612 1230 Quodcunque
1657 1164 1802 1217 enim
1845 1164 2032 1218 vitium

455 1250 795 1316 superaverit
823 1249 981 1319 quis,
1011 1250 1174 1320 hujus
1205 1260 1260 1307 et
1295 1251 1598 1309 daemonem
1629 1255 1869 1325 expellit.
1915 1255 2031 1321 Irae,

455 1340 651 1407 inquit,
693 1340 987 1408 adjunctus
1019 1351 1103 1396 est
1135 1343 1383 1398 damon:
1430 1346 1476 1399 si
1521 1346 1656 1399 iram
1698 1349 2033 1412 coercueris,

452 1432 660 1498 ejectus
693 1439 776 1487 est
804 1432 949 1487 illius
983 1432 1214 1488 daemon.
1269 1434 1530 1491 Similiter
1559 1437 1626 1492 de
1647 1438 1877 1508 singulis
1914 1439 2034 1494 aliis

457 1523 983 1590 perturbationibus.

906 1634 983 1688 De
1024 1635 1212 1689 abbate
1261 1635 1585 1691 Pistamone.

529 1744 641 1817 (l6)
680 1746 1040 1818 Interrogavit
1083 1750 1304 1820 quidam
1345 1750 1513 1805 frater
1558 1752 1805 1806 abbatem
1857 1748 2034 1806 Pista-

2136 569 2398 636 ἐνεγκεῖν,
2428 571 2522 621 καὶ
2567 568 2747 620 αὑτῶν
2787 568 3092 639 φροντίσαι,
3127 569 3219 621 καὶ
3246 567 3590 639 παρακαλεῖν
3619 567 3716 620 τὸν

2134 662 2266 713 Θεὸν
2308 660 2656 732 συγχωρῆσαί
2691 678 2798 731 μοι.
2834 661 2944 714 Καὶ
2977 659 3368 724 ἀναστάντες⁸δ
3394 659 3444 712 οἱ
3473 659 3716 732 Πατέρες

2136 746 2286 803 εἶπον
2305 768 2318 780 ο
2352 753 2558 812 Ὄντως
2587 749 2724 822 αὕτη
2751 751 2896 803 ἐστὶν
2926 751 2959 822 ἡ
2993 750 3108 813 ὁδὸς
3141 749 3241 819 τῆς
3273 752 3569 820 σωτηρίας.

2487 861 2626 932 Περὶ
2659 861 2765 916 τοῦ
2801 860 2950 918 ἁϐϐᾶ
2979 861 3360 930 Πιτιιριωνος.

2211 975 2432 1042 Ἔλεγεν
2474 976 2502 1027 6
2552 974 2725 1039 άόὀᾶς
2773 975 3042 1046 Πιτυρίων
3073 976 3101 1028 6
3137 973 3382 1045 μαθητὴς
3428 972 3522 1026 τοῦ
3569 971 3717 1026 ἀϐὃᾶ

2149 1065 2470 1128 Ἀντωνίου,
2515 1069 2597 1120 ὅτι
2639 1069 2667 1120 6
2720 1065 3040 1136 βουλόμενος
3084 1064 3408 1119 ἀπελαύνειν
3455 1064 3716 1134 δαίμονας

2138 1161 2399 1230 πρότερον
2431 1161 2500 1212 τά
2546 1158 2693 1228 πάθη
2731 1156 3057 1211 δουλώσεται
3077 1173 3090 1187 ·
3123 1157 3236 1210 οἴου
3276 1155 3384 1226 γὰρ
3413 1153 3479 1208 ἂν
3507 1155 3719 1217 πάθους

2138 1253 2489 1322 περιγένηταί
2517 1269 2619 1314 τις,
2651 1251 2841 1304 τούτου
2871 1252 2965 1304 καὶ
3001 1251 3092 1303 τὸν
3130 1248 3359 1320 δαίμονα
3396 1248 3714 1302 ἀπελαύνει.

2139 1340 2372 1391 Ἔπεται
2394 1380 2409 1403 ,
2431 1339 2585 1408 φησὶ,
2611 1339 2819 1408 δαίμων
2839 1341 2906 1408 τῇ
2927 1339 3065 1409 ὀργῇ
3090 1354 3104 1368 ·
3136 1337 3232 1390 ἐὰν
3264 1336 3364 1408 τῆς
3393 1336 3562 1407 ὀργῆς
3583 1353 3722 1409 κρα-

2135 1433 2325 1504 τήσῃς,
2357 1429 2692 1499 ἀπελήλαται
2738 1434 2942 1500 ταύτης
2997 1433 3025 1483 6
3081 1429 3312 1500 δαίμων.
3349 1430 3579 1499 Ὁμοίως
3619 1429 3719 1484 καὶ

2137 1539 2203 1574 πε
2211 1523 2264 1591 ρί
2285 1521 2512 1574 ἑκάστου
2545 1519 2768 1582 πάθους.
3480 1521 3489 1531 ’

2490 1634 2626 1700 Περὶ
2656 1631 2761 1686 τοῦ
2782 1632 2932 1688 ὰϐὄᾶ
2954 1632 3359 1702 Πιστὰμωνος.

2220 1742 2498 1813 Ἠρὼτησέ
2534 1760 2619 1806 τις
2663 1742 2888 1811 ἀδελφὸς
2921 1743 3012 1796 τὸν
3047 1741 3219 1797 ἁὸὁᾶν
3245 1742 3598 1813 Πιστάμωνα,
3626 1742 3719 1796 λέο

459 1854 675 1892 nionem
704 1859 716 1892 :
746 1839 888 1906 Quid
919 1856 1095 1912 agam,
1128 1844 1254 1914 quia
1283 1845 1550 1914 angustiis
1580 1860 1777 1915 urgeor
1812 1846 1865 1898 in
1899 1861 2031 1899 ven-

2141 1858 2244 1908 γων
2269 1857 2281 1871 ο
2312 1839 2376 1890 Τί
2412 1839 2642 1910 ποιήσω,
2665 1839 2748 1891 ὅτι
2777 1837 3031 1909 θλίϐομαι
3059 1839 3138 1900 εἰς
3169 1837 3229 1890 τὸ
3267 1837 3517 1908 πωλῆσαι
3542 1836 3605 1890 τὸ
3628 1837 3722 1908 έρ-

459 1929 636 1986 dendo
673 1946 836 2001 opere
881 1949 1140 1988 manuum
1178 1937 1462 1989 mearum?
1493 1936 1790 2006 Respondit
1821 1951 1987 1992 senex
2017 1956 2029 1990 :

461 2020 636 2077 Etiam
668 2026 834 2080 abbas
869 2025 1054 2081 Sisoes
1099 2035 1153 2081 et
1193 2027 1386 2097 reliqui
1435 2027 1740 2082 vendebant
1768 2043 1888 2098 quae
1929 2029 2029 2098 ipsi

457 2115 826 2171 confecerant.
881 2114 938 2171 ln
978 2118 1080 2172 hoc
1115 2119 1277 2172 noxia
1315 2135 1422 2174 non
1451 2128 1552 2174 est.
1595 2118 1698 2174 Sed
1735 2135 1858 2174 cum
1904 2136 2029 2175 ven-

455 2206 562 2270 dis.
605 2209 773 2262 semel
803 2207 987 2277 profer
1015 2209 1164 2263 vasis
1195 2210 1427 2278 pretium
1453 2227 1468 2275 ;
1497 2209 1690 2263 deinde
1720 2211 1765 2264 si
1798 2210 2033 2266 volueris

455 2297 662 2366 aliquid
721 2298 874 2366 pretii
932 2299 1200 2363 minuere,
1257 2300 1313 2353 in
1355 2308 1445 2353 tua
1485 2307 1754 2369 potestate
1807 2309 1910 2356 est.
1956 2303 2032 2355 lta

455 2402 588 2440 sane
637 2387 883 2442 invenies
931 2389 1197 2457 requiem.
1245 2387 1446 2444 lterum
1490 2391 1701 2461 rogavit
1737 2390 1940 2448 frater:
1978 2390 2034 2446 Si

457 2476 703 2530 habuero
748 2476 1151 2548 undecunque,
1217 2480 1362 2549 quod
1423 2483 1555 2536 mihi
1609 2485 1869 2550 suﬂiciat,
1907 2502 2036 2542 sua-

453 2565 622 2619 desne
649 2573 708 2619 ut
736 2565 802 2620 de
835 2565 1024 2622 labore
1051 2583 1313 2622 manuum
1343 2569 1476 2624 mihi
1518 2586 1663 2627 cura:
1685 2573 1787 2627 sit?
1813 2573 2036 2644 Excepit

455 2671 660 2709 senex:
695 2655 1060 2721 Quantumvis
1102 2659 1305 2715 habeas
1328 2700 1340 2723 ,
1388 2677 1456 2716 ne
1494 2663 1854 2734 dereliqueris
1898 2680 2036 2735 opus

457 2757 656 2800 tuum:
701 2763 797 2816 pro
829 2749 1036 2805 viribus
1085 2751 1209 2817 fac;
1255 2753 1522 2807 duntaxat
1561 2756 1766 2827 absque
1812 2765 2036 2812 contur-

459 2837 694 2896 batione.

887 2952 958 3004 De
984 2950 1171 3006 abbate
1195 2953 1353 3008 Petro
1385 2953 1616 3011 l’iortita.

532 3063 583 3114 1.
628 3061 737 3132 (t7)
780 3062 1041 3118 Dicebant
1064 3063 1132 3120 de
1163 3066 1357 3122 abbate
1400 3067 1560 3122 Petro
1591 3069 1800 3124 Pionita
1838 3073 1892 3126 in
1917 3073 2037 3127 Cel-

2134 1928 2382 1998 γόχειρόν
2411 1945 2547 1998 μου;
2584 1929 2695 1982 Καὶ
2741 1927 3062 2000 ἀποκριθεὶς
3102 1929 3131 1980 6
3183 1927 3381 1999 γέρων,
3421 1924 3593 1994 εἶπεν,
3637 1929 3723 1982 ὅτι

2134 2021 2241 2072 Ka‘t
2265 2021 2292 2071 6
2321 2018 2492 2082 assa;
2521 2019 2713 2090 Σισόης
2754 2020 2850 2073 καὶ
2889 2020 2937 2072 οἱ
2981 2019 3156 2072 λοιποὶ
3197 2019 3441 2073 ἐπώλουν
3467 2021 3528 2073 1:6
3558 2019 3723 2090 έργό-

2133 2127 2312 2180 χειρον
2343 2109 2522 2163 αὐτῶν
2547 2126 2560 2138 ·
2595 2108 2756 2162 τοῦτο
2782 2111 2881 2164 οὑκ
2910 2109 3026 2162 ἐστι
3053 2109 3274 2180 βλάϐος·
3301 2109 3416 2162 ἀλλ’
3442 2110 3572 2163 ὅταν
3601 2128 3722 2162 πω-

2134 2202 2250 2272 λῇς,
2291 2201 2410 2254 είπὲ
2444 2201 2590 2266 ἅπαξ
2623 2200 2722 2272 τὴν
2748 2201 2912 2272 τιμὴν
2947 2201 3041 2254 τοῦ
3091 2201 3350 2266 σκεύους·
3385 2202 3571 2256 λοιπὸν
3621 2201 3723 2256 ἐὰν

2136 2287 2295 2360 θέλῃς
2326 2287 2522 2359 μικρὸν
2549 2289 2761 2358 ἀφῆσαι
2793 2289 2894 2359 τῆς
2919 2291 3107 2361 τιμῆς,
3148 2292 3206 2343 ὲν
3247 2291 3330 2344 σοί
3362 2293 3527 2344 ἐστιν.
3567 2289 3726 2344 Οὕτω

2137 2377 2202 2432 ἂν
2227 2380 2478 2451 εὑρήσεις
2516 2379 2846 2434 ἀνάπαυσιν.
2873 2379 3042 2434 Πάλιν
3068 2376 3224 2433 εἶπεν
3245 2380 3393 2452 αὑτῷ
3417 2382 3445 2433 6
3472 2380 3716 2449 ἀδελφός

2149 2469 2272 2524 Ἐὰν
2306 2470 2413 2542 ἔχω
2447 2472 2547 2542 τὴν
2591 2471 2780 2541 χρείαν
2829 2488 2930 2540 μου
2975 2471 3098 2524 ὅθεν
3143 2472 3364 2542 δήποτε,
3415 2470 3594 2534 θέλεις
3635 2471 3728 2525 ἵνα

2138 2564 2410 2634 φροντίσω
2434 2563 2746 2635 ὲργόχειρον
2767 2580 2781 2626 ;
2807 2564 2917 2617 Καὶ
2946 2563 3265 2635 ἀποκριθεὶς
3293 2566 3322 2617 6
3342 2565 3520 2635 γέρων
3545 2558 3724 2616 ε’ίπεν⁴

2149 2652 2275 2706 Ἐὰν
2316 2653 2450 2724 ἔχῃς
2479 2655 2602 2707 ὅσον
2643 2654 2864 2724 δήποτε,
2899 2653 2974 2724 μὴ
3018 2653 3356 2726 καταλείψῃς
3389 2652 3451 2706 τὸ
3481 2653 3727 2724 ὲργόχει-

2141 2745 2232 2814 ρὸν
2261 2761 2381 2796 oou'
2413 2745 2537 2797 ὅσον
2562 2743 2788 2798 δύνασαι
2813 2745 3057 2815 ποίησον,
3086 2743 3246 2814 μόνον
3276 2743 3351 2816 μὴ
3383 2744 3522 2815 μετὰ
3551 2760 3728 2814 ταρα-

2138 2835 2258 2905 χ’ἡς-

2347 2948 2486 3018 Περὶ
2512 2949 2618 3003 τοῦ
2645 2947 2794 3004 ἁϐϐᾶ
2820 2949 3044 3017 Πέτρου
3077 2949 3181 3004 τοῦ
3207 2951 3509 3004 Πιονίτου.

2206 3069 2275 3116 α’.
2322 3063 2548 3133 Ἔλεγον
2598 3065 2726 3136 περὶ
2771 3063 2865 3117 τοῦ
2917 3064 3063 3118 assa
3112 3052 3320 3135 Πέτρου
3346 3063 3440 3116 τοῦ
3476 3063 3726 3118 Πιονίτου

461 3155 549 3219 lis,
582 3156 728 3225 quod
755 3157 944 3211 vinum
969 3173 1077 3212 non
1109 3157 1338 3214 biberet.
1361 3159 1655 3231 Postquam
1679 3178 1810 3233 ergo
1834 3165 2034 3228 senuit,

2141 3157 2218 3218 είς
2243 3155 2312 3208 τὰ
2340 3155 2569 3223 Κελλία,
2598 3157 2678 3209 ὅτι
2716 3152 2859 3210 οἶνον
2899 3155 2998 3210 ούκ
3029 3155 3370 3210 ἐπινεν.”οτε
3398 3152 3490 3210 οὖν
3522 3157 3729 3228 ἐγήρα-

462 3247 658 3304 fratres
673 3249 978 3304 miscebant
1001 3265 1192 3320 parum
1210 3252 1319 3304 vini
1342 3267 1464 3305 cum
1483 3269 1646 3322 aqua,
1670 3256 2041 3326 rogabantque

461 3348 521 3394 ut
559 3356 683 3395 eum
720 3350 981 3397 sumeret.
1023 3340 1118 3396 Ille
1154 3342 1371 3398 dicebat
1408 3363 1420 3397 :
1460 3343 1676 3400 Credite
1712 3347 1866 3409 mihi,
1901 3350 2041 3403 velut

459 3433 742 3489 conditum
771 3435 931 3490 duco.
979 3434 1155 3504 Atque
1193 3435 1457 3506 judicavit
1499 3452 1558 3490 se
1591 3436 1644 3489 in
1687 3438 1813 3492 vino
1843 3439 2034 3495 diluto.

528 3611 584 3665 2.
639 3610 750 3682 (i8)
795 3608 988 3666 Frater
1046 3611 1187 3665 dixit
1234 3613 1414 3666 abbati
1465 3613 1641 3678 Petro,
1701 3614 1778 3668 illi
1829 3615 2040 3670 abbatis

460 3704 565 3760 Lot
608 3704 918 3775 discipulo:
966 3703 1198 3770 Quando
1230 3722 1350 3761 sum
1387 3707 1441 3760 in
1488 3707 1659 3773 cella,
1704 3723 1820 3763 mea
1857 3711 2038 3764 anima

462 3811 584 3848 cum
619 3809 753 3864 pace
803 3796 946 3865 agit;
979 3795 1026 3848 si
1071 3802 1253 3848 autem
1284 3796 1346 3848 ad
1391 3811 1475 3850 me
1521 3797 1816 3851 accesserit
1851 3797 2037 3863 frater,

460 3896 516 3940 et
555 3885 842 3956 protulerit
875 3901 1158 3942 sermones
1190 3887 1258 3941 de
1287 3888 1532 3942 externis
1569 3888 1755 3949 rebus,
1788 3888 2041 3943 turbatur

462 3979 645 4032 anima
678 3993 816 4032 mea.
852 3977 916 4030 Et
965 3978 1134 4033 abbas
1180 3977 1373 4034 Petrus
1405 3979 1590 4033 retulit
1615 3981 1662 4032 ei
1691 3979 1899 4033 dictum
1936 3980 2041 4035 hoc

460 4069 674 4124 abbatis-
703 4069 841 4124 Lot:
873 4068 1056 4125 Clavis
1103 4078 1196 4124 tua
1243 4071 1419 4140 aperit
1456 4071 1681 4140 januam
1723 4085 1920 4125 meam.
1953 4071 2040 4124 Ait

461 4162 579 4216 seni
609 4161 816 4217 frater:
853 4160 995 4227 Quid
1025 4162 1130 4217 sibi
1157 4163 1273 4216 vult
1304 4162 1417 4217 haec
1450 4163 1590 4216 vox?
1621 4159 1925 4232 Respondit
1954 4177 2037 4217 εει

462 4267 565 4307 nex
598 4270 613 4306 :
647 4251 705 4307 Si
763 4253 889 4322 quis
923 4252 1132 4307 venerit
1185 4252 1253 4306 ad
1309 4262 1378 4316 te,
1429 4253 1568 4308 dicis
1625 4253 1712 4308 ei:
1755 4252 2040 4319 Quomodo

459 4343 560 4400 tibi
605 4345 726 4400 est?
763 4343 918 4399 Unde
961 4345 1154 4399 venis?
1209 4344 1494 4410 Quomodo
1545 4345 1746 4400 habent
1803 4345 2042 4402 fratres?

463 4436 842 4504 Susceperunt
897 4447 969 4501 te,
1006 4437 1088 4490 vel
1137 4436 1286 4490 non?
1330 4434 1394 4488 Et
1426 4446 1556 4490 tunc
1606 4436 1787 4506 aperis
1840 4438 2041 4492 ostium

2143 3263 2256 3308 σεν,
2303 3248 2522 3301 ἐποίουν
2549 3249 2600 3300 οἱ
2627 3247 2847 3316 ἀδελφοὶ
2889 3247 3084 3318 μικρὸν
3123 3245 3600 3318 συγκεραστδνδν,
3631 3246 3730 3300 καὶ

2143 3338 2485 3407 παρεκάλουν
2519 3338 2682 3392 αὑτὸν
2714 3340 2763 3390 oi
2798 3338 3021 3408 ἀδελφοὶ
3067 3338 3345 3403 δέξασθαι.
3384 3339 3496 3392 Καὶ
3539 3338 3722 3408 έλεγε’

2143 3431 2406 3501 Θαρσεῖτε
2437 3448 2549 3502 μοι,
2578 3432 2660 3484 ὅτι
2691 3430 2766 3494 ὼς
2791 3429 3031 3484 κονδίτον
3061 3430 3192 3484 αὑτὸ
3218 3430 3344 3501 ἔχω.
3374 3431 3485 3482 Ka‘t
3511 3429 3732 3501 ἔκρινεν

2143 3525 2334 3579 ἑαυτὸν
2364 3528 2444 3590 εἰς
2477 3526 2539 3579 τὸ
2570 3524 3016 3596 συγκεραστόνη.

2215 3619 2279 3688 β’.
2336 3617 2591 3686 ’Λδελφδς
2643 3615 2763 3671 εἶπε
2815 3616 2891 3687 τῷ
2937 3615 3080 3687 άϐὗᾷ
3118 3616 3310 3688 Πέτρῳ
3341 3617 3420 3688 τῷ
3455 3616 3550 3670 τοῦ
3582 3616 3732 3670 ἀϐϐᾶ

2141 3711 2284 3773 Λὼτ,
2333 3711 2414 3763 ὅτι
2455 3710 2623 3762 Ὅταν
2651 3709 2768 3778 εἰμὶ
2803 3710 2861 3761 ἐν
2901 3707 2980 3778 τῷ
3015 3707 3210 3777 κελλίῳ
3259 3725 3383 3778 μου,
3434 3711 3491 3761 έν
3536 3709 3730 3778 εἰρήνῃ

2141 3803 2290 3858 ἐστὶν
2309 3805 2342 3873 ἡ
2370 3801 2513 3872 ψυχή
2543 3818 2642 3871 μου
2661 3815 2674 3828 ·
2705 3799 2800 3852 ἐὰν
2822 3799 2878 3852 δὲ
2903 3799 3130 3868 ἀδελφὸς
3159 3799 3454 3872 παραϐάλῃ
3491 3817 3602 3870 μοι,
3633 3801 3732 3852 καὶ

2141 3897 2267 3958 τοὺς
2310 3893 2501 3960 λόγους
2549 3891 2657 3946 τῶν
2704 3890 2808 3955 ἔξω
2837 3891 2966 3964 εἴπῃ
3002 3909 3113 3962 μοι,
3147 3892 3481 3964 ταράσσεται
3511 3893 3543 3961 ἡ
3575 3891 3728 3960 ψυχή

2145 4003 2269 4057 μου.
2296 3985 2460 4053 Λέγει
2494 3983 2524 4036 6
2548 3982 2723 4046 ἀϐϐἄς
2753 3981 2982 4052 Πέτρος,
3007 3983 3090 4035 ὅτι
3120 3982 3304 4050 ἔλεγεν
3327 3985 3356 4035 6
3385 3982 3558 4045 άὸὁᾶς
3580 3981 3727 4034 Λώτ·

2141 4075 2215 4128 Τὸ
2246 4073 2476 4127 κλειδίον
2507 4089 2598 4125 σου
2628 4071 2834 4141 ἀνοίγει
2856 4071 2952 4141 τὴν
2984 4071 3157 4143 θύραν
3193 4090 3316 4142 μου.
3338 4073 3499 4140 Λέγει
3522 4073 3551 4124 6
3576 4071 3735 4124 άεελ-

2142 4165 2240 4232 φὸς
2270 4163 2348 4234 τῷ
2384 4163 2636 4235 γέροντι·
2673 4161 2738 4214 Τί
2767 4162 2884 4213 em
2910 4162 2970 4214 τὸ
3003 4162 3154 4232 ῥῆμα
3177 4161 3369 4227 τούτο;
3394 4161 3556 4228 Λέγει
3579 4163 3610 4215 6
3640 4159 3734 4228 γέ-

2145 4272 2286 4326 ρων·
2339 4255 2464 4308 Ἐάν
2503 4255 2589 4316 τίς
2635 4271 2718 4306 σοι
2767 4253 3082 4324 παραϐάλῃ,
3130 4253 3310 4322 λέγεις
3367 4251 3548 4320 αὑτῷ·
3605 4252 3736 4316 Πῶς

2141 4347 2320 4418 έχεις;
2357 4345 2527 4399 Πόθεν
2563 4340 2756 4414 ἦλθες;
2787 4343 2910 4407 Πῶς
2937 4343 3151 4413 ἔχουσιν
3176 4344 3226 4396 oi.
3259 4341 3509 4410 ἀδελφοίς
3549 4342 3734 4412 Προσ-

2144 4438 2402 4492 ελάϐοντὸ
2437 4454 2516 4499 σε,
2553 4435 2584 4506 ἢ
2615 4434 2674 4488 οὑ
2699 4454 2713 4500 ;
2755 4435 2866 4488 Καὶ
2894 4435 3016 4488 τότε
3045 4435 3284 4502 ἀνοίγεις
3308 4435 3408 4506 τὴν
3436 4433 3605 4504 θύραν
3634 4432 3735 4486 τοῦ

462 4501 671 4588 fratris,
706 4534 869 4594 atque
901 4526 1059 4581 audis
1088 4541 1208 4595 quae
1247 4541 1355 4580 non
1388 4501 1800 4595 placent.-Dicit
1832 4529 1882 4584 ei
1912 4550 1924 4582 :
1961 4530 2035 4583 lta

2146 4531 2402 4600 ἀδελφοῦ,
2440 4530 2534 4583 καὶ
2565 4501 2784 4592 άκούεις
2818 4527 2853 4581 ἆ
2876 4529 2937 4581 οὑ
2967 4527 3160 4591 θέλεις.
3179 4501 3376 4595 Λέγει,
3403 4501 3554 4598 αὑτῷ
3575 4544 3588 4557 °
3621 4525 3737 4580 Οὖ-

460 4622 566 4668 εεῑ.
597 4613 739 4678 Quid
773 4629 904 4686 ergo
938 4615 1102 4671 faciet
1133 4617 1316 4681 homo,
1352 4633 1476 4671 cum
1522 4617 1692 4673 frater
1725 4621 2035 4675 convenerit

2144 4640 2249 4685 τως
2291 4621 2433 4691 ἔχει.
2458 4622 2522 4673 Τί
2562 4616 2656 4674 οὖν
2691 4622 2902 4691 ποιήσει
2933 4619 3237 4690 ἄνθρωπος,
3273 4619 3367 4671 ἐὰν
3417 4617 3545 4690 ἔλθῃ
3592 4615 3735 4687 πρὸς

461 4705 624 4760 eum?
650 4704 826 4760 Senex
861 4706 1076 4775 excepit
1105 4725 1116 4760 :
1154 4706 1357 4761 Luctus
1391 4707 1617 4761 omnino
1636 4707 1883 4762 doctrina
1917 4721 2035 4764 est:

2145 4712 2305 4766 αὑτὸν
2336 4709 2594 4780 άδελφός;
2638 4711 2801 4780 Λέγει
2840 4713 2868 4763 6
2906 4711 3116 4780 γέρωνο
3157 4709 3230 4762 T6
3258 4708 3453 4772 πένθος
3485 4708 3606 4762 ὅλον
3649 4709 3736 4761 διο

462 4795 555 4850 ubi
590 4811 721 4851 vero
749 4811 857 4850 non
890 4807 975 4851 est
1005 4797 1204 4863 luctus,
1238 4798 1353 4852 fieri
1391 4813 1497 4852 non
1537 4809 1713 4868 potest
1739 4801 1813 4855 uti
1850 4817 2035 4856 cavea-

2142 4805 2278 4874 δαχή
2305 4806 2452 4857 ἐστιν
2483 4801 2592 4872 (l9)
2615 4818 2628 4831 °
2657 4802 2790 4854 ὅπου
2819 4801 2875 4853 δὲ
2907 4802 3005 4853 οὑκ
3033 4800 3146 4854 ἐστι
3176 4802 3392 4864 πένθος,
3421 4801 3482 4853 οὑ
3504 4798 3736 4854 δυνατὸν

463 4902 607 4942 mus.
643 4885 778 4941 Tum
827 4886 1026 4941 frater:
1053 4888 1212 4956 Cum,
1244 4889 1442 4960 inquit,
1471 4892 1526 4946 in
1547 4893 1680 4947 cella
1720 4909 1837 4949 mea
1862 4893 2035 4956 fuero,

2147 4894 2503 4964 φυλάξασθαι.
2530 4893 2692 4961 Λέγει
2717 4894 2746 4945 6
2767 4892 2994 4961 ἁδελφός
3015 4907 3029 4920 ·
3059 4893 3227 4946 Ὅταν
3254 4895 3311 4947 ἐν
3335 4893 3414 4963 τῷ
3442 4891 3639 4962 κελλίῳ
3661 4887 3733 4954 ὦ,

468 4995 675 5033 mecum
703 4987 790 5034 est
831 4981 1044 5047 luctus;
1075 4982 1167 5036 sed
1203 4983 1243 5035 si
1280 4981 1480 5052 aliquis
1511 5000 1596 5040 me
1623 4985 1833 5050 adierit,
1870 4992 1965 5038 aut
1993 4986 2035 5039 si

2151 4988 2268 5055 μετ’
2298 4984 2431 5056 ἐμοῦ
2465 4987 2580 5038 ἐστι
2625 4985 2686 5036 τὸ
2726 4985 2920 5047 πένθος
2941 5002 2953 5014 ·
2987 4984 3082 5038 ἐὰν
3106 4983 3162 5036 δὲ
3189 4983 3316 5055 ἔλθῃ
3348 5001 3432 5046 τις
3467 4983 3603 5055 πρὸς
3636 4983 3732 5053 μὲ,

460 5072 649 5125 cxiero
678 5086 709 5126 e
749 5072 920 5138 cella,
955 5073 1160 5126 luctum
1215 5090 1321 5128 non
1372 5076 1608 5131 invenio.
1649 5075 1784 5129 Tum
1822 5093 1984 5132 senex
2024 5097 2034 5130 :

463 5163 715 5220 Nondum
748 5165 844 5219 tibi
891 5167 1164 5236 mancipio
1213 5177 1328 5232 est,
1374 5167 1469 5223 sed
1509 5168 1674 5222 veluti
1719 5184 1838 5222 usu.
1888 5167 2038 5222 Scri-

463 5261 616 5324 ptum
651 5255 797 5310 enim
841 5265 923 5310 est
956 5257 1009 5310 in
1043 5257 1199 5327 lege:
1233 5258 1458 5324 Quando
1498 5259 1804 5326 acquisieris
1833 5275 2039 5313 servum

537 5411 580 5442 “
608 5411 692 5466 Al.
733 5410 1080 5475 ἀκούσαντες.

537 5566 652 5630 (15)
697 5567 804 5619 Vit.
845 5568 997 5621 Patr.
1027 5583 1086 5629 ll,
1123 5567 1222 5632 15;
1265 5568 1420 5622 Joan.
1464 5568 1649 5623 Gcom.
1678 5568 1878 5623 Parad.
1920 5571 2002 5624 17.

537 5635 652 5698 (16)
700 5635 808 5690 Vit.
848 5638 1002 5690 Patr.
1039 5655 1112 5700 γι,
1145 5638 1233 5691 Η.

539 5699 650 5768 (Π)
701 5703 804 5756 Vit.
838 5706 991 5760 Patr.
1018 5699 1209 5769 ιν,ί55.

545 5771 658 5836 (18)
705 5771 813 5825 Vit.
852 5775 1002 5829 I’atr.
1040 5794 1113 5839 xi,
1153 5779 1241 5830 ‘26.

2147 5075 2179 5147 ἢ
2221 5076 2420 5141 ἐξέλθω
2449 5078 2513 5128 ἐκ
2549 5074 2644 5128 τοῦ
2670 5075 2902 5142 κελλίου,
2932 5077 3029 5145 οὑχ
3059 5075 3300 5146 εὑρίσκω
3329 5077 3480 5130 αὑτό.
3513 5075 3678 5143 Λέγει
3705 5079 3736 5130 6

2147 5168 2350 5238 γέρων·
2380 5167 2602 5221 Οὐδέπω
2648 5185 2728 5220 σοι
2752 5169 3020 5237 ὑπετάγη,
3045 5167 3158 5221 ἀλλ’
3178 5169 3252 5232 ὠς
3277 5170 3334 5221 ὲν
3371 5169 3562 5239 χρήσει
3589 5169 3730 5223 ἐστί.

2146 5259 2458 5330 Γέγραπται
2492 5259 2600 5331 γὰρ
2635 5263 2690 5312 ὲν
2725 5260 2801 5330 τῷ
2825 5260 2993 5330 νόμῳ,
3025 5260 3104 5314 ὅτι
3137 5259 3324 5314 Ὅταν
3359 5259 3556 5328 κτήσῃ
3592 5259 3732 5313 παῖ-

1156 5412 1221 5444 δ⁴¹
1265 5413 1345 5468 Al.
1403 5413 1800 5484 συγκερασμόν.
1879 5413 2032 5469 "Al.
2070 5414 2159 5466 τὸν
2215 5415 2613 5486 οηγκερασμόν.

2224 5569 2335 5634 (19)
2384 5569 2692 5635 Τιόπὲι-’θος
2725 5571 2865 5623 ὅλον
2907 5568 3122 5638 διδαχή
3167 5570 3354 5621 ἐστιν.
3390 5567 3725 5636 Interpreta-

2153 5641 2228 5691 tio
2260 5639 2485 5708 Pelagii,
2523 5640 2585 5692 In
2611 5641 2753 5692 luctu
2783 5640 2994 5692 omnino
3033 5641 3277 5692 doctrina
3303 5648 3400 5691 est.
3437 5639 3504 5691 At
3540 5638 3727 5691 Marti-

2155 5727 2259 5762 nus
2297 5710 2625 5771 Durnicnsis,
2660 5710 2787 5778 quia
2811 5709 2947 5762 ὅλων
2971 5711 3235 5777 scriptum
3270 5709 3573 5774 invenerat,
3600 5708 3726 5762 red-

2156 5779 2312 5844 didit,
2349 5779 2596 5833 Omnium
2627 5779 2869 5833 dectrina
2910 5780 3078 5833 luctus
3107 5789 3204 5832 est.
