4062 6332
288 368 384 426 377

1403 387 2012 454 ᾹΡΟΡΠΤΙΙΕΟΜΑΤΔ
2048 400 2360 460 PATRUM.

3413 421 3519 477 578

284 490 355 600 6a
387 490 672 600 'EEpat’or,
696 493 767 560 ἐξ
791 496 896 566 ἐτη
924 498 1243 557 δουλεύσει
1268 521 1368 561 σοι
1385 525 1400 541 ο
1428 510 1508 575 τῷ
1530 511 1599 565 δὲ
1626 513 1849 585 ἑϐδόμῳ

1957 518 2259 588 Ηεὸνανιιηι,
2309 540 2402 579 se:
2449 542 2613 582 annos
2665 530 2851 584 serviet
2906 530 3031 593 tibi;
3080 532 3302 600 septimo
3348 545 3524 590 autem

286 582 848 673 hstefaazoatslsic
888 592 1077 645 αὐτὸν
1106 595 1444 666 ἐλεύθερον.
1462 601 1603 657 Ἐὰν
1633 604 1701 657 δὲ
1731 582 1850 673 δῷς

280 671 429 738 αὐτῷ
458 675 736 744 γυναῖκα,
768 680 867 734 καί
917 683 1183 755 γεννήσῃ
1220 688 1428 745 παιδία
1474 692 1546 746 ἐν
1572 693 1649 762 τῇ
1693 671 1850 763 οὶκίᾲ

278 778 409 858 σοι),
442 767 543 821 καὶ
579 768 667 838 μὴ
706 771 940 843 θελήσῃ
973 775 1440 846 ἀποδιδράσκειν
1475 783 1573 840 διὰ
1594 785 1712 855 τὴν
1747 806 1851 858 γυ-

278 854 447 946 fama
484 858 685 946 rd
719 862 948 930 παιδία,
980 868 1304 938 προσάξεις
1334 873 1521 928 αὐτὸν
1554 876 1705 945 πρὸς
1734 854 1850 946 fit”

279 943 460 1009 θύραν
491 943 603 999 τοῦ
629 947 823 1013 οἶκου,
857 952 957 1006 καὶ
986 956 1314 1026 τρυπήσας
1344 962 1531 1017 αὐτοῦ
1562 943 1627 1018 τό
1673 943 1851 1020 ὠτίον

276 1032 351 1098 τῷ
371 1034 615 1104 ὀπητίῳ,
649 1040 749 1094 καὶ
788 1041 959 1096 ἔσται
1003 1059 1101 1099 σοι
1130 1047 1353 1117 δοῦλος
1386 1055 1473 1118 εις
1508 1053 1615 1108 τὸν
1641 1055 1847 1112 αἰῶνα.

277 1122 432 1192 Λέγει
464 1126 496 1177 6
525 1118 782 1198 ἀδελφόςο
815 1131 879 1185 Τί
908 1134 1023 1186 ἐστι
1045 1134 1106 1188 τὸ
1130 1138 1281 1209 ῥῆμα
1304 1141 1496 1209 τοῦτο;
1522 1144 1683 1214 Λέγει
1703 1147 1733 1199 6
1758 1148 1850 1216 γέ-

279 1232 408 1308 ρων·
425 1218 568 1308 ξΕὰν
596 1221 750 1294 κάμῃ
770 1222 1056 1296 ἄνθρωπος
1081 1229 1161 1292 είς
1183 1233 1414 1302 πρᾶγμα
1435 1234 1577 1288 κατὰ
1595 1235 1847 1308 δύναμιν,

273 1304 384 1358 οἷαν
412 1304 564 1379 ῶραν
592 1309 820 1382 ζητήσει
853 1314 986 1368 αὐτὸ
1016 1317 1099 1380 εἰς
1126 1319 1315 1389 χρείαν
1332 1322 1400 1386 ⁵⁸,
1430 1324 1652 1395 εὑρήσει
1693 1304 1848 1382 αῦτό.

273 1398 430 1466 Λέγει
454 1399 606 1471 αὐτῷ
624 1418 639 1434 ο
670 1402 901 1476 Ποίησον
921 1408 1143 1479 ἀγάπην
1164 1425 1179 1441 ⁶
1209 1412 1330 1465 εἰπέ
1361 1430 1452 1483 μοι
1478 1414 1539 1468 τὸ
1563 1416 1714 1487 ῥῆμα
1733 1416 1852 1471 τοῦ·

273 1506 345 1543 το.
375 1490 539 1560 Λέγει
570 1494 600 1546 6
628 1495 810 1567 γέρων
830 1514 845 1528 ·
875 1495 1012 1552 Οὐδὲ
1042 1501 1194 1564 νόθος
1237 1505 1352 1567 υίὸς
1396 1506 1700 1577 παραμένει
1741 1511 1848 1564 τινὶ

272 1582 556 1673 δουλεύων,
584 1586 698 1640 ἀλλ’
733 1589 761 1640 6
792 1591 1128 1662 γεννώμενος
1151 1595 1267 1660 υίὸς
1292 1597 1393 1650 οὐκ
1425 1600 1490 1669 ἐᾷ
1519 1599 1614 1653 τὸν
1637 1602 1848 1673 πατέρα

272 1672 458 1729 αὑτοῦ.
1276 1679 1294 1699 ⁸

289 1763 295 1769 ’
337 1773 407 1832 γ’.
452 1766 681 1836 Ἔλεγον
710 1770 838 1841 περὶ
874 1771 969 1825 τοῦ
1002 1772 1147 1828 ά66ᾶ
1195 1776 1404 1849 Πέτρου
1443 1781 1538 1834 καὶ
1575 1780 1670 1835 τοῦ
1704 1782 1849 1837 άόϐᾶ

1953 628 2090 667 anno
2121 614 2355 671 dimittes
2387 634 2503 671 eum
2540 617 2782 676 liberum.
2834 620 2895 677 Si
2925 640 3041 678 rero
3084 623 3290 679 dederis
3320 627 3367 679 ei
3400 641 3523 678 uxo-

1952 718 2080 767 rem,
2110 714 2161 758 et
2209 708 2443 776 genuerit
2483 708 2675 764 liberos
2724 712 2778 764 in
2821 713 2975 767 domo
3009 724 3131 777 tua,
3171 733 3264 769 nec
3306 716 3525 770 valuerit

1951 793 2096 848 abire
2113 805 2323 864 propter
2356 813 2572 853 uxorem
2601 811 2650 853 et
2686 801 2902 866 liberos,
2935 805 3163 859 adduces
3193 823 3310 860 eum
3337 806 3405 861 ad
3436 825 3525 861 os-

1952 885 2084 938 tium
2106 886 2315 955 domus,
2348 898 2397 942 et
2424 892 2719 961 perforabis
2743 894 2856 963 ejus
2885 897 3186 949 auriculam
3220 899 3445 964 subula,
3474 906 3525 951 et

1949 976 2051 1029 erit
2079 974 2174 1029 tibi
2200 992 2379 1031 servus
2408 978 2462 1031 in
2512 982 2768 1035 εωειιίιιηι
2805 982 2873 1037 ⁸⁸.
2915 981 3091 1055 Rogat
3131 984 3343 1040 frater:
3384 985 3524 1051 Quid

1950 1071 2036 1120 est
2067 1064 2171 1120 hoc
2197 1066 2387 1122 verbi?
2408 1066 2755 1139 Responsum
2789 1071 2941 1128 dedit
2962 1088 3130 1129 senex
3164 1094 3176 1129 :
3217 1072 3275 1128 Si
3308 1075 3528 1130 labora.

1951 1156 2087 1211 verit
2116 1157 2283 1213 homo
2314 1175 2416 1231 pro
2440 1160 2650 1218 viribus
2686 1164 2743 1218 in
2775 1178 2833 1219 re
2871 1165 3074 1235 aliqua,
3104 1166 3319 1237 quoties
3345 1168 3527 1237 requi-

1951 1247 2107 1303 sierit
2133 1263 2255 1304 eam
2278 1250 2345 1305 ad
2382 1266 2565 1317 usum,
2606 1253 2865 1309 inveniet.
2900 1253 3142 1325 Sbjecit
3165 1255 3336 1311 frater
3372 1276 3386 1312 :
3418 1255 3526 1312 Fac

1949 1340 2514 1408 charitatem,enarra
2543 1345 2676 1400 mihi
2700 1361 3007 1402 sermonem
3040 1349 3204 1403 hunc.
3234 1347 3301 1403 Et
3325 1364 3520 1404 senex:

1947 1432 2136 1504 Neque
2164 1436 2388 1505 spurius
2419 1437 2564 1494 filius
2596 1447 2879 1510 permanet
2909 1440 2966 1495 in
3003 1441 3300 1509 servitute;
3335 1442 3432 1499 sed
3462 1443 3520 1496 li-

1954 1529 2058 1583 lius
2087 1540 2249 1584 verus
2278 1543 2390 1584 non
2416 1530 2678 1601 relinquit
2702 1539 2910 1602 patrem
2933 1547 3113 1589 suum.

2021 1785 2075 1840 5.
2115 1784 2453 1844 Referebant
2490 1790 2558 1845 de
2615 1791 2813 1848 abbate
2841 1790 3004 1848 Petro
3053 1802 3107 1848 et
3153 1793 3350 1850 abbate
3401 1793 3524 1865 Epi-

282 1857 584 1929 Ἐπιμάχου
608 1898 624 1922 ,
682 1861 765 1914 ὅτι
838 1868 1202 1937 συμφωνηταὶ
1273 1863 1415 1940 ἦσαν
1482 1873 1562 1936 είς
1602 1873 1845 1928 Ῥαῖθοῦ.

1953 1876 2170 1942 macho,
2200 1878 2346 1948 quod
2381 1890 2568 1937 essent
2594 1883 2812 1938 sodales
2838 1883 2892 1938 in
2922 1882 3190 1938 Rhaitbu.
3225 1857 3528 1940 Comeden-

282 1948 600 2005 Ἐσθιόντων
625 1951 682 2005 δὲ
706 1952 887 2007 αὐτῶν
915 1956 974 2007 ὲν
997 1959 1064 2027 τῇ
1094 1958 1383 2032 ἐκκλησίᾳ,
1430 1961 1723 2019 ἐϐιάσαντο
1753 1967 1851 2020 αὑ-

270 2038 388 2102 τοὺς
416 2039 597 2095 ὲλθεῖν
616 2042 696 2105 είς
722 2042 822 2113 τὴν
844 2044 1120 2115 τράπεζαν
1144 2048 1253 2103 τῶν
1279 2053 1575 2123 γερόντων.
1608 2056 1721 2110 Καὶ
1748 2075 1849 2128 με-

269 2132 332 2186 τὰ
356 2132 558 2187 πολλοῦ
585 2134 754 2188 κόπου
781 2136 1022 2209 ἀπῆλθεν
1045 2141 1075 2194 6
1095 2140 1268 2207 6666;
1296 2145 1503 2216 Πέτρος
1535 2148 1715 2219 μόνος.
1735 2152 1849 2207 Καὶ

267 2221 337 2287 ὡς
362 2224 692 2298 ἀνέστησαν,
733 2227 881 2297 λέγει
911 2230 1061 2301 αὐτῷ
1085 2233 1114 2286 6
1142 2232 1317 2299 666d;
1353 2236 1655 2311 Ἐπίμαχος
1676 2257 1693 2275 ο
1724 2243 1850 2309 Πῶς

268 2314 572 2386 ἐτόλμησας
602 2316 856 2372 ἀπελθεῖν
881 2320 961 2384 είς
986 2319 1083 2392 τὴν
1110 2322 1389 2393 τράπεζαν
1407 2326 1517 2382 τῶν
1540 2330 1811 2401 γερόντων
1832 2351 1846 2401 ;

279 2406 333 2460 Ὀ
366 2407 424 2460 δὲ
450 2408 731 2480 ἀπεκρίθη
750 2427 763 2440 ·
795 2412 857 2464 Ei
887 2412 1119 2468 ἐκάθισα
1149 2415 1269 2485 μεθ’
1301 2417 1477 2488 ὑμῶν,
1512 2420 1589 2487 ὡς
1614 2422 1848 2496 γέροντα

266 2499 310 2550 οί
342 2498 570 2569 ἀδελφοὶ
596 2500 831 2572 ἤμελλον
879 2505 1283 2576 προτρέπεσθαί
1319 2527 1387 2580 με
1416 2512 1661 2583 εὐλογεῖν
1693 2518 1850 2589 πρῶ-

265 2608 367 2653 τον,
398 2593 500 2645 καὶ
530 2590 607 2656 ὡς
639 2593 841 2663 μείζων
866 2594 1019 2667 ὑμῶν
1050 2593 1195 2669 εἶχον
1228 2595 1396 2655 εἶναι⁹
1437 2603 1532 2658 νῦν
1560 2602 1652 2662 οὖν
1679 2609 1850 2663 ἀπελε-

268 2680 368 2735 θὼν
396 2682 574 2752 ἐγγὺς
618 2684 727 2738 τῶν
760 2686 1041 2759 Πατέρων,
1076 2691 1399 2766 μικρότερος
1426 2695 1644 2753 πάντων
1677 2700 1845 2774 ἥμην,

266 2774 350 2827 καὶ
376 2776 766 2849 ταπεινότερος
790 2778 869 2850 τῷ
898 2778 1163 2854 λογισμῷ.

326 2866 387 2921 6'.
431 2861 611 2922 Εἶπεν
640 2870 668 2922 6
701 2869 876 2936 6665.;
907 2871 1134 2944 Πέτρος,
1173 2875 1255 2929 ὅτι
1288 2878 1363 2932 Οὐ
1405 2879 1487 2933 δεῖ
1524 2882 1850 2954 ἐπαίρεσθαι

264 2960 383 3015 ὅταν
405 2962 435 3014 6
472 2960 681 3033 Κύριος
719 2964 918 3037 ποιήσῃ
956 2983 1011 3018 τι
1051 2966 1321 3038 δι’ὴμῶν,
1357 2971 1492 3027 ἀλλὰ
1531 2974 1730 3045 μᾶλλον
1757 2977 1849 3031 εὐ-

264 3053 542 3121 χαριστεῖν
584 3052 667 3105 ὃτι
711 3053 1131 3126 κατηξιώθημεν
1169 3060 1580 3133 προσκληθῆναι
1628 3065 1722 3118 ὑπ’
1751 3068 1849 3120 αὐ-

265 3140 369 3195 τοῦ.
399 3142 581 3197 Τοῦτο
609 3143 655 3198 δ’
683 3145 774 3197 ἐπὶ
807 3145 987 3217 πάσης
1010 3148 1212 3220 ἀρετῆς
1233 3149 1386 3220 ἔλεγε
1424 3155 1724 3228 συμφέρειν
1758 3158 1846 3213 λο-

264 3229 534 3298 γίζεσθαι.

603 3325 740 3393 Περὶ
770 3326 876 3381 τοῦ
913 3326 1065 3383 ἀϐὅᾶ
1094 3332 1493 3401 Παφνουτίου.

326 3445 392 3493 α’.
436 3433 616 3492 Εἶπεν
639 3439 669 3490 6
699 3437 874 3503 άϐὅᾶς
907 3442 1263 3510 Παφνούτιος,
1288 3446 1370 3500 ὅτι
1403 3449 1667 3505 Διοδεὺων
1696 3454 1754 3505 ὲν
1779 3455 1844 3525 τῇ
1955 3437 1959 3440 ν

261 3528 379 3599 ὁδῷ,
419 3526 622 3598 γέγονέ
651 3546 719 3599 με
745 3529 1197 3604 ἀποπλανηθῆναι
1234 3538 1345 3592 ἀπὸ
1381 3539 1600 3611 δρόσου,
1634 3543 1845 3598 x6156-

262 3620 481 3692 ρεθῆναι
535 3619 759 3691 πλησίον
810 3622 1020 3696 κώμης.
1062 3630 1172 3682 Καὶ
1216 3627 1354 3685 εἶδόν
1406 3650 1561 3699 τινας
1593 3636 1845 3707 ὁμιλοῦν-

261 3731 351 3778 τας
366 3714 410 3747 ⁸⁷
430 3713 690 3785 ἀλλήλοις
707 3730 724 3749 ⁸
748 3717 843 3770 καὶ
863 3718 1097 3791 ἐστάθην
1121 3720 1374 3798 δεόμενος
1394 3726 1523 3797 περὶ
1543 3727 1651 3782 τῶν
1672 3729 1847 3802 ἀμαρ-

264 3805 384 3860 τιῶν
424 3823 553 3877 μου.
591 3806 699 3859 Kal
748 3807 856 3861 ἰδοὺ
901 3810 1132 3880 ἄγγελος
1161 3807 1323 3884 ἦλθεν
1356 3815 1495 3886 ἔχων
1542 3820 1841 3890 ῥομφαίαν,

262 3897 351 3950 καὶ
393 3896 549 3967 λέγει
600 3913 721 3966 μοι·
760 3899 1086 3969 Παφνούτιε,
1114 3904 1317 3970 πάντες
1346 3909 1394 3960 oi
1420 3909 1695 3981 κρίνοντες
1722 3915 1847 3979 τοὺς

262 3984 520 4055 ἀδελφοὺς
550 3986 754 4053 αὐτῶν,
780 3990 838 4041 ὲν
878 3991 1050 4063 ταύτῃ
1096 3995 1162 4063 τῇ
1211 3996 1453 4069 ῥομφαίᾳ
1479 3999 1803 4055 ἀπολοῦνται
1829 4019 1841 4031 ·

263 4077 324 4130 σὺ
350 4076 406 4132 δὲ
428 4079 516 4132 ὅτι
543 4078 647 4131 οὐκ
679 4076 921 4150 ἔκρινας,
955 4083 1071 4136 ἀλλ’
1094 4085 1465 4152 ἐταπείνωσας
1519 4090 1713 4145 ἑαυτὸν
1760 4093 1846 4144 ὲν-

264 4169 426 4223 ὡπιον
470 4168 573 4223 τοῦ
616 4169 774 4233 Θεοῦ,
805 4172 881 4236 ὡς
921 4175 986 4228 σὺ
1039 4175 1138 4247 τὴν
1169 4177 1443 4249 ἁμαρτίαν
1487 4182 1736 4250 ποιήσας,
1758 4183 1845 4238 διὰ

265 4259 412 4314 τοῦτο
435 4261 502 4315 τὸ
536 4260 712 4332 ὄνομά
738 4279 832 4316 σου
866 4266 1239 4338 ἐγγέγραπται
1269 4270 1328 4323 ὲν
1357 4270 1521 4343 βίϐλῳ
1547 4269 1783 4336 ζώντων.

330 4349 395 4419 β’.
440 4351 675 4421 Ἔλεγον
713 4355 842 4426 περὶ
874 4354 969 4409 τοῦ
997 4358 1143 4413 ά66ᾶ
1169 4360 1523 4429 Παφνουτίου,
1551 4364 1633 4417 ὃτι
1662 4367 1722 4418 οὑ
1749 4384 1845 4420 τα-

264 4439 395 4507 χέως
425 4441 617 4495 ἔπινεν
644 4437 808 4497 οἶνον.
827 4443 1054 4500 Ὀδεύων
1080 4446 1136 4500 δέ
1170 4465 1301 4502 ποτε
1330 4452 1526 4524 εὑρέθη
1549 4455 1734 4509 ἐπάνω
1755 4473 1846 4511 κο⁴

1954 1965 2103 2022 tibus
2155 1977 2337 2025 autem
2371 1968 2482 2025 illis
2527 1970 2586 2024 in
2632 1971 2888 2039 ecclesia,
2914 1973 3295 2044 compulerunt
3345 1988 3440 2028 eos
3469 1982 3528 2029 ut

1951 2058 2202 2114 venirent
2221 2060 2288 2115 ad
2323 2075 2568 2116 mensam
2590 2077 2808 2118 senum.
2835 2062 3112 2135 1E3reque
3141 2065 3410 2122 adductus
3433 2068 3528 2120 ab-

1950 2148 2050 2206 bas
2087 2148 2279 2207 Petrus
2319 2153 2415 2207 ivit
2450 2152 2623 2209 solus.
2655 2151 2727 2207 Ut
2755 2165 2934 2210 autem
2978 2166 3357 2220 surrexerunt,
3394 2157 3528 2213 dicit

1949 2241 2000 2296 ei
2034 2241 2206 2298 abbas
2238 2242 2602 2312 Epimachus:
2638 2243 2755 2311 Qua
2779 2246 2993 2302 ratione
3019 2261 3188 2303 ausus
3204 2264 3264 2303 es
3288 2250 3439 2305 abire
3459 2250 3525 2303 ad

1952 2348 2199 2388 mensam
2236 2335 2471 2389 senum?
2504 2334 2812 2407 Respondit
2840 2337 2971 2393 ille:
3006 2337 3064 2393 Si
3101 2340 3404 2395 vobiscum'
3440 2357 3527 2396 se-

1951 2422 2174 2486 dissem,
2216 2422 2363 2477 velut
2394 2438 2579 2479 senem
2630 2423 2827 2481 fratres
2863 2425 3067 2481 hortati
3111 2442 3198 2482 me
3238 2436 3421 2484 essent
3469 2441 3527 2483 ut

1952 2511 2160 2582 primus
2191 2510 2607 2579 benedicerem,
2642 2524 2699 2569 et
2733 2522 2994 2586 tanquam
3030 2516 3206 2586 major
3240 2518 3393 2574 vobis
3432 2518 3527 2573 ha—

1951 2605 2103 2661 bitus
2151 2604 2423 2660 fuissem:
2460 2605 2575 2675 jam
2617 2620 2748 2661 vero
2794 2605 3074 2676 profectus
3115 2607 3271 2678 juxta
3318 2607 3524 2676 Patres,

1950 2696 2196 2751 omnium
2240 2695 2320 2752 fui
2357 2696 2641 2758 minimus.
2691 2712 2757 2753 ac
2811 2706 2996 2756 mente
3050 2698 3311 2755 humilior
3347 2700 3527 2759 factus

1952 2801 2097 2842 sum.

2021 2881 2075 2936 4.
2115 2879 2263 2936 Dixit
2287 2881 2458 2938 abbas
2484 2880 2678 2938 Petrus
2704 2899 2717 2936 :
2748 2882 2869 2937 Non
2906 2888 3121 2953 oportet
3152 2883 3360 2949 extolli,
3401 2897 3524 2938 cum

1952 2973 2097 3031 Deus
2152 2973 2356 3046 aliquid
2400 2991 2496 3045 per
2546 2990 2648 3031 nos
2706 2974 2929 3042 fecerit,
2975 2975 3069 3031 sed
3115 2977 3296 3045 potius
3323 2977 3526 3045 gratias

1952 3080 2114 3138 agere
2148 3066 2294 3137 quod
2335 3067 2483 3138 digni
2535 3066 2663 3121 facti
2708 3067 2972 3125 fuerimus
2995 3069 3088 3139 qui
3115 3083 3434 3135 vocaremur
3459 3073 3528 3123 ab

1952 3176 2038 3215 eo.
2080 3160 2351 3225 Addebat,
2387 3160 2646 3230 expedire
2690 3167 2750 3214 ut
2782 3160 2836 3214 in
2867 3160 3014 3215 omni
3046 3162 3248 3216 virtute
3274 3160 3406 3215 illud
3440 3175 3528 3215 rc-

1947 3265 2221 3325 putemus.

2410 3341 2484 3397 De
2520 3341 2711 3397 abbate
2747 3340 3068 3411 Paphnutio.

2019 3459 2068 3512 l.
2107 3457 2364 3512 Narravit
2398 3456 2567 3511 abbas
2599 3454 2975 3526 Paphnutius:
3020 3453 3126 3509 Per
3154 3453 3297 3509 viam
3333 3461 3519 3510 trans-

1947 3549 2088 3614 iens,
2130 3549 2358 3621 contigit
2399 3557 2458 3602 ut
2496 3549 2808 3604 aberrarem
2875 3548 2947 3603 0b
2986 3562 3189 3613 rorem,
3244 3560 3310 3601 ac
3347 3560 3516 3617 prope

1947 3638 2127 3693 vicum
2149 3652 2349 3694 essem.
2371 3637 2485 3693 lllic
2508 3638 2617 3693 vidi
2638 3637 2901 3709 quosdam
2937 3637 3169 3708 turpiter
3185 3644 3447 3709 agentes;
3472 3644 3526 3692 ct

1947 3728 2073 3785 steti
2104 3729 2366 3799 oravique
2391 3743 2491 3799 pro
2515 3727 2758 3798 peccatis
2791 3729 2952 3789 meis.
2988 3726 3134 3783 Ecce
3181 3726 3405 3796 angelus
3427 3725 3523 3780 de-

1948 3821 2161 3879 scendit
2194 3830 2386 3877 tenens
2442 3821 2721 3887 frameam,
2758 3822 2944 3892 aitque
3002 3820 3175 3875 mihi:
3226 3818 3523 3888 Paphnuti,

1947 3928 2140 3970 omnes
2168 3911 2262 3983 qui
2287 3911 2537 3982 judicant
2579 3911 2779 3968 fratres
2811 3926 2979 3977 suos,
3024 3911 3129 3965 hac
3166 3909 3369 3964 framea
3400 3924 3525 3979 pcr-

1949 4005 2134 4070 ibunt;
2175 4002 2301 4073 quia
2332 4017 2462 4057 vero
2491 4018 2599 4057 non
2617 4002 2900 4073 judicasti,
2931 4002 3026 4058 sed
3058 4001 3318 4055 humilem
3356 4009 3409 4055 te
3436 4016 3525 4055 ex-

1949 4092 2174 4148 bibuisti
2203 4106 2389 4146 coram
2439 4091 2548 4146 Deo
2573 4129 2589 4154 ,
2630 4090 2790 4160 quasi
2833 4090 2951 4160 ipse
2987 4090 3246 4145 delictum
3296 4090 3525 4144 commi-

1947 4186 2140 4251 sisses,
2184 4184 2310 4240 ideo
2359 4197 2560 4238 nomen
2605 4189 2759 4237 tuum
2811 4181 3139 4251 inscriptum
3172 4187 3258 4236 est
3298 4181 3354 4234 in
3385 4181 3525 4235 libro

1946 4275 2268 4331 viventium.

2015 4367 2071 4421 2.
2107 4365 2218 4438 (20)
2251 4364 2484 4421 Aiebam
2514 4364 2584 4420 de
2621 4363 2819 4420 abbate
2863 4362 3193 4434 Paphnutio,
3241 4361 3387 4435 quod
3416 4378 3522 4416 non

1949 4456 2106 4514 facile
2132 4456 2343 4514 biberet
2382 4456 2588 4513 vinum.
2616 4454 2926 4527 Aliquando
2956 4462 3136 4510 autem
3170 4452 3227 4508 in
3260 4453 3345 4508 via
3376 4451 3527 4506 ince-

263 4526 507 4598 ληγίουδθ
533 4531 769 4602 λῃστῶν,
796 4535 891 4588 καὶ
916 4530 1073 4607 εῦρεν
1105 4539 1299 4605 αὐτοὺς
1330 4543 1585 4609 πίνοντας
1616 4542 1759 4601 οῐνον
1774 4547 1839 4603 δ’.

1950 4550 2102 4614 dens,
2136 4548 2331 4604 incidit
2375 4547 2431 4602 in
2479 4548 2753 4603 latronum
2800 4546 3164 4616 manipulum,
3212 4545 3527 4615 invenitque

275 4619 568 4694 Ἐγνὼριζε
609 4623 665 4677 δὲ
716 4627 878 4680 αὐτὸν
909 4631 938 4682 6
966 4630 1318 4704 ἀρχιλῃστὴς,
1369 4636 1464 4691 καὶ
1501 4637 1616 4708 ᾔδει
1658 4640 1739 4694 ὅτι
1781 4642 1842 4696 οὐ

266 4710 400 4764 πίνει
422 4709 594 4767 οἶνον.
627 4714 739 4787 Καὶ.
760 4714 978 4787 θεωρῶν
999 4719 1161 4774 αὑτὸν
1182 4721 1290 4775 άπὸ
1316 4724 1552 4794 μεγάλου
1570 4726 1617 4759 ⁸⁰
1646 4729 1839 4794 κόπου,

264 4802 482 4875 ἐγέμισε
534 4809 796 4879 ποτήριον
845 4810 1010 4879 οἴνου,
1048 4812 1201 4865 xui."
1235 4815 1296 4867 τὸ
1329 4814 1480 4886 ξίφος
1519 4821 1577 4873 ὲν
1605 4823 1669 4894 τῇ
1699 4824 1844 4894 χειρὶ

264 4894 442 4960 αὐτοῦ,
469 4897 572 4951 καὶ
614 4897 762 4966 λέγει
789 4899 867 4971 τῷ
897 4901 1143 4974 γέροντι*
1190 4906 1314 4959 Ἐὰν
1346 4909 1420 4980 μὴ
1448 4910 1599 4982 πίῃς,
1634 4914 1845 4982 φονεύω

267 5001 337 5039 σε.
368 4986 539 5051 Γνοὺς
569 4986 628 5040 δὲ
652 4990 681 5041 6
709 4988 886 5060 γέρων
910 4992 994 5045 ὅτι
1018 4994 1235 5066 ἐντολὴν
1256 4994 1392 5051 Θεοῦ
1423 4998 1566 5053 θέλει
1596 5003 1841 5072 ποιῆσαι,

269 5073 586 5147 βουλόμενος
633 5078 796 5131 αὐτὸν
847 5081 1127 5153 κερδῆσαι,
1155 5085 1315 5139 ἔλαὸε
1370 5089 1462 5142 καὶ
1511 5090 1758 5146 ἔπιεν.”0
1788 5092 1843 5147 δὲ

267 5167 594 5240 ἀρχιλῃστὴς
650 5169 974 5241 μετενόησεν
1023 5174 1191 5246 αὐτῷ,
1222 5176 1395 5246 λέγων
1419 5196 1432 5209 ·
1482 5181 1842 5254 Συγχώρησόν

273 5273 373 5325 μοι,
403 5260 571 5325 άὸὅᾶ,
603 5262 687 5314 ὅτι
732 5261 927 5334 ἔθλιψά
957 5282 1036 5321 σε.
1074 5269 1183 5322 Καὶ
1215 5269 1360 5338 λέγει
1409 5275 1437 5326 6
1485 5274 1695 5344 γέρων·
1748 5277 1844 5329 Πι-

272 5353 433 5407 στεύω
457 5353 539 5424 τῷ
566 5352 706 5425 Θεῷ,
732 5355 814 5410 ὅτι
839 5358 927 5413 διὰ
959 5360 1020 5413 τὸ
1058 5363 1315 5435 ποτήριον
1346 5366 1503 5421 τοῦτο
1534 5372 1675 5422 ποιεῖ
1705 5369 1843 5439 μετὰ

274 5442 359 5495 δοῦ
394 5445 543 5510 ἕλεος
572 5446 666 5499 καὶ
712 5447 770 5502 ἐν
812 5451 889 5521 τῷ
917 5452 1010 5508 νῦν
1040 5456 1132 5508 καὶ
1169 5458 1226 5508 ὲν
1267 5457 1342 5527 τῷ
1379 5459 1621 5528 μέλλοντι
1663 5462 1841 5516 αἰῶνι.

1950 4655 2047 4696 eos
2078 4641 2262 4695 vinum
2300 4639 2572 4696 bibentes.
2603 4637 2778 4694 Porro
2810 4637 3175 4709 cognoscebat
3204 4652 3330 4693 eum
3358 4637 3527 4690 latro-

1949 4747 2079 4786 num
2105 4731 2237 4795 dnx,
2278 4730 2597 4801 sciebatque
2622 4728 2770 4801 quod
2798 4744 2908 4784 non
2946 4727 3162 4784 biberet
3184 4729 3391 4783 vinum.
3435 4724 3528 4780 Vi-

1949 4822 2086 4881 dens
2135 4839 2265 4895 ergo
2306 4822 2464 4878 valde
2522 4823 2754 4886 fessum,
2804 4821 3029 4877 calicem
3080 4819 3212 4874 vino
3260 4816 3523 4888 implevit,

1951 4924 2280 4988 sumptoque
2320 4917 2373 4970 in
2404 4930 2628 4971 manum
2668 4928 2833 4981 ense,
2858 4913 2936 4967 ait
2960 4911 3076 4969 seni
3109 4928 3123 4966 :
3155 4910 3270 4967 Nisi
3297 4910 3525 4971 biberis,

1951 5009 2144 5064 occido
2179 5016 2252 5063 te.
2286 5007 2357 5062 At
2383 5023 2547 5062 senex
2573 5046 2589 5072 ,
2626 5006 2721 5077 qui
2766 5013 2974 5068 nosset,
3007 5021 3073 5060 ex
3118 5003 3377 5058 mandato
3430 5001 3523 5056 Dei

1951 5101 2088 5156 velle
2133 5117 2258 5156 cum
2312 5099 2512 5161 facere,
2579 5099 2807 5169 cupiens
2841 5098 3044 5152 lucrari
3087 5095 3403 5157 hominem,
3437 5108 3526 5146 ac-

1948 5195 2091 5263 cepit
2121 5201 2174 5247 ct
2200 5192 2355 5248 bibit.
2385 5191 2541 5246 Tunc
2574 5192 2847 5246 latronum
2882 5189 3138 5260 princeps
3163 5185 3445 5242 inclinavit
3465 5199 3526 5238 sc

1950 5285 2247 5348 humiliter,
2278 5285 2502 5340 dicens:
2540 5283 2766 5354 ignosce
2805 5282 2959 5347 mihi,
2997 5280 3160 5343 abba,
3204 5279 3250 5334 si
3275 5287 3329 5332 te
3357 5276 3524 5330 mole-

1951 5375 2052 5429 stia
2082 5374 2376 5431 aﬂcceriln.
2420 5375 2508 5428 Ait
2539 5388 2700 5428 senex
2732 5391 2744 5426 :
2778 5369 3007 5426 Conﬁdo
3048 5370 3103 5424 in
3143 5368 3311 5423 Deum
3334 5405 3350 5429 ,
3378 5365 3524 5434 quod

1951 5474 2171 5535 propter
2203 5466 2425 5520 calicem
2469 5465 2612 5518 hunc
2664 5462 2912 5515 facturus
2955 5460 3025 5514 sit
3067 5459 3163 5512 tibi
3214 5456 3523 5511 misericor-

338 5604 495 5688 “‘_Al.
519 5609 674 5688 add.‘
694 5610 910 5688 ἑαυτοῦ.
940 5616 1155 5688 W"_AI._
1206 5613 1668 5688 insertaicxptbg.
1745 5616 1787 5648 ⁸⁸
1820 5620 1849 5671 Α

1959 5619 2264 5688 κολληγίου.
2343 5618 2386 5651 ⁸⁸⁸
2417 5621 2584 5676 Abest
2638 5616 2779 5673 οἶνον
2831 5617 2896 5672 ab
2946 5618 3014 5670 al.
3094 5613 3243 5673 “Al.
3303 5613 3518 5668 πολλοῦ.

285 5661 422 5727 "Al.
460 5661 910 5736 meimei."
937 5685 982 5717 ι’
1013 5661 1182 5740 Εἰῖἐὶ.
1210 5661 1342 5749 ﬁt:
1361 5661 1667 5749 ’ρξ’ῐΐὲῗόξ

350 5792 454 5863 (‘20)
506 5796 613 5853 Vit.
641 5801 794 5855 Patr.
829 5817 961 5865 xvn,
997 5803 1081 5857 l2.
