4062 6332
464 371 570 431 379

1592 356 1936 421 APPENDIX
1975 364 2066 419 AD
2108 362 2524 421 PALLADIUM.

3614 354 3721 415 380

461 490 607 545 diam
645 493 699 541 et
731 486 786 539 in
817 484 921 539 hoc
948 492 1003 539 et
1025 483 1080 536 in
1110 482 1290 536 futuro
1330 480 1550 537 saeculo.
1587 479 1727 536 Dicit
1755 482 2029 537 latronum

2157 484 2296 553 λέγει
2324 485 2354 536 6
2381 478 2711 556 ἀρχιλῃστὴς
2730 493 2742 506 ·
2773 474 3020 530 Πιστεύω
3074 473 3150 545 τῷ
3178 470 3316 546 Θεῷ,
3345 473 3427 527 ὅτι
3475 470 3583 527 ἀπὸ
3623 473 3719 528 τοῦ

466 580 714 651 primus:
740 574 966 631 Confido
997 575 1050 628 iu
1089 572 1217 635 Deo,
1246 571 1390 642 quod
1424 572 1492 626 ab
1536 573 1643 627 isto
1675 579 1921 641 tempore
1946 590 2042 628 ne-

471 671 601 724 mini
644 668 845 722 malum
891 667 1139 721 facturus
1198 664 1323 719 sim.
1374 664 1439 719 Et
1481 665 1723 720 lucratus
1753 675 1837 721 est
1875 681 2041 721 senex

472 770 646 814 totum
690 760 962 812 latronum
993 756 1304 825 collegium,
1345 755 1671 811 dimittendo
1708 764 1930 826 propter
1948 756 2044 811 Do-

469 852 674 925 minum
708 851 1040 903 voluntatem
1080 863 1257 902 suam.

538 945 589 999 5.
634 943 836 996 Retulit
886 940 1061 995 abbas
1105 937 1349 1004 Pmmen,
1395 936 1602 994 dixisse
1647 939 1897 993 abbatem
1950 937 2045 992 Pa-

466 1033 752 1104 phnutium
783 1048 794 1084 :
831 1028 1063 1084 Cunctis
1091 1029 1283 1085 diebus
1317 1030 1441 1083 vitae
1470 1043 1684 1093 senum,
1729 1029 1814 1083 his
1855 1028 2042 1100 singu-

466 1126 534 1180 lis
587 1122 868 1178 mensibus
920 1121 1034 1176 adii
1084 1134 1202 1185 eos,
1261 1120 1490 1175 dissitus
1535 1120 1715 1190 spatio
1755 1118 2039 1173 duodecim

466 1216 806 1279 milliarium,
842 1222 897 1270 et
916 1213 1183 1284 quidquid
1217 1214 1584 1283 cogitaveram
1613 1211 1920 1280 aperiebant
1941 1210 2040 1277 eis,

467 1325 567 1367 nec
627 1307 925 1379 quidquam
961 1303 1110 1359 aliud
1159 1304 1582 1374 respondebant,
1636 1310 1834 1373 praeter
1887 1303 2038 1358 hoc:

467 1401 551 1457 Ad
579 1413 964 1472 quemcunque
997 1398 1172 1452 locum
1200 1396 1535 1469 perrexeris,
1575 1410 1641 1451 ne
1671 1395 1912 1452 metiaris
1953 1404 2039 1464 te;
2082 1421 2092 1431 -

465 1508 531 1548 ac
562 1494 619 1547 in
652 1492 835 1562 quiete
874 1488 1056 1559 deges.

533 1587 588 1641 4.
628 1585 690 1640 In
720 1582 867 1638 Secti
904 1581 1135 1651 degebat
1166 1594 1292 1635 cum
1339 1579 1536 1635 abbate
1577 1577 1888 1649 Paphnutio
1920 1578 2046 1648 qui-

465 1677 597 1729 dam
631 1674 823 1738 frater,
858 1671 952 1741 qui
979 1671 1402 1741 impugnabatur
1431 1669 1500 1723 ad
1522 1669 1960 1732 fornicationem,
1989 1671 2043 1722 et

467 1765 689 1822 dicebat
716 1783 730 1819 :
762 1761 1024 1829 Quamvis
1052 1761 1240 1816 decem
1271 1775 1469 1816 uxores
1496 1775 1780 1830 accepero,
1816 1775 1925 1814 non
1951 1774 2043 1814 cx-

2142 575 2237 630 νῦν
2257 576 2318 628 οὐ
2350 574 2425 646 μὴ
2456 571 2804 642 κακοποιήσω
2844 568 2987 622 τινά.
3019 567 3131 620 Kal
3166 565 3458 636 ἐκέρδησεν
3486 566 3514 618 6
3539 564 3720 636 γέρων

2141 667 2260 722 ὅλον
2284 667 2378 720 τὸν
2401 665 2651 736 κολήγιον
2668 662 2737 729 ⁸³,
2767 660 2925 731 ἀφεὶς
2976 657 3037 712 τὸ
3083 656 3291 728 θέλημα
3317 654 3480 710 αύτοῦ
3508 655 3597 710 δια
3626 655 3718 708 τὸν

2144 758 2346 831 Κύριον
2362 756 2429 811 ⁸⁸.

2211 939 2281 1001 γ’.
2322 928 2487 986 Εἶπεν
2514 932 2543 985 6
2574 927 2745 992 ἀϐϐᾶς
2774 923 3009 996 Ποιμήν,
3039 924 3121 976 ὅτι
3150 919 3334 989 ἔλεγεν
3358 921 3387 973 6
3413 917 3586 980 ἀϐϐἄς
3606 919 3725 972 Ila.

2141 1025 2416 1097 φνούτιος·
2450 1024 2542 1087 Εἰς
2574 1021 2755 1086 πάσας
2798 1018 2901 1081 τὰς
2944 1015 3156 1087 ἡμέρας
3184 1013 3284 1084 τῆς
3325 1010 3470 1097 ζωῆς
3492 1010 3600 1064 τῶν
3630 1026 3724 1078 γε·

2145 1094 2367 1188 ρόντων,
2400 1114 2480 1176 δίς
2529 1113 2620 1167 τὸν
2657 1112 2801 1183 μῆνα
2853 1105 3158 1177 παρέϐαλον
3205 1094 3417 1165 αὐτοῖς,⁸
3445 1100 3584 1171 ἔχων
3627 1100 3723 1153 ἀπ’

2141 1207 2318 1263 αὐτῶν
2340 1206 2402 1259 τὸ
2418 1205 2692 1276 διάστημα
2722 1202 2874 1274 μίλια
2896 1200 3127 1265 δώδεκα,
3143 1197 3237 1251 καὶ
3263 1195 3440 1252 πάντα
3463 1191 3727 1263 λογισμὸν

2143 1299 2326 1368 ἔλεγον
2353 1299 2557 1361 αὐτοῖς,
2584 1297 2680 1350 καὶ
2704 1294 2857 1349 οὐδέν
2896 1310 2988 1364 μοι
3011 1291 3198 1363 ἕτερον
3231 1287 3437 1356 ἔλεγον,
3480 1285 3514 1356 ἢ
3540 1282 3723 1346 τοῦτο,

2142 1392 2224 1445 ὅτι
2257 1391 2351 1455 Είς
2381 1389 2439 1445 δν
2474 1389 2540 1443 ἂν
2561 1388 2726 1442 τόπον
2747 1385 3012 1459 ἀπέλθῃς,
3046 1383 3121 1455 μὴ
3159 1380 3378 1454 μετρεϊς
3402 1374 3726 1440 έαυτδν,καὶ

2143 1483 2241 1556 ἔσῃ
2265 1477 2700 1549 ἀναπαυόμενος.

2213 1555 2275 1627 δ’.
2315 1567 2425 1625 Ἦν
2455 1587 2541 1634 τις
2568 1565 2797 1638 ἀδελφὸς
2825 1567 2904 1630 εἰς
2932 1564 3130 1635 Σκῆτιν
3166 1558 3303 1632 μετὰ
3322 1556 3417 1613 τοῦ
3441 1555 3586 1612 assa
3608 1555 3725 1609 Πα-

2144 1664 2417 1737 φνουτίου,
2448 1663 2543 1716 xal.
2579 1659 2901 1730 ἐπολεμεῖτο
2939 1654 3018 1719 είς
3058 1652 3337 1724 πορνείαν,
3369 1650 3466 1704 καὶ
3506 1642 3724 1737 ἔλεγεν·

2157 1735 2285 1809 Ἒάν
2317 1753 2466 1807 λάϐω
2504 1751 2636 1804 δέκα
2665 1750 2948 1819 γυναῖκας,
2982 1745 3043 1799 ού
3084 1740 3278 1814 πληρῶ
3302 1739 3399 1812 τὴν
3429 1735 3731 1808 ἐπιθυμίαν

469 1858 628 1929 plebo
684 1855 1041 1925 cupiditatem
1092 1868 1292 1908 meam.
1324 1852 1500 1909 Senex
1543 1826 1673 1908 vero
1721 1853 2042 1906 hortabatur

2157 1865 2270 1920 μου.
2289 1845 2345 1901 '0
2375 1844 2433 1899 δὲ
2463 1843 2643 1914 γέρων
2675 1838 2973 1911 παρεκάλει
3001 1835 3176 1904 λέγων
3195 1848 3210 1864 ο
3237 1831 3351 1904 Μὴ,
3377 1830 3596 1884 τέκνονο
3627 1826 3730 1929 11:6.-

469 1950 551 2004 his
582 1949 808 2003 verbis:
849 1945 1240 2015 Nequaquam,
1278 1944 1393 2010 fili;
1444 1943 1782 2014 impugnatio
1821 1948 1906 1998 est
1934 1943 2045 1997 dae-

466 2057 712 2096 monum.
755 2039 822 2093 At
850 2040 941 2094 illc
978 2037 1152 2092 noluit
1187 2037 1600 2106 obtemperare,
1632 2035 1726 2091 sed
1768 2033 2047 2106 profectus

465 2138 553 2187 est
585 2129 639 2184 in
668 2129 962 2200 ngyplum
989 2170 1005 2193 ,
1053 2126 1144 2180 ubi
1187 2125 1341 2181 duxit
1373 2140 1618 2180 uxorem.
1646 2123 1788 2198 Post
1827 2122 2047 2194 aliquod

469 2231 684 2292 tempus
719 2218 949 2290 contigit
972 2226 1030 2273 ut
1056 2233 1222 2274 senex
1258 2216 1313 2271 in
1345 2216 1641 2289 Egyptum
1675 2216 2000 2273 ascenderet
2028 2232 2043 2270 :

468 2314 578 2369 illic
616 2311 841 2367 offendit
880 2327 1005 2367 eum
1061 2319 1369 2381 portantem
1426 2309 1701 2380 sportulas
1737 2314 2046 2374 testarum,

468 2417 567 2457 nec
597 2402 837 2472 agnovit,
876 2399 973 2456 sed
1030 2402 1147 2470 ipse
1179 2400 1256 2454 ait
1296 2399 1456 2454 seni:
1517 2396 1629 2469 Ego
1687 2413 1809 2452 sum
1846 2398 1937 2452 ille
1968 2398 2046 2453 di-

468 2493 714 2564 scipulus
752 2476 900 2547 tuus.
954 2490 1132 2546 Senex
1183 2500 1366 2546 autem
1412 2490 1649 2544 intuitus
1692 2504 1817 2546 eum
1850 2490 1906 2544 in
1958 2490 2050 2546 illa

467 2584 802 2653 dejectione.
852 2581 999 2638 ﬂevit
1054 2582 1301 2652 dixitque
1352 2598 1368 2637 :
1432 2580 1721 2648 Quomodo
1790 2580 2050 2637 dimisisti

468 2677 732 2731 honorem
793 2674 968 2740 illum,
1034 2685 1088 2729 et
1133 2673 1330 2729 venisti
1378 2673 1448 2728 ad
1502 2673 2050 2729 dehonestamentum

472 2768 608 2823 hoc?
629 2764 833 2822 Verum
869 2765 1205 2836 acccpistine
1234 2764 1422 2820 decem
1448 2764 1684 2821 uxores?
1708 2763 1801 2818 Ille
1823 2764 2052 2834 ingemi-

472 2874 657 2924 scens,
708 2857 1036 2928 respondit:
1089 2854 1233 2911 Sane
1272 2855 1489 2910 unicam
1520 2854 1673 2918 duxi,
1710 2864 1764 2910 et
1793 2852 2052 2908 aerumnis

472 2945 758 3011 conficior,
813 2962 926 3017 quo
975 2960 1115 3016 pane
1151 2945 1300 2999 illam
1351 2958 1595 3015 pascam.
1632 2940 1788 2999 Tunc
1821 2942 1887 2998 ad
1926 2957 2050 2998 eum

475 3051 639 3093 senex
665 3055 678 3090 :
711 3036 1006 3091 Revertere
1029 3033 1337 3089 nobiscum.
1381 3031 1601 3101 Excepit
1630 3050 1645 3086 :
1680 3031 1845 3087 Estne
1874 3031 2052 3102 pmui-

2145 1918 2309 2010 λεμὸς
2349 1939 2470 1991 ἐστι
2503 1934 2610 1988 τῶν
2654 1931 2946 2003 δαιμόνων.
2992 1926 3105 1984 Kal.
3151 1924 3252 1979 ούκ
3294 1921 3520 1993 ἐπείσθη
3544 1935 3558 1952 ο

2147 2008 2389 2099 ἀπῆλθεν
2420 2027 2502 2088 εἰς
2533 2023 2828 2093 Αἴγυπτον,
2860 2019 2954 2074 καὶ
2992 2015 3153 2071 ἔλαϐε
3182 2016 3433 2084 γυναῖκα.
3483 2009 3640 2065 Μετὰ
3672 2008 3732 2062 δὲ

2146 2114 2338 2187 χρόνον
2382 2114 2598 2183 ἐγένετο
2642 2109 2907 2180 ἀναϐῆναι
2940 2106 3030 2161 τὸν
3056 2105 3289 2178 γέροντα
3323 2101 3402 2166 είς
3431 2099 3734 2169 Αἴγυπτον,

2148 2209 2244 2263 καὶ
2272 2205 2586 2276 ἀπαντῆσαι
2613 2202 2774 2256 αὑτὸν
2817 2198 3157 2272 βαστάζοντα
3185 2194 3443 2267 σπυρίδια
3458 2194 3505 2225 ⁸⁸
3535 2191 3736 2263 ὀστράφ

2148 2314 2293 2354 κων·
2341 2299 2370 2352 6
2413 2295 2470 2349 δὲ
2514 2292 2694 2365 γέρων
2722 2293 2821 2346 οὐκ
2850 2289 3144 2361 ἐγνώρισεν
3192 2286 3387 2341 αὐτόν’
3415 2283 3534 2340 ἀλλ’
3567 2281 3737 2347 αὐτὸς

2148 2387 2296 2458 λέγει
2323 2384 2498 2458 αὐτῷ·
2539 2383 2682 2455 Ἐγώ
2711 2385 2828 2454 είμι
2877 2382 2905 2435 6
2954 2380 3104 2435 δεῖνα
3132 2380 3161 2433 6
3190 2376 3437 2450 μαθητής
3467 2391 3582 2429 σου.
3622 2371 3739 2428 Kal.

2153 2483 2276 2538 ἰδὼν
2316 2477 2479 2535 αὑτὸν
2528 2479 2557 2532 6
2603 2477 2782 2548 γέρων
2820 2477 2878 2529 ὲν
2921 2476 2989 2546 τῇ
3022 2471 3215 2544 ἀτιμίᾳ.
3247 2470 3448 2541 ἐκείνῃ,
3478 2466 3735 2531 ἐκλαυσε,

2151 2574 2247 2630 καὶ
2279 2567 2433 2625 εἶπε·
2463 2568 2588 2633 Πῶς
2622 2567 2841 2639 ἀφῆκας
2871 2564 2968 2636 τὴν
3000 2560 3424 2635 τιμὴνηὲκείνην,
3449 2558 3543 2612 καὶ
3571 2553 3739 2629 ἦλθες

2152 2669 2234 2730 είς
2263 2664 2362 2737 τὴν
2383 2661 2607 2732 ἀτιμίαν
2630 2659 2835 2731 ταύτην
2856 2675 2871 2725 ;
2899 2657 3038 2728 πλὴν
3061 2655 3253 2719 ἔλαϐες
3274 2652 3372 2717 τάς
3396 2652 3526 2705 δέκα
3549 2652 3739 2720 γυναῖ-

2152 2775 2282 2824 κας;
2317 2756 2429 2811 Kal.
2463 2752 2726 2817 στενάξας
2758 2747 2908 2805 εἶπε·
2934 2749 3098 2803 Φύσει
3131 2747 3259 2819 μίαν
3291 2743 3500 2808 ἔλαϐον,
3524 2742 3617 2796 καὶ
3637 2758 3738 2794 τα-

2158 3036 2436 3109 μετάνοια,
2472 3032 2649 3098 ἀϐϐᾶ;
2695 3031 2756 3083 '0
2782 3028 2840 3082 δὲ
2873 3023 3025 3081 εἶπεν
3045 3043 3058 3055 ο
3091 3025 3230 3078 Ἐνι.
3272 3022 3383 3074 Καὶ
3412 3016 3745 3109 καταλείψας

477 3132 664 3188 lentiae
693 3132 870 3197 locus,
899 3130 1080 3185 abba?
1106 3127 1222 3192 Est,
1255 3127 1452 3198 inquit.
1486 3126 1710 3182 Relictis
1731 3142 1859 3198 ergo
1883 3126 2058 3181 omni-

2158 3107 2359 3190 πάντα,
2386 3122 2755 3197 ¹ή,κολούθησεν
2785 3119 2949 3173 αὐτόν
2968 3133 2983 3148 ο
3008 3116 3104 3171 καὶ
3134 3112 3390 3168 εἰσελθὼν
3415 3112 3496 3174 είς
3517 3107 3742 3178 Σκῆτιν,

477 3227 580 3279 bus
617 3228 842 3279 secutus
901 3227 986 3275 cst
1023 3233 1147 3273 eum
1168 3234 1183 3283 ;
1205 3225 1263 3273 et
1294 3214 1497 3271 Seetim
1530 3216 1833 3286 ingressus,
1866 3216 1935 3270 ab
1965 3230 2058 3271 ex-

2160 3219 2267 3274 ἀπὸ
2294 3219 2392 3288 τῆς
2426 3215 2621 3287 πείρας
2653 3212 2847 3283 γέγονε
2871 3209 3093 3282 δόκιμος
3131 3204 3382 3279 μοναχός.

478 3316 783 3387 perimento
824 3312 1001 3369 evasit
1032 3311 1240 3383 probus
1275 3309 1600 3365 monachus.

549 3406 605 3463 5.
657 3404 905 3460 Fratrem
955 3404 1010 3458 in
1062 3401 1359 3458 solitudine
1385 3397 1683 3457 Thebaidis
1717 3412 2063 3454 commoran-

480 3506 590 3551 tem
620 3495 789 3552 subiit
816 3495 922 3549 ista
951 3492 1247 3564 cogitatio:
1284 3490 1425 3559 Quid
1460 3490 1619 3548 sedes
1649 3490 2063 3546 infructuosus?

483 3588 682 3658 Surge,
745 3586 835 3641 abi
900 3584 969 3639 ad
1021 3587 1453 3652 monasterium,
1486 3585 1563 3640 ibi
1612 3583 1849 3640 fructum
1898 3584 2059 3640 feres.

485 3678 675 3747 Itaque
705 3690 962 3747 surgens,
991 3677 1143 3730 venit
1193 3678 1262 3732 ad
1302 3677 1553 3731 abbatem
1585 3675 1975 3746 Paphnutium,
2009 3683 2064 3731 et

484 3767 784 3824 declaravit
828 3767 878 3821 ei
927 3768 1336 3838 cogitationem.
1378 3765 1588 3822 Monuit
1621 3782 1785 3824 senex
1822 3786 1834 3821 :
1882 3764 2061 3833 Redi,

482 3858 611 3915 sede
641 3858 693 3912 in
726 3857 862 3913 cella
891 3865 1022 3924 tua;
1054 3857 1141 3914 fac
1162 3873 1326 3913 unam
1351 3858 1657 3914 orationem
1686 3872 1866 3922 mane,
1897 3872 2062 3912 unam

481 3946 722 4017 vesperi,
777 3961 941 4001 unam
987 3955 1192 4013 noctu;
1232 3961 1359 4002 cum
1406 3947 1695 4011 esurieris,
1754 3947 2063 4015 manduca;

479 4053 610 4093 cum
663 4037 903 4099 sitieris,
945 4036 1105 4102 bibe;
1161 4051 1287 4091 cum
1331 4052 1526 4093 somno
1575 4044 1819 4094 tentatus
1871 4037 2062 4104 fueris,

484 4130 696 4195 dormi;
746 4143 810 4182 ac
840 4142 1067 4184 remane
1111 4128 1167 4182 in
1214 4143 1434 4197 eremo;
1479 4144 1581 4184 nec
1624 4129 1942 4199 cogitationi
1986 4128 2066 4184 illi

486 4219 833 4288 obsequaris.
874 4216 1124 4273 Accessit
1165 4218 1331 4273 etiam
1385 4217 1452 4271 ad
1492 4219 1746 4274 abbatem
1779 4217 2064 4284 Joannem,

489 4309 935 4378 renuntiavitque
988 4309 1038 4363 ei
1085 4308 1256 4363 verba"
1308 4308 1519 4363 abbatis
1563 4308 1875 4381 Paphnutii.
1925 4308 2068 4364 Dicit

489 4401 662 4457 abbas
716 4398 999 4457 Joannes:
1058 4398 1137 4455 Ne
1195 4400 1422 4454 omnino
1471 4402 1776 4458 orationem
1829 4403 2065 4470 feceris;

2232 3393 2295 3451 ε’.
2346 3390 2586 3462 Ἀδελφῷ
2616 3390 2675 3443 ὲν
2696 3390 2761 3460 τῇ
2796 3385 2991 3459 ἐρήμῳ
3019 3382 3314 3454 καθημένῳ
3337 3379 3437 3450 τῆς
3456 3375 3743 3448 Θηϐαΐδος,

2159 3481 2323 3559 ἦλθεν
2382 3482 2530 3553 αὐτῷ
2575 3480 2855 3551 λογισμὸς,
2902 3477 3076 3546 λέγων
3098 3491 3110 3505 '
3162 3474 3228 3527 Τί
3269 3472 3414 3545 κάθῃ
3456 3471 3746 3542 ἀκαρπος;

2162 3580 2390 3644 ἀνάστα,
2425 3576 2602 3644 ὕπαγε
2652 3576 2732 3638 είς
2766 3570 3053 3634 κοινόϐιον,
3103 3568 3199 3622 καὶ
3238 3569 3354 3621 ἐκεῖ
3387 3566 3560 3627 ποιεῖς
3608 3578 3750 3629 καρ-

2164 3673 2287 3727 πόν.
2321 3671 2430 3725 Καὶ
2471 3669 2710 3733 ἀναστὰς
2736 3664 2866 3740 ἦλθε
2902 3661 3037 3735 πρὸς
3073 3661 3164 3715 τὸν
3190 3659 3364 3714 ἀϐϐᾶν
3386 3654 3748 3728 Παφνούτιον,

2164 3763 2259 3819 καὶ
2290 3761 2612 3835 ἀνήγγειλεν
2639 3757 2787 3830 αὐτῷ
2832 3757 2923 3812 τὸν
2961 3753 3243 3825 λογισμόν.
3274 3751 3385 3804 Kal.
3419 3748 3568 3816 λέγει
3600 3746 3750 3814 αὑτῷ

2163 3857 2193 3911 6
2218 3855 2428 3928 γέρωνο
2464 3853 2709 3921 ’Ύπαγε,
2758 3850 2928 3904 κάθου
2980 3848 3061 3910 είς
3107 3845 3169 3898 τὸ
3220 3841 3431 3897 κελλίον
3487 3856 3580 3893 σου
3602 3854 3615 3867 ·
3656 3837 3752 3928 καὶ

2164 3927 2309 4002 ποίει
2346 3946 2473 4012 μίαν
2500 3945 2666 4015 εὐχὴν
2696 3940 2861 4014 πρωῒ,
2892 3939 2985 3993 καὶ
3013 3937 3140 4009 μίαν
3166 3934 3427 4004 ἑσπέρας,
3474 3929 3570 3984 καὶ
3621 3927 3751 3998 μίαν

2164 4038 2264 4107 τὴν
2288 4037 2487 4091 νύκτα·
2535 4034 2631 4088 καὶ
2657 4033 2784 4086 ὃταν
2815 4029 3026 4100 πεινᾷς,
3059 4025 3224 4095 φάγε,
3260 4023 3357 4076 καὶ
3395 4020 3522 4073 ὅταν
3566 4015 3749 4086 διψᾷς.

2167 4130 2280 4194 πίε,
2306 4129 2399 4182 καὶ
2445 4128 2573 4179 ὅταν
2617 4122 2907 4193 νυστάζῃς,
2940 4116 3117 4189 κοιμῶ
3142 4132 3154 4147 ·
3187 4114 3281 4169 καὶ
3324 4111 3450 4183 μένε
3479 4111 3559 4172 είς
3588 4107 3754 4178 γῆνδ⁸

2167 4221 2265 4292 ἐρη
2276 4228 2403 4289 μον·
2438 4216 2532 4269 καὶ
2573 4213 2647 4285 μὴ
2677 4212 2904 4281 πεισθῇς
2931 4202 3276 4277 αὑτῷῙΗλθε
3306 4203 3360 4258 δὲ
3384 4200 3478 4255 καὶ

2387 4283 2663 4375 Ἰωάννην,
2690 4302 2785 4355 καὶ
2812 4296 3102 4371 ἀνήγγειλε
3131 4296 3200 4349 τὰ
3226 4294 3453 4364 ῥήματα
3488 4283 3584 4343 τοῦ
3610 4287 3758 4341 ἀϐϐᾶ

2169 4397 2530 4470 Παφνουτίου.
2564 4395 2675 4449 Kal.
2702 4393 2850 4461 λέγει
2873 4392 2902 4445 6
2925 4389 3100 4452 ἀϐϐᾶς
3148 4386 3436 4455 Ἰωάννης·
3468 4381 3560 4451 Μὴ
3600 4380 3757 4470 ποιήῖ

487 4493 760 4545 duntaxat
800 4480 932 4547 sede
967 4491 1020 4544 in
1055 4489 1194 4544 cella
1224 4497 1343 4543 tua.
1371 4489 1509 4565 Tum
1550 4506 1783 4562 surgens
1811 4493 1946 4550 adiit
1970 4468 2058 4550 ab;

2172 4468 2280 4565 σῃς-
2297 4492 2433 4554 ὅλως
2466 4486 2651 4559 εὐχὴν,
2682 4486 2838 4558 μόνον
2864 4482 3034 4537 κάθου
3061 4481 3142 4543 είς
3164 4478 3224 4532 τὸ
3252 4474 3462 4531 κελλίον
3645 4468 3760 4565 Kal.

495 4585 673 4638 hatem
715 4582 1045 4647 Arsenium;
1080 4581 1169 4634 cui
1223 4564 1443 4635 cuncta.
1468 4580 1828 4638 denuntiavit.
1860 4584 1951 4638 Ait
1991 4585 2069 4639 illi

496 4690 659 4727 senex
693 4692 706 4728 :
742 4672 911 4736 Tene,
948 4669 1302 4728 sicutPatres
1319 4672 1627 4727 docuerunt
1649 4669 1726 4730 te.
1760 4672 1903 4730 Nihil
1923 4679 2070 4731 enim

491 4766 735 4835 amplius
785 4765 883 4820 tibi
923 4778 1147 4835 possum
1195 4765 1400 4821 dicere.
1430 4763 1525 4819 ille
1569 4766 1726 4836 plene
1773 4782 2072 4839 persuasus

486 4857 780 4912 abscessit.

1003 4966 1077 5022 De
1111 4967 1300 5023 abbate
1335 4967 1529 5023 Paulo.

568 5080 712 5153 (2|)
746 5078 997 5136 Narravit
1028 5082 1226 5151 aliquis
1255 5098 1285 5138 e
1328 5081 1583 5137 Patribus
1615 5084 1682 5137 de
1714 5083 1952 5152 qundam
1980 5083 2074 5136 ab-

491 5174 621 5229 hate
675 5173 878 5238 Paulo,
949 5173 1096 5244 quod
1143 5181 1289 5228 esset
1337 5190 1403 5229 ex
1458 5172 1807 5229 inferioribus
1857 5172 2075 5245 Egypti

493 5266 786 5336 partibus,
843 5266 1117 5323 habitaret
1164 5282 1296 5322 vero
1341 5266 1396 5321 in
1444 5264 1756 5332 Thebaide;
1818 5266 2078 5336 quodque

494 5360 756 5416 manibus
788 5358 1222 5430 apprehenderet
1253 5366 1523 5424 cerastas,
1558 5359 1827 5428 scorpios,
1853 5374 2077 5428 serpen-

493 5459 603 5512 tes,
654 5447 972 5520 mediosque
1025 5447 1350 5503 diffinderet.
1412 5446 1582 5518 Igitur
1639 5447 1837 5502 fratres
1885 5447 2074 5500 luunili

578 5603 624 5634 ⁸³
655 5603 737 5656 AI.
770 5603 1076 5672 κολλήγιον.
1132 5603 1178 5634 ⁸⁵
1204 5603 1288 5655 Al.
1321 5600 1473 5654 Θεόν.
1552 5600 1598 5632 ⁸⁵
1638 5601 1725 5657 ΑΙ.
1756 5600 2007 5672 σπυρῖδα.
2086 5601 2131 5631 ⁸⁸

501 5672 631 5733 ’τοὺς
678 5675 989 5742 σκορπίους.

582 5780 694 5849 t‘ll)
752 5777 854 5833 νὴ.
894 5781 1041 5833 Patr.
1078 5797 1135 5836 ιιι.
1166 5780 1250 5834 Η.

2169 4560 2406 4644 ἀναστὰς
2434 4576 2566 4651 ἦλθε
2596 4577 2733 4648 πρὸς
2771 4576 2861 4629 τὸν
2903 4572 3078 4628 essay
3121 4567 3416 4640 Ἀρσένιον,
3457 4564 3555 4618 καὶ
3582 4560 3758 4651 ἀνήγ-

2170 4675 2350 4745 γειλεν
2381 4649 2530 4741 αὐτῷ
2563 4670 2764 4724 πάντα.
2795 4667 2907 4721 Ka‘.
2938 4665 3087 4733 λέγει
3129 4659 3279 4730 αὐτῷ
3307 4660 3335 4712 6
3361 4656 3539 4745 γέρων
3559 4669 3573 4684 ο
3611 4649 3762 4745 Κρά-

2170 4782 2253 4819 τει
2281 4764 2355 4827 ὡς
2380 4765 2428 4815 οἱ
2458 4762 2700 4832 Πατέρες
2733 4776 2814 4812 σοι
2842 4753 3030 4810 εἴπαν·
3067 4751 3250 4805 πλεῖον
3275 4746 3387 4818 γὰρ
3415 4744 3644 4806 τούτων,
3661 4740 3762 4794 οὐκ

2174 4860 2284 4930 ἔχω
2318 4857 2399 4911 σοί
2438 4873 2490 4909 τι
2525 4857 2719 4908 εἰπεῖν.
2758 4853 2868 4907 Kal.
2894 4845 3334 4922 πληροφορηθεὶς
3366 4838 3632 4910 ἀπῆλθεν.

2586 4967 2726 5036 Περὶ
2752 4964 2860 5021 τοῦ
2892 4961 3043 5020 ἀϐὄᾶ
3076 4961 3338 5016 Παύλου.

2252 5082 2555 5154 Διηγήσατό
2579 5098 2664 5144 τις
2697 5080 2804 5133 τῶν
2834 5077 3092 5149 Πατέρων
3123 5073 3249 5146 περί
3278 5086 3422 5132 τινος
3449 5066 3595 5122 assa
3617 5062 3754 5117 Παύ-

2182 5179 2296 5238 λου,
2339 5178 2422 5230 ὅτι
2462 5170 2531 5247 ἦν
2570 5177 2633 5229 ἐκ
2673 5173 2783 5227 τῶν
2826 5173 2974 5227 κάτω
3022 5167 3203 5241 μερῶν
3232 5167 3276 5199 ³⁷
3310 5163 3411 5233 τῆς
3460 5157 3762 5247 Αἰγύπτου,

2182 5265 2346 5318 οἰκῶν
2361 5260 2426 5317 ’δὲ
2461 5244 2517 5317 ὲν
2553 5260 2806 5334 Θηϐαΐδιο
2851 5263 2934 5315 ὅτι
2973 5253 3127 5321 οὗτος
3158 5252 3380 5324 ἐκράτει
3424 5251 3546 5311 ταῖς
3575 5244 3766 5334 χερσῖιν

2182 5356 2346 5409 αὐτοῦ
2365 5357 2488 5419 τοὺς
2504 5355 2776 5426 κεράστας
2792 5353 2838 5385 ⁵⁸
2860 5350 3094 5411 καὶτοὺς
3114 5347 3287 5415 ὄφεις,
3313 5341 3405 5395 καὶ
3427 5334 3640 5408 ἔσχιζεν
3665 5332 3763 5386 αύ-
3848 5338 3854 5344 ’

2180 5447 2307 5510 τοὺς
2341 5448 2558 5518 μέσους.
2587 5447 2698 5500 Kal.
2729 5444 2918 5499 ἔϐαλον
2941 5439 3090 5512 αὐτῷ
3120 5441 3167 5492 ot
3193 5432 3414 5505 ἀδελφοὶ
3451 5427 3764 5502 μετάνοιαν,

2150 5601 2235 5654 AI.
2266 5602 2382 5672 τήν.
2461 5602 2506 5634 ⁸⁷
2539 5600 2624 5655 Al.
2663 5601 2720 5653 ὲν
2765 5600 2878 5661 τοῖς
2928 5606 2979 5651 et
3014 5593 3229 5665 μέρεσι.
3306 5588 3352 5620 ⁸⁸
3384 5584 3468 5640 Al.
3512 5583 3619 5636 ius.
3666 5575 3763 5631 καλ
