4062 6332
293 426 386 496 sat

1420 422 2032 492 APOPuTuEGttATA
2071 426 2385 491 PATRUM.

3437 424 3548 483 589

292 559 569 628 λέγοντες’
617 555 755 611 Εἰπὲ
812 557 942 626 ἡμῖν
985 556 1146 610 ποίαν
1183 556 1446 627 ἐργασίαν
1474 556 1757 625 ἐποίησας,
1787 556 1873 609 ἵνα

1992 559 2117 610 'acta
2148 556 2496 619 salutatione,
2532 558 2848 615 oraverunt',
2875 549 3081 605 diceret
3118 550 3185 605 iis
3227 563 3390 620 quam
3413 562 3549 617 0pc-

292 651 457 724 λάϐῃς
499 650 600 720 τὴν
656 648 813 719 χάριν
841 646 1058 717 ταύτην.
1110 648 1168 700 ’0
1198 647 1252 700 δὲ
1282 648 1415 717 ἔφη·
1467 647 1866 720 Συγχωρήσατέ

296 760 403 813 μοι,
439 740 682 811 Πατέρες
705 753 720 769 ⁸
756 740 852 792 ὲάν
882 756 963 802 τις
988 740 1259 809 κτήσηται
1289 738 1662 810 καθαρότητα,
1693 738 1871 792 πάντα

292 836 653 889 ὑποτάσσεται
681 831 850 902 αὐτῷ,
872 832 945 895 ὡς
958 831 1037 901 τῷ
1064 831 1233 902 Ἀδὰμ
1253 833 1343 886 ὅτε
1373 826 1442 902 ἦν
1456 833 1513 885 ὲν
1537 830 1869 902 παραδείσῳ,

292 922 469 995 πρὶνῆ
495 920 812 993 παραϐῆναι
838 921 939 991 τὴν
958 919 1197 974 ἐντολήν.

468 1114 611 1184 Περὶ
645 1113 754 1168 τοῦ
787 1111 941 1169 ἀϐϐᾶ
979 1114 1225 1168 Παύλου
1251 1112 1358 1167 τοῦ
1383 1113 1693 1183 κοσμίτου.

363 1234 429 1284 α’.
479 1229 539 1282 ⁸0
566 1227 743 1291 ἀὸὁᾶς
773 1225 988 1289 Παῦλος
1033 1227 1062 1278 6
1102 1226 1371 1296 κοσμίτης
1411 1227 1507 1280 καὶ
1551 1226 1814 1298 Τιμόθεος
1843 1229 1872 1280 6

296 1321 517 1388 ἀδελφός
550 1319 716 1373 αὐτοῦ
754 1314 1080 1380 ἐκαθέζοντο
1118 1319 1176 1369 ἐν
1199 1319 1265 1388 τῇ
1294 1317 1494 1388 Σκήτει
1519 1333 1533 1346 ⁸
1563 1318 1658 1371 καὶ
1687 1317 1879 1372 πολλα-

298 1414 403 1485 χῶς
429 1414 475 1445 ⁸⁸
499 1413 710 1481 ἐγίνετο
745 1407 949 1481 μεταξὺ
979 1409 1161 1464 αὐτῶν
1194 1407 1493 1477 ἀντιλογία.
1527 1408 1690 1477 Λέγει
1719 1411 1747 1462 6
1773 1408 1875 1461 ἀϐ-

296 1503 391 1566 σᾶς
415 1500 629 1565 Παῦλος
648 1518 662 1531 ·
693 1500 839 1564 Ἕως
860 1499 992 1552 πότε
1025 1498 1263 1569 μένομεν
1289 1496 1497 1562 οῦτως;
1537 1496 1699 1566 Λέγει
1730 1497 1878 1568 αὐτῷ

295 1596 324 1649 ὁ
348 1582 520 1659 ἀόὗᾶς
550 1592 815 1664 Τιμόθεος
835 1609 847 1622 ·
888 1590 1123 1662 Ποίησον
1167 1588 1388 1660 ἀγάπην
1408 1601 1420 1618 ⁸
1459 1588 1587 1641 ὅταν
1633 1588 1879 1660 ἐρχωμαι

297 1687 477 1741 ἐπάνω
533 1703 653 1751 σου,
718 1684 986 1755 βάσταξόν
1043 1700 1144 1754 με·
1214 1682 1307 1736 καὶ
1342 1681 1472 1734 ὅταν
1516 1680 1648 1753 ἔρχῃ
1690 1682 1784 1735 καὶ
1813 1681 1877 1735 σὺ

298 1778 474 1833 ὲπάνω
498 1794 623 1848 μου,
641 1776 894 1847 βαστάζω
922 1792 981 1828 σε
1008 1773 1184 1843 κάγώ.
1217 1773 1328 1827 Καὶ
1356 1773 1684 1844 ποιήσαντες
1708 1770 1878 1836 οὕτως

299 1870 616 1942 ἀνεπάησαν
645 1868 747 1932 τὰς
779 1867 1094 1930 ὲπιλοίποῦς
1122 1863 1303 1918 αὐτῶν
1336 1864 1569 1935 ἡμέρας.

367 1963 427 2033 β’.
468 1963 527 2017 Ὀ
546 1961 708 2025 αὐτὸς
725 1959 900 2023 ἁὸὁᾶς
918 1959 1129 2023 Παῦλος
1149 1959 1243 2013 καὶ
1263 1957 1524 2028 Τιμόθεος
1547 1957 1803 2027 κοσμῖται
1833 1956 1878 1987 ⁸⁸

298 2052 430 2128 ἦσαν
452 2056 508 2108 ἐν
539 2056 607 2124 τῇ
636 2053 860 2122 Σκήτει,
892 2051 986 2104 καὶ
1019 2049 1288 2121 ὠχλοῦντο
1331 2048 1436 2101 ὑπὸ
1469 2048 1577 2100 τῶν
1614 2044 1876 2115 ἀδελφῶν.

301 2147 405 2203 καὶ
432 2147 583 2215 λέγει
621 2146 649 2197 6
697 2142 961 2215 Τιμόθεος
999 2142 1077 2213 τῷ
1102 2139 1314 2211 ἀδελφῷ
1334 2138 1497 2193 αὐτοῦ
1520 2157 1533 2170 ·
1562 2138 1627 2192 Τί
1657 2139 1881 2208 θέλομεν

301 2240 393 2311 τὴν
413 2239 615 2310 τέχνην
640 2234 875 2306 ταύτην;
906 2234 1006 2287 οὐκ
1033 2232 1308 2303 ἀφιόμεθα
1329 2231 1601 2303 ἡσυχάσαι
1632 2229 1760 2301 ὃλην
1784 2228 1882 2300 τὴν

302 2332 529 2402 ἡμέραν.
556 2329 667 2384 Καὶ
687 2325 1007 2397 ἀποκριθεὶς
1034 2327 1063 2379 6
1093 2324 1264 2387 ἀ66ἇς
1289 2323 1503 2387 Παῦλος
1523 2318 1677 2376 εἶπεν
1710 2320 1878 2392 αὐτῷ·

314 2426 493 2494 ’Δρκεί
519 2424 652 2494 ἡμῖν
676 2423 710 2493 ἡ
731 2420 932 2491 ἡσυχία
965 2418 1064 2489 τῆς
1092 2416 1284 2480 νυκτὸς
1305 2454 1320 2479 ,
1355 2414 1451 2468 ὲάν
1485 2416 1631 2485 νὴφῃ
1656 2417 1688 2484 ὴ
1699 2412 1815 2483 μῶν
1848 2413 1883 2482 ἡ

246 2551 263 2565 ι
305 2517 528 2572 διάνοια.

471 2627 617 2696 Περὶ
662 2625 769 2681 τοῦ
806 2621 957 2678 ἀϐϐᾶ
987 2622 1233 2676 Παύλου
1276 2619 1384 2673 τοῦ
1415 2615 1706 2688 μεγάλου.

368 2751 437 2800 α’.
459 2739 631 2796 Εἶπεν
678 2740 707 2791 6
742 2737 915 2800 ἀόόᾶς
947 2734 1159 2797 Παῦλος
1187 2736 1216 2788 6
1245 2734 1420 2805 μέγας
1447 2732 1476 2785 6
1508 2729 1775 2799 Γαλάτης,
1803 2728 1885 2781 ὅτι

303 2834 551 2906 Μοναχδς
580 2831 719 2902 ἔχων
748 2827 953 2900 μικρὰς
990 2826 1179 2898 χρείας
1206 2826 1264 2878 ὲν
1284 2826 1352 2895 τῇ
1388 2823 1553 2893 κέλλῃ
1578 2820 1767 2884 αὐτοῦ,
1791 2819 1886 2873 καὶ

307 2928 658 3000 εξερχόμενος
700 2921 1014 2995 φροντίσαι,
1064 2917 1175 2971 ἀπὸ
1210 2916 1478 2986 δαιμόνων
1519 2912 1882 2984 χλευάζεται·

270 3094 273 3097 _
309 3023 400 3076 καὶ
424 3023 532 3092 γὰρ
571 3015 727 3085 κάγὼ
755 3014 885 3067 αὐτὸ
919 3011 1139 3065 ἔπαθον.

376 3203 439 3269 β’.
466 3191 637 3250 Εἶπεν
657 3196 686 3247 6
711 3191 889 3256 ἀὸϐἄς
927 3189 1139 3253 Παῦλος
1163 3205 1175 3219 ·
1218 3189 1312 3251 Εἰς
1352 3185 1611 3258 βόρϐορόν
1635 3187 1752 3256 εἰμι
1774 3184 1887 3256 (‘22)

312 3286 833 3357 καταποντιζόμενος
865 3283 971 3347 ἓως
996 3280 1269 3353 τραχήλου
1290 3321 1304 3345 ,
1340 3279 1435 3332 καὶ
1465 3277 1639 3331 κλαίω
1682 3275 1892 3347 ἐμπρο-

314 3382 435 3436 σθεν
457 3381 552 3435 τοῦ
580 3377 741 3445 Θεοῦ,
763 3377 940 3445 λέγων
962 3391 976 3405 ·
1019 3373 1269 3443 Ἐλέησόν
1300 3389 1387 3441 με.

382 3482 452 3544 γ’.
488 3472 715 3541 Ἔλεγον
740 3467 978 3541 περὶτοῦ
998 3466 1144 3521 ἀὸσᾶ
1172 3463 1411 3525 Παύλου,
1440 3462 1521 3514 ὅτι
1550 3459 1776 3528 ἐποίησε
1794 3459 1894 3529 τὴν

315 3562 763 3638 Τεσσαρακοστὴν
786 3564 864 3624 είς
892 3560 1052 3632 ματὶν
1084 3557 1259 3627 φακοῦ
1288 3556 1379 3608 καὶ
1404 3553 1656 3623 λαγύνιον
1683 3552 1892 3615 ὓδατος

317 3658 407 3711 καὶ
435 3658 516 3719 είς
545 3655 603 3708 ἓν
640 3652 923 3723 μαλάκιον,
945 3649 1077 3703 αὐτὸ
1105 3648 1322 3702 πλέκων
1358 3645 1452 3698 καὶ
1478 3644 1757 3710 ἀναλύων,
1792 3642 1897 3706 ἕως

314 3750 413 3823 τῆς
442 3748 638 3822 ἑορτῆς
662 3742 1127 3815 ὲγιεκλεισμένος.

539 3861 676 3929 Περὶ
719 3858 825 3912 τοῦ
847 3853 997 3911 ἀϐϐᾶ
1033 3855 1278 3908 Παύλου
1311 3849 1418 3905 τοῦ
1448 3848 1667 3904 ἁπλοῦ.

400 3976 457 4032 Ὀ
487 3978 753 4048 μακάριος
801 3968 973 4032 ἀϐὄᾶς
1025 3966 1232 4030 Παῦλος
1268 3968 1297 4018 6
1328 3963 1532 4026 ἁπλοῦς
1560 3964 1588 4016 6
1615 3960 1708 4016 τοῦ
1744 3962 1897 4029 ἁγίου

336 4067 616 4122 ’Δντωνίου
643 4062 914 4136 μαθητὴς,
938 4061 1238 4130 διηγήσατο
1255 4059 1368 4120 τοῖς
1391 4055 1634 4126 Πατράσι
1668 4055 1899 4124 πρᾶγμα

321 4159 591 4214 τοιοῦτονο
646 4156 729 4210 ὅτι
782 4153 914 4206 ποτὲ
970 4149 1504 4222 παραγενόμενοςιὲν
1553 4145 1900 4218 μοναστηρίῳ

324 4248 666 4317 ἐπισκέψεως
703 4244 895 4297 ἕνεκεν
960 4241 1057 4294 καὶ
1109 4239 1377 4308 ὡφελείας
1427 4237 1584 4308 χάριν
1631 4232 1898 4302 ἀδελφῶν,

326 4341 460 4411 μετά
513 4340 612 4412 τὴν
638 4338 775 4409 πρὸς
819 4335 1078 4407 ἀλλήλους
1131 4331 1310 4386 αὐτῶν
1349 4328 1556 4401 συνήθη
1581 4325 1897 4390 διάλεκτον,

323 4436 547 4490 εἴσεισιν
596 4436 654 4487 ὲν
700 4435 768 4503 τῇ
808 4429 941 4500 ἁγίᾳ
965 4427 1061 4481 τοῦ
1098 4425 1235 4479 Θεοῦ
1274 4422 1543 4493 ἐκκλησίᾳ
1564 4421 1665 4492 τὴν
1696 4418 1898 4489 συνήθη

326 4529 541 4595 σύναξιν
585 4526 918 4581 ἐπιτελέσαι.
961 4521 1018 4575 '0
1068 4520 1125 4573 δὲ
1171 4518 1439 4590 μακάριος
1484 4512 1717 4577 Παῦλος,
1744 4511 1897 4581 φησὶ,

324 4586 623 4695 προσέσχεν
654 4620 870 4688 ἑκάστῳ
896 4616 1004 4669 τῶν
1026 4586 1303 4667 εἰσιόντων
1327 4586 1409 4672 εἰς
1441 4608 1540 4677 τὴν
1568 4604 1862 4674 ἐκκλησίαν
1882 4643 1897 4667 ,
1934 4586 1978 4641 D

322 4693 480 4788 ὁποίᾳ
504 4716 614 4785 ἄρα
642 4714 788 4783 ψυχῇ
845 4709 1079 4763 εἰσίασιν
1120 4707 1201 4769 είς
1228 4704 1328 4775 τὴν
1351 4700 1569 4765 σύναξιν
1599 4717 1612 4730 ο
1642 4693 1755 4768 εἶχε
1788 4697 1902 4767 γὰρ

327 4809 415 4865 καὶ
433 4806 637 4877 ταύτην
650 4803 748 4875 τὴν
768 4803 927 4874 χάριν
962 4799 1113 4871 παρά
1142 4795 1347 4867 Κυρίου
1382 4794 1423 4825 ⁸¹
1456 4792 1701 4846 δοθεῖσαν
1731 4789 1899 4855 αὐτῷ,

324 4902 458 4955 ὥστε
478 4901 613 4971 ὁρᾷν
647 4886 876 4951 ἕκαστον
900 4892 1081 4955 ὁποῖός
1111 4892 1227 4943 ἐστι
1249 4891 1315 4959 τῇ
1336 4886 1504 4958 ψυχῇ,
1524 4885 1713 4955 ὥσπερ
1740 4884 1900 4953 ἡμεῖς

328 4993 595 5061 βλέπομεν
620 4987 863 5059 ἀλλήλων
885 4984 954 5039 τά
971 4984 1257 5055 πρόσωπα.
1292 4980 1516 5033 Πάντων
1544 4976 1600 5031 δὲ
1626 4976 1901 5030 εἰσιόντων

325 5083 551 5154 λαμπρᾷ
596 5083 664 5152 τῇ
712 5078 831 5148 δψει
883 5077 979 5129 καὶ
1018 5070 1229 5143 φαιδρῴ
1270 5069 1351 5141 τῷ
1389 5065 1689 5140 προσώπῳ,
1719 5065 1808 5118 τόν
1844 5080 1904 5116 τε

328 5174 551 5228 ἑκάστου
578 5168 811 5241 ἄγγελον
870 5166 1126 5238 χαίροντα
1154 5165 1239 5216 ἐπ’
1271 5158 1422 5230 αὐτῷ
1450 5160 1493 5192 ⁶²
1518 5175 1531 5188 ·
1568 5158 1684 5221 ἕνα,
1718 5155 1904 5225 φησὶν,

331 5267 424 5336 ὁρᾷ
454 5265 662 5337 μέλανα
695 5263 790 5316 καὶ
833 5258 1044 5329 ζοφώδη
1077 5256 1196 5311 ὅλον
1242 5256 1302 5309 τὸ
1347 5254 1526 5324 σῶμα,
1571 5251 1830 5322 δαίμονας
1849 5248 1907 5302 δὲ

334 5360 452 5429 παρ’
482 5354 781 5427 έκατέρᾳ⁸³
806 5351 995 5405 τοῦτον
1013 5349 1336 5420 συνέχοντας
1356 5346 1449 5401 καὶ
1465 5344 1724 5405 ἕλκοντας
1745 5339 1906 5394 αὐτὸν

397 5517 442 5551 ⁸⁵
472 5517 557 5571 Al.
590 5512 885 5584 διαφόρως.
962 5510 1007 5542 ⁸⁸
1031 5508 1116 5563 ΑΙ.
1149 5506 1440 5576 κοσμῆται.

397 5676 505 5747 (22)
546 5678 655 5738 Εἰς
703 5670 1005 5747 εβόρϐορόρκ·
1046 5669 1196 5747 εἶμί,
1231 5672 1335 5747 cllo.
1378 5660 1490 5747 Hoc
1517 5654 1899 5747 ripophlltcgluta

328 5725 679 5818 Coibe'rti—n'tis
703 5725 845 5818 iib'er
870 5725 1111 5818 assignat
1140 5725 1307 5791 Paulo
1355 5730 1631 5801 1Egypli0,
1687 5726 1777 5795 qui
1814 5725 1898 5777 hic

334 5816 616 5874 I'aulorum
646 5813 857 5881 primus
886 5813 1121 5881 ponitur.

395 5890 512 5961 (ἳῦ)
570 5878 677 5938 Vit.
718 5885 872 5935 Patr.
918 5878 1114 5939 “1,72.

1516 5501 1558 5532 “
1591 5501 1676 5553 ΑΙ.
1705 5496 1797 5550 τοῦ
1834 5495 1990 5549 Θεοῦ.
2068 5495 2111 5526 θ’
2143 5495 2224 5546 Al.
2257 5493 2314 5544 ἐν
2340 5493 2542 5553 αὐτοῖς.

1975 648 2240 702 rationem
2273 645 2512 711 fecisset,
2543 653 2601 699 nt
2625 642 2891 714 ejusmodi
2924 642 3154 712 gratiam
3179 656 3546 711 consequere»

1974 748 2083 794 tur.
2115 739 2209 793 llle
2237 739 2556 807 respondit:
2587 735 2864 807 Ignoscite
2899 734 3054 799 mihi,
3089 733 3308 801 Patres;
3348 733 3395 790 si
3425 732 3551 803 quis

1973 831 2270 889 obtinuerit
2298 832 2611 901 puritatem,
2642 837 2841 884 cuncta
2865 830 2916 883 ei
2939 827 3332 897 subjicientur;
3364 840 3551 896 quem.

1974 920 2270 975 admodum
2293 918 2503 973 Adamo
2525 933 2650 972 cum
2675 924 2820 973 esset
2838 918 2892 971 in
2911 918 3190 988 paradiso,
3227 915 3549 985 priusquam

1975 1010 2455 1082 transgrederetur
2485 1010 2822 1064 mandatum.

2360 1121 2432 1174 De
2465 1120 2657 1175 abbate
2687 1120 2861 1174 Paulo
2895 1129 3145 1174 cosmeta.

2049 1234 2099 1287 l.
2133 1233 2320 1287 Abbas
2366 1230 2569 1286 Paulus
2604 1239 2867 1290 cosuicta,
2914 1235 2967 1281 et
3006 1226 3325 1283 Timotheus
3376 1226 3550 1281 frater

1976 1325 2120 1395 ejus,
2155 1323 2474 1381 residebant
2503 1324 2560 1378 in
2589 1321 2760 1377 Secti.
2799 1321 2878 1375 Ac
2913 1335 3057 1391 saepe
3099 1321 3241 1373 inter
3280 1334 3376 1374 eos
3403 1319 3555 1373 orie—

1978 1418 2139 1472 batur
2162 1416 2473 1471 contentio-
2508 1413 2650 1469 Dicit
2692 1412 2863 1469 abbas
2894 1411 3099 1467 Paulus
3121 1430 3134 1462 :
3156 1410 3454 1481 Quousque
3478 1410 3555 1464 ita

1977 1506 2487 1578 perseverabimus?
2539 1505 2633 1560 Ait
2682 1503 2758 1559 illi
2812 1504 2980 1560 abbas
3028 1504 3346 1560 Timotheus
3386 1522 3401 1559 :
3446 1502 3556 1559 Fac

1978 1613 2117 1669 opus
2148 1597 2462 1663 charitatis;
2522 1609 2645 1649 cum
2697 1594 2791 1649 tibi
2845 1594 3112 1649 molestus
3158 1593 3334 1659 fuero,
3372 1592 3555 1661 perfer

1978 1702 2103 1753 me;
2136 1686 2493 1755 vicissimque
2534 1683 2754 1754 quando
2791 1690 2848 1736 tu
2879 1682 3010 1736 mihi
3049 1681 3219 1739 fueris
3259 1683 3554 1743 molestus.

1979 1781 2142 1835 etiam
2173 1787 2226 1834 te
2255 1778 2558 1835 sustinebo.
2595 1776 2772 1845 Atque
2810 1774 2891 1831 sic
2929 1784 3174 1845 agentes,
3204 1774 3388 1845 quiete
3426 1788 3555 1843 per—

1911 1906 1953 1962 Β
1981 1854 2212 1942 egerunt
2247 1870 2491 1940 reliquos
2514 1869 2632 1924 dies
2664 1882 2815 1921 suos.

2049 1966 2105 2020 2.
2146 1962 2293 2018 idem
2341 1962 2512 2017 abbas
2545 1960 2771 2023 Paulus,
2814 1965 2869 2014 et
2915 1957 3236 2013 Timotheus
3301 1963 3560 2013 cosmetae

1980 2062 2140 2113 erant
2162 2055 2218 2109 in
2257 2053 2429 2119 Secti,
2464 2060 2517 2107 et
2543 2068 2574 2107 a
2606 2050 2873 2106 fratribus
2914 2047 3298 2104 turbabantur.
3331 2047 3418 2099 Ait
3458 2043 3555 2099 Ti-

1981 2148 2235 2203 motheus
2285 2144 2438 2200 fratri
2476 2159 2578 2200 suo
2614 2163 2627 2197 :
2674 2144 2788 2198 Cur
2830 2141 2970 2195 hanc
3003 2150 3174 2195 artem
3223 2137 3561 2192 retinemus?

1982 2241 2085 2297 Per
2116 2249 2289 2296 totum
2327 2239 2471 2294 diem
2511 2252 2620 2292 non
2663 2236 2898 2291 sinimur
2926 2233 2981 2286 in
3012 2232 3200 2302 quiete
3232 2245 3414 2301 agere.
3452 2228 3560 2282 Re-

1983 2334 2202 2405 spondit
2232 2333 2283 2388 ei
2328 2331 2498 2385 abbas
2528 2327 2733 2382 Paulus
2765 2344 2779 2381 :
2812 2323 3023 2380 Suliicit
3060 2321 3216 2377 nobis
3259 2321 3440 2376 noctis
3475 2334 3564 2374 res

1983 2420 2162 2491 quies,
2197 2417 2357 2471 modo
2384 2431 2539 2471 mens
2564 2422 2754 2469 nostra
2785 2411 2991 2482 vigilet.

2413 2607 2487 2661 De
2514 2606 2703 2659 abbate
2726 2604 2899 2659 Paulo
2926 2620 3137 2675 magna.

2059 2726 2111 2778 t.
2145 2722 2287 2796 (Ξὸ)
2322 2720 2467 2776 Dixit
2510 2719 2681 2775 abbas
2709 2718 2932 2785 Paulus,
2967 2731 3198 2788 magnus
3229 2716 3323 2772 ille
3360 2725 3415 2773 et
3455 2714 3561 2772 Ga-

1986 2815 2451 2872 latazMonacbus
2492 2812 2584 2883 qui
2617 2812 2674 2867 in
2705 2813 2837 2868 cella
2876 2828 2974 2867 sua
3017 2810 3181 2866 habet
3223 2824 3387 2880 parva
3418 2823 3562 2879 quae—

1987 2911 2114 2966 dam
2150 2905 2463 2969 commoda,
2508 2913 2673 2975 atque
2702 2903 3017 2975 egreditur,
3050 2909 3110 2956 ut
3141 2915 3329 2957 eorum
3377 2914 3563 2955 curam

1987 3013 2158 3075 gerat,
2203 2998 2447 3055 illuditur
2478 3012 2510 3052 a
2541 2996 2904 3053 datmonibus.
2949 2994 3004 3049 Id
3038 2993 3182 3050 enim
3229 2990 3363 3046 mihi
3400 2992 3562 3045 etiam

1988 3093 2242 3150 contiait.

2060 3109 2136 3148 nu
2181 3109 2242 3146 ιι.

2059 3183 2115 3237 2.
2146 3109 2297 3236 gDixit
2323 3181 2492 3236 abbas
2521 3179 2720 3234 Paulus
2746 3196 2759 3231 :
2789 3177 2848 3231 In
2882 3176 2993 3233 luto
3021 3175 3316 3229 immersus
3343 3187 3465 3228 sum
3496 3168 3566 3225 ad

1993 3276 2194 3331 collum
2226 3287 2420 3344 usque,
2452 3279 2506 3328 et
2552 3273 2707 3343 ploro
2747 3283 2932 3325 coram
2973 3267 3101 3332 Deo,
3140 3267 3330 3321 dicens
3360 3281 3373 3319 ε
3406 3263 3569 3319 Misc-

1994 3383 2116 3425 rere
2138 3367 2264 3422 mei.

2065 3461 2118 3514 5.
2152 3458 2288 3530 (24)
2327 3456 2562 3511 Aiebant
2596 3455 2664 3509 de
2694 3454 2890 3508 abbate
2927 3451 3115 3514 Paulo,
3147 3447 3294 3519 quod
3326 3445 3570 3519 peregis-

1996 3558 2079 3606 set
2113 3547 2585 3619 quadragesimam
2612 3558 2735 3599 cum
2776 3542 3017 3598 sextario
3052 3540 3215 3594 lentis
3237 3545 3291 3593 et
3316 3537 3568 3607 lagenula

1997 3656 2179 3710 aquae,
2218 3652 2434 3694 necnon
2482 3651 2607 3690 cum
2639 3649 2744 3689 una
2777 3633 3048 3704 sportula,
3090 3644 3252 3701 quam
3303 3626 3572 3698 plectebat

1998 3742 2046 3788 et
2077 3729 2432 3794 dissolvebat,
2464 3742 2639 3797 usque
2672 3725 2741 3779 ad
2773 3724 2971 3780 festum
3000 3723 3270 3778 inclusus.

2389 3842 2468 3897 De
2493 3841 2682 3896 abbate
2713 3838 2888 3893 Paulo
2918 3836 3176 3905 simplice.

2071 3962 2211 4034 (25)
2235 3960 2432 4014 Beatus
2466 3955 2637 4010 abbas
2666 3952 2869 4007 Paulus
2901 3950 3154 4019 simplex,
3195 3950 3371 4005 sancti
3399 3948 3569 4001 Auto-

2001 4056 2075 4110 nii
2121 4050 2440 4122 discipulus,
2484 4045 2739 4101 Pati-ibus
2774 4042 3017 4097 narravit
3050 4039 3366 4109 hujusmodi
3413 4053 3525 4093 rem
3558 4056 3570 4091 :

1999 4144 2083 4198 Ad
2129 4139 2521 4196 monasterium
2573 4148 2699 4189 cum
2758 4131 3088 4204 perrexisset
3134 4126 3458 4198 aliquando,
3507 4126 3576 4180 ad

1999 4231 2306 4292 visitaudos
2335 4239 2389 4285 et
2417 4227 2791 4284 emolumento
2834 4220 3148 4279 alliciendos
3194 4218 3391 4273 fratres
3416 4237 3430 4272 :
3452 4224 3577 4288 post

2000 4333 2322 4384 consuetum
2369 4318 2725 4390 colloquium,
2770 4312 3006 4385 ingressi
3060 4318 3191 4367 sunt
3233 4311 3290 4363 in
3323 4319 3572 4365 sanctam

2004 4421 2097 4477 Dei
2159 4415 2482 4475 ecclesiam,
2530 4419 2592 4466 ut
2635 4409 2853 4466 solitam
2890 4404 3162 4477 .synaxim
3214 4402 3574 4458 celebrarent.

2003 4513 2202 4570 Beatus
2229 4524 2357 4564 vero
2385 4506 2589 4562 Paulus
2648 4503 2945 4573 unicuique
2972 4498 3297 4555 intrantium
3326 4496 3383 4550 in
3406 4494 3581 4550 eccle-

2007 4605 2145 4661 siam
2175 4598 2509 4664 attendebat,
2538 4595 2687 4667 quali
2715 4594 2926 4649 scilicet
2949 4592 3130 4645 anima
3163 4588 3580 4660 ingrederentur

2008 4697 2076 4752 ad
2109 4694 2390 4751 collectam
2418 4689 2645 4745 :habuit
2671 4688 2817 4743 enim
2845 4686 2989 4739 hanc
3016 4683 3249 4754 gratiam
3283 4698 3315 4736 a
3339 4680 3451 4736 Deo
3474 4679 3581 4735 sibi

2008 4800 2354 4848 concessam,
2386 4790 2445 4838 ut
2474 4789 2723 4837 cerneret
2745 4779 2924 4849 qualis
2947 4778 3181 4848 quisque
3207 4782 3355 4830 esset
3378 4772 3579 4836 anima,

2008 4881 2152 4935 sicut
2192 4893 2291 4932 nos
2329 4874 2699 4944 conspicimus
2735 4871 2873 4925 alter
2910 4869 3138 4924 alterius
3174 4866 3393 4921 faciem.
3443 4863 3582 4919 Cum

2008 4987 2137 5042 ergo
2187 4968 2373 5023 cuncti
2418 4968 2707 5021 introirent
2755 4962 3055 5033 splendidis
3102 4959 3312 5023 oculis,
3372 4970 3583 5011 necnon

2010 5064 2159 5118 clara
2195 5060 2353 5122 facie,
2399 5059 2699 5113 comitante
2745 5067 3189 5124 unumquemque
3223 5048 3415 5119 angelo
3446 5060 3546 5101 suo
3567 5082 3582 5105 .

2011 5169 2184 5224 eoque
2230 5167 2394 5220 super
2438 5151 2590 5204 illum
2640 5149 2762 5203 ιωιο
2799 5164 2812 5200 :
2857 5160 3047 5207 unum,
3083 5142 3282 5212 inquit,
3315 5138 3451 5192 vidit
3497 5137 3585 5188 ni-

2010 5261 2192 5316 grum,
2227 5253 2338 5298 l0l0
2377 5256 2606 5311 corpore
2644 5240 3013 5295 tenebrosum.
3046 5234 3321 5288 daemones
3350 5241 3479 5282 vero
3520 5224 3586 5277 ad

2012 5347 2305 5406 utrumque
2351 5336 2524 5396 latus.
2578 5340 2825 5387 tenentes
2864 5346 2987 5384 eum
3012 5368 3026 5389 ,
3062 5326 3343 5379 trahentes
3382 5318 3450 5373 ad
3486 5332 3544 5372 se
3573 5357 3588 5378 ,

2622 5490 2664 5520 ⁸³
2688 5491 2771 5542 Al.
2800 5487 3060 5554 ἑκατέρου
3079 5491 3128 5536 ct
3151 5480 3389 5547 ἑκάτερα
3417 5476 3579 5547 μέρη.

2081 5653 2190 5719 (24)
2243 5649 2348 5702 Vit.
2382 5648 2536 5719 Patr.
2567 5663 2648 5701 ιιι.
2685 5646 2783 5707 7'2;
2813 5641 3072 5719 Moschus
3096 5648 3144 5693 c.
3183 5637 3299 5717 16!.

2247 5719 2348 5773 Vit.
2392 5718 2540 5772 l’alr.
2597 5702 2905 5780 nuncii);
2959 5711 3203 5765 Andreas
3252 5710 3304 5760 in
3359 5702 3583 5773 Apuani.

2010 5808 2058 5846 C.
2094 5808 2181 5845 διδ.
