4062 6332
415 338 521 395 382»

1539 338 1578 389 Α
1590 334 1880 390 ΡΡΕΝΠΙΧ
1925 336 2016 391 AD
2057 337 2137 392 PA
2149 338 2278 394 LL.\
2289 340 2397 398 DIU
2411 339 2478 395 Μ.

3565 340 3668 395 εει

417 452 717 522 capistrum
744 449 796 504 iu
821 463 1014 506 nasum
1043 448 1161 517 ejus
1192 446 1500 514 mittentes;
1533 454 1782 502 sanctum
1806 457 1988 504 autem

2111 453 2230 523 τρὸς
2247 453 2490 514 ἑαυτοὺς,
2511 448 2766 520 φορϐειάν
2785 448 2878 502 ἐπὶ
2902 449 3000 522 τὴν
3028 451 3149 520 ρἰα
3177 448 3340 503 αὐτοῦ
3357 447 3670 517 βάλλοντας·
3694 479 3697 482 -

419 544 595 614 ipsius
618 543 871 613 angelum
896 556 924 594 a
946 541 1102 610 longe
1125 546 1464 608 sequentem,
1494 538 1728 605 tristem,
1751 540 1992 596 demisso

418 635 591 689 vultu.
640 631 792 688 Unde
848 633 1049 686 Paulus
1093 633 1146 684 in
1194 632 1461 702 lacrymas
1512 633 1783 702 prorupit,
1828 648 1993 687 manu

421 735 612 796 pectus
648 723 864 787 tutudit,
917 722 1246 792 scdebatque
1293 729 1420 776 ante
1452 723 1745 778 ecclesiam
1772 763 1786 784 ,
1833 724 1996 778 vehe-

424 827 633 872 menter
683 815 884 870 deflens
931 829 1054 868 eum
1106 815 1198 885 qui
1252 814 1308 868 in
1343 815 1448 870 isto
1495 822 1643 870 statu
1696 816 1802 884 ipsi
1841 817 1995 871 visus

425 909 617 961 fuerat.
652 905 729 958 Illi
773 919 902 959 vero
934 905 1116 959 intuiti
1146 905 1385 960 hominis
1427 907 1763 976 inopinatam
1816 909 1992 962 actio-

423 1014 568 1062 nem,
593 1000 827 1052 subitam
863 998 1238 1063 mutationem,
1274 1001 1686 1055 conversionem
1717 1001 1784 1054 ad
1809 1001 1992 1072 lacry—

425 1107 541 1146 mas
571 1098 625 1145 ct
662 1092 903 1156 luctum,
940 1091 1374 1162 interrogabant,
1416 1095 1759 1164 orabantque
1793 1101 1851 1148 ut
1879 1096 1996 1148 clo—

424 1191 683 1254 queretur
713 1200 884 1254 quare
911 1185 1172 1253 ploraret,
1210 1185 1365 1240 veriti
1408 1186 1667 1240 nimirum
1699 1201 1768 1241 ne
1805 1202 1998 1256 quam-

423 1275 568 1344 piam
597 1275 651 1327 in
675 1273 890 1328 cunctis
921 1273 1140 1342 culpam
1173 1289 1496 1343 agnoscens,
1525 1275 1600 1328 ita
1622 1283 1822 1346 ageret.
1859 1274 1999 1328 Hor-

426 1365 683 1420 tabantur
724 1366 886 1419 etiam
929 1371 989 1418 ut
1032 1363 1099 1417 ad
1132 1365 1609 1436 congregationem
1650 1381 1776 1420 cum
1809 1365 1877 1420 iis
1910 1365 1997 1418 in-

425 1457 759 1528 grederetur.
815 1455 1018 1511 Paulus
1081 1465 1262 1511 autem
1326 1458 1392 1512 iis
1443 1457 1719 1527 repulsis,
1777 1457 2000 1512 sedebat

427 1556 603 1610 extra,
653 1547 886 1601 summis
934 1547 1186 1601 lamentis
1233 1562 1572 1617 prosequens
1615 1563 1738 1602 eum
1788 1549 1882 1617 qui
1919 1549 2000 1603 sic

429 1637 532 1706 ipsi
568 1645 910 1706 apparuerat.
936 1636 1054 1691 Non
1083 1637 1253 1691 multo
1278 1645 1423 1708 post,
1446 1638 1674 1693 dimisso
1702 1646 1996 1706 conventu,

429 1728 643 1782 cunctis
673 1727 1022 1794 exeuntibus,
1056 1727 1250 1781 iterum
1277 1744 1722 1798 unumquemque
1751 1724 2000 1785 conside-

430 1815 585 1870 rabat
611 1815 830 1879 Paulus,
869 1817 960 1886 qui
989 1826 1215 1886 cuperet
1259 1833 1592 1888 cognoscere
1621 1821 1812 1890 quales
1844 1836 2000 1890 egre—

428 1907 719 1972 derentur;
749 1918 802 1962 et
827 1907 973 1962 videt
1005 1909 1155 1962 illum
1179 1909 1380 1973 virum,
1403 1909 1562 1978 cujus
1594 1917 1765 1964 totum
1799 1925 2001 1981 corpus

431 1998 582 2069 prius
626 2001 838 2070 nigrum
883 1999 1056 2054 fuerat
1101 2010 1264 2070 atque
1303 2001 1692 2064 tenebrosum,
1736 2001 1886 2056 exire
1935 2003 2002 2056 ab

428 2090 658 2145 ecclesia
683 2091 830 2145 claro
850 2092 1020 2154 vultu,
1045 2105 1276 2162 corpore
1295 2091 1548 2157 candido,
1573 2092 1850 2148 daemones
1873 2107 2004 2148 vero

431 2182 621 2251 procul
663 2183 838 2252 sequi,
879 2189 933 2235 at
967 2190 1217 2236 sanctum
1248 2183 1498 2253 angelum
1535 2184 1700 2252 juxta
1727 2183 2003 2247 comitari,

430 2279 486 2325 et
516 2272 753 2342 gaudere
803 2273 1094 2341 plurimum
1134 2287 1299 2342 super
1345 2287 1430 2328 eo.
1472 2272 1626 2328 Tunc
1659 2273 1864 2329 Paulus
1895 2289 2007 2344 pra-'2

433 2362 615 2419 lmtitia
648 2362 874 2426 exsiliit,
905 2362 1284 2433 clamabatque
1343 2364 1673 2420 benedicens
1717 2365 1914 2429 Deum,
1950 2365 2007 2420 in

434 2454 548 2508 haec
573 2453 768 2508 verba:
795 2451 839 2507 0
872 2451 1202 2507 ineffabilem
1232 2450 1327 2507 Dei
1363 2452 1659 2508 bonitatem
1691 2461 1854 2522 atque
1876 2467 2008 2522 erga

435 2544 686 2599 homines
741 2545 1016 2598 amorem!
1069 2543 1312 2599 Currens
1372 2557 1538 2614 porro
1597 2543 2010 2614 ascendensque

435 2652 600 2706 super
645 2637 810 2691 altum
856 2637 1108 2707 gradum,
1162 2651 1356 2707 magna
1406 2651 1538 2690 voce
1587 2635 2007 2705 pronuntiavit:

437 2729 630 2784 Venite
659 2744 723 2784 ac
751 2728 928 2784 videte
956 2742 1121 2798 Opera
1147 2726 1266 2792 Dei,
1292 2743 1457 2797 quam
1490 2726 1754 2782 terribilia
1792 2727 1924 2792 sint,
1956 2735 2012 2782 et

437 2822 587 2876 omni
615 2819 978 2874 admiratione
1001 2819 1164 2890 digna
1194 2819 1263 2872 ⁸³.
1296 2817 1510 2882 Venite,
1545 2817 1728 2872 videte
1756 2833 1878 2872 eum
1915 2819 2009 2888 qui

439 2911 553 2965 vult
583 2926 771 2966 omnes
795 2910 1043 2964 homines
1077 2909 1257 2964 salvos
1292 2908 1427 2973 ﬁeri,
1472 2917 1527 2962 et
1571 2908 1638 2962 ad
1675 2906 2011 2978 agnitionem

440 3003 681 3059 veritatis
718 3002 902 3056 venire
936 3001 1003 3055 “.
1058 2998 1271 3062 Venite,
1325 2998 1636 3064 adoremus,
1677 3005 1730 3054 et
1763 3000 2012 3068 procida-

2093 545 2186 597 τόν
2240 563 2300 597 τε
2350 545 2503 612 ἅγιον
2533 543 2761 610 ἄγγελον
2793 541 2958 595 αὑτοῦ
3003 543 3111 595 ἀπὸ
3143 543 3412 613 μακρόθεν
3442 543 3674 598 ἀκολου-

2095 635 2289 690 θοῦντα
2323 635 2638 707 σκυθρωπὸν
2660 636 2752 688 καὶ
2775 633 3013 704 κατηφῆ.
3053 634 3111 686 '0
3140 633 3196 686 δέ
3233 633 3438 696 Παῦλος
3471 633 3675 706 δακρύ-

2097 747 2216 794 σας,
2247 730 2340 784 καὶ
2363 732 2427 801 τῇ
2457 729 2602 799 χειρί
2623 727 2682 780 τὸ
2705 726 2900 796 στῆθος
2919 725 3124 796 πλήξας
3151 727 3221 791 ⁸⁸,
3253 726 3546 790 ἐκαθέζετο
3569 725 3678 796 πρὸ

2096 820 2196 890 τῆς
2247 821 2568 892 ἐκκλησίας,
2622 819 3054 892 ἀποκλαιόμενος
3103 818 3307 890 σφόδρα
3362 818 3452 870 τὸν
3503 818 3680 882 οὕτως

2097 889 2327 978 ὀφθέντα
2381 889 2549 982 αὐτῷ.
2598 889 2661 965 όί
2694 911 2751 962 δέ
2782 910 3107 979 θεασάμενοι
3145 909 3203 961 τὸ
3243 889 3550 979 παράδοξον
3581 909 3680 962 τοῦ

2097 1003 2310 1074 ἀνδρὸς,
2333 1005 2429 1074 τήν
2450 1021 2509 1056 τε
2531 1003 2706 1068 ὀξεῖαν
2734 1001 2899 1056 αὑτοῦ
2931 1000 3254 1072 μεταϐολὴν,
3288 1002 3423 1072 πρὸς
3467 1001 3680 1072 δάκρυα

2099 1092 2193 1144 καὶ
2223 1093 2416 1156 πένθος
2441 1095 2760 1164 κινήσαντα,
2787 1090 3014 1162 ήρώτων
3045 1091 3206 1144 αὐτὸν
3231 1089 3679 1161 παρακαλοῦντες

2099 1182 2158 1235 τὸ
2192 1182 2331 1236 διατι
2357 1184 2530 1240 κλαίει
2557 1185 2753 1248 εἰπεῖν,
2789 1181 3101 1252 νομίζοντες
3139 1181 3270 1251 μήτι
3303 1181 3347 1210 θ’
3371 1181 3681 1247 καταγνοὺς

2100 1273 2352 1327 ἀπάντων
2398 1273 2558 1327 τοῦτο
2585 1258 2762 1327 ποιεῗο
2809 1273 3153 1344 παρεκάλουν
3181 1289 3241 1325 τε
3279 1272 3440 1324 αὐτὸν
3470 1271 3563 1325 καὶ
3600 1273 3684 1334 εἰς

2099 1365 2195 1436 τὴν
2253 1363 2472 1430 σύναξιν
2531 1366 2627 1418 σὺν
2685 1365 2869 1428 αὐτοῖς
2926 1364 3175 1418 εἰσιέναι.
3240 1363 3297 1416 Ὀ
3347 1363 3404 1415 δέ
3465 1362 3681 1426 Παῦλος

2100 1456 2531 1525 ἀποσεισάμενος
2599 1455 2795 1518 αὐτοὺς
2849 1455 2894 1486 ⁷⁸
2947 1453 3239 1518 ἐκαθέζετο
3284 1451 3426 1518 ἔξω,
3481 1451 3685 1506 ἀποδυ-

2103 1548 2330 1620 ρόμενος
2388 1547 2531 1600 πάνυ
2590 1546 2681 1598 τὸν
2739 1545 2910 1609 οὕτως
2950 1545 3185 1616 ὀφθέντα
3235 1544 3400 1614 αὐτῷ.
3453 1545 3586 1596 Μετ’
3619 1545 3682 1596 οὐ

2102 1639 2235 1691 πολὺ
2290 1638 2347 1690 δέ
2395 1639 2494 1708 τῆς
2551 1637 2822 1702 συνάξεως
2865 1635 3269 1708 ἀπολυθείσης,
3318 1635 3412 1688 καὶ
3465 1636 3684 1688 πάντων

2101 1729 2371 1796 ἐξιόντων,
2395 1730 2555 1782 πάλιν
2575 1727 2979 1799 κατεμάνθανεν
3003 1730 3030 1781 6
3052 1727 3261 1791 Παῦλος
3283 1727 3531 1792 ἕκαστον,
3562 1727 3686 1795 βου-

2102 1821 2326 1890 λόμενος
2345 1820 2391 1851 ⁷³
2418 1818 2622 1886 γνῶναι
2661 1811 2763 1871 οἷοι
2796 1817 3133 1888 ἐξέρχονταιο
3167 1819 3259 1871 καὶ
3288 1818 3387 1886 ὁρᾷ
3405 1815 3495 1868 τὸν
3515 1815 3685 1885 ἄνδρα

2103 1913 2329 1975 ἐκεῖνον,
2357 1912 2448 1964 τὸν
2487 1910 2654 1981 μέλαν
2677 1911 2772 1963 καὶ
2807 1909 3043 1977 ζοφῶδες
3066 1908 3258 1978 ἔχοντα
3301 1908 3364 1988 τό
3409 1909 3536 1979 πρὶν
3565 1907 3686 1960 ὅλον

2103 2005 2162 2057 τὸ
2196 2003 2375 2075 σῶμα,
2401 2003 2752 2074 ἐξερχόμενον
2766 2003 2872 2055 ἀπὸ
2892 2003 2987 2074 τῆς
3015 2002 3311 2073 ἐκκλησίας
3333 1999 3585 2071 λαμπρὸν
3607 2000 3686 2069 τῷ

2104 2093 2398 2166 προσώπῳ,
2426 2093 2614 2147 λευκὸν
2641 2093 2717 2164 τῷ
2747 2092 2990 2164 σώματι,
3013 2094 3106 2146 καὶ
3140 2094 3264 2155 τοὺς
3289 2091 3547 2162 δαίμονας
3579 2108 3688 2161 μα-

2105 2187 2243 2258 κράν
2267 2203 2366 2238 που
2418 2186 2465 2218 ⁷³
2503 2183 2964 2250 ἀκολουθοῦντας,
3008 2184 3101 2236 τόν
3141 2201 3200 2236 τε
3255 2183 3410 2252 ἀγιον
3455 2181 3689 2252 ἄγγελον

2105 2279 2270 2347 ἐγγὺς
2296 2277 2458 2330 αὐτοῦ
2493 2277 2871 2348 παρεπόμενον
2892 2276 2940 2307 ⁷⁵
2973 2275 3070 2330 καὶ
3125 2275 3382 2346 χαίροντα
3409 2274 3495 2328 ἐπ’
3535 2273 3689 2342 αὐτῷ

2109 2370 2332 2440 σφόδρα.
2368 2370 2426 2421 '0
2450 2368 2507 2421 δέ
2545 2367 2758 2432 Παῦλος
2781 2368 3136 2438 ἀναπηδήσας
3161 2367 3295 2438 μετά
3325 2369 3518 2438 χαρᾶς,
3557 2367 3691 2419 ἐϐόα

2107 2459 2346 2528 εὐλογῶν
2387 2459 2481 2513 τὸν
2531 2459 2684 2522 Θεὸν,
2721 2459 2817 2511 καὶ
2861 2458 3072 2526 λέγων·
3115 2460 3179 2511 Ὢ
3208 2459 3306 2530 τῆς
3352 2460 3558 2527 ἀφάτου
3592 2458 3688 2512 τοῦ

2108 2551 2242 2605 Θεοῦ
2268 2549 2671 2622 φιλανθρωπίας
2688 2549 2778 2602 καὶ
2795 2547 3126 2619 ἀγαθότητος
3141 2549 3217 2601 "l
3251 2547 3484 2618 Δραμὼν
3505 2547 3560 2600 δὲ
3595 2549 3692 2602 καὶ

2109 2643 2314 2708 ἀναϐὰς
2351 2643 2443 2695 ἐπὶ
2465 2641 2674 2713 βαθμοῦ
2721 2639 2950 2710 ὑψηλοῦ,
2979 2639 3192 2711 μεγάλῃ
3217 2642 3284 2710 τῇ
3311 2642 3462 2709 φωνῇ
3489 2639 3644 2706 ἔλεγε
3675 2656 3690 2667 °

2110 2731 2275 2784 Δεῦτε
2312 2731 2407 2785 καὶ
2443 2731 2582 2784 ῐδετε
2634 2731 2702 2783 τά
2735 2729 2870 2800 ἔργα
2902 2727 2997 2781 τοῦ
3046 2729 3202 2791 Θεοῦ,
3245 2729 3320 2792 ὡς
3364 2728 3571 2799 φοϐερὰ
3597 2729 3694 2782 καὶ

2113 2824 2292 2890 πάσης
2315 2821 2632 2893 ἐκπλήξεως
2675 2821 2821 2885 ἀξια.
2859 2821 3023 2874 Δεῦτε
3055 2821 3148 2874 καὶ
3185 2821 3322 2873 ἴδετε
3352 2819 3443 2873 τὸν
3470 2819 3694 2874 θέλοντα

2114 2917 2320 2978 πάντας
2342 2914 2662 2986 ἀνθρώπους
2702 2914 2963 2985 σωθῆναι,
2993 2915 3088 2967 καὶ
3122 2915 3201 2977 εἰς
3234 2913 3526 2980 ἐπίγνωσιν
3553 2912 3690 2984 ἀληι

2117 3010 2266 3073 θείας
2289 3009 2482 3064 ἐλθεῖν.
2519 3009 2683 3062 Δεῦτε
2721 3009 3190 3080 προσκυνήσωμεν
3233 3005 3327 3060 καὶ
3371 3004 3694 3076 προσπέσω-

442 3111 566 3150 mus
594 3095 643 3148 ei
669 3094 713 3126 ⁸⁸
745 3106 806 3146 ac
841 3093 1089 3146 dicamus
1115 3109 1127 3144 :
1154 3089 1235 3144 Tu
1267 3091 1416 3146 solus
1451 3099 1608 3160 potes
1638 3088 1854 3146 auferre
1888 3107 2010 3161 pec-

2121 3117 2219 3170 μεν
2237 3098 2408 3170 αὐτῷ,
2430 3098 2526 3152 καὶ
2543 3098 2788 3168 εἴπωμεν
2809 3114 2822 3127 ο
2854 3097 2926 3148 Σὺ
2947 3096 3107 3166 μόνος
3122 3094 3348 3148 δύνασαι
3377 3095 3626 3164 ἀφαιρεῖν
3646 3095 3695 3125 ⁷⁸

440 3195 582 3241 cata.
619 3189 800 3255 Itaque
833 3189 1234 3238 concurrerunt
1261 3182 1447 3236 cuncti
1482 3196 1734 3251 propere,
1767 3182 2010 3238 volentes

2118 3191 2410 3262 ἁμαρτίας.
2442 3189 2772 3259 Συνέτρεχον
2797 3187 2854 3241 δέ
2887 3187 3086 3250 πάντες
3120 3186 3259 3257 μετά
3293 3185 3547 3256 σπουδῆς,
3585 3186 3695 3238 τῶν

444 3278 635 3333 audire
683 3293 802 3346 qua:
868 3275 1157 3345 proferret.
1217 3273 1680 3345 Congregalisque
1729 3273 2014 3338 omnibus.
2115 3282 2423 3354 λεγομένων
2486 3280 2714 3336 ἀκοῦσαι
2779 3280 3109 3352 βουλόμενοι.
3167 3280 3278 3332 Καὶ
3327 3278 3698 3332 συνελθόντων

444 3368 686 3422 narravit
714 3365 914 3420 Paulus
949 3380 1068 3436 quze
1089 3363 1300 3418 viderat
1325 3372 1616 3433 antequam
1643 3363 2010 3433 ingrederetur

2118 3374 2361 3438 πάντων,
2411 3373 2651 3442 διηγεῖτο
2679 3374 2708 3424 6
2741 3371 2952 3436 Παῦλος
3006 3371 3075 3424 τὰ
3102 3370 3366 3441 ὁραθέντα
3406 3369 3553 3440 αὑτῷ
3591 3371 3700 3442 πρὸ

445 3461 500 3514 in
540 3460 858 3521 ecclesiam.
899 3467 954 3513 et
1007 3472 1129 3528 qua:
1166 3464 1355 3527 postea
1391 3456 1609 3512 iterum.
1649 3453 1872 3510 Necnon
1917 3471 2010 3525 po-

2117 3467 2216 3536 τῆς
2251 3463 2455 3518 εἰσόδου
2505 3463 2606 3533 τῆς
2653 3463 2984 3533 ἐκκλησίας,
3019 3463 3111 3516 καὶ
3141 3462 3279 3533 μετά
3305 3462 3478 3515 ταῦτα
3513 3462 3699 3524 πάλιν,

447 3553 667 3606 stillavit
711 3553 780 3605 ab
827 3552 919 3605 illo
955 3549 1105 3614 viro,
1141 3556 1197 3603 ut
1226 3564 1447 3603 causam
1500 3547 1750 3610 efferret,
1799 3556 2020 3617 preptcr

447 3660 610 3715 quam
639 3644 690 3698 ei
720 3651 924 3697 tantam
970 3641 1382 3696 conversionem
1414 3639 1704 3710 derepente
1737 3639 1880 3695 Deus
1909 3641 2018 3693 lar-

450 3737 590 3806 gitus
626 3734 838 3790 fuisset.
889 3733 981 3789 Ille
1026 3748 1154 3788 vero
1189 3731 1570 3788 manifeStatus
1617 3747 1647 3785 a
1689 3731 1882 3796 Paulo,
1921 3746 2020 3785 au-

451 3830 635 3882 dacter
667 3842 851 3882 coram
882 3826 1135 3882 omnibus
1168 3826 1445 3881 enarravit
1482 3835 1677 3880 cuncta
1711 3824 1778 3879 ad
1808 3840 1867 3880 se
1895 3841 2022 3895 spec

450 3920 676 3974 ctantia.
709 3919 840 3990 Ego,
882 3919 1078 3989 inquit,
1116 3918 1279 3973 homo
1326 3926 1580 3989 peccator
1612 3932 1756 3982 sum,
1795 3933 1824 3971 a
1847 3919 2022 3974 multo

451 4019 696 4082 tempore
717 4011 997 4081 hucusque
1024 4011 1080 4064 in
1109 4009 1566 4066 fornicationibus
1597 4011 1906 4076 volutatus;
1937 4026 2024 4066 ve-

451 4120 573 4160 rum
599 4121 744 4160 nunc
787 4105 1068 4175 ingressus
1095 4105 1151 4158 in
1179 4109 1426 4157 sanctam
1463 4101 1555 4157 Dei
1586 4103 1898 4168 ecclesiam,
1934 4118 2025 4156 au-

451 4193 564 4250 divi
604 4195 888 4251 lectionem
936 4194 1108 4250 sancti
1155 4192 1435 4263 proplietas
1485 4191 1660 4256 Isaias,
1711 4191 1824 4246 imo
1850 4193 2023 4263 magis

451 4289 718 4360 loquelam
755 4287 845 4343 Dei
877 4302 972 4357 per
1003 4286 1181 4356 ipsum
1215 4303 1230 4341 :
1263 4283 1563 4349 Lavamim‘,
1612 4282 1796 4337 mundi
1823 4293 2022 4349 estote,

454 4383 654 4452 auferte
684 4379 916 4434 malitias
940 4386 1137 4432 vestras
1160 4391 1224 4430 ea:
1253 4375 1500 4429 cordibus
1523 4375 1730 4440 vestris,
1763 4375 1829 4428 ab
1859 4375 2024 4429 oculis

2120 3555 2214 3608 καὶ
2241 3555 2392 3624 ἠξίου
2415 3554 2506 3608 τὸν
2527 3553 2697 3624 ἄνδρα
2724 3556 2931 3608 ἐκεῖνον
2964 3554 3142 3622 λέγειν
3170 3555 3270 3624 τὴν
3303 3554 3504 3618 αἰτίαν,
3533 3553 3602 3607 δι’
3632 3554 3702 3624 ἢν

2121 3645 2268 3717 αὑτῷ
2327 3647 2426 3718 τὴν
2480 3646 2748 3717 τοσαύτην
2808 3645 3110 3716 μεταϐολὴν
3159 3645 3438 3714 αἰφνιδίως
3485 3648 3514 3699 6
3567 3644 3702 3708 Θεὸς

2122 3739 2428 3810 ἐχαρίσατο.
2463 3738 2519 3791 '0
2538 3738 2593 3790 δὲ
2617 3737 2712 3792 ἄνθ
2723 3755 2900 3808 ρωπος
2919 3735 3195 3806 ἐλεγχθεὶς
3225 3736 3329 3790 ὑπὸ
3355 3735 3448 3790 τοῦ
3461 3736 3701 3802 Παύλου,

2123 3830 2353 3884 ἐνώπιον
2393 3829 2609 3884 πάντων
2638 3829 3020 3890 ἀνυποστόλως
3061 3827 3302 3897 διηγεῖτο
3325 3829 3393 3882 τά
3422 3829 3543 3881 καθ’
3572 3830 3704 3881 ἐαυ-

2124 3922 2238 3984 τὸν,
2276 3922 2474 3989 λέγων·
2521 3917 2662 3986 Ἐγὼ
2692 3919 2974 3990 ἄνθρωπός
3007 3920 3121 3988 εἰμι
3167 3918 3515 3988 ἁμαρτωλὸς,
3543 3920 3701 3988 φησί.

2126 4015 2221 4068 καὶ
2243 4014 2307 4065 ἐκ
2337 4009 2531 4065 πολλοῦ
2570 4008 2664 4062 τοῦ
2715 4008 2909 4080 χρόνου
2943 4008 3225 4080 πορνείαις
3275 4008 3508 4073 συνέζων
3542 4010 3705 4081 μέχρι

2124 4107 2216 4160 τοῦ
2247 4105 2340 4158 νῦν
2360 4120 2372 4133 ·
2416 4101 2672 4157 εἰσελθὼν
2686 4101 2742 4155 δὲ
2763 4101 2858 4153 νῦν
2883 4102 2941 4154 ἐν
2966 4103 3031 4172 τῇ
3059 4101 3192 4171 ἁγίᾳ
3225 4100 3318 4153 τοῦ
3343 4101 3476 4154 Θεοῦ
3502 4101 3705 4173 ἐκκλη-

2129 4196 2238 4267 σίᾳ,
2269 4195 2477 4265 ἥκουσα
2510 4191 2602 4244 τοῦ
2648 4192 2806 4259 ἁγίου
2846 4191 3125 4261 προφήτου
3164 4189 3387 4242 Ἡσαΐου
3440 4190 3706 4258 ἀναγινω-

2130 4283 2414 4355 σκομένου,
2446 4281 2644 4353 μᾶλλον
2673 4280 2730 4333 δέ
2746 4280 2839 4333 τοῦ
2863 4279 3000 4332 Θεοῦ
3024 4277 3310 4342 λαλοῦντος
3337 4278 3402 4331 δι’
3437 4279 3599 4333 αὑτοῦ
3613 4280 3658 4310 τ’
3689 4298 3700 4309 ·

2129 4377 2467 4439 Λούσασθε,
2519 4372 2763 4440 καθαροὶ
2811 4369 3077 4440 γένεσθε,
3109 4370 3360 4440 ἀφέλετε
3384 4371 3502 4436 τὰς
3525 4384 3708 4438 πονη-

453 4477 618 4538 meis;
653 4473 837 4526 discite
866 4472 1036 4541 facere
1063 4468 1274 4522 bonum.
1314 4467 1380 4520 Et
1411 4468 1456 4520 si
1485 4467 1681 4535 fuerint
1707 4476 1918 4534 peccata
1947 4484 2010 4522 vel

2124 4469 2261 4538 ρίας
2286 4464 2451 4536 ὑμῶν
2478 4464 2595 4518 ἀπὸ
2615 4464 2661 4494 ⁷⁸
2691 4461 2810 4515 τῶν
2833 4461 3090 4530 καρδιῶν
3110 4463 3156 4494 ⁷⁸
3196 4461 3380 4530 ὑμῶν·
3417 4460 3706 4515 ἀπέναντι

455 4579 569 4620 stra
609 4564 763 4634 quasi
801 4562 1152 4632 plueniceum,
1194 4559 1329 4612 sicut
1361 4559 1528 4611 nivem
1566 4556 1844 4612 dealbabo.
1881 4557 1949 4612 Et
1985 4559 2032 4612 si

458 4657 726 4711 mlueritis
757 4664 806 4709 et
836 4652 1111 4706 audieritis
1145 4666 1246 4716 me,
1280 4650 1417 4704 bona
1447 4659 1599 4704 terrae
1639 4649 1919 4704 comedetis
1960 4651 2026 4703 “.

459 4749 569 4819 Ego
599 4763 745 4812 vero,
799 4751 1088 4808 scortator,
1128 4743 1194 4797 ad
1227 4757 1535 4798 sermonem
1568 4743 1844 4812 propheta:
1875 4758 2028 4797 com-

460 4848 695 4912 punctus
721 4839 924 4900 anima,
965 4836 1326 4908 ingemiscens
1372 4834 1514 4889 intra
1548 4842 1784 4889 mentem
1814 4849 1988 4889 meam
2011 4876 2025 4901 ,

459 4935 568 4989 dixi
599 4933 665 4989 ad
708 4932 874 4987 Deum
903 4951 916 4986 :
941 4929 1024 4985 Tu
1059 4929 1223 4994 Deus,
1266 4930 1360 5000 qui
1392 4928 1587 4984 venisti
1628 4927 1682 4982 in
1723 4927 1984 4982 mundum
2011 4965 2028 4990 ,

459 5035 774 5098 peccatores
805 5023 983 5078 salvos
1011 5021 1188 5078 facere
1213 5022 1278 5087 ⁸⁷,
1313 5035 1434 5092 qua:
1461 5018 1624 5074 modo
1663 5033 1759 5088 per
1798 5018 2030 5092 prophe-

459 5133 569 5175 tam
603 5129 752 5174 tuum
786 5115 1110 5188 promisisti,
1149 5130 1212 5170 ea
1236 5115 1290 5169 in
1322 5129 1409 5169 me
1441 5112 1604 5168 etiam
1643 5110 1874 5179 comple,
1900 5122 2031 5178 pec-

2127 4557 2245 4612 τῶν
2278 4554 2599 4626 ὀφθαλμῶν
2612 4572 2754 4624 μου,
2771 4553 2989 4623 μάθετε
3012 4553 3204 4608 καλὸν
3236 4553 3450 4608 ποιεῖν.
3476 4553 3583 4608 Καὶ
3599 4553 3710 4607 ἐὰν

2125 4644 2276 4704 ὦσιν
2301 4651 2361 4702 αἱ
2381 4648 2655 4717 ἁμαρτίαι
2696 4645 2861 4714 ὑμῶν
2902 4646 2982 4712 ὡς
3017 4646 3334 4714 φοινικοῦν
3358 4687 3372 4712 ,
3413 4646 3494 4710 ὡς
3531 4646 3710 4716 χιόνα

2126 4738 2420 4796 λευκανῶ.
2462 4738 2570 4793 Καὶ
2608 4739 2717 4793 ἐὰν
2766 4739 2981 4807 θέλητε
3016 4738 3534 4805 καίεὶσακούσητέ
3562 4756 3705 4807 μου,

2128 4829 2200 4884 τὰ
2225 4828 2416 4898 ἀγαθὰ
2449 4826 2561 4897 τῆς
2591 4827 2705 4897 γῆς
2730 4827 3013 4897 φάγεσθε.
3043 4827 3183 4896 Ἐγὼ
3203 4828 3281 4895 δὲ,
3308 4830 3493 4900 φησὶν,
3517 4831 3544 4882 6
3575 4830 3710 4900 πόρ-

2127 4938 2235 4984 νος,
2303 4920 2396 4973 ἐπὶ
2451 4918 2528 4989 τῷ
2581 4918 2724 4989 λόγῳ
2778 4919 2873 4972 τοῦ
2929 4921 3208 4991 προφήτου
3256 4919 3580 4988 κατανυγείς
3609 4921 3710 4990 τὴν

2127 5012 2324 5083 ψυχὴν,
2362 5011 2457 5066 καὶ
2511 5011 2771 5076 στενάξας
2803 5012 2860 5062 ἐν
2895 5013 2960 5082 τῇ
2992 5011 3200 5082 διανοίᾳ
3241 5029 3364 5082 μου,
3393 5007 3544 5064 εἷπον
3573 5011 3710 5082 πρὸς

2127 5105 2220 5157 τὸν
2271 5104 2428 5167 Θεὸν,
2482 5104 2563 5155 ὅτι
2591 5103 2662 5156 Σὺ
2703 5103 2730 5154 ό
2775 5102 2928 5166 Θεὸς,
2980 5105 3008 5155 6
3059 5102 3228 5155 ἐλθὼν
3269 5104 3350 5169 εἰς
3375 5103 3466 5155 τὸν
3505 5103 3706 5172 κόσμον

457 5221 640 5267 catorc
673 5225 736 5264 ac
773 5209 1013 5277 indigno.
1049 5206 1188 5262 Ecce
1229 5206 1400 5272 enim,
1443 5220 1472 5258 a
1497 5202 1750 5273 prasenti
1783 5209 2010 5269 tempori

2132 5194 2487 5266 ἁμαρτωλοὺς
2541 5193 2735 5254 σῶσαι,
2790 5192 2825 5246 ἀ
2888 5193 2982 5247 νῦν
3037 5193 3126 5247 διά
3160 5193 3255 5247 τοῦ
3299 5195 3577 5265 προφήτου
3613 5211 3707 5246 σου

461 5303 616 5358 fidem
659 5315 833 5355 meam
879 5299 1078 5369 obligo,
1118 5297 1395 5353 constituo
1419 5335 1434 5360 ,
1479 5311 1543 5349 ex
1577 5293 1741 5347 corde
1776 5290 2010 5361 profiteo

2134 5286 2465 5357 ἐπηγγείλω,
2525 5286 2698 5338 ταῦτα
2731 5287 2778 5318 ⁸ο
2830 5288 2924 5340 καὶ
2984 5287 3065 5349 εἰς
3121 5286 3223 5356 ἐμὲ
3281 5286 3568 5358 πλήρωσον
3619 5285 3710 5338 τὸν

530 5487 574 5516 ⁸³
601 5484 745 5538 Psal.
792 5498 916 5548 xcv,
955 5482 1006 5536 9.
1086 5479 1176 5534 “l
1223 5476 1455 5548 Tim.n,
1481 5477 1545 5548 4.7
1593 5472 1825 5548 _"‘Psal.
1859 5487 2010 5548 μιν,

2111 5513 2114 5548 ζ
2193 5471 2238 5548 ⁶ξ
2261 5470 2369 5548 lsa.
2401 5483 2477 5548 _I,_
2503 5470 2688 5522 16-19.
2719 5537 2730 5548 ο
2768 5470 2810 5499 ⁶⁷
2853 5470 2869 5518 l
2908 5470 3049 5546 Tim.
3081 5470 3267 5548 l,_.|5:‘

461 5534 688 5608 πολλᾶί⁷
710 5534 772 5587 ’δ’
938 5534 1113 5604 εἰπεῖν
1159 5534 1493 5618 τὸ-όραθένζ
1524 5544 1774 5618 δεδιότες,
1976 5542 2034 5618 ’_°_
2173 5539 2297 5618 add:
2329 5539 2423 5618 καί
2453 5537 2838 5618 ἀπαγορεῦσας
2859 5536 3051 5618 ποῦτο.
3114 5536 3169 5618 *⁷⁸
3205 5534 3302 5618 Αἰλ
3321 5534 3426 5588 ins.
3487 5534 3711 5618 σιωπιῖζν

463 5602 696 5675 idem"
735 5602 1027 5684 Αιῗέιδὼξ
1065 5602 1162 5689 μὲν
1208 5602 1321 5671 οἷοιι
1363 5602 1931 5689 εἰσῇλθονκβοῦλῖξόέε
1989 5611 2036 5641 ⁷³
2065 5608 2313 5689 [il-11:02.6.
2385 5609 2430 5639 ⁷⁸
2456 5607 2539 5689 ΔΙ.
2581 5602 2682 5662 ins.
2721 5606 2902 5689 ἱλαρόν
2937 5623 2994 5688 τε
3045 5607 3136 5689 καὶ
3170 5603 3469 5689 πρόθνμρνζ
3545 5604 3596 5689 ’ξ
3625 5602 3708 5682 A_|.

466 5671 590 5745 Sili.
633 5693 678 5746 ὣ
1027 5671 1190 5745 αῦτοῦ
1221 5671 1538 5757 οἰκτιρμῶν,
1578 5671 1787 5752 κάῗτῆς
1829 5681 2067 5757 ἀμέτρου
2091 5679 2252 5757 αῦτοῦ
2289 5679 2672 5749 χρηστότητος.
2751 5671 2909 5729 ⁷⁶’Λ1.
2942 5675 3176 5743 ἀφιέναι.
3217 5671 3225 5674 ’
3253 5675 3296 5706 ⁷⁷
3334 5671 3417 5727 Al'.
3453 5675 3511 5727 ἐν
3535 5671 3704 5745 αὐτῷ.

467 5761 511 5790 ⁷⁸
543 5762 626 5816 Al.
650 5761 928 5816 ἀπέναντι.
1006 5763 1047 5794 ⁷³
1084 5759 1164 5814 Al.
1189 5750 1415 5827 ψυχῶν]
1467 5756 1509 5786 ³ο
1539 5755 1622 5809 Al.
1659 5750 1823 5808 inscr.
1857 5751 2001 5821 ἔρξ’οι

2139 5750 2302 5819 Epig“

2193 5471 2238 5544 οξ
2261 5470 2369 5544 _lsa.
2401 5465 2730 5544 _.,_to-19._
2768 5468 2810 5499 ετ
2853 5465 2870 5518 l
2908 5465 3049 5544 Tim.
3081 5466 3267 5544 t,__t5A..
3318 5463 3362 5544 τι
3402 5463 3485 5516 Al.
3535 5463 3709 5544 τύψας
