4062 6332
308 349 413 407 385

1431 360 1747 420 APOPII'I'H
1760 361 2041 420 EGMA'I'A
2080 366 2387 425 PA'I‘RUM.

3450 386 3556 447 586

307 469 630 545 ἁμαρτωλὸν
677 472 773 526 καὶ
829 473 1068 539 ἀνάξιον.
1110 475 1239 531 Ἰδοὺ
1272 475 1382 552 γὰρ
1407 479 1517 533 ἀπὸ
1545 479 1642 533 τοῦ
1679 478 1775 534 νῦν
1800 481 1862 534 δί·

1984 489 2037 538 et
2067 485 2326 554 promitto
2356 487 2473 552 tibi,
2510 489 2653 560 quod
2685 491 2912 562 posthac
2952 494 3087 550 nihil
3124 497 3251 552 mali
3277 507 3555 571 perpetra~

305 561 444 630 δωμί
504 578 587 615 σοι
628 562 807 631 λόγον,
874 565 1244 639 συντάσσομαι
1281 569 1369 635 δὲ,
1415 571 1510 624 καὶ
1545 572 1611 625 ἐκ
1653 572 1882 644 καρδίας

306 652 732 725 ἐξομολογοῦμαί
761 674 864 722 σοι,
902 659 984 713 ὅτι
1009 661 1069 713 οὑ
1113 662 1188 734 μὴ
1219 661 1413 732 πράξω
1449 663 1529 717 ἔτι
1558 680 1609 718 τι
1638 664 1749 718 τῶν
1784 682 1884 719 κα-

305 744 416 798 κῶν
449 746 529 777 ⁸¹ο
573 747 712 801 ἀλλά
771 749 1150 824 ἀποτάσσομαι
1202 755 1382 808 πᾶσαν
1436 755 1780 828 παρανομίαν
1812 756 1880 819 ⁸¹,

306 834 398 886 καὶ
429 833 704 890 δουλεύσω
733 854 816 890 σοι
846 839 954 893 ἀπὸ
979 840 1074 894 τοῦ
1106 842 1200 896 νῦν
1228 845 1286 897 ἐν
1315 844 1529 917 καθαρᾷ
1560 846 1879 917 συνειδήσει.

305 925 570 996 Σήμερον,
603 919 650 981 ὦ
681 926 950 995 Δέσποτα,
983 931 1078 986 καὶ
1103 933 1167 984 ὲκ
1184 933 1448 1007 τῆςῶρας
1484 935 1708 1008 ταύτης,
1732 936 1879 1003 δέξαι

306 1032 370 1086 με
408 1024 794 1086 μετανοοῦντα,
852 1022 947 1074 καὶ
975 1024 1389 1094 προσπίπτοντα
1418 1043 1521 1093 σοι,
1552 1028 1647 1082 καὶ
1680 1028 1875 1099 ἀπεχόο

306 1125 462 1178 μενον
488 1109 585 1164 τοῦ
639 1109 826 1165 λοιποῦ
879 1112 1059 1185 πάσης
1107 1117 1403 1189 ἁμαρτίας.
1455 1120 1580 1174 Ἐπὶ
1617 1120 1877 1185 ταύταις,

303 1202 454 1272 φησὶ,
488 1203 611 1264 ταῖς
660 1203 954 1275 συνθήκαις
997 1205 1222 1276 ἐξῆλθον
1271 1209 1381 1263 ἀπὸ
1428 1210 1530 1282 τῆς
1562 1213 1874 1283 ἐκκλησίας,

302 1291 491 1360 κρίνας
532 1293 592 1346 ἐν
633 1296 699 1366 τῇ
756 1296 996 1366 ἐμαυτοῦ
1045 1298 1214 1370 ψυχῇ,
1251 1301 1448 1372 μηκέτι
1482 1304 1647 1375 μηδὲν
1675 1304 1877 1374 φαῦλον

303 1382 503 1454 πρᾶξαι
533 1383 792 1439 ἀπέναντι
805 1386 852 1418 ⁸³
878 1385 972 1440 τοῦ
996 1387 1156 1443 Θεοῦ.
1196 1390 1554 1457 Ἀκούσαντες
1586 1393 1643 1447 δὲ
1674 1394 1875 1459 πάντες

299 1472 535 1527 ἀνεϐόων
561 1476 659 1546 μιᾷ
688 1479 841 1548 φωνῇ
899 1479 1038 1551 πρὸς
1062 1479 1152 1534 τδν
1178 1480 1340 1536 Θεόν·
1377 1483 1475 1548 Ὠς
1504 1484 1874 1557 ἐμεγαλύνθη

297 1566 368 1618 τὰ
398 1565 544 1635 ἔργα
574 1583 711 1631 σου,
746 1571 924 1638 Κύριε
944 1571 966 1624 .'
998 1573 1194 1628 πάντα
1239 1575 1515 1645 ἑνσοςρίᾳ
1561 1577 1871 1646 ἐποίησας.

298 1654 660 1721 Γινώσκοντες
709 1659 908 1725 τοίνυν,
963 1654 1009 1714 ὦ
1069 1664 1435 1734 Χριστιανοὶ,
1468 1669 1533 1720 ἐκ
1572 1668 1680 1721 τῶν
1712 1668 1874 1723 θείων

296 1743 336 1796 Γ
340 1745 545 1816 ραφῶν,
580 1748 676 1800 καὶ
700 1750 764 1802 ἐκ
801 1750 907 1804 τῶν
936 1753 1107 1821 ἁγίων
1150 1755 1567 1826 ἀποκαλύψεων,
1597 1759 1729 1829 ὅσην
1759 1759 1872 1831 ἔχει

295 1838 324 1889 ὁ
356 1834 488 1900 Θεὸς
534 1838 851 1910 ἀγαθότητα
895 1844 1024 1914 περί
1057 1844 1106 1876 ⁸⁴⁵
1132 1846 1262 1910 τοὺς
1307 1849 1390 1912 εἰς
1418 1849 1578 1903 αὑτὸν
1633 1851 1873 1923 γνησίως

221 1991 228 1997 _
295 1929 754 2000 καταφεύγοντας,
778 1933 872 1987 καὶ
896 1934 987 1989 διὰ
1007 1936 1296 2005 μετανοίας
1309 1937 1378 1992 τὰ
1398 1938 1664 2012 πρότερον
1689 1942 1871 2006 αὑτοῖς

292 2021 628 2093 ἐπταισμένα
677 2024 1095 2097 διορθουμένους
1128 2028 1263 2100 (26),
1306 2030 1404 2083 καὶ
1449 2031 1533 2084 ὅτι
1579 2032 1869 2087 ἀποδίδωσι

293 2113 449 2167 πάλιν
478 2116 547 2169 τά
579 2116 967 2189 ἐπηγγελμένα
1025 2120 1227 2189 ἀγαθὰ,
1274 2122 1374 2176 οὑκ
1412 2125 1870 2196 εἰσπραττόμενος

289 2206 440 2271 δίκας
478 2208 620 2280 ὑπὲρ
650 2209 760 2263 τῶν
799 2211 1080 2283 προτέρων
1107 2213 1411 2285 ἁμαρτιῶν,
1448 2216 1524 2288 μὴ
1552 2216 1869 2270 ἀπελπίσω-

292 2314 388 2367 μεν
415 2299 518 2369 τῆς
540 2299 752 2354 ἑαυτῶν
798 2304 1093 2373 σωτηρίας.
1134 2305 1346 2376 Ὠσπερ
1376 2306 1486 2378 γὰρ
1514 2309 1601 2362 διὰ
1644 2309 1864 2363 Ἡσαΐου

286 2386 377 2440 τοῦ
408 2390 688 2461 προφήτου
712 2392 1097 2462 ἐπηγγείλατο,
1120 2395 1246 2458 τοὺς
1272 2397 1329 2450 ἐν
1358 2398 1652 2469 ἁμαρτίαις
1678 2398 1866 2470 βεϐορ-

288 2479 631 2553 ὗορωμένους
658 2482 900 2548 πλύνειν,
933 2485 1026 2538 καὶ
1044 2487 1119 2549 ὡς
1153 2486 1299 2558 ἔριον
1322 2490 1416 2541 καὶ
1443 2488 1520 2552 ὡς
1558 2490 1713 2559 χιόνα
1740 2490 1862 2545 λευ-

284 2573 511 2637 καίνειν,
550 2574 776 2628 καὶτῶν
815 2574 1038 2644 ἀγαθῶν
1081 2568 1180 2648 τῆς
1211 2578 1538 2651 ἐπουρανίου
1589 2581 1860 2654 Ἰερουσα-

283 2663 394 2735 λὴμ
437 2665 623 2730 ἀξιοῦν
646 2683 661 2696 θ
699 2666 872 2732 οὕτως
924 2664 1081 2732 αὖθις
1122 2668 1211 2723 διὰ
1264 2671 1356 2724 τοῦ
1392 2673 1548 2741 ἁγίου
1583 2675 1860 2745 προφήτου

294 2753 574 2828 Ἱεζεκιὴλ,
596 2757 716 2828 μεθ’
731 2759 893 2830 ὅρκου
908 2761 1056 2831 ἡμᾶς
1079 2760 1414 2835 πληροφορεί
1439 2764 1513 2835 μὴ
1535 2764 1822 2820 ἀπολλύειν
1841 2783 1856 2799 ο

281 2842 375 2897 Ζῶ
409 2845 542 2917 γὰρ,
574 2847 730 2917 φησὶ,
756 2847 918 2917 λέγει
948 2850 1186 2917 Κύριος,
1220 2851 1309 2905 ὅτι
1332 2855 1407 2906 οὐ
1432 2853 1733 2924 βούλομαι
1753 2856 1861 2909 τὸν

280 2931 543 2989 Θάνατον
579 2935 689 2990 τοῦ
744 2936 1120 3006 ἀμαρτωλοῦ,
1152 2940 1233 3006 ὠς
1266 2941 1333 2995 τὸ
1367 2943 1727 3013 ἐπιστρέψαι
1759 2946 1860 3000 και

280 3019 390 3092 (ἦν
415 3025 627 3080 αὐτόν.

452 3141 597 3209 Περί
630 3140 738 3195 τοῦ
783 3141 934 3199 ἀϐϐἇ
970 3143 1197 3213 Πέτρου
1230 3149 1336 3203 τοῦ
1368 3147 1488 3201 τῶν
1515 3148 1676 3205 Δίου.

350 3249 559 3323 Πέτρος
601 3252 632 3305 ό
671 3252 780 3306 τῶν
820 3254 945 3308 Δίου
988 3256 1378 3330 πρεσϐύτερος,
1436 3260 1623 3316 εἴποτε
1659 3261 1859 3335 ηὔχετο

281 3342 419 3411 μετά
467 3360 653 3409 τινων,
705 3345 892 3418 ἐπειδὴ
929 3346 1018 3400 διὰ
1060 3349 1158 3419 τὴν
1214 3351 1511 3424 ἱερωσύνην
1548 3352 1857 3426 ἔμπροσθεν

279 3433 531 3488 ἵστασθαι
582 3435 922 3504 ἠναγκάζετο
946 3475 962 3501 ,
1028 3441 1094 3512 τῇ
1146 3442 1612 3516 ταπεινοφροσύνῃ
1664 3445 1856 3499 ἑαυτὸν

272 3525 449 3581 ὀπίσω
469 3526 595 3579 ἵστα
622 3525 1132 3597 ἐξομολογούμενος·
1155 3532 1230 3595 ὡς
1248 3535 1327 3595 εἰς
1343 3535 1435 3587 τὸν
1454 3534 1566 3604 βίον
1596 3534 1689 3590 τοῦ
1712 3537 1859 3591 ἀὸϐἀ

286 3618 575 3673 Ἀντωνίου
599 3617 929 3691 γέγραπται.
960 3621 1130 3675 Τοῦτο
1166 3622 1359 3688 ἐποίει,
1396 3625 1600 3695 μηδένα
1646 3626 1851 3683 λυπῶν.

727 3730 896 3802 Ἀρχὴ
922 3729 1017 3783 τοῦ
1044 3729 1086 3783 Ρ
1121 3732 1411 3802 στοιχείου.

589 3836 733 3906 Περὶ
758 3837 864 3892 τοῦ
893 3838 1042 3894 ὰϐϐᾶ
1078 3839 1186 3894 τοῦ
1232 3841 1536 3911 Ῥωμαίου.

337 3955 404 4005 α’.
431 3943 608 4004 Ἧλθέ
636 3967 766 4004 ποτε
814 3952 1047 4023 μοναχός
1073 3970 1159 4017 τις
1206 3953 1470 4025 Ῥωμαῖος
1495 3954 1562 4017 ⁸⁸,
1587 3953 1681 4007 καὶ
1712 3953 1856 4025 ᾠκη-

268 4056 362 4093 σεν
399 4042 459 4094 ἐν
498 4041 699 4111 Σκήτει
733 4042 1030 4115 ἐγγύτερον
1052 4043 1152 4113 τῆς
1171 4044 1500 4113 ἐκκλησίαςο
1530 4039 1645 4114 εἶχε
1677 4045 1733 4097 δὲ
1760 4045 1854 4098 καὶ

268 4131 362 4185 ενα
389 4132 581 4187 δοῦλον
608 4135 986 4205 ὑπηρετοῦντα
1015 4136 1184 4207 αὑτῷ.
1235 4135 1379 4189 Ἰδὼν
1410 4135 1467 4188 δὲ
1494 4137 1523 4189 ό
1556 4134 1856 4205 πρεσϐύτε-

270 4240 362 4293 ρος
385 4224 484 4295 τὴν
532 4223 816 4279 ἀσθένειαν
856 4226 1045 4291 αὑτοῦ,
1083 4228 1177 4281 καὶ
1213 4226 1398 4296 μαθὼν
1431 4228 1495 4279 ἐκ
1528 4226 1687 4290 ποίας
1720 4227 1851 4279 ἀνα-

267 4313 523 4377 παύσεώς
550 4315 718 4380 ἐστιν,
744 4315 796 4368 ετ
833 4332 884 4368 τι
919 4316 968 4348 ⁸⁸
999 4317 1268 4387 ᾠκονόμει
1301 4316 1394 4368 καὶ
1422 4316 1621 4387 ήρχετο
1649 4317 1730 4379 εἰς
1752 4315 1850 4386 τὴν

232 4460 237 4463 ς
268 4406 583 4478 ἐκκλησίαν,
618 4407 863 4478 ἔπεμπεν
893 4408 1063 4479 αὐτῷ.
1100 4408 1209 4462 Καὶ⁴
1251 4409 1485 4478 ποιήσας
1515 4408 1849 4461 εἰκοσιπέντε

1985 583 2141 630 turus
2183 593 2338 647 sum;
2372 580 2466 635 sed
2499 584 2752 640 renuntio
2785 588 2934 642 omni
2976 589 3285 660 iniquitati;
3318 592 3555 647 serviam

1982 666 2080 721 tibi
2104 666 2216 737 jam
2239 669 2363 725 inde
2388 686 2512 725 cum
2536 689 2671 744 pura
2693 677 3047 734 conscientia.
3082 678 3276 745 Hodie,
3301 679 3553 745 Domine,

1982 764 2144 827 atque
2178 775 2246 814 ex
2288 761 2392 815 hac
2429 763 2587 833 hora,
2633 767 2852 839 suscipe
2888 785 2975 824 me
3013 771 3388 839 ptenitentem,
3431 789 3557 842 pro-

1981 858 2209 906 stratam
2242 867 2428 908 coram
2459 865 2532 921 te,
2563 857 2656 928 qui
2688 859 2946 931 deinceps
2977 862 3328 921 abstenturus
3358 864 3462 919 sim
3487 865 3556 918 ab

1980 943 2130 996 omni
2169 942 2390 1000 delicto.
2423 944 2560 1001 Cum
2600 948 2709 1014 his,
2738 950 2939 1021 inquit,
2969 953 3259 1022 promissis
3296 971 3554 1026 egressus

1979 1051 2100 1091 sum
2134 1037 2204 1092 ab
2232 1039 2488 1105 ecclesia,
2526 1041 2829 1113 decernens
2862 1045 3046 1101 animo
3077 1062 3201 1102 meo
3222 1087 3238 1112 ,
3281 1064 3388 1105 non
3431 1065 3553 1106 am-

1979 1126 2124 1197 plius
2161 1129 2443 1201 quidpiam
2483 1133 2613 1187 mali
2651 1136 2996 1192 committere
3019 1137 3074 1191 in
3101 1148 3405 1209 conspectu
3431 1139 3550 1196 Dei.

1978 1218 2110 1285 Qua:
2141 1235 2266 1275 cum
2301 1222 2609 1281 audiissent
2643 1226 2851 1291 cuncti,
2894 1241 3000 1280 una
3041 1242 3177 1283 voce
3209 1230 3554 1285 exclamave-

1975 1320 2109 1366 runt
2144 1313 2211 1368 ad
2241 1312 2447 1370 Deum:
2475 1315 2649 1383 Quam
2676 1319 3023 1389 magniﬁcam
3064 1329 3187 1374 sunt
3219 1337 3376 1390 opera
3418 1332 3547 1386 tua,

1975 1401 2238 1459 Domine!
2283 1404 2478 1461 Omnia
2525 1408 2581 1461 in
2627 1411 2890 1480 sapientia
2939 1411 3111 1479 fecisti
3155 1412 3222 1465 ³⁷.
3266 1413 3458 1483 Igitur,
3515 1428 3551 1468 ο

1974 1495 2292 1563 Christiani,
2321 1506 2715 1568 cognoscentes
2737 1517 2768 1557 e
2788 1502 2989 1557 divinis
3014 1500 3315 1574 Scripturis
3346 1506 3551 1561 sacris-

1974 1600 2081 1655 que
2114 1588 2572 1658 revelationibus,
2615 1601 2875 1662 quantam
2910 1592 3055 1649 Deus
3097 1593 3294 1649 habeat
3327 1595 3548 1649 bonita-

1976 1685 2081 1732 tem
2115 1692 2245 1749 erga
2281 1694 2379 1737 eos
2410 1682 2505 1751 qui
2540 1682 2609 1738 ad
2652 1683 2832 1754 ipsum
2871 1685 3087 1741 sincere
3120 1684 3463 1756 confugiunt,
3494 1696 3550 1743 et

1975 1782 2006 1821 a
2043 1768 2320 1838 prioribus
2362 1772 2606 1841 peccatis
2649 1773 2765 1829 suis
2805 1773 3098 1830 emendant
3131 1788 3190 1830 se
3233 1790 3331 1845 per
3369 1777 3548 1846 poeni-

1977 1861 2234 1929 tentiam;
2267 1863 2527 1934 quodque
2558 1863 2751 1921 reddat
2783 1865 2981 1921 iterum
3014 1867 3156 1921 bona
3189 1869 3546 1938 repromissa,

1972 1970 2073 2012 nec
2099 1956 2283 2027 exigat
2312 1969 2507 2027 ptenas
2539 1972 2637 2028 pro
2668 1958 3049 2028 superioribus
3077 1959 3323 2028 delictis;
3356 1976 3427 2017 ne
3452 1960 3548 2016 de-

1971 2061 2256 2116 speremus
2298 2047 2367 2103 de
2405 2054 2601 2105 nostra
2630 2049 2824 2103 salute.
2874 2049 3026 2103 Sicut
3057 2049 3203 2104 enim
3226 2066 3325 2121 per
3349 2048 3544 2107 Isaiam

1970 2136 2287 2206 prophetam
2320 2139 2599 2210 pollicitus
2634 2147 2741 2202 est,
2767 2140 3076 2195 levaturum
3107 2156 3167 2197 se
3193 2151 3544 2212 peccatorum

1967 2223 2084 2280 luto
2113 2226 2424 2294 immersos,
2456 2236 2511 2285 et
2538 2230 2685 2285 velut
2717 2231 2895 2285 lanam
2938 2246 3003 2285 ac
3036 2231 3216 2286 nivem
3262 2231 3545 2289 dealbatu-

1966 2331 2112 2383 rum,
2159 2320 2399 2390 itemque
2432 2320 2593 2377 bonis
2636 2321 2880 2377 ccelestis
2922 2321 3264 2379 Hierusalem
3311 2324 3544 2381 donatu-

1967 2422 2088 2461 rum
2131 2408 2179 2439 ⁸⁸
2208 2428 2222 2464 :
2255 2410 2328 2463 ita
2362 2425 2555 2466 rursus
2598 2426 2696 2481 per
2741 2421 2992 2468 sanctum
3044 2415 3365 2485 prophetam
3406 2415 3542 2472 Eze-

1963 2495 2220 2561 chielem,
2243 2512 2366 2551 cum
2386 2498 2745 2569 jurejurando
2767 2502 2928 2558 nobis
2955 2504 3171 2574 plenam
3203 2504 3361 2560 ﬁdem
3387 2506 3539 2568 lacit,

1962 2603 2025 2643 se
2056 2602 2166 2642 non
2192 2589 2533 2658 perditurum
2561 2606 2676 2646 eos.
2709 2592 2799 2647 Ait
2834 2595 3036 2665 quippe
3065 2615 3077 2650 :
3123 2598 3243 2650 Vivo
3272 2612 3387 2668 ego,
3407 2596 3538 2652 dicit

1960 2677 2243 2744 Dominus,
2265 2681 2391 2749 quia
2414 2680 2534 2735 nolo
2550 2693 2770 2737 mortem
2791 2687 3099 2753 peccatoris,
3120 2702 3279 2756 quam
3306 2690 3539 2743 converti

1960 2772 2154 2840 ipsum,
2180 2781 2232 2827 et
2256 2772 2421 2827 vivere
2452 2773 2522 2828 ".

2429 3057 2506 3113 De
2534 3058 2723 3116 abbate
2755 3012 2917 3117 Petro
2950 3061 3064 3117 Dii.

1879 3157 1921 3217 c
2026 3151 2222 3208 Petrus
2253 3152 2335 3209 Dii
2371 3155 2679 3227 presbyter,
2710 3156 2758 3214 si
2795 3156 3018 3227 quando
3056 3156 3202 3214 inter
3232 3159 3369 3217 alios
3400 3177 3532 3232 pre-

1960 3242 2208 3311 cabatur,
2239 3259 2365 3299 cum
2392 3245 2464 3299 ob
2490 3246 2856 3302 sacerdotium
2891 3256 3018 3303 ante
3059 3264 3155 3305 eos
3197 3257 3343 3308 stare
3381 3268 3534 3309 eom-

1958 3336 2271 3405 pelleretur,
2315 3353 2413 3409 per
2455 3338 2816 3395 humilitatem
2860 3341 3104 3411 seipsum
3135 3352 3284 3399 retro
3317 3347 3530 3402 consti-

1957 3429 2185 3495 tuebat,
2235 3430 2640 3487 confessionem
2686 3430 2924 3500 faciens;
2963 3435 3424 3505 quemadmodum
3472 3440 3528 3495 in

1957 3521 2067 3575 vita
2099 3521 2313 3578 abbatis
2355 3523 2576 3578 Antonii
2621 3525 2892 3595 scriptum
2935 3533 3038 3582 est.
3085 3525 3201 3583 Hoc
3249 3527 3526 3597 faciebat,

1956 3614 2297 3670 contristans
2325 3618 2629 3674 neminem.

2403 3724 2739 3797 Principium
2775 3728 2966 3784 litterae
2996 3730 3057 3783 Ρ.

2340 3836 2419 3892 De
2453 3837 2639 3894 abbate
2666 3841 2845 3907 patria
2880 3839 3134 3896 Romano.

2032 3946 2077 3999 Ι.
2114 3945 2253 4016 (27)
2286 3944 2448 4002 Venit
2487 3949 2784 4019 aliquando
2818 3950 3122 4007 monachus
3149 3953 3371 4021 quidam
3416 3950 3525 4007 Ro-

1956 4050 2172 4102 manus,
2204 4044 2259 4092 et
2286 4035 2555 4092 habitavit
2593 4039 2649 4093 in
2688 4038 2833 4095 Sceti
2863 4040 3022 4109 juxta
3059 4041 3390 4107 ecclesiam;
3424 4042 3524 4095 ha-

1953 4125 2071 4180 buit
2119 4142 2339 4196 quoque
2384 4143 2601 4183 servum
2646 4131 2741 4199 qui
2790 4130 2841 4185 ei
2894 4130 3260 4186 ministrabat.
3318 4130 3524 4188 Videns

1952 4228 2135 4274 autem
2179 4221 2465 4291 presbyter
2498 4221 2868 4274 inﬁrmitatem
2898 4221 3039 4290 ejus,
3076 4237 3200 4276 cum
3238 4222 3523 4278 didicisset

1952 4326 2114 4382 quam
2150 4311 2433 4382 splendide
2462 4313 2687 4368 vixisset
2730 4312 2882 4379 olim,
2922 4313 3184 4383 quidquid
3214 4316 3523 4385 conquisie-

1950 4415 2054 4469 rat,
2096 4413 2191 4459 aut
2217 4404 2283 4459 ad
2319 4404 2610 4461 ecclesiam
2655 4406 2895 4460 delatum
2933 4405 3135 4470 fuerat,
3170 4409 3416 4463 mittebat
3448 4412 3519 4467 ei.

265 4497 362 4569 ἐτη
419 4501 479 4553 ὲν
535 4499 736 4570 Σκήτει
759 4539 774 4564 ,
822 4499 1012 4569 γέγονε
1054 4500 1360 4571 διορατικὸς
1407 4500 1498 4553 καὶ
1533 4500 1846 4570 ὀνομαστός.

1963 4499 2006 4553 ls
2027 4513 2123 4570 per
2140 4513 2315 4552 annos
2339 4498 2530 4568 viginti
2549 4499 2788 4568 quinque
2812 4501 3014 4554 mansit
3031 4498 3088 4552 in
3105 4497 3273 4566 Sceti,
3294 4501 3527 4557 exstitit-

278 4589 545 4653 ’Δκούσας
570 4590 627 4643 δέ
657 4607 742 4655 τις
761 4590 870 4644 τῶν
896 4591 1148 4661 μεγάλων
1174 4593 1486 4660 Αἰγυπτίων
1512 4593 1639 4664 περὶ
1661 4591 1848 4660 αὑτοῦ,

265 4677 426 4753 ἦλθεν
462 4682 596 4735 ἰδεῖν
624 4681 808 4747 αὑτὸν,
844 4681 1157 4752 προσδοκῶν
1198 4683 1518 4753 σωματικήν
1547 4698 1667 4735 τινα
1701 4682 1850 4736 πολι-

263 4773 413 4828 τείαν
471 4774 868 4844 περισσοτέραν
922 4774 1104 4845 εὑρεῖν
1142 4775 1201 4827 ἐν
1254 4773 1421 4844 αὐτῷ.
1482 4772 1750 4827 Εἰσελθὼν
1790 4773 1849 4826 δὲ

264 4866 554 4937 ἠσπάσατο
594 4865 784 4919 αὐτόν·
842 4866 937 4918 καὶ
981 4867 1307 4938 ποιήσαντες
1358 4865 1522 4935 εὐχὴν
1561 4864 1842 4919 ἐκάθισαν.

266 4950 463 5005 mem;
501 4951 558 5005 δὲ
611 4952 774 5006 αὑτὸν
802 4952 832 5004 ό
860 4953 1156 5022 Αἰγύπτιος
1198 4954 1464 5025 φοροῦντα
1502 4954 1689 5025 ἱμάτια
1714 4971 1845 5025 τρυ⁴

271 5043 427 5115 φερὰ,
458 5044 557 5098 καὶ
583 5044 876 5116 χαράδριον
895 5045 1006 5117 (28)
1038 5045 1134 5099 καὶ
1160 5045 1336 5118 δέρμα
1367 5046 1624 5100 ὑποκάτω
1652 5046 1842 5115 αὑτοῦ,

1954 4608 2061 4661 que
2102 4592 2454 4663 dignoscendi
2487 4592 2664 4663 gratia
2712 4591 3005 4662 praeditus,
3044 4606 3254 4646 necnon
3304 4594 3525 4663 nomine

1955 4685 2209 4739 celebris.
2245 4683 2417 4738 Porro
2442 4685 2740 4739 nonnullus
2768 4698 3087 4754 magnorum
3115 4682 3521 4755 Egyptiorum,

1956 4775 2184 4831 audiens
2219 4777 2286 4831 de
2326 4776 2442 4841 illo,
2490 4776 2724 4831 accessit
2756 4783 2813 4830 ut
2843 4776 3083 4838 videret,
3116 4760 3409 4833 arbitratus
3438 4778 3523 4832 in-

1952 4872 2245 4917 venturum
2276 4880 2335 4920 se
2367 4865 2421 4919 in
2443 4865 2664 4920 homine
2692 4880 3009 4936 corpoream
3039 4867 3281 4936 aliquam
3304 4868 3523 4925 vivendi

1951 4954 2215 5009 rationem
2253 4956 2765 5010 extraordinariam.
2804 4955 2990 5028 Itaque
3024 4958 3325 5028 ingressus,
3377 4960 3525 5015 salu-

1950 5046 2086 5101 tavit
2132 5060 2293 5111 eum,
2348 5046 2599 5117 tactaque
2650 5062 2844 5119 prece,
2894 5048 3285 5104 consederunt.
3332 5049 3524 5107 Cernit

339 5198 380 5229 ⁸¹
409 5196 555 5273 Pro,_
584 5214 638 5251 τι
684 5197 814 5273 Etim
864 5197 1069 5273 κακῶν,
1119 5199 1191 5273 aI.
1239 5198 1475 5273 τοιοῦτον
1523 5200 1730 5273 κοικόνζ
1790 5199 1862 5273 "_

1966 5198 2514 5273 ardagﬂsrqpayopiqt.
2565 5200 2753 5273 _”AAI.
2780 5200 2981 5273 _in_ser_.
3041 5199 3151 5253 τῶν
3180 5201 3519 5273 ᾲόφθαλμιῦν.

276 5262 317 5295 ⁸³
338 5270 418 5322 Al.
450 5262 609 5340 πρός.
682 5267 728 5299 ⁸⁸
752 5267 839 5320 Al.
890 5268 1062 5323 inser.
1097 5268 1166 5338 μέ
1206 5287 1269 5333 ας
1315 5269 1607 5339 γενόμενος
1639 5269 1733 5322 τοῦ
1775 5269 1862 5322 πα]

278 5351 397 5366 vann-
462 5338 530 5366 Διὶ
635 5336 681 5366 ,β
708 5336 884 5366 πηηηιι
946 5352 1077 5366 un..-
1133 5285 1202 5366 Kl
1263 5339 1330 5366 ενι
1358 5355 1370 5366 σ
1405 5355 1570 5366 ..ν-ο...
1640 5340 1694 5366 ΙΙ

1963 5270 2058 5323 ίου.
2108 5262 2185 5301 ”⁸⁶
2221 5262 2308 5323 ΑἸ.
2337 5262 2442 5324 ins.
2469 5262 2511 5322 ’ὁ
2553 5270 2702 5332 Θεός.
2776 5270 2821 5302 ⁸⁷
2853 5268 2998 5325 Psal.
3023 5283 3118 5324 cm
3171 5262 3261 5326 24:
3334 5262 3520 5326 “'lsa.

278 5351 419 5403 mn,
462 5336 551 5392 19.
635 5336 681 5370 ⁸³
708 5336 908 5393 Ezeeh.
946 5336 1221 5406 “111,52,
1263 5336 1371 5404 23;
1404 5336 1594 5404 xixm,
1640 5340 1725 5392 Il.

342 5491 449 5563 (26)
493 5492 644 5558 Τοὺς
671 5492 771 5563 did
818 5495 1141 5563 μετανοίας
1184 5493 1256 5547 τὰ
1307 5494 1593 5561 πρότερον
1637 5492 1843 5557 αὐτοῖς

278 5560 636 5632 ἐπταισμένα
665 5560 1147 5641 ὃιορθουμένοος.
1168 5563 1281 5641 Hoc
1300 5560 1402 5624 eet,
1427 5563 1645 5641 Pelagio
1676 5565 1843 5641 inter-

281 5642 535 5700 pretante,
567 5648 659 5685 cos
689 5633 780 5701 qui
816 5647 906 5699 per
947 5636 1306 5698 paenitentiam
1352 5637 1630 5685 emendant
1658 5634 1842 5701 priora

276 5705 478 5761 delicta.
503 5701 757 5756 PrOclive
789 5701 811 5754 Γ
814 5705 890 5755 uit
916 5702 1195 5758 emendant
1218 5711 1429 5758 vertere
1453 5703 1506 5757 in
1532 5701 1837 5758 emundant.

345 5777 445 5843 ‘27)
498 5771 603 5826 Vit.
644 5769 799 5831 Patr,
838 5788 892 5833 x,
929 5775 1017 5826 76.

2022 5492 2133 5560 (28)
2173 5493 2522 5563 Χαράδριον.
2553 5491 2728 5563 Vertit
2751 5492 3000 5563 Pelagius
3027 5493 3082 5545 in
3110 5491 3265 5563 libris
3291 5491 3520 5560 impres-

1949 5563 2026 5618 sis
2054 5563 2166 5628 hic,
2199 5560 2422 5617 mattain
2453 5564 2536 5617 vel
2573 5562 2766 5616 budam
2794 5562 2856 5615 de
2886 5560 3105 5630 papyro.
3141 5560 3245 5615 Sed
3264 5564 3519 5629 antiquus

1948 5634 2119 5687 codex
2155 5633 2475 5688 monasterii
2507 5632 2855 5687 Corbeiensis
2876 5632 3060 5694 habet,
3096 5630 3305 5699 byrsam
3341 5632 3405 5686 de
3426 5646 3528 5700 pa-

1947 5717 2097 5773 pyro.
2143 5702 2560 5760 Suessionensis
2593 5710 2796 5768 autem,
2829 5703 3020 5756 budam
3056 5705 3116 5755 (te
3143 5717 3363 5771 papyro.
