4062 6332
462 307 564 368 587

1578 290 1912 349 M’PENDIX
1955 290 2046 345 AD
2077 286 2498 346 PALLADIUM.

3613 276 3725 332 583

465 414 756 488 Aigyptius
804 413 956 468 illum
991 408 1240 467 delicatis
1267 407 1512 464 vestibus
1552 406 1824 469 indutum,
1875 415 2037 476 atque

2163 405 2235 459 ιαὶ
2265 399 2702 475 προσκεφάλαιον
2729 396 2951 469 μικρόν·
2985 398 3179 469 ἔχοντα
3204 398 3260 452 δὲ
3288 396 3384 452 καὶ
3410 396 3538 460 τοὺς
3554 396 3726 453 πόδας

464 519 690 564 mattam
723 521 785 561 ac
816 505 1006 577 pellem
1045 502 1151 557 sub
1193 515 1277 564 eo,
1324 498 1450 552 item
1489 512 1717 569 parvum
1755 498 2037 567 pulvinar;

470 599 539 654 ad
585 599 700 653 haec
743 596 946 650 nitidos
987 592 1191 646 habere
1224 588 1391 660 pedes
1436 604 1560 643 cum
1616 588 1900 642 sandaliis.
1945 586 2041 643 llis

467 686 629 752 visis,
659 683 978 739 scandalum
1014 694 1212 750 passus
1241 685 1346 740 est,
1380 676 1526 747 quod
1556 692 1620 732 eo
1656 677 1760 730 loci
1788 693 1894 730 non
1918 677 2042 731 talis

471 786 625 833 esset
661 776 854 846 agendi
889 772 1047 839 ratio,
1083 770 1179 826 sed
1206 771 1393 841 potius
1424 771 1546 825 vitae
1576 770 1831 824 durities.
1865 770 2041 825 Senex

469 875 670 929 autem,
707 872 892 935 utpote
925 863 1262 932 perspicaeia
1288 861 1546 923 donatus,
1575 862 1841 915 intellexit
1868 861 2041 930 ipsum

467 957 732 1012 olfensum
760 997 776 1021 ,
816 956 999 1024 aitque
1048 954 1305 1007 ministro
1353 969 1492 1008 suo:
1537 952 1646 1006 Fac
1695 954 1852 1007 nobis
1904 954 2046 1006 hunc

466 1051 609 1108 diem
649 1046 868 1107 festum,
907 1053 1132 1115 propter
1174 1046 1451 1099 abbatem.
1485 1044 1611 1102 Erat
1646 1060 1810 1114 porro
1840 1045 1915 1098 illi
1954 1060 2049 1114 pa-

466 1156 586 1196 rum
636 1138 832 1202 oleris;
883 1145 935 1189 et
980 1137 1169 1201 coxit,
1225 1151 1462 1204 cumque
1509 1145 1721 1207 tempus
1771 1135 2045 1201 venisset,

466 1235 773 1298 surgentes,
807 1225 1184 1280 comederunt.
1221 1222 1424 1276 llabuit
1451 1223 1614 1276 etiam
1650 1237 1815 1277 senex
1851 1236 2046 1292 parum

464 1319 576 1373 vini
620 1326 841 1388 propter
874 1314 1274 1392 inﬁrmitatem.
1304 1329 1504 1380 suam;
1562 1312 1710 1384 quod
1770 1313 2045 1368 biberunt.

470 1409 646 1480 thue
677 1423 905 1478 vespera
952 1407 1194 1470 advenit,
1235 1407 1543 1461 recitarunt
1572 1404 1861 1460 duodecim
1904 1405 2049 1474 psal-

466 1516 607 1564 mos,
633 1511 821 1571 postea
845 1500 1029 1554 ierunt
1048 1498 1316 1552 cubitum.
1349 1497 1474 1551 Pari
1498 1497 1661 1552 modo
1683 1507 1867 1550 noctu.
1894 1496 2050 1552 Mane

470 1605 600 1646 vero
630 1605 863 1660 surgens
892 1588 1208 1660 Egyptius,
1251 1588 1384 1643 dicit
1407 1588 1457 1642 ei
1486 1606 1500 1642 :
1527 1585 1636 1643 Ora
1667 1602 1766 1657 pro
1801 1602 1907 1641 me.
1948 1588 2049 1645 At-

2143 493 2416 563 καθαροὺς
2458 491 2598 563 μετὰ
2631 490 2927 545 σανδαλίων
2951 507 2964 522 ·
2994 490 3280 554 καὶταῦτα
3310 487 3434 544 ἰδὼν
3464 488 3729 542 ἐσκανδα-

2142 585 2320 657 λίσθη,
2352 587 2431 639 ὅτι
2467 587 2527 640 ἐν
2547 585 2624 661 τῷ
2642 584 2792 655 τόπῳ
2825 584 2922 655 οὐχ
2952 583 3167 655 ὑπῆρχε
3204 581 3432 654 τοιαύτη
3455 580 3731 652 διαγωγὴ,

2143 676 2277 730 ἀλλὰ
2306 676 2505 745 μᾶλλον
2546 674 2954 745 σκληραγωγία.
2985 672 3091 727 Καὶ
3127 672 3433 745 διορατικὸς
3460 671 3536 725 ὢν
3574 674 3603 726 6
3635 672 3736 741 γέ·-

2146 784 2254 839 ρων
2292 768 2512 835 ἐνόησεν
2540 767 2620 823 ὃτι
2665 764 3080 836 ὲσκανδαλίσθη,
3121 765 3216 818 καὶ
3240 764 3386 833 λέγει
3417 762 3496 833 τῷ
3525 763 3738 835 ὑπηρε-

2144 857 2326 910 τοῦντι
2350 857 2510 913 αὐτόν
2523 857 2661 891 ’⁰·⁹¹’
2687 857 2918 926 Ποίησον
2943 858 3072 927 ἡμῖν
3103 855 3294 927 ἑορτὴν
3324 854 3412 909 διὰ
3436 855 3527 907 τὸν
3556 854 3737 908 ἀὸσᾶν

2149 948 2405 1018 σήμερον.
2440 948 2747 1018 Εύκαίρησε
2770 948 2824 1001 δὲ
2866 948 3062 1019 μικρὸν
3099 945 3352 1017 λάχανον,
3388 947 3483 1000 καὶ
3510 945 3693 1017 ἥψησε
3717 964 3732 977 ·

2147 1040 2242 1092 καὶ
2269 1042 2334 1110 τῇ
2366 1039 2485 1112 ὥρᾳ
2533 1040 2864 1104 ἀναστάντες
2906 1040 3127 1109 ἔφαγον.
3161 1036 3287 1111 Εἶχε
3326 1039 3383 1093 δὲ
3415 1039 3510 1092 καὶ
3537 1037 3738 1110 μικρὸν

2147 1126 2286 1183 οἶνον
2314 1131 2402 1184 διὰ
2435 1132 2534 1203 τὴν
2572 1131 2855 1191 ἀσθένειαν
2887 1131 3052 1186 αὐτοῦ
3097 1133 3126 1184 6
3170 1131 3384 1202 γέρων·
3420 1130 3515 1184 καὶ
3553 1131 3735 1189 ἔπιον.

2150 1220 2257 1281 Καὶ
2309 1221 2387 1285 ὡς
2440 1221 2658 1292 ἐγένετο
2701 1221 2820 1291 ὀψὲ,
2854 1221 3044 1275 ἔϐαλον
3072 1223 3197 1286 τοὺς
3221 1221 3428 1275 δώδεκα
3458 1221 3736 1292 ψαλμοὺς,

2150 1314 2244 1367 καὶ
2272 1314 2646 1385 ἐκοιμήθησαν
2664 1331 2676 1343 ³
2707 1315 2906 1384 ὁμοίως
2931 1314 2987 1368 δὲ
3016 1315 3111 1367 καὶ
3136 1315 3235 1385 τὴν
3263 1313 3454 1368 νύκτα.
3473 1315 3742 1382 Ἀναστὰς

2150 1402 2207 1455 δὲ
2245 1403 2304 1456 τὸ
2337 1405 2382 1436 ⁹¹
2414 1403 2559 1475 πρωῒ
2582 1406 2611 1457 6
2638 1404 2951 1472 Αἰγύπτιος,
2997 1404 3147 1472 λέγει
3181 1403 3364 1474 αὐτῷ’
3398 1400 3564 1469 Εὗξαι
3596 1387 3741 1475 ὑπὲρ

2152 1496 2309 1567 ἐμοῦ.
2368 1498 2479 1551 Καὶ
2545 1495 2738 1566 ἐξῆλθε
2792 1497 2865 1568 μὴ
2901 1494 3222 1568 ὠφεληθείς.
3259 1496 3369 1549 Καὶ
3407 1496 3482 1560 ὡς
3526 1497 3741 1568 ἀπῆλθε

2157 1588 2374 1659 μικρὸν,
2402 1587 2572 1643 θέλων
2589 1591 2617 1642 6
2635 1589 2814 1662 γέρων
2837 1588 3118 1659 ὠφελῆσαι
3139 1588 3319 1651 αὐτὸν,
3360 1587 3580 1660 πέμψας
3607 1605 3744 1659 μετ-

468 1700 574 1754 que
606 1683 760 1741 exiit.
804 1682 950 1736 nulla
985 1688 1238 1752 percepta
1269 1681 1527 1737 utilitate.
1562 1679 1834 1735 Caeterum
1874 1694 2052 1750 pauco

2163 1679 2451 1733 εκαλέσατο
2497 1680 2692 1733 αὐτόν·
2752 1680 2845 1733 καὶ
2895 1679 2971 1743 ὡς
3016 1675 3167 1751 ἦλθε,
3207 1678 3347 1751 μετὰ
3373 1681 3547 1752 χαρᾶς
3575 1679 3745 1736 πάλιν

470 1781 595 1845 post
626 1773 774 1828 illius
803 1772 1110 1828 discessum
1144 1778 1412 1842 tempore.
1456 1785 1625 1826 senex
1671 1770 1769 1842 qui
1811 1770 1974 1825 vellet
2001 1769 2052 1825 ei

2163 1770 2370 1837 ἐδέξατο
2424 1770 2586 1824 αὐτὸν
2608 1811 2623 1835 ,
2684 1772 2793 1845 χκαὶ
2853 1768 3209 1841 ἐπηρώτησεν
3270 1770 3434 1825 αὑτὸν
3455 1810 3471 1827 .
3523 1770 3697 1838 λέγων
3727 1787 3741 1801 ο

472 1881 598 1920 esse
636 1864 808 1928 utilis,
848 1864 1074 1920 mittens
1123 1863 1404 1918 revocavit
1446 1877 1592 1917 eum.
1651 1860 1716 1916 Et
1765 1871 2052 1931 postquam

473 1957 748 2021 rediisset,
778 1957 975 2011 iterum
1010 1955 1252 2024 suscepit
1276 1954 1429 2007 illum
1459 1953 1648 2020 laetus;
1684 1960 1796 2006 tum
1828 1952 2057 2007 interro-

471 2048 651 2114 gavit,
689 2047 794 2101 hoc
837 2052 995 2117 pacto
1026 2065 1039 2101 :
1067 2045 1239 2115 Cujus
1281 2045 1521 2116 regionis
1564 2044 1667 2101 es?
1705 2042 2052 2115 Respondit:

473 2138 763 2210 Egyptius
794 2154 939 2194 sum.
979 2138 1148 2207 Cujus
1178 2152 1305 2192 vero
1346 2136 1539 2192 urbis?
1576 2137 1709 2191 llle:
1742 2135 1856 2208 Ego
1898 2137 2058 2206 plane

473 2247 535 2284 ex
574 2231 711 2285 urbe
754 2245 863 2285 non
910 2244 1053 2284 sum.
1101 2227 1332 2297 Rogavit
1370 2248 1384 2283 :
1416 2228 1705 2292 Quodnam
1753 2235 1872 2283 erat
1918 2243 2058 2297 Opus

474 2330 626 2375 tuum
677 2321 733 2374 in
783 2329 878 2375 tuo
926 2318 1091 2375 vico?
1126 2319 1391 2389 Excepit:
1435 2319 1596 2375 Eram
1651 2327 1861 2376 custos.
1921 2319 2054 2373 Ait:

473 2409 705 2466 Ubinam
736 2410 1083 2465 dormiebas?
1114 2408 1242 2464 llle:
1270 2407 1326 2464 ln
1360 2423 1513 2480 agro.
1548 2407 1825 2475 Habuisti,
1854 2408 2055 2480 inquit,

474 2510 708 2557 stratum
748 2502 853 2558 sub
896 2501 985 2556 te?
1030 2500 1375 2572 Responsum
1422 2500 1615 2555 dedit:
1658 2499 1899 2564 Scilicet,
1945 2501 2057 2554 ruri

475 2591 779 2663 stragulum
844 2591 1151 2661 posuissem
1225 2590 1329 2644 sub
1402 2590 1526 2644 me?
1581 2588 1685 2645 Sed
1752 2588 2061 2658 quomodo?

478 2682 658 2738 Humi.
713 2682 911 2737 lterum
943 2681 1224 2735 Romanus
1266 2679 1659 2751 interrogavit:
1690 2677 1755 2733 Et
1782 2694 1893 2749 quo
1937 2687 2059 2733 ute-

480 2775 628 2828 baris
658 2773 783 2827 cibo
810 2773 864 2826 in
899 2786 1049 2842 agro,
1086 2778 1180 2825 aut
1210 2770 1355 2840 quod
1388 2773 1572 2824 vinum
1606 2770 1870 2825 bibebas?
1896 2769 2062 2840 [Egy-

478 2861 625 2935 ptius
672 2875 869 2915 rursus
916 2859 1234 2928 respondit:
1267 2858 1434 2914 Estne
1474 2858 1634 2913 cibus
1676 2858 1760 2913 vel
1811 2867 1972 2927 potus
2007 2859 2060 2917 in

480 2949 646 3018 agro?
667 2947 980 3009 Romanus:
1009 2946 1113 3003 Sed
1139 2948 1413 3021 quomodo
1463 2946 1724 3002 vivebas?
1751 2945 2059 3018 Egyptius:

483 3040 875 3099 Manducabam
908 3054 1100 3110 panem
1132 3040 1362 3105 siccum,
1402 3053 1639 3109 cumque
1678 3047 1924 3110 poteram
1953 3040 2063 3094 sal-

2154 1866 2322 1928 Ποίας
2372 1864 2557 1938 χώρας
2606 1859 2691 1929 si;
2751 1863 2862 1918 Καὶ
2936 1862 3113 1932 λέγει·
3200 1862 3516 1933 Αἰγύπτιος.
3574 1862 3747 1932 Ποίας

2154 1956 2212 2018 δὲ
2242 1956 2449 2020 πόλεως
2476 1971 2490 2020 ;
2532 1956 2590 2009 ⁸0
2619 1955 2673 2008 δὲ
2707 1954 2810 2025 ἔφη
2833 1969 2847 1991 ν
2879 1953 3019 2023 Ἐγὼ
3039 1955 3176 2018 ὅλως
3209 1955 3311 2016 οὐκ
3342 1953 3460 2025 εἰμὶ
3491 1952 3743 2023 πολίτης.

2157 2044 2271 2096 Καὶ
2301 2043 2480 2113 λέγει·
2519 2042 2584 2097 Τί
2616 2037 2686 2118 ἦν
2718 2041 2781 2095 τὸ
2805 2042 2966 2114 έργον
2997 2057 3091 2103 σου
3118 2043 3199 2104 εἰς
3243 2042 3341 2112 τὴν
3370 2041 3565 2112 κώμην
3594 2057 3700 2105 ,σου
3726 2058 3744 2105 ;

2157 2137 2267 2196 Καὶ
2300 2135 2486 2205 λέγει’
2517 2120 2793 2206 Τηρητής,
2817 2134 2924 2186 Καὶ
2961 2133 3143 2202 λέγει’
3183 2132 3294 2186 Ποῦ
3320 2132 3559 2203 emtum;
3602 2133 3663 2187 '0
3686 2132 3750 2197 δὲ

2158 2225 2308 2281 εἶπεν
2332 2243 2345 2256 ·
2374 2228 2469 2290 Εἰς
2508 2226 2601 2279 τὸν
2628 2225 2817 2297 ἀγρόν.
2853 2221 3035 2297 Εἶχες,
3082 2228 3239 2297 φησὶ,
3289 2225 3580 2298 στρωμνὴν
3605 2226 3749 2277 ὑπο-

2159 2320 2308 2373 κάτω
2348 2336 2441 2372 σου
2468 2339 2483 2383 ;
2515 2319 2627 2374 Καὶ
2683 2318 2831 2387 λέγει
2853 2335 2868 2359 θ
2918 2319 3046 2385 Ναὶ,
3082 2320 3163 2383 εἰς
3189 2319 3358 2391 ἀγρὸν
3381 2314 3527 2390 εἶχον
3571 2318 3753 2382 θεῖναι

2160 2410 2389 2483 στρῶμα
2423 2409 2679 2464 ὑποκάτω
2705 2426 2843 2480 μου;
2874 2410 3035 2465 Ἀλλὰ
3061 2411 3213 2476 πῶςῖ
3245 2407 3383 2465 Εἷπε
3404 2412 3463 2465 δέ
3484 2428 3498 2442 ο
3528 2412 3744 2483 Χαμαί.

2160 2504 2321 2572 Λέγει
2349 2501 2496 2573 αὐτῷ
2518 2502 2678 2556 πάλιν
2696 2520 2709 2534 ·
2726 2496 2836 2555 καὶ
2855 2503 2906 2555 τί
2927 2499 3069 2573 εἶχες
3097 2503 3291 2574 βρῶμα
3315 2504 3395 2567 εἰς
3418 2503 3509 2558 τὸν
3541 2503 3748 2576 ἀγρόν;

2160 2593 2370 2664 ἦποίον
2391 2587 2532 2645 οἶνον
2557 2592 2780 2657 έπινες;
2822 2591 3119 2664 Ἀπεκρίθη
3166 2593 3354 2648 πάλινν
3393 2596 3510 2648 Ἕνι
3546 2594 3750 2667 βρῶμα

2161 2683 2194 2754 ἢ
2235 2682 2388 2753 πόμα
2416 2683 2503 2746 εἰς
2547 2683 2749 2756 ἀγρόν;
2798 2683 2956 2737 una:
2999 2687 3114 2748 πῶς
3154 2684 3313 2757 Ehe;
3343 2687 3495 2758 φησί,
3537 2688 3705 2757 Λέγει
3734 2704 3749 2718 '

2166 2775 2390 2829 Ἦσθιον
2425 2774 2586 2846 ξηρὸν
2634 2776 2818 2844 ἄρτον,
2871 2777 2966 2830 καὶ
2995 2779 3043 2830 εἱ
3073 2775 3328 2849 εὕρισκον
3359 2780 3554 2850 μικρὸν
3585 2782 3739 2852 ταρί·

2161 2883 2266 2938 χιν,
2298 2869 2392 2921 καὶ
2443 2867 2609 2938 ὕδωρ.
2655 2868 3000 2940 Ἀποκριθεὶς
3027 2870 3084 2923 δὲ
3107 2870 3135 2920 6
3162 2870 3340 2942 γέρων
3370 2867 3492 2925 εἷπε
3516 2889 3530 2901 ·
3553 2872 3751 2943 Μέγας

2162 2958 2349 3023 κόπος.
2379 2959 2498 3015 Ἕνι
2555 2961 2612 3014 δὲ
2657 2961 2752 3014 καὶ¹
2798 2960 3078 3032 βαλανεῖον
3134 2965 3215 3026 εἰς
3265 2962 3364 3034 τὴν
3397 2963 3621 3036 κώμην,
3659 2965 3751 3021 ἵνα

2163 3049 2425 3121 λούησθε;
2470 3052 2528 3105 '0
2559 3051 2615 3111 δὲ
2658 3048 2813 3108 εἶπεν
2838 3069 2853 3084 ⁸
2883 3053 3017 3124 Οὐχί
3037 3068 3050 3082 ⁸
3086 3054 3221 3108 ἀλλὰ
3247 3057 3328 3118 εἰς
3358 3054 3451 3107 τὸν
3497 3057 3753 3126 ποταμὸν

482 3131 717 3187 samenti
778 3145 1011 3201 parum,
1075 3131 1325 3187 bibebam
1378 3139 1560 3187 autem
1615 3146 1834 3200 aquam.
1882 3132 2057 3187 Senex

2167 3140 2255 3193 ὅτε
2282 3118 2536 3212 θέλομεν.
2572 3141 2658 3205 Ὠς
2703 3137 2796 3196 οὖν
2825 3118 3077 3210 ἐξέλαϐεν
3119 3142 3166 3174 ’³
3192 3142 3354 3197 αὑτὸν
3396 3146 3425 3197 6
3452 3118 3753 3215 γέρων-εἰς

482 3221 766 3276 Romanus
793 3238 806 3274 :
831 3219 1061 3291 Magnus
1090 3221 1263 3277 labor.
1298 3220 1467 3281 Estne
1505 3236 1635 3277 vero
1669 3222 1725 3277 in
1760 3237 1901 3293 pago
1944 3223 2064 3276 bal-

482 3329 668 3377 neum,
696 3321 756 3369 ut
788 3313 1079 3368 lavemini‘!
1110 3313 1398 3387 Egyptius
1423 3333 1437 3370 :
1463 3313 1847 3388 Nequaquam,
1888 3314 1986 3371 sed
2011 3315 2064 3369 in

484 3408 673 3473 ﬂuvio,
704 3408 927 3478 quando
962 3407 1117 3464 libet.
1152 3405 1446 3478 Postquam
1477 3423 1607 3479 ergo
1646 3409 1859 3479 excepit
1902 3425 1966 3464 ex
2002 3423 2069 3464 eo

486 3518 651 3557 senex
699 3502 815 3556 lucc
861 3502 1066 3567 omnia,
1121 3500 1422 3571 didicitque
1471 3501 1675 3571 prioris
1715 3504 1843 3556 vita:
1892 3502 2068 3572 ipsius

485 3608 781 3656 aerumnas,
811 3593 1039 3660 cupiens
1059 3593 1109 3647 ei
1134 3592 1414 3660 prodesse,
1446 3592 1692 3652 narravit
1716 3593 1917 3660 prioris
1940 3593 2067 3648 vita:

488 3699 601 3738 suae
634 3682 688 3737 in
721 3683 923 3737 saeculo
966 3691 1198 3745 statum;
1244 3682 1489 3737 referens
1519 3700 1532 3736 :
1569 3682 1653 3738 Me
1703 3683 1878 3749 vides,
1915 3685 2069 3738 nihili

491 3774 799 3839 hominem;
838 3788 1088 3844 magnam
1125 3775 1314 3828 urbem
1346 3772 1572 3829 Romam
1604 3774 1838 3844 patriam
1871 3775 2067 3839 habeo,

489 3874 604 3920 tum
637 3879 869 3935 magnus
903 3865 1086 3921 exstiti
1126 3865 1181 3918 in
1226 3866 1425 3935 palatio
1472 3865 1836 3935 imperatoris.
1872 3864 1944 3921 Ut
1974 3882 2071 3920 au-

490 3967 599 4010 tem
633 3954 843 4010 audivit
879 3953 1171 4026 Egyptins
1218 3956 1489 4012 sermonis
1536 3956 1774 4023 initium,
1815 3972 2073 4029 compun-

489 4046 670 4099 ctione
689 4053 864 4100 tactus
880 4054 985 4108 est,
1003 4046 1462 4115 auscultabatque
1484 4047 1676 4102 sedulo
1697 4062 1821 4118 qua:
1840 4047 2067 4107 diceret.

490 4135 691 4191 lterum
720 4137 795 4190 ait
825 4135 874 4191 ei
903 4154 916 4190 :
942 4136 1150 4191 Relicta
1183 4152 1314 4208 ergo
1361 4137 1523 4203 Urbe,
1559 4138 1684 4193 veni
1730 4139 1785 4192 in
1821 4139 2071 4195 solitudi-

491 4246 613 4283 nem
646 4228 810 4283 hanc.
845 4227 928 4284 Me
970 4243 1166 4285 rursus
1199 4244 1359 4300 quem
1395 4229 1580 4295 vides,
1611 4245 1842 4301 magnas
1878 4232 2073 4288 domos

492 4320 734 4389 possedi,
783 4335 915 4391 opes
962 4321 1204 4374 multas:
1249 4320 1688 4391 contemptisque
1737 4322 1869 4387 illis,
1927 4323 2072 4377 subii

494 4428 717 4482 parvam
755 4411 948 4466 cellam
1003 4410 1164 4466 hanc.
1218 4409 1330 4481 Ego
1383 4412 1591 4479 adhuc,
1640 4429 1802 4484 quem
1854 4415 2070 4480 cernis,

498 4505 669 4557 lectos
704 4501 868 4556 babui
898 4516 966 4556 ex
997 4515 1132 4555 auro
1176 4501 1373 4564 solido,
1405 4503 1664 4572 pretiosis
1694 4506 1956 4576 stragulis
1984 4521 2074 4561 or-

498 4599 692 4657 natos;
726 4605 828 4660 pro
863 4589 1066 4661 quibus
1099 4588 1245 4645 Deus
1278 4590 1427 4646 dedit
1471 4592 1630 4647 istam
1674 4602 1894 4649 mattam
1946 4611 2070 4650 cum

499 4682 602 4736 ista
637 4681 791 4750 pelle.
837 4679 919 4734 Ad
953 4680 1099 4746 haec,
1145 4681 1471 4736 vestimenta
1519 4699 1639 4739 mea
1683 4686 1865 4756 magni
1914 4686 2073 4757 pretii

500 4779 692 4836 erant;
729 4779 785 4826 et
816 4786 915 4841 pro
949 4772 1077 4837 illis,
1110 4780 1263 4844 gesto
1292 4774 1408 4829 haec
1439 4774 1588 4828 vilia.
1621 4775 1775 4839 ltem,
1810 4778 1876 4831 ad
1912 4792 2075 4849 pran-

500 4862 652 4915 dium
703 4877 918 4927 meum,
969 4864 1088 4917 auri
1135 4864 1365 4919 multum
1426 4864 1882 4935 impendebatur;
1914 4870 2073 4939 cujus

503 4953 621 5008 vice
654 4951 845 5006 tribuit
874 4952 1008 5007 mihi
1039 4951 1183 5009 Deus
1228 4953 1331 5009 hoc
1372 4955 1678 5011 olusculum
1729 4964 1893 5028 atque
1926 4958 2072 5014 hunc

505 5056 732 5114 parvum
766 5042 878 5096 vini
916 5042 1159 5100 calicem.
1195 5043 1363 5099 Erant
1395 5054 1654 5116 praeterea
1698 5050 2072 5107 ministrantes

507 5136 660 5204 pueri
698 5135 889 5201 multi;
923 5143 979 5191 et
1012 5150 1141 5193 ecce
1168 5136 1385 5192 illorum
1417 5139 1558 5205 loco,
1598 5141 1886 5211 inspiravit
1927 5142 2072 5198 Deus

507 5225 636 5279 huic
680 5224 801 5279 seni
829 5236 889 5279 ut
917 5225 1194 5282 ministret
1235 5228 1387 5284 mihi.
1419 5228 1647 5305 Insuper
1690 5232 1809 5288 vice
1853 5233 2070 5298 balnei,

510 5329 701 5386 parum
741 5330 894 5386 aqua:
925 5317 1085 5372 mitto
1119 5318 1174 5372 in
1210 5319 1374 5390 pedes
1405 5337 1587 5387 meos;
1629 5323 1873 5379 sandalia
1907 5326 2071 5381 etiam

507 5423 639 5479 gero
676 5411 747 5464 ob
783 5409 1132 5466 debilitatem.
1184 5409 1396 5478 Itidem,
1442 5413 1499 5476 in
1539 5414 1716 5469 locum
1749 5416 1988 5472 musices
2020 5425 2073 5470 et

508 5512 859 5569 organorum,
892 5500 1110 5572 profero
1158 5502 1444 5559 duodecim
1491 5505 1751 5575 psalmos.
1807 5504 2073 5561 Similiter

2164 3229 2342 3284 ταῦτα
2387 3230 2589 3297 πάντα,
2644 3232 2739 3286 καί
2774 3231 2945 3303 ἔμαθε
2994 3230 3087 3285 τοῦ
3137 3232 3402 3304 προτέρου
3434 3233 3549 3303 βίου
3582 3233 3752 3295 αὐτοῦ

2168 3320 2266 3393 τὴν
2296 3320 2498 3392 θλϊψιν,
2535 3322 2708 3383 θέλων
2737 3323 2899 3379 αὑτὸν
2927 3321 3242 3394 ὠφελῆσαι,
3266 3324 3567 3395 διηγήσατο
3598 3324 3754 3397 αὐτῷ

2167 3411 2265 3484 τὴν
2313 3413 2586 3486 προτέραν
2636 3413 2804 3469 αὐτοῦ
2857 3413 3136 3485 διαγωγὴν
3179 3414 3279 3484 τὴν
3329 3416 3387 3467 ἐν
3416 3413 3494 3485 τῷ
3532 3400 3751 3485 κόσμῳ,

2169 3503 2343 3571 λέγων
2364 3521 2378 3536 ’
2434 3505 2565 3575 Ἐμὲ
2587 3506 2678 3559 τὸν
2711 3505 2968 3559 ταπεινὸν
2998 3504 3057 3558 ὃν
3085 3505 3323 3574 βλέπεις,
3359 3507 3423 3558 ὲκ
3444 3507 3542 3575 τῆς
3578 3506 3757 3576 μεγάο

2170 3593 2268 3663 λης
2296 3594 2507 3658 πόλεως
2548 3593 2769 3666 Ῥώμης
2802 3596 2939 3666 εἰμὶ,
2998 3595 3093 3648 καὶ
3144 3596 3316 3665 μέγας
3352 3597 3550 3665 γέγονα
3582 3599 3662 3661 είς
3692 3599 3757 3650 τὸ

2172 3687 2434 3741 παλάτιον
2465 3687 2560 3741 τοῦ
2596 3674 2883 3757 βασιλέως.
2921 3687 3033 3739 Καὶ
3063 3689 3139 3751 ὼς
3159 3687 3360 3759 ἧκουσε
3393 3690 3422 3741 6
3449 3688 3757 3753 Αἰγύπτιος

2171 3779 2268 3851 τὴν
2298 3779 2472 3851 ἀρχὴν
2503 3778 2596 3832 τοῦ
2624 3778 2804 3847 λόγου,
2829 3778 3130 3849 κατενύγη,
3162 3779 3258 3833 καὶ
3289 3779 3483 3849 ἤκουεν
3505 3779 3757 3850 ἀκριϐῶς

2172 3868 2239 3921 τὰ
2301 3868 2567 3938 λεγόμενα
2629 3867 2761 3938 παρ’
2824 3868 3012 3921 αὑτοῦ.
3064 3868 3233 3922 Πάλιν
3277 3867 3332 3921 δὲ
3376 3867 3525 3936 λέγει
3560 3868 3755 3938 αὐτῷ·

2173 3960 2477 4013 Κατέλιπον
2512 3954 2605 4013 οὖν
2636 3959 2734 4031 τὴν
2773 3959 2948 4024 πόλιν,
2987 3959 3082 4017 καὶ
3108 3954 3271 4029 ἦλθον
3306 3960 3387 4022 εἰς
3417 3959 3515 4029 τὴν
3542 3959 3756 4031 ἔρημον

2172 4050 2402 4123 ταύτην·
2436 4050 2532 4104 καὶ
2560 4049 2721 4103 πάλιν
2761 4050 2861 4120 ἐμὲ
2897 4050 2955 4103 ὃν
2985 4049 3224 4121 βλέπεις,
3267 4049 3450 4112 οἴκους
3484 4049 3756 4120 μεγάλους

2174 4138 2317 4213 εἶχον
2340 4142 2433 4196 καὶ
2465 4143 2568 4217 χρή
2578 4158 2723 4213 ματα
2749 4143 2796 4174 ⁸⁸
2816 4142 2986 4198 πολλά
3006 4159 3019 4173 ·
3066 4145 3160 4198 καὶ
3194 4145 3619 4215 καταφρονήσας
3648 4143 3754 4197 αὑ⁴

2173 4233 2303 4297 τῶν,
2331 4228 2494 4302 ἦλθον
2516 4235 2596 4296 εἰς
2626 4233 2686 4286 τὸ
2710 4234 2906 4305 μικρὸν
2930 4234 3140 4288 κελλίον
3159 4235 3335 4289 τοῦτο·
3356 4235 3450 4289 καὶ
3465 4234 3628 4289 πάλιν
3648 4234 3754 4305 ἐμὲ

2174 4324 2232 4377 ὃν
2267 4324 2503 4394 βλέπεις,
2536 4324 2882 4395 κραϐὅάτους
2942 4322 3088 4403 εἰχον
3134 4326 3480 4397 ὁλοχρύσους,
3527 4326 3756 4397 ἔχοντας

2177 4413 2504 4484 πολυτίμους
2533 4415 2842 4485 στρωμνάςο
2874 4414 2970 4468 καὶ
3002 4416 3117 4473 ἀντ’
3142 4416 3342 4478 αὐτῶν,
3373 4417 3573 4470 δέδωκέ
3608 4432 3703 4486 μοι
3724 4418 3755 4469 6

2175 4506 2307 4569 Θεὸς
2342 4504 2405 4558 τὸ
2428 4506 2720 4580 χαραδριον
2749 4505 2904 4561 τοῦτο
2926 4508 3021 4560 καὶ
3037 4509 3100 4560 τὸ
3122 4507 3298 4578 δέρμα
3321 4522 3334 4536 ·
3367 4507 3528 4560 πάλιν
3560 4507 3631 4560 τὰ
3661 4507 3754 4561 ὲνο

2173 4597 2234 4650 δύ
2242 4598 2389 4669 ματά
2414 4614 2516 4668 μου
2552 4597 2751 4669 πολλῆς
2773 4600 2938 4670 τιμῆς
2960 4598 3085 4664 ἄξια
3106 4594 3174 4671 ἦν
3190 4615 3203 4628 ⁸
3235 4599 3328 4652 καὶ
3360 4598 3481 4652 ἀντὶ
3505 4597 3753 4662 ἐκείνων,

2176 4689 2326 4761 φορῶ
2359 4689 2429 4744 τὰ
2454 4689 2645 4760 εὐτελῆ
2674 4689 2847 4744 ταῦτα
2884 4691 3072 4761 ἱμάτια
3091 4707 3105 4720 ·
3133 4688 3295 4744 πάλιν
3323 4691 3403 4752 εἰς
3434 4688 3495 4743 τὸ
3529 4687 3757 4759 ἄριστόν

2177 4799 2280 4852 μου
2343 4780 2477 4834 πολὺ
2519 4780 2741 4853 χρυσίον
2796 4781 3151 4852 ἀνηλίσκετοο
3205 4780 3300 4833 καὶ
3348 4779 3477 4834 ἀντὶ
3515 4777 3755 4845 ἐκείνου,

2174 4873 2342 4928 ἔδωκέ
2362 4890 2452 4943 μοι
2482 4874 2509 4926 ὁ
2543 4872 2674 4935 Θεὸς
2724 4873 2786 4926 τὸ
2818 4873 3011 4946 μικρὸν
3054 4872 3285 4943 λάχανον
3328 4871 3506 4934 τοῦτο,
3559 4870 3656 4925 καὶ
3694 4868 3758 4923 τὸ

2183 4964 2379 5034 μικρὸν
2412 4965 2669 5036 ποτήριον
2696 4963 2788 5018 τοῦ
2805 4959 3164 5021 οἴνουῘἮοαν
3192 4964 3248 5018 δὲ
3274 4965 3322 5018 οί
3353 4961 3755 5036 ὑπηρετοῦντές

2182 5074 2271 5125 μοι
2304 5057 2492 5120 παῖδες
2516 5054 2698 5109 πολλοί
2720 5071 2732 5084 ο
2763 5056 2858 5108 καὶ
2894 5057 3001 5110 ἰδοὺ
3032 5055 3147 5109 ἀντ’
3171 5056 3418 5117 ἐκείνων,
3458 5052 3756 5117 κατένυξεν

2176 5149 2205 5201 ὁ
2238 5147 2368 5211 Θεὸς
2399 5147 2488 5200 τὸν
2503 5146 2737 5218 γέροντα
2760 5146 2948 5205 τοῦτον
2985 5147 3326 5218 ὑπηρετῆσαί
3369 5162 3457 5215 μοι
3485 5161 3498 5175 ⁸
3531 5144 3655 5197 ἀντὶ
3693 5141 3752 5195 δὲ

2130 5277 2151 5289 ρ
2183 5237 2488 5307 βαλανείου,
2544 5238 2721 5307 βάλλω
2761 5239 2821 5291 τὸ
2880 5237 3074 5310 μικρὸν
3119 5236 3264 5308 ὕδωρ
3296 5238 3376 5301 εἰς
3406 5236 3533 5297 τοὺς
3582 5233 3753 5296 πόδας

2184 5342 2306 5396 μου,
2347 5328 2440 5379 καὶ
2471 5326 2537 5379 τὰ
2565 5325 2820 5380 σανδάλια
2845 5327 2933 5379 διὰ
2962 5327 3060 5397 τὴν
3092 5326 3376 5379 ἀσθένειάν
3412 5341 3515 5393 μου
3537 5342 3550 5355 ·
3586 5322 3752 5377 πάλιν

2180 5418 2301 5471 ἀντὶ
2337 5418 2613 5488 μουσικῶν
2636 5419 2728 5470 καὶ
2752 5417 3012 5488 κιθαρῶν,
3047 5417 3190 5486 λέγω
3213 5418 3339 5480 τοὺς
3370 5415 3581 5469 δώδεκα
3611 5413 3752 5484 ψαλ-

2182 5506 2347 5575 μοῦς’
2409 5508 2610 5579 ὁμοίως
2648 5509 2741 5561 καὶ
2798 5507 2896 5579 τὴν
2927 5509 3115 5571 νύκτα,
3160 5508 3279 5560 ἀντὶ
3315 5507 3425 5562 τῶν
3464 5505 3752 5580 ἁμαρτιῶν

582 5649 698 5683 eo."
737 5652 823 5710 Δι’
876 5653 1041 5725 αὐτῷ.
1119 5656 1164 5688 n
1195 5655 1280 5711 Αι,
1326 5655 1423 5729 τῷ,
1501 5657 1547 5690 ³³
1576 5656 1662 5713 Al.
1700 5657 1972 5724 ἐξέϐαλεν.
2051 5663 2060 5692 ¹

2173 5661 2205 5715 ἰ.
2236 5661 2554 5739 πράγματα.
