4062 6332
288 343 387 397 389

1391 333 1999 393 APOPIITHECMATA
2038 337 2335 400 PATRUM.

3434 346 3540 404 390

288 452 357 512 ὧν
397 454 637 521 ἐποίουν,
662 455 786 525 ἀρτι
816 452 955 524 μετά
979 453 1335 516 ἀναπαύσεως
1357 451 1494 505 ποιῶ
1522 451 1726 523 μικράν
1756 467 1856 522 μου

1966 458 2148 519 noctu,
2185 470 2283 526 pro
2315 458 2555 526 peccatis
2590 473 2711 527 quae
2752 457 3186 525 committebam,
3219 458 3380 515 modo
3410 473 3536 516 cum

287 545 650 616 λειτουργίαν.
680 542 992 614 Παρακαλῶ
1014 539 1109 599 οὖν
1144 561 1226 611 σε,
1258 542 1425 608 ἀϐϐᾶ,
1463 542 1538 615 μὴ
1571 541 1862 596 σκανδαλι-

288 635 417 707 σθῂς
451 637 532 700 είς
558 636 660 707 τὴν
718 635 1002 690 ἀσθένειάν
1043 653 1163 706 μου.
1220 634 1405 689 Ταῦτα
1443 634 1684 698 ἀκούσας
1709 636 1738 688 6
1763 634 1860 686 Αί-

293 727 532 796 γύπτιος,
562 729 643 790 είς
673 727 866 780 ἑαυτὸν
898 726 1088 791 ἐλθὼν,
1125 723 1309 781 εἶπενο
1342 727 1479 782 Οὐαί
1505 745 1617 798 μοι,
1648 727 1731 779 ὅτι
1754 724 1862 783 ἀπὸ

291 816 489 888 πολλῆς
540 816 773 886 θλίψεως
826 816 922 871 τοῦ
973 817 1178 887 κόσμου
1227 819 1307 881 εἰς
1339 817 1646 873 ἀνάπαυσιν
1675 812 1859 888 ἦλθον,

292 906 383 961 καὶ
432 906 469 962 ἀ
509 909 611 962 οὐκ
653 904 799 979 εἶχον
824 909 966 972 τότε,
1019 907 1114 963 νῦν
1152 908 1260 980 ἔχω
1285 926 1298 938 ·
1333 910 1398 963 σὺ
1429 910 1486 964 δὲ
1519 909 1627 964 ἀπὸ
1660 907 1861 979 πολλῆς

292 1001 649 1065 ἀναπαύσεως
674 1003 753 1066 είς
779 1000 959 1070 θλίψιν
983 995 1168 1073 ἦλθες.
1210 1002 1305 1055 καὶ
1327 1001 1434 1054 ἀπὸ
1461 1001 1662 1070 πολλῆς
1704 1000 1863 1072 δόξης

292 1092 384 1144 καὶ
443 1092 674 1149 πλούτου
724 1087 890 1164 ἦλθες
941 1093 1022 1155 είς
1068 1092 1396 1146 ταπείνωσιν
1446 1092 1540 1145 καὶ
1566 1078 1858 1160 πτωχείαν.

292 1182 466 1236 Πολλά
521 1183 578 1237 δὲ
628 1182 933 1254 ὠφεληθεὶς
985 1181 1221 1252 ἀπῆλθε,
1273 1182 1369 1236 καὶ
1430 1181 1646 1250 ἐγένετο
1695 1179 1861 1234 αὐτοῦ

291 1272 457 1341 φίλος,
487 1273 581 1326 καὶ
624 1272 965 1344 παρέϐαλλεν
1002 1271 1154 1343 αὐτῷ
1200 1272 1413 1344 συχνῶς
1446 1273 1515 1326 δι’
1557 1272 1857 1341 ὠφέλειανο

291 1357 355 1434 ἦν
384 1363 493 1434 γὰρ
550 1362 691 1435 ἀνὴρ
745 1363 1105 1434 διακριτικδς,
1128 1363 1223 1417 καὶ
1266 1363 1480 1435 πλήρης
1515 1363 1740 1431 εὐωδίας
1766 1362 1860 1419 τοῦ

293 1455 443 1524 ἁγίου
470 1455 802 1527 Πνεύματος.

358 1636 420 1706 β’.
467 1634 525 1689 '0
544 1634 707 1695 αὐτὸς
737 1628 911 1699 εἶπεν,
970 1633 1052 1687 ὅτι
1096 1627 1167 1704 ἦν
1201 1648 1285 1697 τις
1311 1630 1493 1703 γέρων
1530 1631 1668 1701 ἔχων
1698 1631 1862 1685 καλὸν

296 1727 564 1800 μαθητήν⁸
624 1726 720 1781 καὶ
778 1726 886 1779 ἀπὸ
941 1724 1236 1795 ὀλιγωρίας
1279 1723 1467 1778 ἔϐαλεν
1498 1723 1660 1776 αὐτὸν
1682 1722 1786 1789 ἐξω
1812 1723 1859 1755 ’⁸

295 1818 429 1889 μετά
449 1819 548 1889 τῆς
607 1818 859 1893 μηλωτῆς
888 1816 1073 1871 αὐτοῦ.
1125 1817 1181 1870 '0
1215 1815 1271 1869 δὲ
1301 1815 1528 1885 ἀδελφὸς
1567 1814 1856 1885 ὑπέμεινεν

292 1908 392 1974 ἔξω
436 1908 767 1980 καθήμενος.
803 1907 914 1961 Καὶ
963 1906 1182 1971 ἀνοίξας
1208 1907 1238 1960 6
1263 1906 1463 1975 γέρων,
1505 1897 1665 1975 εῦρεν
1697 1904 1861 1958 αὑτὸν

292 2000 614 2072 καθήμενον,
658 1999 754 2053 καὶ
796 1996 987 2051 ἔϐαλεν
1031 1996 1181 2068 αὐτῷ
1222 1997 1530 2068 μετάνοιαν,
1557 1996 1762 2065 λέγων’
1792 1992 1862 2048 Ὦ

294 2091 487 2163 Πάτερ,
541 2092 575 2161 ἡ
603 2091 933 2155 ταπείνωσις
955 2089 1057 2161 τῆς
1096 2088 1479 2161 μακροθυμίας
1519 2104 1612 2141 σου
1641 2087 1862 2157 ἐνίκησε

293 2182 383 2254 τὴν
427 2183 570 2255 ἐμὴν
618 2182 930 2255 ὀλιγωρίαν.
978 2178 1147 2252 Δεῦρο
1195 2179 1330 2234 ἔσω·
1380 2179 1489 2233 ἀπὸ
1535 2177 1627 2232 τοῦ
1660 2174 1755 2233 νῦν
1795 2180 1861 2232 σὺ

293 2275 462 2347 γέρων
531 2271 581 2329 εἷ
630 2275 726 2329 καὶ
781 2274 993 2345 Πατὴρ,
1056 2269 1167 2342 ἐγὼ
1214 2271 1270 2325 δὲ
1314 2273 1576 2344 νεώτερος
1621 2272 1717 2327 καὶ
1758 2288 1863 2342 μαο

295 2363 477 2436 θητής.

674 2474 814 2543 Περὶ
854 2473 960 2529 τοῦ
1002 2471 1151 2530 ἀϐϐᾶ
1201 2474 1474 2544 Ῥούφου.

360 2593 427 2640 α’.
471 2586 725 2656 Ἀδελφὸς
745 2586 999 2660 ἠρώτησε
1021 2588 1112 2641 τὸν
1138 2586 1313 2642 ἀϐϐᾶν
1339 2585 1564 2657 Ῥοῦφον
1580 2602 1596 2618 °
1625 2586 1690 2641 Τί
1715 2589 1864 2643 ἐστιν

292 2677 508 2749 ἡσυχία,
537 2680 634 2733 καὶ
660 2679 744 2743 τίς
775 2681 808 2750 ἡ
830 2680 1069 2750 ὠφέλεια
1101 2680 1306 2751 αὑτῆς;
1352 2679 1410 2733 '0
1434 2680 1491 2734 δὲ
1512 2680 1690 2751 γέρων
1713 2680 1864 2750 λέγει

291 2768 469 2841 αὐτῷ·
516 2767 746 2841 Ἡσυχία
798 2770 948 2837 ἐστὶ,
990 2770 1053 2824 τὸ
1100 2769 1430 2840 καθεσθῆναι
1466 2772 1523 2824 ἐν
1550 2769 1627 2840 τῷ
1668 2769 1865 2843 κελλίῳ

294 2862 430 2930 μετὰ
454 2860 625 2931 φόϐου
652 2861 746 2917 καὶ
768 2860 1021 2930 γνώσεως
1043 2860 1197 2924 Θεοῦ.
1229 2861 1563 2933 ἀπεχόμενος
1593 2878 1864 2933 μνησικα-

290 2951 417 3016 κίας
438 2953 534 3007 καὶ
581 2951 1048 3025 ὑψηλοφροσύνης.
1092 2954 1156 3006 Ἦ
1188 2951 1413 3022 τοιαύτη
1437 2953 1637 3024 ἡσυχία
1675 2953 1866 3024 γεννή-

289 3062 413 3114 τρια
431 3041 569 3100 οὖσα
596 3045 787 3100 πασῶν
810 3045 918 3099 τῶν
942 3046 1152 3117 ἀρετῶν
1173 3087 1188 3111 ,
1221 3045 1483 3117 φυλάσσει
1511 3047 1602 3101 τὸν
1633 3047 1865 3117 μοναχὸν

289 3138 395 3192 ἀπὸ
420 3137 531 3193 τῶν
560 3138 973 3211 πεπυρωμένων
1012 3137 1182 3209 βελῶν
1211 3137 1306 3192 τοῦ
1346 3137 1566 3209 ἐχθροῦ,
1603 3138 1680 3211 μὴ
1718 3139 1865 3193 ἐῶσα
1889 3117 1932 3176 C

288 3227 876 3300 αὐτὸν-τιτρώσκεσθαι
905 3230 997 3283 ὑπ’
1028 3229 1226 3284 αὐτῶν.
1252 3229 1382 3296 Ναὶ,
1417 3228 1638 3299 ἀδελφέ,
1662 3230 1864 3303 ταύτην

292 3319 520 3392 κτῆσαι,
573 3319 929 3392 μνημονεύων
982 3321 1082 3392 τῆς
1123 3319 1307 3384 ἐξόδου
1348 3318 1443 3373 τοῦ
1479 3320 1710 3376 θανάτου
1747 3337 1862 3387 σου,

285 3410 368 3466 ὅτι
415 3410 519 3465 οὐκ
568 3404 716 3475 οἶδας
758 3411 887 3485 ποίᾳ
922 3409 1040 3483 ὥρᾳ
1063 3411 1092 3463 6
1123 3409 1365 3484 κλέπτης
1397 3410 1635 3485 ἔρχεται.
1669 3411 1866 3467 Λοιπὸν

285 3495 397 3568 οὖν,
422 3500 562 3571 νῆφε
582 3500 827 3572 περὶτῆς
860 3501 995 3565 ἰδίας
1019 3500 1222 3574 ψυχῆς.

350 3593 420 3663 β’.
457 3587 628 3648 Εἶπεν
677 3595 708 3646 6
755 3591 929 3658 ἀϐϐᾶς
968 3592 1216 3664 Ῥοῦφος,
1275 3594 1359 3648 ὅτι
1403 3594 1432 3647 6
1476 3593 1866 3665 καθήμενοςὲν

286 3684 530 3756 ὑποταγῇ
578 3683 784 3755 πατρὸς
827 3684 1224 3756 πνευματικοῦ,
1272 3684 1494 3740 πλείονα
1539 3684 1731 3757 μισθὸν
1752 3684 1866 3757 ἔχει

284 3774 379 3828 τοῦ
417 3777 478 3831 ἐν
511 3778 579 3847 τῇ
611 3777 803 3847 ἐρήμῳ
846 3775 966 3831 καθ’
990 3776 1182 3831 ἑαυτὸν
1205 3774 1629 3847 ἀναχωροῦντος.
1670 3775 1866 3846 Ἔλεγε

284 3861 533 3932 δὲοῦτος,
556 3869 640 3921 ὅτι
667 3867 963 3939 διηγήσατό
988 3886 1072 3932 τις
1110 3869 1216 3922 τῶν
1252 3868 1533 3940 Πατέρων,
1563 3868 1759 3937 λέγων,
1785 3872 1867 3925 ὃτι

288 3951 439 4011 Εῐὸον
483 3956 730 4029 τέσσαρα
777 3956 1034 4030 τάγματα
1074 3959 1133 4011 ἐν
1174 3957 1253 4027 τῷ
1286 3955 1503 4029 οὐρανῷ
1527 3975 1538 3989 ·
1572 3958 1866 4031 τὸπρῶτον

285 4046 493 4120 τάγμα,
525 4048 811 4121 ἄνθρωπος
847 4048 1089 4103 ἀσθενῶν
1119 4048 1211 4101 καὶ
1241 4047 1578 4120 εὐχαριστῶν
1599 4047 1675 4121 τῷ
1705 4047 1823 4117 Θεῷ
1849 4064 1861 4078 ·

287 4142 347 4199 τὸ
377 4142 632 4214 δεύτερον
656 4143 865 4213 τάγμα,
901 4143 931 4195 6
959 4143 1058 4210 τὴν
1087 4139 1390 4209 φιλοξενίαν
1421 4137 1630 4194 διώκων
1660 4140 1753 4193 καὶ
1787 4141 1866 4203 εἰς

286 4235 448 4289 τοῦτο
493 4235 782 4306 ἱστάμενος
823 4236 919 4288 καὶ
961 4232 1257 4288 διακονῶν·
1309 4230 1369 4285 τὸ
1394 4230 1575 4302 τρίτον
1607 4231 1814 4302 τάγμα,
1837 4232 1865 4283 6

286 4324 386 4394 τὴν
443 4325 651 4397 ἔρημον
710 4322 921 4377 διώκων
952 4324 1047 4378 καὶ
1094 4322 1168 4393 μὴ
1204 4320 1417 4391 βλέπων
1457 4319 1741 4392 ἄνθρωπον
1761 4339 1776 4352 ο
1805 4320 1867 4373 τὸ

284 4416 547 4486 τέταρτον
604 4416 813 4485 τάγμα,
866 4416 895 4468 6
932 4416 990 4467 ἐν
1029 4415 1275 4484 ὑποταγῇ
1312 4413 1622 4484 καθήμενος
1656 4411 1865 4483 πατρὸς
1898 4449 1944 4505 ι)

290 4507 384 4559 καὶ
435 4505 880 4575 ὑποτασσόμενος
934 4503 1084 4574 αὑτῷ
1121 4503 1210 4556 διὰ
1249 4504 1342 4556 τὸν
1376 4501 1600 4573 Κύριον.
1647 4500 1866 4570 Ἐφόρει

290 4597 345 4650 δέ
376 4600 404 4652 6
419 4598 507 4651 διὰ
550 4597 647 4670 τὴν
665 4599 912 4670 ὑπακοὴν
940 4596 1213 4667 μανιάκην
1231 4595 1465 4668 χρυσοῦν
1496 4597 1591 4650 καὶ
1610 4596 1865 4666 γοργόνα,

290 4688 379 4742 καὶ
437 4688 663 4742 πλείονα
708 4690 818 4741 τῶν
862 4686 1035 4743 ἀλλων
1073 4685 1230 4751 δόξαν
1268 4682 1414 4756 εἶχεν
1439 4687 1573 4757 (29).
1616 4684 1755 4755 Ἐγὼ
1786 4687 1865 4750 δὲ,

292 4780 445 4852 φησὶ,
472 4776 630 4834 εἷπον
652 4779 730 4852 τῷ
753 4778 1036 4852 ὁδηγοῦντί
1071 4795 1160 4849 με,
1191 4777 1273 4833 ὅτι
1300 4777 1426 4841 Πῶς
1449 4771 1603 4848 οὗτος
1621 4780 1650 4834 6
1677 4779 1868 4850 μικρό-

292 4884 445 4942 τερος
498 4871 650 4943 παρά
689 4872 817 4936 τοὺς
853 4871 1047 4935 ἄλλους
1097 4870 1318 4925 πλείονα
1346 4869 1505 4936 δόξαν
1538 4869 1681 4941 ἐχει;
1730 4871 1786 4923 Ὀ
1809 4869 1866 4923 δὲ

293 4963 612 5036 ἀποκριθεὶς
637 4960 759 5019 εἶπέ
775 4980 864 5036 μοι
885 4982 899 4996 ο
935 4962 1156 5035 Ἐπειδὴ
1175 4965 1203 5016 6
1217 4962 1314 5034 τὴν
1328 4962 1632 5032 φιλοξενίαν
1655 4960 1864 5016 διώκων

295 5054 404 5126 ἰδίῳ
451 5055 723 5126 θελήματι
753 5058 925 5111 ποιεῖ’
957 5054 1052 5110 καὶ
1085 5056 1114 5108 6
1160 5055 1239 5119 είς
1275 5054 1374 5126 τὴν
1408 5052 1612 5126 ἔρημον
1643 5051 1717 5106 ὢν
1751 5052 1864 5122 ἰδίῳ

292 5144 551 5217 θελήματι
577 5145 922 5220 ἀνεχώρησεν
944 5163 958 5178 ⁸
980 5140 1135 5211 οὗτος
1161 5146 1217 5202 δὲ
1238 5148 1267 5200 6
1293 5146 1391 5217 τὴν
1422 5145 1669 5217 ὑπακοὴν
1700 5144 1862 5215 ἔχων.

360 5302 407 5334 ’⁸
437 5303 523 5356 AI.
556 5304 666 5359 ius.
689 5305 790 5374 τῆς
822 5305 1009 5375 θύρας.
1087 5305 1134 5337 ’⁸
1165 5303 1361 5373 Ephes.
1401 5317 1470 5365 νι,
1513 5301 1600 5356 16.
1679 5303 1722 5337 ’⁷
1749 5301 1862 5358 Luc

358 5457 468 5529 (29)
498 5460 748 5529 V’Epdpet
792 5458 860 5511 δὲ
887 5462 919 5512 ό
961 5457 1058 5513 διὰ
1106 5457 1222 5526 τὴν
1250 5456 1865 5529 ὑπακοὴν-μανιάκην

365 5527 559 5597 pacat;
583 5527 695 5583 καὶ
738 5530 1013 5597 γοργόνα,
1054 5529 1150 5581 καὶ
1202 5528 1455 5582 πλείονα
1491 5527 1611 5581 τῶν
1642 5527 1864 5597 ἀλλων

328 5594 472 5672 όξαν
494 5594 958 5672 εἷχεῃγ-Ιοεὶηιιυε
993 5598 1259 5672 Meursius
1296 5612 1431 5651 voce
1468 5595 1699 5672 Iapydio
1729 5599 1865 5672 citat

296 5683 353 5720 rx
380 5669 518 5726 libro
548 5667 1056 5727 i’Couectaneorum
1085 5667 1239 5722 Pauli
1268 5667 1547 5730 monachi,
1576 5667 1860 5736 γοργῶρα,

299 5739 709 5813 fateturque-de
750 5737 1155 5811 signiﬁcatione
1193 5737 1300 5793 sibi
1349 5752 1458 5793 non
1490 5737 1719 5806 liquere.
1754 5737 1865 5807 Ego

1963 543 2143 613 quiete
2178 560 2405 615 parvum
2438 563 2617 603 meum
2646 548 2879 604 oliicium
2926 549 3116 605 recito.
3151 549 3336 619 Itaque
3376 551 3537 607 obse-

1962 648 2058 687 cro
2105 642 2177 698 te,
2211 636 2369 701 abba,
2410 654 2479 693 ue
2518 636 2810 696 oﬂendaris
2853 653 2971 694 mea
3011 638 3404 695 imbecillitate.
3439 638 3538 697 His

1962 727 2185 793 auditis,
2232 727 2559 801 Egyptius,
2597 733 2662 786 ad
2695 748 2754 787 se
2798 731 3038 796 rediens,
3077 730 3250 787 dixit:
3278 730 3370 788 Vae
3400 733 3535 788 mihi

1961 822 2105 905 quod
2137 836 2167 875 a
2198 822 2369 877 multa
2398 824 2581 878 saeculi
2606 824 2935 885 calamitate,
2961 824 3015 879 in
3047 831 3250 879 statum
3291 839 3535 881 commo-

1962 913 2090 968 dum
2119 913 2281 981 veni;
2317 929 2545 987 quaeque
2574 924 2704 971 tunc
2726 931 2834 971 non
2858 916 3146 983 habebam,
3168 931 3314 971 nunc
3340 916 3533 971 habeo:

1963 1013 2020 1059 tu
2059 1000 2188 1061 ve'ro
2224 1020 2255 1061 a
2289 1007 2459 1061 multa
2492 1008 2906 1071 commoditate,
2950 1008 3147 1064 venisti
3181 1008 3247 1063 ad
3293 1008 3537 1062 vexatio-

1962 1112 2123 1164 nem;
2163 1113 2194 1152 a
2236 1098 2406 1152 multa
2450 1098 2620 1169 gloria
2654 1106 2709 1152 et
2740 1097 2945 1152 divitiis
2988 1098 3054 1152 ad
3089 1098 3446 1166 dejectionem
3482 1105 3537 1152 et

1963 1198 2360 1261 paupertatem.
2426 1190 2612 1260 Itaque
2656 1190 2858 1261 ingenti
2908 1204 3032 1245 cum
3082 1191 3280 1244 animae
3326 1190 3536 1245 emolu-

1965 1290 2148 1336 mento
2179 1281 2453 1346 discessit,
2489 1281 2776 1352 factusque
2804 1291 2888 1337 est
2912 1280 3061 1336 illius
3099 1281 3329 1344 amicus,
3353 1287 3408 1336 et
3429 1279 3538 1334 fre-

1962 1381 2194 1441 quenter
2225 1372 2290 1426 ad
2333 1388 2458 1428 eum
2507 1372 3021 1442 proﬁciscebatur,,
3047 1371 3296 1428 utilitatis
3343 1386 3532 1428 causa.

1963 1462 2095 1518 Erat
2123 1465 2267 1520 enim
2298 1466 2379 1519 vir
2408 1466 2463 1519 in
2491 1465 2856 1521 discernenda
2893 1464 3151 1529 eximius,
3184 1465 3379 1535 plenus
3423 1463 3536 1519 ira-

1964 1557 2178 1627 grantia
2206 1555 2443 1627 Spiritus
2474 1556 2673 1611 sancti.

2031 1647 2084 1701 ‘2.
2118 1648 2167 1702 Is
2207 1648 2327 1716 ipse
2366 1647 2592 1703 retulit:
2620 1645 2750 1698 Erat
2791 1643 3011 1715 quidam
3046 1659 3232 1709 senex,
3275 1642 3367 1713 qui
3397 1657 3538 1714 pra-

1964 1736 2175 1793 clarum
2207 1738 2536 1809 discipulum
2565 1736 2830 1804 habebat;
2863 1751 3022 1805 quem
3055 1751 3118 1790 ex
3155 1734 3338 1804 pusilli
3367 1734 3536 1790 animi

1965 1829 2096 1883 vitio
2136 1830 2297 1899 ejecit
2330 1844 2456 1884 cum
2492 1829 2690 1885 melote
2728 1843 2850 1883 sua.
2901 1827 2967 1881 At
3015 1824 3188 1881 frater
3240 1826 3538 1896 permansit

1962 1919 2107 1976 foras
2135 1922 2354 1977 sedens.
2381 1920 2574 1979 Postea
2616 1936 2782 1977 senex
2812 1919 3088 1989 aperiens,
3130 1917 3342 1972 invenit
3381 1916 3534 1970 illum

1961 2014 2261 2072 sedentem.
2314 2012 2502 2084 Itaque
2546 2013 2807 2068 inclinato
2849 2011 2903 2065 in
2948 2009 3266 2080 ptrnitentis
3313 2007 3535 2062 modum

1961 2119 2223 2176 corpore,
2265 2103 2404 2158 dixit
2436 2105 2524 2157 ei:
2552 2103 2742 2166 Pater,
2786 2101 3070 2155 humilitas
3107 2099 3382 2170 patientia:
3427 2105 3539 2153 tua

1960 2196 2087 2251 vicit
2116 2196 2624 2266 pusillanimitatem
2666 2210 2841 2250 meam
2879 2202 3045 2263 atque
3074 2192 3533 2264 despicationem.

1963 2287 2099 2344 Veni
2124 2290 2271 2342 intro
2295 2306 2308 2341 :
2339 2302 2405 2342 ex
2430 2287 2535 2341 hoc
2567 2293 2832 2355 tempore,
2864 2294 2919 2336 tu
2956 2299 3119 2339 senex
3145 2283 3255 2338 eris
3277 2288 3332 2337 et
3354 2279 3536 2345 Pater,

1961 2394 2063 2451 ego
2095 2394 2228 2435 vero
2257 2378 2446 2448 junior
2476 2391 2541 2434 ac
2568 2375 2893 2447 discipulus.

2529 2486 2600 2543 De
2627 2485 2814 2539 abbate
2843 2483 3004 2553 Rufo.

2037 2598 2087 2651 I.
2126 2595 2317 2652 Frater
2352 2595 2716 2668 interrogavit
2752 2594 3003 2651 abbatem
3037 2591 3259 2659 Rufum,
3287 2591 3418 2664 quid
3456 2607 3539 2648 es-

1964 2696 2048 2743 sct
2090 2687 2266 2757 quies,
2295 2697 2349 2741 et
2375 2674 2621 2756 quaenam
2662 2685 2811 2741 illius
2853 2684 3086 2740 utilitas.
3132 2681 3313 2739 Senex
3350 2690 3533 2738 autem

1963 2780 2100 2837 dixit
2130 2780 2179 2835 ei
2204 2798 2217 2837 :
2245 2779 2413 2846 Quies
2446 2787 2562 2844 est,
2594 2777 2785 2833 sedere
2815 2776 2869 2830 in
2905 2776 3041 2830 cella
3071 2790 3193 2828 cum
3240 2773 3435 2829 timore
3473 2787 3539 2828 ac

1964 2870 2159 2925 notitia
2202 2868 2316 2933 Dei,
2348 2868 2673 2924 abstinendo
2718 2867 2789 2920 ab
2833 2864 3160 2933 injuriarum
3193 2862 3455 2918 memoria
3483 2871 3539 2917 ct

1963 2963 2200 3019 elatione
2238 2960 2427 3015 animi.
2468 2957 2593 3015 Haec
2623 2959 2803 3030 quies,
2838 2971 2963 3012 cum
2991 2954 3237 3010 omnium
3270 2953 3536 3009 virtutum

1966 3058 2036 3110 sit
2079 3054 2340 3127 genitrix,
2378 3058 2668 3107 conservat
2702 3047 3031 3105 monachum
3081 3045 3149 3100 ab
3197 3043 3372 3114 igneis
3417 3042 3540 3098 telis

1967 3128 2175 3200 inimici
2210 3144 2276 3210 ’⁸,
2308 3159 2409 3199 nec
2442 3141 2574 3198 sinit
2606 3155 2702 3211 per
2734 3154 2798 3195 ea
2828 3135 3128 3193 vulnerari.
3163 3132 3384 3205 Utique,
3426 3131 3539 3188 fra~

1967 3251 2070 3305 ter,
2108 3239 2254 3293 illam
2286 3237 2525 3307 posside,
2559 3249 2769 3290 memor
2796 3233 2976 3289 exitus
3011 3230 3205 3286 mortis
3239 3238 3375 3298 tuas;
3409 3229 3539 3300 quia

1968 3331 2145 3387 nescis
2169 3345 2275 3400 qua
2303 3329 2434 3383 bora
2459 3326 2546 3382 fur
2571 3325 2751 3381 veniet
2772 3324 2841 3379 ’⁷.
2878 3323 3140 3392 Deinceps
3170 3320 3354 3392 igitur,
3377 3320 3539 3392 vigila

1966 3439 2066 3494 pro
2098 3423 2281 3477 anima
2314 3430 2429 3476 tua.

2037 3591 2090 3649 '2.
2135 3588 2279 3643 Dixit
2320 3589 2488 3644 abbas
2519 3586 2695 3642 Rufus
2725 3600 2738 3637 :
2769 3584 2874 3652 Qui
2922 3589 3105 3640 manet
3144 3582 3199 3638 in
3224 3581 3531 3639 obedientia

1967 3679 2141 3753 patris
2195 3678 2521 3749 spiritualis,
2575 3676 2837 3746 majorem
2891 3674 3198 3730 mercedem
3243 3673 3537 3744 repositam

1967 3772 2130 3828 habet
2156 3785 2319 3842 quam
2355 3770 2449 3841 qui
2473 3770 2527 3823 in
2563 3783 2805 3824 eremum
2847 3766 3076 3824 secessit
3116 3765 3339 3837 proprio
3378 3771 3537 3821 nutu.

1967 3865 2194 3921 Addidit
2245 3864 2391 3919 idem
2442 3861 2813 3917 narrationem
2867 3858 3152 3930 cujusdam
3191 3874 3221 3913 e
3262 3855 3539 3921 Patribus,

1966 3960 2176 4016 hancce
2216 3977 2230 4013 :
2274 3955 2400 4011 Vidi
2444 3966 2683 4026 quatuor
2724 3952 2945 4009 ordines
2995 3952 3050 4006 in
3101 3951 3263 4026 coelo.
3322 3948 3542 4004 Primus

1968 4051 2127 4114 ortlo,
2161 4051 2325 4105 homo
2353 4049 2447 4120 qui
2493 4055 2722 4118 aegrotat
2751 4045 3065 4117 gratiasque
3112 4043 3225 4113 agit
3257 4041 3401 4107 Deo;
3456 4056 3543 4096 se-

1968 4142 2183 4198 cundus
2208 4140 2368 4204 ordo,
2400 4139 2493 4210 qui
2530 4136 2954 4207 hospitalitatem
2992 4139 3257 4196 sectatur,
3285 4140 3449 4202 atque
3475 4147 3542 4187 eo

1970 4233 2024 4286 in
2058 4231 2280 4302 negotio
2313 4235 2421 4283 stat
2451 4237 2504 4284 et
2530 4226 2840 4291 ministrat;
2872 4224 3065 4279 tertius
3097 4224 3252 4290 ordo,
3279 4223 3371 4294 qui
3412 4223 3543 4278 soli-

1967 4323 2211 4378 tudinem
2247 4321 2515 4392 sequitur,
2562 4332 2663 4373 nec
2708 4330 3033 4387 quemquam
3088 4314 3263 4380 videt;
3311 4321 3544 4385 quartus

1968 4414 2225 4483 denique.
2258 4412 2421 4466 homo
2456 4410 2510 4463 in
2550 4407 2734 4465 Patris
2775 4405 3088 4461 obedientia
3131 4404 3352 4467 sedens,
3383 4404 3545 4474 eique

1972 4506 2257 4576 ευιῃεειυε
2287 4511 2508 4573 propter
2530 4500 2838 4554 Dominum.
2863 4497 3034 4552 Porro
3062 4495 3371 4552 obedientia
3396 4498 3545 4567 ejus-

1971 4597 2116 4652 modi
2173 4593 2457 4666 praeditus,
2502 4588 2751 4662 gestabat
2802 4595 3048 4658 torquem
3108 4601 3359 4648 aureum,
3412 4600 3540 4639 cum

1970 4688 2185 4759 clypeo,
2225 4684 2527 4754 majorique
2560 4694 2671 4750 prae
2696 4682 2909 4735 caeteris
2936 4677 3105 4748 gloria
3126 4677 3404 4748 fulgebat.
3432 4674 3543 4747 Ego

1970 4795 2124 4847 vero,
2178 4777 2376 4848 inquit,
2412 4774 2524 4829 dixi
2559 4773 2608 4828 ei
2645 4771 2739 4842 qui
2788 4785 2875 4825 me
2918 4768 3191 4823 ducebat:
3227 4767 3407 4832 Quare
3441 4768 3545 4825 iste

1974 4871 2155 4925 minor
2179 4882 2342 4938 super
2393 4865 2531 4919 alios
2560 4862 2787 4932 gloriam
2821 4869 3154 4915 consecutus
3188 4858 3305 4913 est?
3329 4856 3424 4914 Ille
3455 4871 3544 4912 re-

1972 4962 2250 5034 spondit:
2293 4957 2562 5023 Quoniam
2623 4953 2718 5024 qui
2778 4952 3203 5023 hospitalitatem
3265 4957 3540 5012 sectatur,

1973 5064 2168 5126 sponte
2215 5066 2315 5108 sua
2374 5048 2425 5104 id
2479 5048 2628 5118 agit;
2682 5046 2774 5117 qui
2818 5045 3023 5116 pariter
3069 5048 3443 5098 commoratur
3485 5040 3544 5096 in

1971 5159 2178 5208 eremo.
2227 5139 2457 5197 recessit
2489 5152 2554 5193 ex
2599 5136 2882 5190 voluntate
2932 5147 3064 5199 sua;
3101 5132 3195 5188 hic
3234 5140 3414 5187 autem
3448 5129 3543 5201 qui

1871 5345 1883 5357 .
1917 5317 2017 5367 xu,
2042 5300 2132 5357 '59.

1970 5471 2101 5511 vero
2149 5453 2395 5525 γοργόνα
2447 5450 2592 5522 quod
2624 5449 2805 5525 inveni
2846 5448 3078 5525 retineo,
3111 5459 3174 5525 ac
3205 5445 3548 5525 interpretor

1971 5511 2245 5598 clypeu'm',
2266 5511 2345 5598 ὀί)
2366 5511 2873 5598 decantatissimam
2894 5511 3467 5598 .Gorgonisgiabulan‘i,
3489 5521 3547 5598 et

1971 5581 2192 5666 propter
2223 5581 2386 5666 verba
2411 5590 2665 5666 Hesychii
2702 5581 3280 5659 εΓοργόνες·ἀίγίδεςο
3311 5583 3360 5635 oi
3388 5581 3444 5635 δὲ
3479 5583 3548 5639 τὰ

1974 5660 2195 5721 ἐπὶτῶν
2227 5662 2447 5732 αἰγίδων
2482 5660 2769 5732 πρόσωπα.
