  <div class='ocr_page' id='page_1' title='image "/cluster/home/n/w/nwhite01/storage/ocr_20150623/65/mdp.39015008972203/201.png"; bbox 0 0 4062 6332; ppageno 0'>
   <div class='ocr_carea' id='block_1_1' title="bbox 503 339 605 403">
    <p class='ocr_par' dir='ltr' id='par_1_1' title="bbox 503 339 605 403">
     <span class='ocr_line' id='line_1_1' title="bbox 503 339 605 403; baseline 0.039 -4"><span class='ocrx_word' id='word_1_1' title='bbox 503 339 605 403; x_wconf 62' lang='grc'><strong>594</strong></span> 
     </span>
    </p>
   </div>
   <div class='ocr_carea' id='block_1_2' title="bbox 1593 339 2520 400">
    <p class='ocr_par' dir='ltr' id='par_1_2' title="bbox 1593 339 2520 400">
     <span class='ocr_line' id='line_1_2' title="bbox 1593 339 2520 400; baseline 0.008 -7"><span class='ocrx_word' id='word_1_2' title='bbox 1593 339 1930 394; x_wconf 74' lang='grc' dir='ltr'><strong>ΑΡΡΕΝῡΙΧ</strong></span> <span class='ocrx_word' id='word_1_3' title='bbox 1971 339 2060 394; x_wconf 82' lang='lat' dir='ltr'><strong>AD</strong></span> <span class='ocrx_word' id='word_1_4' title='bbox 2101 339 2520 400; x_wconf 77' lang='lat' dir='ltr'><strong>PALLADIUM.</strong></span> 
     </span>
    </p>
   </div>
   <div class='ocr_carea' id='block_1_3' title="bbox 3662 335 3767 393">
    <p class='ocr_par' dir='ltr' id='par_1_3' title="bbox 3662 335 3767 393">
     <span class='ocr_line' id='line_1_3' title="bbox 3662 335 3767 393; baseline 0.038 -4"><span class='ocrx_word' id='word_1_5' title='bbox 3662 335 3767 393; x_wconf 68' lang='lat'><strong>392</strong></span> 
     </span>
    </p>
   </div>
   <div class='ocr_carea' id='block_1_4' title="bbox 503 455 2066 536">
    <p class='ocr_par' dir='ltr' id='par_1_4' title="bbox 503 455 2066 524">
     <span class='ocr_line' id='line_1_4' title="bbox 503 455 2066 524; baseline -0.001 -8"><span class='ocrx_word' id='word_1_6' title='bbox 503 458 869 516; x_wconf 77' lang='lat' dir='ltr'><strong>obedientiam</strong></span> <span class='ocrx_word' id='word_1_7' title='bbox 909 459 1140 524; x_wconf 84' lang='lat' dir='ltr'><strong>obtinet,</strong></span> <span class='ocrx_word' id='word_1_8' title='bbox 1175 455 1387 514; x_wconf 88' lang='lat' dir='ltr'><strong>cunctis</strong></span> <span class='ocrx_word' id='word_1_9' title='bbox 1425 458 1542 514; x_wconf 89' lang='lat' dir='ltr'><strong>suis</strong></span> <span class='ocrx_word' id='word_1_10' title='bbox 1574 460 1949 515; x_wconf 75' lang='lat' dir='ltr'><strong>voluntatibus</strong></span> <span class='ocrx_word' id='word_1_11' title='bbox 1982 474 2066 514; x_wconf 87' lang='lat' dir='ltr'><strong>re-</strong></span> 
     </span>
    </p>
   </div>
   <div class='ocr_carea' id='block_1_5' title="bbox 2170 455 3754 536">
    <p class='ocr_par' dir='ltr' id='par_1_5' title="bbox 2171 460 3754 536">
     <span class='ocr_line' id='line_1_5' title="bbox 2171 460 3754 536; baseline 0.001 -23"><span class='ocrx_word' id='word_1_12' title='bbox 2171 461 2345 514; x_wconf 88' lang='grc' dir='ltr'>πάντα</span> <span class='ocrx_word' id='word_1_13' title='bbox 2391 461 2461 516; x_wconf 79' lang='grc' dir='ltr'>τὰ</span> <span class='ocrx_word' id='word_1_14' title='bbox 2489 463 2765 533; x_wconf 83' lang='grc' dir='ltr'>θελήματα</span> <span class='ocrx_word' id='word_1_15' title='bbox 2801 461 2967 515; x_wconf 80' lang='grc' dir='ltr'>αὑτοῦ</span> <span class='ocrx_word' id='word_1_16' title='bbox 3000 460 3354 530; x_wconf 76' lang='grc' dir='ltr'><strong>καταλείψας,</strong></span> <span class='ocrx_word' id='word_1_17' title='bbox 3379 461 3754 536; x_wconf 82' lang='grc' dir='ltr'>κρέματαιτῷ</span> 
     </span>
    </p>
   </div>
   <div class='ocr_carea' id='block_1_6' title="bbox 506 550 2072 623">
    <p class='ocr_par' dir='ltr' id='par_1_6' title="bbox 506 550 2072 623">
     <span class='ocr_line' id='line_1_6' title="bbox 506 550 2072 623; baseline -0.002 -16"><span class='ocrx_word' id='word_1_18' title='bbox 506 555 672 617; x_wconf 86' lang='lat' dir='ltr'><strong>lictis.</strong></span> <span class='ocrx_word' id='word_1_19' title='bbox 701 554 897 623; x_wconf 88' lang='lat' dir='ltr'><strong>pendet</strong></span> <span class='ocrx_word' id='word_1_20' title='bbox 929 567 959 605; x_wconf 91' lang='lat' dir='ltr'><strong>a</strong></span> <span class='ocrx_word' id='word_1_21' title='bbox 998 552 1129 616; x_wconf 90' lang='lat' dir='ltr'><strong>Deo,</strong></span> <span class='ocrx_word' id='word_1_22' title='bbox 1161 558 1323 622; x_wconf 88' lang='lat' dir='ltr'><strong>atque</strong></span> <span class='ocrx_word' id='word_1_23' title='bbox 1367 566 1396 604; x_wconf 89' lang='lat' dir='ltr'><strong>a</strong></span> <span class='ocrx_word' id='word_1_24' title='bbox 1428 566 1529 605; x_wconf 93' lang='lat' dir='ltr'><strong>suo</strong></span> <span class='ocrx_word' id='word_1_25' title='bbox 1559 550 1738 606; x_wconf 83' lang='lat' dir='ltr'><strong>Patre.</strong></span> <span class='ocrx_word' id='word_1_26' title='bbox 1776 551 1949 622; x_wconf 83' lang='lat' dir='ltr'><strong>Hujus</strong></span> <span class='ocrx_word' id='word_1_27' title='bbox 1994 551 2072 606; x_wconf 90' lang='lat' dir='ltr'><strong>rei</strong></span> 
     </span>
    </p>
   </div>
   <div class='ocr_carea' id='block_1_7' title="bbox 503 644 2070 716">
    <p class='ocr_par' dir='ltr' id='par_1_7' title="bbox 503 644 2070 716">
     <span class='ocr_line' id='line_1_7' title="bbox 503 644 2070 716; baseline -0.001 -17"><span class='ocrx_word' id='word_1_28' title='bbox 503 649 677 716; x_wconf 84' lang='lat' dir='ltr'><strong>gratia</strong></span> <span class='ocrx_word' id='word_1_29' title='bbox 701 647 822 716; x_wconf 90' lang='lat' dir='ltr'><strong>plus</strong></span> <span class='ocrx_word' id='word_1_30' title='bbox 851 644 1034 715; x_wconf 71' lang='lat' dir='ltr'><strong>gloria:</strong></span> <span class='ocrx_word' id='word_1_31' title='bbox 1077 659 1240 712; x_wconf 87' lang='lat' dir='ltr'><strong>quam</strong></span> <span class='ocrx_word' id='word_1_32' title='bbox 1281 645 1464 698; x_wconf 61' lang='lat' dir='ltr'><strong>exteri</strong></span> <span class='ocrx_word' id='word_1_33' title='bbox 1496 645 1724 714; x_wconf 87' lang='lat' dir='ltr'><strong>accepit.</strong></span> <span class='ocrx_word' id='word_1_34' title='bbox 1756 646 2070 714; x_wconf 83' lang='lat' dir='ltr'><strong>Pr0pterea,</strong></span> 
     </span>
    </p>
   </div>
   <div class='ocr_carea' id='block_1_8' title="bbox 506 734 2073 806">
    <p class='ocr_par' dir='ltr' id='par_1_8' title="bbox 506 734 2073 806">
     <span class='ocr_line' id='line_1_8' title="bbox 506 734 2073 806; baseline -0.001 -16"><span class='ocrx_word' id='word_1_35' title='bbox 506 737 623 804; x_wconf 88' lang='lat' dir='ltr'><strong>ﬁlii,</strong></span> <span class='ocrx_word' id='word_1_36' title='bbox 648 739 802 792; x_wconf 81' lang='lat' dir='ltr'><strong>“bona</strong></span> <span class='ocrx_word' id='word_1_37' title='bbox 854 745 937 790; x_wconf 89' lang='lat' dir='ltr'><strong>est</strong></span> <span class='ocrx_word' id='word_1_38' title='bbox 969 734 1300 801; x_wconf 89' lang='lat' dir='ltr'><strong>obedientia,</strong></span> <span class='ocrx_word' id='word_1_39' title='bbox 1349 750 1474 790; x_wconf 90' lang='lat' dir='ltr'><strong>cum</strong></span> <span class='ocrx_word' id='word_1_40' title='bbox 1518 745 1742 806; x_wconf 84' lang='lat' dir='ltr'><strong>propter</strong></span> <span class='ocrx_word' id='word_1_41' title='bbox 1781 735 2073 791; x_wconf 87' lang='lat' dir='ltr'><strong>Dominum</strong></span> 
     </span>
    </p>
   </div>
   <div class='ocr_carea' id='block_1_9' title="bbox 503 825 2073 898">
    <p class='ocr_par' dir='ltr' id='par_1_9' title="bbox 503 825 2073 898">
     <span class='ocr_line' id='line_1_9' title="bbox 503 825 2073 898; baseline 0 -15"><span class='ocrx_word' id='word_1_42' title='bbox 503 829 824 898; x_wconf 83' lang='lat' dir='ltr'><strong>suscipitur.</strong></span> <span class='ocrx_word' id='word_1_43' title='bbox 896 825 975 880; x_wconf 83' lang='lat' dir='ltr'><strong>Ex</strong></span> <span class='ocrx_word' id='word_1_44' title='bbox 1041 834 1194 896; x_wconf 87' lang='lat' dir='ltr'><strong>parte</strong></span> <span class='ocrx_word' id='word_1_45' title='bbox 1254 827 1604 898; x_wconf 87' lang='lat' dir='ltr'><strong>percepistis,</strong></span> <span class='ocrx_word' id='word_1_46' title='bbox 1671 827 1798 893; x_wconf 90' lang='lat' dir='ltr'><strong>ﬁlii,</strong></span> <span class='ocrx_word' id='word_1_47' title='bbox 1855 829 2073 883; x_wconf 88' lang='lat' dir='ltr'><strong>virtutis</strong></span> 
     </span>
    </p>
   </div>
   <div class='ocr_carea' id='block_1_10' title="bbox 503 916 2070 990">
    <p class='ocr_par' dir='ltr' id='par_1_10' title="bbox 503 916 2070 990">
     <span class='ocr_line' id='line_1_10' title="bbox 503 916 2070 990; baseline 0 -18"><span class='ocrx_word' id='word_1_48' title='bbox 503 919 664 973; x_wconf 84' lang='lat' dir='ltr'><strong>istius</strong></span> <span class='ocrx_word' id='word_1_49' title='bbox 689 933 915 988; x_wconf 86' lang='lat' dir='ltr'><strong>parvum</strong></span> <span class='ocrx_word' id='word_1_50' title='bbox 949 919 1258 990; x_wconf 80' lang='lat' dir='ltr'><strong>vestigium.</strong></span> <span class='ocrx_word' id='word_1_51' title='bbox 1297 916 1342 973; x_wconf 91' lang='grc' dir='ltr'><strong>Ο</strong></span> <span class='ocrx_word' id='word_1_52' title='bbox 1382 919 1713 985; x_wconf 87' lang='lat' dir='ltr'><strong>obedientia,</strong></span> <span class='ocrx_word' id='word_1_53' title='bbox 1745 929 2070 975; x_wconf 85' lang='lat' dir='ltr'><strong>cunctorum</strong></span> 
     </span>
    </p>
   </div>
   <div class='ocr_carea' id='block_1_11' title="bbox 503 1009 2074 1074">
    <p class='ocr_par' dir='ltr' id='par_1_11' title="bbox 503 1009 2074 1074">
     <span class='ocr_line' id='line_1_11' title="bbox 503 1009 2074 1074; baseline 0 -10"><span class='ocrx_word' id='word_1_54' title='bbox 503 1011 743 1064; x_wconf 82' lang='lat' dir='ltr'><strong>ﬁdelium</strong></span> <span class='ocrx_word' id='word_1_55' title='bbox 782 1009 964 1064; x_wconf 86' lang='lat' dir='ltr'><strong>salus!</strong></span> <span class='ocrx_word' id='word_1_56' title='bbox 1002 1025 1034 1064; x_wconf 87' lang='grc' dir='ltr'><strong>ο</strong></span> <span class='ocrx_word' id='word_1_57' title='bbox 1064 1009 1392 1074; x_wconf 90' lang='lat' dir='ltr'><strong>obedientia,</strong></span> <span class='ocrx_word' id='word_1_58' title='bbox 1422 1018 1596 1066; x_wconf 85' lang='lat' dir='ltr'><strong>mater</strong></span> <span class='ocrx_word' id='word_1_59' title='bbox 1624 1011 1868 1066; x_wconf 89' lang='lat' dir='ltr'><strong>omnium</strong></span> <span class='ocrx_word' id='word_1_60' title='bbox 1899 1011 2074 1064; x_wconf 91' lang='lat' dir='ltr'><strong>virtu-</strong></span> 
     </span>
    </p>
   </div>
   <div class='ocr_carea' id='block_1_12' title="bbox 505 1096 2071 1169">
    <p class='ocr_par' dir='ltr' id='par_1_12' title="bbox 505 1096 2071 1169">
     <span class='ocr_line' id='line_1_12' title="bbox 505 1096 2071 1169; baseline 0.002 -19"><span class='ocrx_word' id='word_1_61' title='bbox 505 1098 649 1151; x_wconf 89' lang='lat' dir='ltr'><strong>tum!</strong></span> <span class='ocrx_word' id='word_1_62' title='bbox 686 1113 719 1150; x_wconf 93' lang='grc' dir='ltr'><strong>ο</strong></span> <span class='ocrx_word' id='word_1_63' title='bbox 769 1096 1098 1164; x_wconf 87' lang='lat' dir='ltr'><strong>obedientia,</strong></span> <span class='ocrx_word' id='word_1_64' title='bbox 1145 1100 1296 1169; x_wconf 82' lang='lat' dir='ltr'><strong>regni</strong></span> <span class='ocrx_word' id='word_1_65' title='bbox 1329 1100 1636 1155; x_wconf 89' lang='lat' dir='ltr'><strong>inventrix!</strong></span> <span class='ocrx_word' id='word_1_66' title='bbox 1671 1115 1704 1156; x_wconf 89' lang='grc' dir='ltr'><strong>ο</strong></span> <span class='ocrx_word' id='word_1_67' title='bbox 1743 1099 2071 1166; x_wconf 87' lang='lat' dir='ltr'><strong>obedientia,</strong></span> 
     </span>
    </p>
   </div>
   <div class='ocr_carea' id='block_1_13' title="bbox 500 1189 2072 1260">
    <p class='ocr_par' dir='ltr' id='par_1_13' title="bbox 500 1189 2072 1260">
     <span class='ocr_line' id='line_1_13' title="bbox 500 1189 2072 1260; baseline 0.003 -17"><span class='ocrx_word' id='word_1_68' title='bbox 500 1205 622 1260; x_wconf 80' lang='lat' dir='ltr'><strong>quae</strong></span> <span class='ocrx_word' id='word_1_69' title='bbox 644 1189 815 1244; x_wconf 72' lang='lat' dir='ltr'><strong>cmlos</strong></span> <span class='ocrx_word' id='word_1_70' title='bbox 836 1191 1036 1259; x_wconf 90' lang='lat' dir='ltr'><strong>aperis,</strong></span> <span class='ocrx_word' id='word_1_71' title='bbox 1061 1205 1124 1246; x_wconf 88' lang='lat' dir='ltr'><strong>ac</strong></span> <span class='ocrx_word' id='word_1_72' title='bbox 1145 1192 1394 1248; x_wconf 89' lang='lat' dir='ltr'><strong>homines</strong></span> <span class='ocrx_word' id='word_1_73' title='bbox 1415 1208 1446 1247; x_wconf 91' lang='lat' dir='ltr'><strong>e</strong></span> <span class='ocrx_word' id='word_1_74' title='bbox 1470 1200 1620 1248; x_wconf 89' lang='lat' dir='ltr'><strong>terra</strong></span> <span class='ocrx_word' id='word_1_75' title='bbox 1643 1192 1850 1249; x_wconf 88' lang='lat' dir='ltr'><strong>elevasl</strong></span> <span class='ocrx_word' id='word_1_76' title='bbox 1885 1207 1918 1247; x_wconf 93' lang='grc' dir='ltr'><strong>ο</strong></span> <span class='ocrx_word' id='word_1_77' title='bbox 1939 1193 2072 1248; x_wconf 91' lang='lat' dir='ltr'><strong>obe-</strong></span> 
     </span>
    </p>
   </div>
   <div class='ocr_carea' id='block_1_14' title="bbox 499 1281 2074 1352">
    <p class='ocr_par' dir='ltr' id='par_1_14' title="bbox 499 1281 2074 1352">
     <span class='ocr_line' id='line_1_14' title="bbox 499 1281 2074 1352; baseline 0.002 -18"><span class='ocrx_word' id='word_1_78' title='bbox 499 1281 746 1344; x_wconf 85' lang='lat' dir='ltr'><strong>dientia,</strong></span> <span class='ocrx_word' id='word_1_79' title='bbox 811 1282 1057 1334; x_wconf 88' lang='lat' dir='ltr'><strong>omnium</strong></span> <span class='ocrx_word' id='word_1_80' title='bbox 1117 1289 1432 1336; x_wconf 87' lang='lat' dir='ltr'><strong>sanctorum</strong></span> <span class='ocrx_word' id='word_1_81' title='bbox 1502 1282 1720 1348; x_wconf 85' lang='lat' dir='ltr'><strong>nutrix,</strong></span> <span class='ocrx_word' id='word_1_82' title='bbox 1771 1283 1931 1352; x_wconf 88' lang='lat' dir='ltr'><strong>cujus</strong></span> <span class='ocrx_word' id='word_1_83' title='bbox 1988 1282 2074 1337; x_wconf 89' lang='lat' dir='ltr'><strong>lac</strong></span> 
     </span>
    </p>
   </div>
   <div class='ocr_carea' id='block_1_15' title="bbox 499 1373 2070 1443">
    <p class='ocr_par' dir='ltr' id='par_1_15' title="bbox 499 1373 2070 1443">
     <span class='ocr_line' id='line_1_15' title="bbox 499 1373 2070 1443; baseline 0.003 -18"><span class='ocrx_word' id='word_1_84' title='bbox 499 1378 789 1437; x_wconf 83' lang='lat' dir='ltr'><strong>suxerunt,</strong></span> <span class='ocrx_word' id='word_1_85' title='bbox 825 1378 879 1425; x_wconf 89' lang='lat' dir='ltr'><strong>et</strong></span> <span class='ocrx_word' id='word_1_86' title='bbox 910 1386 1007 1440; x_wconf 89' lang='lat' dir='ltr'><strong>per</strong></span> <span class='ocrx_word' id='word_1_87' title='bbox 1045 1387 1208 1442; x_wconf 88' lang='lat' dir='ltr'><strong>quam</strong></span> <span class='ocrx_word' id='word_1_88' title='bbox 1238 1381 1532 1428; x_wconf 89' lang='lat' dir='ltr'><strong>evaserunt</strong></span> <span class='ocrx_word' id='word_1_89' title='bbox 1571 1373 1833 1443; x_wconf 80' lang='lat' dir='ltr'><strong>perfecti!</strong></span> <span class='ocrx_word' id='word_1_90' title='bbox 1871 1388 1904 1429; x_wconf 90' lang='grc' dir='ltr'><strong>ο</strong></span> <span class='ocrx_word' id='word_1_91' title='bbox 1937 1373 2070 1429; x_wconf 82' lang='lat' dir='ltr'><strong>obe-</strong></span> 
     </span>
    </p>
   </div>
   <div class='ocr_carea' id='block_1_16' title="bbox 499 1460 1570 1535">
    <p class='ocr_par' dir='ltr' id='par_1_16' title="bbox 499 1460 1570 1535">
     <span class='ocr_line' id='line_1_16' title="bbox 499 1460 1570 1535; baseline 0.004 -21"><span class='ocrx_word' id='word_1_92' title='bbox 499 1460 731 1527; x_wconf 87' lang='lat' dir='ltr'><strong>dientia,</strong></span> <span class='ocrx_word' id='word_1_93' title='bbox 763 1463 1182 1519; x_wconf 84' lang='lat' dir='ltr'><strong>contubernalis</strong></span> <span class='ocrx_word' id='word_1_94' title='bbox 1216 1464 1570 1535; x_wconf 81' lang='lat' dir='ltr'><strong>angelorum!</strong></span> 
     </span>
    </p>
   </div>
   <div class='ocr_carea' id='block_1_17' title="bbox 994 1573 1571 1630">
    <p class='ocr_par' dir='ltr' id='par_1_17' title="bbox 994 1573 1571 1630">
     <span class='ocr_line' id='line_1_17' title="bbox 994 1573 1571 1630; baseline 0.005 -3"><span class='ocrx_word' id='word_1_95' title='bbox 994 1573 1066 1628; x_wconf 86' lang='lat' dir='ltr'><strong>De</strong></span> <span class='ocrx_word' id='word_1_96' title='bbox 1096 1575 1280 1630; x_wconf 82' lang='lat' dir='ltr'><strong>abbate</strong></span> <span class='ocrx_word' id='word_1_97' title='bbox 1315 1574 1571 1630; x_wconf 85' lang='lat' dir='ltr'><strong>Romano.</strong></span> 
     </span>
    </p>
   </div>
   <div class='ocr_carea' id='block_1_18' title="bbox 564 1687 2073 1759">
    <p class='ocr_par' dir='ltr' id='par_1_18' title="bbox 564 1687 2073 1759">
     <span class='ocr_line' id='line_1_18' title="bbox 564 1687 2073 1759; baseline 0.001 -17"><span class='ocrx_word' id='word_1_98' title='bbox 564 1687 706 1742; x_wconf 88' lang='lat' dir='ltr'><strong>Cum</strong></span> <span class='ocrx_word' id='word_1_99' title='bbox 749 1688 920 1743; x_wconf 84' lang='lat' dir='ltr'><strong>abbas</strong></span> <span class='ocrx_word' id='word_1_100' title='bbox 958 1687 1238 1743; x_wconf 83' lang='lat' dir='ltr'><strong>Romanus</strong></span> <span class='ocrx_word' id='word_1_101' title='bbox 1281 1687 1585 1744; x_wconf 87' lang='lat' dir='ltr'><strong>moriturus</strong></span> <span class='ocrx_word' id='word_1_102' title='bbox 1638 1694 1809 1753; x_wconf 86' lang='lat' dir='ltr'><strong>esset,</strong></span> <span class='ocrx_word' id='word_1_103' title='bbox 1844 1701 2073 1759; x_wconf 87' lang='lat' dir='ltr'><strong>congre-</strong></span> 
     </span>
    </p>
   </div>
   <div class='ocr_carea' id='block_1_19' title="bbox 2175 551 3758 626">
    <p class='ocr_par' dir='ltr' id='par_1_19' title="bbox 2175 551 3758 626">
     <span class='ocr_line' id='line_1_19' title="bbox 2175 551 3758 626; baseline 0.003 -22"><span class='ocrx_word' id='word_1_104' title='bbox 2175 551 2295 623; x_wconf 82' lang='grc' dir='ltr'><strong>Θεῷ</strong></span> <span class='ocrx_word' id='word_1_105' title='bbox 2319 554 2413 606; x_wconf 76' lang='grc' dir='ltr'><strong>καὶ</strong></span> <span class='ocrx_word' id='word_1_106' title='bbox 2438 553 2516 624; x_wconf 80' lang='grc' dir='ltr'>τῷ</span> <span class='ocrx_word' id='word_1_107' title='bbox 2543 554 2655 624; x_wconf 83' lang='grc' dir='ltr'>ίδίῳ</span> <span class='ocrx_word' id='word_1_108' title='bbox 2680 553 2853 626; x_wconf 80' lang='grc' dir='ltr'>Πατρί</span> <span class='ocrx_word' id='word_1_109' title='bbox 2873 573 2884 584; x_wconf 84' lang='grc'><strong>·</strong></span> <span class='ocrx_word' id='word_1_110' title='bbox 2924 554 3084 606; x_wconf 74' lang='grc' dir='ltr'>ἕνεκα</span> <span class='ocrx_word' id='word_1_111' title='bbox 3119 553 3308 606; x_wconf 84' lang='grc' dir='ltr'>τούτου</span> <span class='ocrx_word' id='word_1_112' title='bbox 3341 553 3561 606; x_wconf 80' lang='grc' dir='ltr'>πλείονα</span> <span class='ocrx_word' id='word_1_113' title='bbox 3596 554 3758 619; x_wconf 76' lang='grc' dir='ltr'>δόξαν</span> 
     </span>
    </p>
   </div>
   <div class='ocr_carea' id='block_1_20' title="bbox 2176 641 3755 718">
    <p class='ocr_par' dir='ltr' id='par_1_20' title="bbox 2176 641 3755 718">
     <span class='ocr_line' id='line_1_20' title="bbox 2176 641 3755 718; baseline 0.003 -22"><span class='ocrx_word' id='word_1_114' title='bbox 2176 644 2333 698; x_wconf 76' lang='grc' dir='ltr'>ἔλαϐε</span> <span class='ocrx_word' id='word_1_115' title='bbox 2364 647 2516 718; x_wconf 78' lang='grc' dir='ltr'>παρὰ</span> <span class='ocrx_word' id='word_1_116' title='bbox 2545 648 2668 711; x_wconf 71' lang='grc' dir='ltr'>τοὺς</span> <span class='ocrx_word' id='word_1_117' title='bbox 2688 647 2899 711; x_wconf 84' lang='grc' dir='ltr'>ἄλλους.</span> <span class='ocrx_word' id='word_1_118' title='bbox 2926 647 3024 700; x_wconf 80' lang='grc' dir='ltr'><strong>Διὰ</strong></span> <span class='ocrx_word' id='word_1_119' title='bbox 3053 646 3232 714; x_wconf 78' lang='grc' dir='ltr'>τοῦτο,</span> <span class='ocrx_word' id='word_1_120' title='bbox 3260 641 3306 700; x_wconf 79' lang='grc' dir='ltr'><strong>ὦ</strong></span> <span class='ocrx_word' id='word_1_121' title='bbox 3337 648 3528 714; x_wconf 90' lang='grc' dir='ltr'>τέκνα,</span> <span class='ocrx_word' id='word_1_122' title='bbox 3558 647 3701 716; x_wconf 81' lang='grc' dir='ltr'>καλὴ</span> <span class='ocrx_word' id='word_1_123' title='bbox 3721 650 3755 717; x_wconf 84' lang='grc' dir='ltr'><strong>ἡ</strong></span> 
     </span>
    </p>
   </div>
   <div class='ocr_carea' id='block_1_21' title="bbox 2177 738 3761 810">
    <p class='ocr_par' dir='ltr' id='par_1_21' title="bbox 2177 738 3761 810">
     <span class='ocr_line' id='line_1_21' title="bbox 2177 738 3761 810; baseline 0.004 -20"><span class='ocrx_word' id='word_1_124' title='bbox 2177 738 2390 810; x_wconf 83' lang='grc' dir='ltr'>ὑπακοὴ</span> <span class='ocrx_word' id='word_1_125' title='bbox 2411 741 2444 810; x_wconf 80' lang='grc' dir='ltr'>ἡ</span> <span class='ocrx_word' id='word_1_126' title='bbox 2468 739 2557 793; x_wconf 82' lang='grc' dir='ltr'>διὰ</span> <span class='ocrx_word' id='word_1_127' title='bbox 2575 739 2666 792; x_wconf 81' lang='grc' dir='ltr'><strong>τὸν</strong></span> <span class='ocrx_word' id='word_1_128' title='bbox 2685 739 2889 810; x_wconf 83' lang='grc' dir='ltr'><strong>Κύριον</strong></span> <span class='ocrx_word' id='word_1_129' title='bbox 2913 739 3193 810; x_wconf 82' lang='grc' dir='ltr'><strong>γινομένη.</strong></span> <span class='ocrx_word' id='word_1_130' title='bbox 3229 738 3547 803; x_wconf 80' lang='grc' dir='ltr'>Ἠκούσατε,</span> <span class='ocrx_word' id='word_1_131' title='bbox 3563 740 3761 796; x_wconf 82' lang='grc' dir='ltr'>τέκνα.</span> 
     </span>
    </p>
   </div>
   <div class='ocr_carea' id='block_1_22' title="bbox 2176 827 3758 900">
    <p class='ocr_par' dir='ltr' id='par_1_22' title="bbox 2176 827 3758 900">
     <span class='ocr_line' id='line_1_22' title="bbox 2176 827 3758 900; baseline 0 -20"><span class='ocrx_word' id='word_1_132' title='bbox 2176 829 2240 881; x_wconf 82' lang='grc' dir='ltr'><strong>ἐκ</strong></span> <span class='ocrx_word' id='word_1_133' title='bbox 2263 829 2480 898; x_wconf 84' lang='grc' dir='ltr'><strong>μέρους,</strong></span> <span class='ocrx_word' id='word_1_134' title='bbox 2511 827 2605 882; x_wconf 81' lang='grc' dir='ltr'>τοῦ</span> <span class='ocrx_word' id='word_1_135' title='bbox 2637 828 3060 900; x_wconf 81' lang='grc' dir='ltr'>κατορθώματος</span> <span class='ocrx_word' id='word_1_136' title='bbox 3083 827 3276 881; x_wconf 82' lang='grc' dir='ltr'>τούτου</span> <span class='ocrx_word' id='word_1_137' title='bbox 3299 829 3478 897; x_wconf 80' lang='grc' dir='ltr'>ὀλίγον</span> <span class='ocrx_word' id='word_1_138' title='bbox 3507 846 3559 882; x_wconf 86' lang='grc' dir='ltr'><strong>τι</strong></span> <span class='ocrx_word' id='word_1_139' title='bbox 3587 830 3758 894; x_wconf 80' lang='grc' dir='ltr'>ἴχνος.</span> 
     </span>
    </p>
   </div>
   <div class='ocr_carea' id='block_1_23' title="bbox 2175 913 3760 990">
    <p class='ocr_par' dir='ltr' id='par_1_23' title="bbox 2175 913 3760 990">
     <span class='ocr_line' id='line_1_23' title="bbox 2175 913 3760 990; baseline 0.002 -20"><span class='ocrx_word' id='word_1_140' title='bbox 2175 913 2245 970; x_wconf 88' lang='grc' dir='ltr'><strong><em>Ὦ</em></strong></span> <span class='ocrx_word' id='word_1_141' title='bbox 2277 918 2490 990; x_wconf 83' lang='grc' dir='ltr'>ὑπακοὴ</span> <span class='ocrx_word' id='word_1_142' title='bbox 2521 919 2762 990; x_wconf 89' lang='grc' dir='ltr'>σωτηρία</span> <span class='ocrx_word' id='word_1_143' title='bbox 2795 919 3010 972; x_wconf 89' lang='grc' dir='ltr'>πάντων</span> <span class='ocrx_word' id='word_1_144' title='bbox 3035 918 3143 972; x_wconf 83' lang='grc' dir='ltr'><strong>τῶν</strong></span> <span class='ocrx_word' id='word_1_145' title='bbox 3185 919 3420 973; x_wconf 73' lang='grc' dir='ltr'>πιστῶνῐ</span> <span class='ocrx_word' id='word_1_146' title='bbox 3455 913 3501 974; x_wconf 83' lang='grc' dir='ltr'>ὧ</span> <span class='ocrx_word' id='word_1_147' title='bbox 3538 920 3760 981; x_wconf 67' lang='grc' dir='ltr'>ὑπακοὴ</span> 
     </span>
    </p>
   </div>
   <div class='ocr_carea' id='block_1_24' title="bbox 2176 1002 3759 1082">
    <p class='ocr_par' dir='ltr' id='par_1_24' title="bbox 2176 1002 3759 1082">
     <span class='ocr_line' id='line_1_24' title="bbox 2176 1002 3759 1082; baseline 0.003 -22"><span class='ocrx_word' id='word_1_148' title='bbox 2176 1010 2467 1082; x_wconf 71' lang='grc' dir='ltr'>γεννήτρια</span> <span class='ocrx_word' id='word_1_149' title='bbox 2510 1009 2698 1064; x_wconf 87' lang='grc' dir='ltr'>πασῶν</span> <span class='ocrx_word' id='word_1_150' title='bbox 2736 1009 2847 1063; x_wconf 87' lang='grc' dir='ltr'><strong>τῶν</strong></span> <span class='ocrx_word' id='word_1_151' title='bbox 2884 1009 3127 1080; x_wconf 85' lang='grc' dir='ltr'>άρετῶνι</span> <span class='ocrx_word' id='word_1_152' title='bbox 3157 1002 3202 1061; x_wconf 84' lang='grc' dir='ltr'><strong>ὧ</strong></span> <span class='ocrx_word' id='word_1_153' title='bbox 3233 1009 3448 1081; x_wconf 77' lang='grc' dir='ltr'>ὑπακοὴ</span> <span class='ocrx_word' id='word_1_154' title='bbox 3479 1009 3759 1079; x_wconf 80' lang='grc' dir='ltr'>βασιλείας</span> 
     </span>
    </p>
   </div>
   <div class='ocr_carea' id='block_1_25' title="bbox 2176 1096 3761 1175">
    <p class='ocr_par' dir='ltr' id='par_1_25' title="bbox 2176 1096 3761 1175">
     <span class='ocr_line' id='line_1_25' title="bbox 2176 1096 3761 1175; baseline 0.001 -22"><span class='ocrx_word' id='word_1_155' title='bbox 2176 1101 2389 1173; x_wconf 77' lang='grc' dir='ltr'>εὑρέτις</span> <span class='ocrx_word' id='word_1_156' title='bbox 2407 1104 2420 1156; x_wconf 95' lang='lat'><strong>!</strong></span> <span class='ocrx_word' id='word_1_157' title='bbox 2441 1096 2485 1158; x_wconf 79' lang='grc' dir='ltr'>ὧ</span> <span class='ocrx_word' id='word_1_158' title='bbox 2498 1102 2710 1173; x_wconf 81' lang='grc' dir='ltr'>ὑπακοὴ</span> <span class='ocrx_word' id='word_1_159' title='bbox 2724 1102 2985 1172; x_wconf 79' lang='grc' dir='ltr'>οὐρανοὺς</span> <span class='ocrx_word' id='word_1_160' title='bbox 2997 1100 3306 1170; x_wconf 88' lang='grc' dir='ltr'>ἀνοίγουσα,</span> <span class='ocrx_word' id='word_1_161' title='bbox 3327 1103 3421 1156; x_wconf 76' lang='grc' dir='ltr'>καὶ</span> <span class='ocrx_word' id='word_1_162' title='bbox 3437 1102 3761 1175; x_wconf 81' lang='grc' dir='ltr'>ἀνθρώπους</span> 
     </span>
    </p>
   </div>
   <div class='ocr_carea' id='block_1_26' title="bbox 2174 1186 3759 1265">
    <p class='ocr_par' dir='ltr' id='par_1_26' title="bbox 2174 1186 3759 1265">
     <span class='ocr_line' id='line_1_26' title="bbox 2174 1186 3759 1265; baseline -0.001 -19"><span class='ocrx_word' id='word_1_163' title='bbox 2174 1193 2284 1247; x_wconf 85' lang='grc' dir='ltr'><strong>ἀπὸ</strong></span> <span class='ocrx_word' id='word_1_164' title='bbox 2333 1196 2438 1265; x_wconf 77' lang='grc' dir='ltr'>γῆς</span> <span class='ocrx_word' id='word_1_165' title='bbox 2489 1194 2801 1264; x_wconf 77' lang='grc' dir='ltr'>ἀνάγουσαι</span> <span class='ocrx_word' id='word_1_166' title='bbox 2851 1186 2895 1246; x_wconf 78' lang='grc' dir='ltr'>ὦ</span> <span class='ocrx_word' id='word_1_167' title='bbox 2939 1193 3154 1264; x_wconf 74' lang='grc' dir='ltr'>ὄπακοὴ</span> <span class='ocrx_word' id='word_1_168' title='bbox 3196 1193 3417 1248; x_wconf 89' lang='grc' dir='ltr'>πάντων</span> <span class='ocrx_word' id='word_1_169' title='bbox 3445 1192 3554 1246; x_wconf 86' lang='grc' dir='ltr'><strong>τῶν</strong></span> <span class='ocrx_word' id='word_1_170' title='bbox 3582 1192 3759 1262; x_wconf 83' lang='grc' dir='ltr'>ἁγίων</span> 
     </span>
    </p>
   </div>
   <div class='ocr_carea' id='block_1_27' title="bbox 2173 1281 3755 1358">
    <p class='ocr_par' dir='ltr' id='par_1_27' title="bbox 2173 1281 3755 1358">
     <span class='ocr_line' id='line_1_27' title="bbox 2173 1281 3755 1358; baseline -0.001 -18"><span class='ocrx_word' id='word_1_171' title='bbox 2173 1285 2361 1358; x_wconf 81' lang='grc' dir='ltr'>τροφὲ,</span> <span class='ocrx_word' id='word_1_172' title='bbox 2406 1286 2466 1350; x_wconf 84' lang='grc' dir='ltr'><strong>ἐξ</strong></span> <span class='ocrx_word' id='word_1_173' title='bbox 2495 1281 2564 1358; x_wconf 84' lang='grc' dir='ltr'>ἦς</span> <span class='ocrx_word' id='word_1_174' title='bbox 2608 1285 2901 1357; x_wconf 86' lang='grc' dir='ltr'>ἐθήλασαν,</span> <span class='ocrx_word' id='word_1_175' title='bbox 2937 1285 3032 1338; x_wconf 82' lang='grc' dir='ltr'><strong>καὶ</strong></span> <span class='ocrx_word' id='word_1_176' title='bbox 3065 1284 3154 1338; x_wconf 79' lang='grc' dir='ltr'>διὰ</span> <span class='ocrx_word' id='word_1_177' title='bbox 3187 1283 3281 1338; x_wconf 82' lang='grc' dir='ltr'>σοῦ</span> <span class='ocrx_word' id='word_1_178' title='bbox 3307 1282 3755 1356; x_wconf 73' lang='grc' dir='ltr'><strong>⁸ἐτελειώθησανί</strong></span> 
     </span>
    </p>
   </div>
   <div class='ocr_carea' id='block_1_28' title="bbox 2173 1371 3016 1449">
    <p class='ocr_par' dir='ltr' id='par_1_28' title="bbox 2173 1371 3016 1449">
     <span class='ocr_line' id='line_1_28' title="bbox 2173 1371 3016 1449; baseline -0.004 -16"><span class='ocrx_word' id='word_1_179' title='bbox 2173 1371 2219 1433; x_wconf 81' lang='grc' dir='ltr'><strong>ὦ</strong></span> <span class='ocrx_word' id='word_1_180' title='bbox 2245 1378 2458 1449; x_wconf 82' lang='grc' dir='ltr'>ὑπακοὴ</span> <span class='ocrx_word' id='word_1_181' title='bbox 2489 1378 2701 1432; x_wconf 86' lang='grc' dir='ltr'>σύνοικε</span> <span class='ocrx_word' id='word_1_182' title='bbox 2731 1378 2979 1448; x_wconf 85' lang='grc' dir='ltr'>ἀγγέλων</span> <span class='ocrx_word' id='word_1_183' title='bbox 3003 1380 3016 1430; x_wconf 88' lang='grc' dir='ltr'><strong>ι</strong></span> 
     </span>
    </p>
   </div>
   <div class='ocr_carea' id='block_1_29' title="bbox 2551 1570 3374 1643">
    <p class='ocr_par' dir='ltr' id='par_1_29' title="bbox 2551 1570 3374 1643">
     <span class='ocr_line' id='line_1_29' title="bbox 2551 1570 3374 1643; baseline 0.004 -17"><span class='ocrx_word' id='word_1_184' title='bbox 2551 1573 2690 1640; x_wconf 83' lang='grc' dir='ltr'>Περί</span> <span class='ocrx_word' id='word_1_185' title='bbox 2727 1571 2832 1626; x_wconf 73' lang='grc' dir='ltr'>τοῦ</span> <span class='ocrx_word' id='word_1_186' title='bbox 2855 1570 3004 1628; x_wconf 79' lang='grc' dir='ltr'><strong>ἀϐϐᾶ</strong></span> <span class='ocrx_word' id='word_1_187' title='bbox 3047 1571 3374 1643; x_wconf 77' lang='grc' dir='ltr'>Ῥωμανοῦ.</span> 
     </span>
    </p>
   </div>
   <div class='ocr_carea' id='block_1_30' title="bbox 2244 1680 3759 1758">
    <p class='ocr_par' dir='ltr' id='par_1_30' title="bbox 2244 1680 3759 1758">
     <span class='ocr_line' id='line_1_30' title="bbox 2244 1680 3759 1758; baseline 0.007 -24"><span class='ocrx_word' id='word_1_188' title='bbox 2244 1681 2548 1744; x_wconf 84' lang='grc' dir='ltr'>Μέλλοντος</span> <span class='ocrx_word' id='word_1_189' title='bbox 2591 1680 2688 1734; x_wconf 79' lang='grc' dir='ltr'><strong>τοῦ</strong></span> <span class='ocrx_word' id='word_1_190' title='bbox 2751 1681 2893 1736; x_wconf 73' lang='lat' dir='ltr'><strong>assa</strong></span> <span class='ocrx_word' id='word_1_191' title='bbox 2959 1682 3243 1754; x_wconf 89' lang='grc' dir='ltr'>Ῥωμανοῦ</span> <span class='ocrx_word' id='word_1_192' title='bbox 3296 1684 3574 1758; x_wconf 81' lang='grc' dir='ltr'>τελευτᾷν,</span> <span class='ocrx_word' id='word_1_193' title='bbox 3627 1705 3759 1746; x_wconf 85' lang='grc' dir='ltr'>συν-</span> 
     </span>
    </p>
   </div>
   <div class='ocr_carea' id='block_1_31' title="bbox 497 1771 2066 1872">
    <p class='ocr_par' dir='ltr' id='par_1_31' title="bbox 497 1776 2066 1848">
     <span class='ocr_line' id='line_1_31' title="bbox 497 1776 2066 1848; baseline 0.002 -18"><span class='ocrx_word' id='word_1_194' title='bbox 497 1778 607 1846; x_wconf 86' lang='lat' dir='ltr'><strong>gati</strong></span> <span class='ocrx_word' id='word_1_195' title='bbox 635 1778 783 1831; x_wconf 82' lang='lat' dir='ltr'><strong>circa</strong></span> <span class='ocrx_word' id='word_1_196' title='bbox 815 1777 967 1832; x_wconf 84' lang='lat' dir='ltr'><strong>illum</strong></span> <span class='ocrx_word' id='word_1_197' title='bbox 989 1777 1242 1847; x_wconf 86' lang='lat' dir='ltr'><strong>discipuli</strong></span> <span class='ocrx_word' id='word_1_198' title='bbox 1273 1777 1414 1848; x_wconf 86' lang='lat' dir='ltr'><strong>ejus.</strong></span> <span class='ocrx_word' id='word_1_199' title='bbox 1444 1779 1896 1848; x_wconf 87' lang='lat' dir='ltr'><strong>postulaverunt:</strong></span> <span class='ocrx_word' id='word_1_200' title='bbox 1923 1776 2066 1845; x_wconf 82' lang='lat' dir='ltr'><strong>Quo-</strong></span> 
     </span>
    </p>
   </div>
   <div class='ocr_carea' id='block_1_32' title="bbox 2170 1771 3757 1872">
    <p class='ocr_par' dir='ltr' id='par_1_32' title="bbox 2175 1771 3757 1848">
     <span class='ocr_line' id='line_1_32' title="bbox 2175 1771 3757 1848; baseline 0.006 -23"><span class='ocrx_word' id='word_1_201' title='bbox 2175 1771 2423 1844; x_wconf 84' lang='grc' dir='ltr'>ήχθησαν</span> <span class='ocrx_word' id='word_1_202' title='bbox 2477 1771 2614 1844; x_wconf 82' lang='grc' dir='ltr'>πρὸς</span> <span class='ocrx_word' id='word_1_203' title='bbox 2669 1772 2833 1828; x_wconf 83' lang='grc' dir='ltr'>αὐτὸν</span> <span class='ocrx_word' id='word_1_204' title='bbox 2895 1775 2945 1828; x_wconf 81' lang='lat' dir='ltr'><strong>oi</strong></span> <span class='ocrx_word' id='word_1_205' title='bbox 3002 1773 3241 1846; x_wconf 78' lang='grc' dir='ltr'>μαθηταὶ</span> <span class='ocrx_word' id='word_1_206' title='bbox 3275 1777 3462 1842; x_wconf 82' lang='grc' dir='ltr'>αὐτοῦ,</span> <span class='ocrx_word' id='word_1_207' title='bbox 3504 1779 3757 1848; x_wconf 87' lang='grc' dir='ltr'>λέγοντες</span> 
     </span>
    </p>
   </div>
   <div class='ocr_carea' id='block_1_33' title="bbox 497 1868 2067 1941">
    <p class='ocr_par' dir='ltr' id='par_1_33' title="bbox 497 1868 2067 1941">
     <span class='ocr_line' id='line_1_33' title="bbox 497 1868 2067 1941; baseline 0.003 -21"><span class='ocrx_word' id='word_1_208' title='bbox 497 1868 660 1922; x_wconf 86' lang='lat' dir='ltr'><strong>modo</strong></span> <span class='ocrx_word' id='word_1_209' title='bbox 711 1878 932 1939; x_wconf 82' lang='lat' dir='ltr'><strong>Oportet</strong></span> <span class='ocrx_word' id='word_1_210' title='bbox 980 1870 1096 1941; x_wconf 87' lang='lat' dir='ltr'><strong>regi</strong></span> <span class='ocrx_word' id='word_1_211' title='bbox 1141 1870 1280 1924; x_wconf 89' lang='lat' dir='ltr'><strong>nos?</strong></span> <span class='ocrx_word' id='word_1_212' title='bbox 1329 1870 1506 1924; x_wconf 81' lang='lat' dir='ltr'><strong>Senex</strong></span> <span class='ocrx_word' id='word_1_213' title='bbox 1563 1884 1693 1925; x_wconf 89' lang='lat' dir='ltr'><strong>vero</strong></span> <span class='ocrx_word' id='word_1_214' title='bbox 1741 1870 2067 1941; x_wconf 83' lang='lat' dir='ltr'><strong>respondit:</strong></span> 
     </span>
    </p>
   </div>
   <div class='ocr_carea' id='block_1_34' title="bbox 495 1959 2072 2032">
    <p class='ocr_par' dir='ltr' id='par_1_34' title="bbox 495 1959 2072 2032">
     <span class='ocr_line' id='line_1_34' title="bbox 495 1959 2072 2032; baseline 0 -17"><span class='ocrx_word' id='word_1_215' title='bbox 495 1959 616 2016; x_wconf 84' lang='lat' dir='ltr'><strong>Non</strong></span> <span class='ocrx_word' id='word_1_216' title='bbox 648 1961 870 2017; x_wconf 88' lang='lat' dir='ltr'><strong>memini</strong></span> <span class='ocrx_word' id='word_1_217' title='bbox 901 1977 988 2017; x_wconf 91' lang='lat' dir='ltr'><strong>me</strong></span> <span class='ocrx_word' id='word_1_218' title='bbox 1030 1977 1273 2032; x_wconf 86' lang='lat' dir='ltr'><strong>unquam</strong></span> <span class='ocrx_word' id='word_1_219' title='bbox 1305 1961 1491 2017; x_wconf 82' lang='lat' dir='ltr'><strong>dicere</strong></span> <span class='ocrx_word' id='word_1_220' title='bbox 1528 1961 1691 2016; x_wconf 86' lang='lat' dir='ltr'><strong>alicui</strong></span> <span class='ocrx_word' id='word_1_221' title='bbox 1735 1970 1980 2018; x_wconf 88' lang='lat' dir='ltr'><strong>vestrum</strong></span> <span class='ocrx_word' id='word_1_222' title='bbox 2013 1972 2072 2015; x_wconf 90' lang='lat' dir='ltr'><strong>ut</strong></span> 
     </span>
    </p>
   </div>
   <div class='ocr_carea' id='block_1_35' title="bbox 495 2049 2069 2121">
    <p class='ocr_par' dir='ltr' id='par_1_35' title="bbox 495 2049 2069 2121">
     <span class='ocr_line' id='line_1_35' title="bbox 495 2049 2069 2121; baseline 0.002 -20"><span class='ocrx_word' id='word_1_223' title='bbox 495 2049 779 2119; x_wconf 86' lang='lat' dir='ltr'><strong>quidpiam</strong></span> <span class='ocrx_word' id='word_1_224' title='bbox 826 2049 1055 2118; x_wconf 86' lang='lat' dir='ltr'><strong>faceret,</strong></span> <span class='ocrx_word' id='word_1_225' title='bbox 1107 2051 1242 2120; x_wconf 85' lang='lat' dir='ltr'><strong>quin</strong></span> <span class='ocrx_word' id='word_1_226' title='bbox 1294 2051 1450 2121; x_wconf 89' lang='lat' dir='ltr'><strong>prius</strong></span> <span class='ocrx_word' id='word_1_227' title='bbox 1494 2049 1679 2105; x_wconf 88' lang='lat' dir='ltr'><strong>animo</strong></span> <span class='ocrx_word' id='word_1_228' title='bbox 1727 2051 2069 2116; x_wconf 86' lang='lat' dir='ltr'><strong>statuissem,</strong></span> 
     </span>
    </p>
   </div>
   <div class='ocr_carea' id='block_1_36' title="bbox 497 2141 2072 2212">
    <p class='ocr_par' dir='ltr' id='par_1_36' title="bbox 497 2141 2072 2212">
     <span class='ocr_line' id='line_1_36' title="bbox 497 2141 2072 2212; baseline 0.002 -19"><span class='ocrx_word' id='word_1_229' title='bbox 497 2155 609 2194; x_wconf 92' lang='lat' dir='ltr'><strong>non</strong></span> <span class='ocrx_word' id='word_1_230' title='bbox 638 2142 826 2206; x_wconf 89' lang='lat' dir='ltr'><strong>irasci,</strong></span> <span class='ocrx_word' id='word_1_231' title='bbox 867 2142 912 2197; x_wconf 89' lang='lat' dir='ltr'><strong>si</strong></span> <span class='ocrx_word' id='word_1_232' title='bbox 945 2157 1055 2198; x_wconf 89' lang='lat' dir='ltr'><strong>non</strong></span> <span class='ocrx_word' id='word_1_233' title='bbox 1085 2141 1308 2198; x_wconf 83' lang='lat' dir='ltr'><strong>fecisset</strong></span> <span class='ocrx_word' id='word_1_234' title='bbox 1333 2141 1480 2212; x_wconf 89' lang='lat' dir='ltr'><strong>quod</strong></span> <span class='ocrx_word' id='word_1_235' title='bbox 1522 2141 1639 2196; x_wconf 89' lang='lat' dir='ltr'><strong>ﬁeri</strong></span> <span class='ocrx_word' id='word_1_236' title='bbox 1687 2142 1896 2197; x_wconf 86' lang='lat' dir='ltr'><strong>aiebam</strong></span> <span class='ocrx_word' id='word_1_237' title='bbox 1932 2161 1945 2196; x_wconf 90' lang='lat'><strong>:</strong></span> <span class='ocrx_word' id='word_1_238' title='bbox 1977 2151 2072 2196; x_wconf 87' lang='lat' dir='ltr'><strong>at-</strong></span> 
     </span>
    </p>
   </div>
   <div class='ocr_carea' id='block_1_37' title="bbox 497 2232 2072 2305">
    <p class='ocr_par' dir='ltr' id='par_1_37' title="bbox 497 2232 2072 2305">
     <span class='ocr_line' id='line_1_37' title="bbox 497 2232 2072 2305; baseline 0.003 -21"><span class='ocrx_word' id='word_1_239' title='bbox 497 2245 602 2300; x_wconf 84' lang='lat' dir='ltr'><strong>que</strong></span> <span class='ocrx_word' id='word_1_240' title='bbox 641 2232 725 2287; x_wconf 92' lang='lat' dir='ltr'><strong>sic</strong></span> <span class='ocrx_word' id='word_1_241' title='bbox 757 2249 854 2304; x_wconf 89' lang='lat' dir='ltr'><strong>per</strong></span> <span class='ocrx_word' id='word_1_242' title='bbox 880 2241 1058 2290; x_wconf 91' lang='lat' dir='ltr'><strong>totum</strong></span> <span class='ocrx_word' id='word_1_243' title='bbox 1086 2242 1335 2290; x_wconf 87' lang='lat' dir='ltr'><strong>nostrum</strong></span> <span class='ocrx_word' id='word_1_244' title='bbox 1371 2242 1608 2305; x_wconf 89' lang='lat' dir='ltr'><strong>tempus,</strong></span> <span class='ocrx_word' id='word_1_245' title='bbox 1644 2250 1769 2289; x_wconf 88' lang='lat' dir='ltr'><strong>cum</strong></span> <span class='ocrx_word' id='word_1_246' title='bbox 1802 2250 1938 2305; x_wconf 87' lang='lat' dir='ltr'><strong>pace</strong></span> <span class='ocrx_word' id='word_1_247' title='bbox 1974 2235 2072 2290; x_wconf 73' lang='lat' dir='ltr'><strong>ha-</strong></span> 
     </span>
    </p>
   </div>
   <div class='ocr_carea' id='block_1_38' title="bbox 495 2323 809 2380">
    <p class='ocr_par' dir='ltr' id='par_1_38' title="bbox 495 2323 809 2380">
     <span class='ocr_line' id='line_1_38' title="bbox 495 2323 809 2380; baseline 0 -4"><span class='ocrx_word' id='word_1_248' title='bbox 495 2323 809 2380; x_wconf 83' lang='lat' dir='ltr'><strong>bitavimus.</strong></span> 
     </span>
    </p>
   </div>
   <div class='ocr_carea' id='block_1_39' title="bbox 947 2413 1603 2487">
    <p class='ocr_par' dir='ltr' id='par_1_39' title="bbox 947 2413 1603 2487">
     <span class='ocr_line' id='line_1_39' title="bbox 947 2413 1603 2487; baseline 0.002 -18"><span class='ocrx_word' id='word_1_249' title='bbox 947 2413 1288 2487; x_wconf 88' lang='lat' dir='ltr'><strong>Principium</strong></span> <span class='ocrx_word' id='word_1_250' title='bbox 1316 2415 1516 2471; x_wconf 70' lang='lat' dir='ltr'><strong>littera:</strong></span> <span class='ocrx_word' id='word_1_251' title='bbox 1544 2416 1603 2470; x_wconf 92' lang='grc' dir='ltr'><strong>Σ.</strong></span> 
     </span>
    </p>
   </div>
   <div class='ocr_carea' id='block_1_40' title="bbox 1018 2507 1528 2563">
    <p class='ocr_par' dir='ltr' id='par_1_40' title="bbox 1018 2507 1528 2563">
     <span class='ocr_line' id='line_1_40' title="bbox 1018 2507 1528 2563; baseline 0.004 -3"><span class='ocrx_word' id='word_1_252' title='bbox 1018 2507 1096 2561; x_wconf 88' lang='lat' dir='ltr'><strong>De</strong></span> <span class='ocrx_word' id='word_1_253' title='bbox 1132 2507 1321 2561; x_wconf 82' lang='lat' dir='ltr'><strong>abbate</strong></span> <span class='ocrx_word' id='word_1_254' title='bbox 1356 2507 1528 2563; x_wconf 77' lang='lat' dir='ltr'><strong>Sisoe.</strong></span> 
     </span>
    </p>
   </div>
   <div class='ocr_carea' id='block_1_41' title="bbox 441 2594 2072 2668">
    <p class='ocr_par' dir='ltr' id='par_1_41' title="bbox 441 2594 2072 2668">
     <span class='ocr_line' id='line_1_41' title="bbox 441 2594 2072 2668; baseline 0.003 -18"><span class='ocrx_word' id='word_1_255' title='bbox 441 2661 444 2668; x_wconf 27' lang='grc' dir='ltr'><strong><em>ι</em></strong></span> <span class='ocrx_word' id='word_1_256' title='bbox 568 2597 621 2650; x_wconf 71' lang='grc'>1.</span> <span class='ocrx_word' id='word_1_257' title='bbox 665 2596 778 2667; x_wconf 78' lang='grc'><strong>(50)</strong></span> <span class='ocrx_word' id='word_1_258' title='bbox 797 2594 988 2652; x_wconf 85' lang='lat' dir='ltr'><strong>Frater</strong></span> <span class='ocrx_word' id='word_1_259' title='bbox 1008 2597 1211 2666; x_wconf 84' lang='lat' dir='ltr'><strong>injuria</strong></span> <span class='ocrx_word' id='word_1_260' title='bbox 1231 2597 1463 2653; x_wconf 81' lang='lat' dir='ltr'><strong>aﬂ&#39;ectus</strong></span> <span class='ocrx_word' id='word_1_261' title='bbox 1483 2601 1553 2654; x_wconf 89' lang='lat' dir='ltr'><strong>ab</strong></span> <span class='ocrx_word' id='word_1_262' title='bbox 1575 2599 1685 2654; x_wconf 88' lang='lat' dir='ltr'><strong>alio</strong></span> <span class='ocrx_word' id='word_1_263' title='bbox 1710 2599 1901 2665; x_wconf 84' lang='lat' dir='ltr'><strong>fratre,</strong></span> <span class='ocrx_word' id='word_1_264' title='bbox 1923 2601 2072 2655; x_wconf 85' lang='lat' dir='ltr'><strong>venit</strong></span> 
     </span>
    </p>
   </div>
   <div class='ocr_carea' id='block_1_42' title="bbox 497 2687 2071 2763">
    <p class='ocr_par' dir='ltr' id='par_1_42' title="bbox 497 2687 2071 2763">
     <span class='ocr_line' id='line_1_42' title="bbox 497 2687 2071 2763; baseline 0.006 -23"><span class='ocrx_word' id='word_1_265' title='bbox 497 2689 564 2741; x_wconf 80' lang='lat' dir='ltr'><strong>ad</strong></span> <span class='ocrx_word' id='word_1_266' title='bbox 611 2689 860 2744; x_wconf 86' lang='lat' dir='ltr'><strong>abbatem</strong></span> <span class='ocrx_word' id='word_1_267' title='bbox 905 2687 1144 2754; x_wconf 87' lang='lat' dir='ltr'><strong>Sisoem,</strong></span> <span class='ocrx_word' id='word_1_268' title='bbox 1184 2697 1240 2744; x_wconf 91' lang='lat' dir='ltr'><strong>et</strong></span> <span class='ocrx_word' id='word_1_269' title='bbox 1277 2689 1418 2744; x_wconf 84' lang='lat' dir='ltr'><strong>dixit</strong></span> <span class='ocrx_word' id='word_1_270' title='bbox 1446 2690 1496 2745; x_wconf 88' lang='lat' dir='ltr'><strong>ei</strong></span> <span class='ocrx_word' id='word_1_271' title='bbox 1530 2709 1544 2747; x_wconf 89' lang='lat'><strong>:</strong></span> <span class='ocrx_word' id='word_1_272' title='bbox 1579 2689 1838 2763; x_wconf 83' lang='lat' dir='ltr'><strong>lnjuriam</strong></span> <span class='ocrx_word' id='word_1_273' title='bbox 1873 2707 2071 2762; x_wconf 90' lang='lat' dir='ltr'><strong>passus</strong></span> 
     </span>
    </p>
   </div>
   <div class='ocr_carea' id='block_1_43' title="bbox 499 2780 2072 2853">
    <p class='ocr_par' dir='ltr' id='par_1_43' title="bbox 499 2780 2072 2853">
     <span class='ocr_line' id='line_1_43' title="bbox 499 2780 2072 2853; baseline 0.002 -18"><span class='ocrx_word' id='word_1_274' title='bbox 499 2796 622 2835; x_wconf 88' lang='lat' dir='ltr'><strong>sum</strong></span> <span class='ocrx_word' id='word_1_275' title='bbox 654 2781 723 2835; x_wconf 90' lang='lat' dir='ltr'><strong>ab</strong></span> <span class='ocrx_word' id='word_1_276' title='bbox 753 2781 938 2850; x_wconf 87' lang='lat' dir='ltr'><strong>aliquo</strong></span> <span class='ocrx_word' id='word_1_277' title='bbox 969 2780 1159 2842; x_wconf 86' lang='lat' dir='ltr'><strong>fratre,</strong></span> <span class='ocrx_word' id='word_1_278' title='bbox 1192 2796 1257 2835; x_wconf 91' lang='lat' dir='ltr'><strong>ac</strong></span> <span class='ocrx_word' id='word_1_279' title='bbox 1277 2781 1402 2837; x_wconf 87' lang='lat' dir='ltr'><strong>volo</strong></span> <span class='ocrx_word' id='word_1_280' title='bbox 1427 2783 1692 2853; x_wconf 90' lang='lat' dir='ltr'><strong>meipsum</strong></span> <span class='ocrx_word' id='word_1_281' title='bbox 1723 2783 1936 2839; x_wconf 88' lang='lat' dir='ltr'><strong>ulcisci.</strong></span> <span class='ocrx_word' id='word_1_282' title='bbox 1973 2782 2072 2838; x_wconf 91' lang='lat' dir='ltr'><strong>Se-</strong></span> 
     </span>
    </p>
   </div>
   <div class='ocr_carea' id='block_1_44' title="bbox 498 2867 2068 2942">
    <p class='ocr_par' dir='ltr' id='par_1_44' title="bbox 498 2867 2068 2942">
     <span class='ocr_line' id='line_1_44' title="bbox 498 2867 2068 2942; baseline 0.004 -21"><span class='ocrx_word' id='word_1_283' title='bbox 498 2884 604 2922; x_wconf 85' lang='lat' dir='ltr'><strong>nex</strong></span> <span class='ocrx_word' id='word_1_284' title='bbox 641 2883 771 2922; x_wconf 92' lang='lat' dir='ltr'><strong>vero</strong></span> <span class='ocrx_word' id='word_1_285' title='bbox 801 2867 1140 2933; x_wconf 85' lang='lat' dir='ltr'><strong>hortabatur,</strong></span> <span class='ocrx_word' id='word_1_286' title='bbox 1178 2869 1264 2924; x_wconf 90' lang='lat' dir='ltr'><strong>his</strong></span> <span class='ocrx_word' id='word_1_287' title='bbox 1295 2871 1478 2926; x_wconf 86' lang='lat' dir='ltr'><strong>verbis</strong></span> <span class='ocrx_word' id='word_1_288' title='bbox 1504 2889 1518 2926; x_wconf 88' lang='lat'><strong>:</strong></span> <span class='ocrx_word' id='word_1_289' title='bbox 1542 2869 1917 2942; x_wconf 83' lang='lat' dir='ltr'><strong>Nequaquam,</strong></span> <span class='ocrx_word' id='word_1_290' title='bbox 1962 2871 2068 2938; x_wconf 90' lang='lat' dir='ltr'><strong>ﬁli;</strong></span> 
     </span>
    </p>
   </div>
   <div class='ocr_carea' id='block_1_45' title="bbox 497 2957 2072 3035">
    <p class='ocr_par' dir='ltr' id='par_1_45' title="bbox 497 2957 2072 3035">
     <span class='ocr_line' id='line_1_45' title="bbox 497 2957 2072 3035; baseline 0.003 -20"><span class='ocrx_word' id='word_1_291' title='bbox 497 2959 594 3015; x_wconf 86' lang='lat' dir='ltr'><strong>sed</strong></span> <span class='ocrx_word' id='word_1_292' title='bbox 639 2960 824 3030; x_wconf 89' lang='lat' dir='ltr'><strong>potius</strong></span> <span class='ocrx_word' id='word_1_293' title='bbox 859 2957 970 3014; x_wconf 88' lang='lat' dir='ltr'><strong>Deo</strong></span> <span class='ocrx_word' id='word_1_294' title='bbox 1021 2961 1271 3030; x_wconf 87' lang='lat' dir='ltr'><strong>relinque</strong></span> <span class='ocrx_word' id='word_1_295' title='bbox 1321 2962 1550 3017; x_wconf 91' lang='lat' dir='ltr'><strong>ultionis</strong></span> <span class='ocrx_word' id='word_1_296' title='bbox 1583 2970 1790 3034; x_wconf 89' lang='lat' dir='ltr'><strong>partes.</strong></span> <span class='ocrx_word' id='word_1_297' title='bbox 1844 2964 2072 3035; x_wconf 81' lang='lat' dir='ltr'><strong>Excepit</strong></span> 
     </span>
    </p>
   </div>
   <div class='ocr_carea' id='block_1_46' title="bbox 497 3051 2067 3117">
    <p class='ocr_par' dir='ltr' id='par_1_46' title="bbox 497 3051 2067 3117">
     <span class='ocr_line' id='line_1_46' title="bbox 497 3051 2067 3117; baseline 0.003 -11"><span class='ocrx_word' id='word_1_298' title='bbox 497 3053 630 3108; x_wconf 88' lang='lat' dir='ltr'><strong>ille:</strong></span> <span class='ocrx_word' id='word_1_299' title='bbox 663 3051 780 3106; x_wconf 84' lang='lat' dir='ltr'><strong>Non</strong></span> <span class='ocrx_word' id='word_1_300' title='bbox 837 3053 1087 3117; x_wconf 90' lang='lat' dir='ltr'><strong>cessabo,</strong></span> <span class='ocrx_word' id='word_1_301' title='bbox 1139 3053 1313 3109; x_wconf 91' lang='lat' dir='ltr'><strong>donec</strong></span> <span class='ocrx_word' id='word_1_302' title='bbox 1359 3054 1714 3111; x_wconf 88' lang='lat' dir='ltr'><strong>vindicavero</strong></span> <span class='ocrx_word' id='word_1_303' title='bbox 1770 3070 1879 3111; x_wconf 88' lang='lat' dir='ltr'><strong>me.</strong></span> <span class='ocrx_word' id='word_1_304' title='bbox 1930 3056 2067 3112; x_wconf 91' lang='lat' dir='ltr'><strong>Tum</strong></span> 
     </span>
    </p>
   </div>
   <div class='ocr_carea' id='block_1_47' title="bbox 2171 1861 3755 1940">
    <p class='ocr_par' dir='ltr' id='par_1_47' title="bbox 2171 1861 3755 1940">
     <span class='ocr_line' id='line_1_47' title="bbox 2171 1861 3755 1940; baseline 0.005 -24"><span class='ocrx_word' id='word_1_305' title='bbox 2171 1861 2322 1933; x_wconf 79' lang='grc' dir='ltr'>αὐτῷ</span> <span class='ocrx_word' id='word_1_306' title='bbox 2340 1877 2354 1892; x_wconf 79' lang='grc'><strong><em>⁸</em></strong></span> <span class='ocrx_word' id='word_1_307' title='bbox 2383 1863 2508 1927; x_wconf 82' lang='grc' dir='ltr'><strong>Πῶς</strong></span> <span class='ocrx_word' id='word_1_308' title='bbox 2523 1863 2811 1934; x_wconf 82' lang='grc' dir='ltr'>ὀφείλομεν</span> <span class='ocrx_word' id='word_1_309' title='bbox 2829 1863 3167 1936; x_wconf 86' lang='grc' dir='ltr'>διοικηθῆναι</span> <span class='ocrx_word' id='word_1_310' title='bbox 3187 1882 3201 1931; x_wconf 92' lang='grc'><strong>;</strong></span> <span class='ocrx_word' id='word_1_311' title='bbox 3225 1865 3285 1919; x_wconf 82' lang='grc' dir='ltr'><strong>Ὀ</strong></span> <span class='ocrx_word' id='word_1_312' title='bbox 3303 1867 3360 1920; x_wconf 83' lang='grc' dir='ltr'>δὲ</span> <span class='ocrx_word' id='word_1_313' title='bbox 3380 1867 3560 1940; x_wconf 89' lang='grc' dir='ltr'>γέρων</span> <span class='ocrx_word' id='word_1_314' title='bbox 3580 1865 3755 1925; x_wconf 77' lang='grc' dir='ltr'>εἶπεν·</span> 
     </span>
    </p>
   </div>
   <div class='ocr_carea' id='block_1_48' title="bbox 2171 1951 3758 2030">
    <p class='ocr_par' dir='ltr' id='par_1_48' title="bbox 2171 1951 3758 2030">
     <span class='ocr_line' id='line_1_48' title="bbox 2171 1951 3758 2030; baseline 0.005 -20"><span class='ocrx_word' id='word_1_315' title='bbox 2171 1956 2442 2010; x_wconf 81' lang='grc' dir='ltr'>Οὐδέποτε</span> <span class='ocrx_word' id='word_1_316' title='bbox 2485 1951 2600 2010; x_wconf 75' lang='grc' dir='ltr'>οἴδα</span> <span class='ocrx_word' id='word_1_317' title='bbox 2649 1956 2818 2011; x_wconf 73' lang='grc' dir='ltr'>εἰπών</span> <span class='ocrx_word' id='word_1_318' title='bbox 2845 1975 2950 2011; x_wconf 85' lang='grc' dir='ltr'>τινι</span> <span class='ocrx_word' id='word_1_319' title='bbox 2984 1958 3140 2030; x_wconf 82' lang='grc' dir='ltr'>ὑμῶν</span> <span class='ocrx_word' id='word_1_320' title='bbox 3177 1959 3401 2030; x_wconf 86' lang='grc' dir='ltr'>ποιῆσαί</span> <span class='ocrx_word' id='word_1_321' title='bbox 3431 1961 3483 2014; x_wconf 89' lang='grc' dir='ltr'><strong>τί</strong></span> <span class='ocrx_word' id='word_1_322' title='bbox 3525 1980 3675 2030; x_wconf 88' lang='grc' dir='ltr'>ποτε,</span> <span class='ocrx_word' id='word_1_323' title='bbox 3706 1967 3758 2018; x_wconf 81' lang='grc' dir='ltr'>εἰ</span> 
     </span>
    </p>
   </div>
   <div class='ocr_carea' id='block_1_49' title="bbox 2173 2047 3759 2126">
    <p class='ocr_par' dir='ltr' id='par_1_49' title="bbox 2173 2047 3759 2126">
     <span class='ocr_line' id='line_1_49' title="bbox 2173 2047 3759 2126; baseline 0.006 -24"><span class='ocrx_word' id='word_1_324' title='bbox 2173 2050 2247 2119; x_wconf 84' lang='grc' dir='ltr'>μὴ</span> <span class='ocrx_word' id='word_1_325' title='bbox 2286 2047 2549 2120; x_wconf 83' lang='grc' dir='ltr'>πρότερον</span> <span class='ocrx_word' id='word_1_326' title='bbox 2596 2048 2828 2120; x_wconf 85' lang='grc' dir='ltr'>ἐποίησα</span> <span class='ocrx_word' id='word_1_327' title='bbox 2881 2049 2974 2103; x_wconf 86' lang='grc' dir='ltr'><strong>τὸν</strong></span> <span class='ocrx_word' id='word_1_328' title='bbox 3009 2050 3291 2122; x_wconf 84' lang='grc' dir='ltr'>λογισμὸν,</span> <span class='ocrx_word' id='word_1_329' title='bbox 3327 2050 3404 2123; x_wconf 82' lang='grc' dir='ltr'>μὴ</span> <span class='ocrx_word' id='word_1_330' title='bbox 3435 2052 3759 2126; x_wconf 82' lang='grc' dir='ltr'>ὀργισθῆναι</span> 
     </span>
    </p>
   </div>
   <div class='ocr_carea' id='block_1_50' title="bbox 2171 2135 3758 2212">
    <p class='ocr_par' dir='ltr' id='par_1_50' title="bbox 2171 2135 3758 2212">
     <span class='ocr_line' id='line_1_50' title="bbox 2171 2135 3758 2212; baseline 0.008 -22"><span class='ocrx_word' id='word_1_331' title='bbox 2171 2137 2266 2190; x_wconf 85' lang='grc' dir='ltr'>ἐὰν</span> <span class='ocrx_word' id='word_1_332' title='bbox 2291 2139 2368 2210; x_wconf 85' lang='grc' dir='ltr'><strong>μὴ</strong></span> <span class='ocrx_word' id='word_1_333' title='bbox 2396 2140 2601 2212; x_wconf 81' lang='grc' dir='ltr'>ποιήσῃ</span> <span class='ocrx_word' id='word_1_334' title='bbox 2625 2139 2653 2192; x_wconf 86' lang='grc' dir='ltr'><strong><em>ὃ</em></strong></span> <span class='ocrx_word' id='word_1_335' title='bbox 2681 2135 2833 2193; x_wconf 77' lang='grc' dir='ltr'>εἶπον</span> <span class='ocrx_word' id='word_1_336' title='bbox 2855 2139 3108 2209; x_wconf 86' lang='grc' dir='ltr'>γενέσθαι</span> <span class='ocrx_word' id='word_1_337' title='bbox 3134 2158 3149 2174; x_wconf 80' lang='lat'><strong>-</strong></span> <span class='ocrx_word' id='word_1_338' title='bbox 3183 2143 3276 2196; x_wconf 78' lang='grc' dir='ltr'><strong>καὶ</strong></span> <span class='ocrx_word' id='word_1_339' title='bbox 3308 2141 3483 2208; x_wconf 78' lang='grc' dir='ltr'>οὕτως</span> <span class='ocrx_word' id='word_1_340' title='bbox 3513 2144 3638 2200; x_wconf 83' lang='grc' dir='ltr'>ὅλον</span> <span class='ocrx_word' id='word_1_341' title='bbox 3660 2145 3758 2202; x_wconf 74' lang='grc' dir='ltr'>τὸν</span> 
     </span>
    </p>
   </div>
   <div class='ocr_carea' id='block_1_51' title="bbox 2169 2231 3300 2306">
    <p class='ocr_par' dir='ltr' id='par_1_51' title="bbox 2169 2231 3300 2306">
     <span class='ocr_line' id='line_1_51' title="bbox 2169 2231 3300 2306; baseline 0.006 -23"><span class='ocrx_word' id='word_1_342' title='bbox 2169 2231 2362 2301; x_wconf 77' lang='grc' dir='ltr'>χρόνον</span> <span class='ocrx_word' id='word_1_343' title='bbox 2388 2231 2544 2302; x_wconf 76' lang='grc' dir='ltr'>ἡμῶν</span> <span class='ocrx_word' id='word_1_344' title='bbox 2573 2232 2870 2304; x_wconf 73' lang='grc' dir='ltr'>ᾠκήσαμεν</span> <span class='ocrx_word' id='word_1_345' title='bbox 2911 2233 3028 2303; x_wconf 84' lang='grc' dir='ltr'>μετ’</span> <span class='ocrx_word' id='word_1_346' title='bbox 3056 2235 3300 2306; x_wconf 71' lang='grc' dir='ltr'>εἰρήνης.</span> 
     </span>
    </p>
   </div>
   <div class='ocr_carea' id='block_1_52' title="bbox 2621 2407 3319 2481">
    <p class='ocr_par' dir='ltr' id='par_1_52' title="bbox 2621 2407 3319 2481">
     <span class='ocr_line' id='line_1_52' title="bbox 2621 2407 3319 2481; baseline 0.007 -21"><span class='ocrx_word' id='word_1_347' title='bbox 2621 2407 2786 2479; x_wconf 87' lang='grc' dir='ltr'><strong>Ἀρχὴ</strong></span> <span class='ocrx_word' id='word_1_348' title='bbox 2829 2408 2922 2461; x_wconf 82' lang='grc' dir='ltr'>τοῦ</span> <span class='ocrx_word' id='word_1_349' title='bbox 2957 2410 2996 2461; x_wconf 90' lang='grc' dir='ltr'><strong>Σ</strong></span> <span class='ocrx_word' id='word_1_350' title='bbox 3008 2472 3015 2480; x_wconf 89' lang='lat'>_</span> <span class='ocrx_word' id='word_1_351' title='bbox 3029 2411 3319 2481; x_wconf 86' lang='grc' dir='ltr'>στοιχείου.</span> 
     </span>
    </p>
   </div>
   <div class='ocr_carea' id='block_1_53' title="bbox 2560 2499 3352 2573">
    <p class='ocr_par' dir='ltr' id='par_1_53' title="bbox 2560 2499 3352 2573">
     <span class='ocr_line' id='line_1_53' title="bbox 2560 2499 3352 2573; baseline 0.009 -21"><span class='ocrx_word' id='word_1_352' title='bbox 2560 2500 2697 2568; x_wconf 80' lang='grc' dir='ltr'>Περὶ</span> <span class='ocrx_word' id='word_1_353' title='bbox 2726 2499 2832 2554; x_wconf 85' lang='grc' dir='ltr'>τοῦ</span> <span class='ocrx_word' id='word_1_354' title='bbox 2874 2500 3025 2556; x_wconf 80' lang='grc' dir='ltr'><strong>ἁϐϐᾶ</strong></span> <span class='ocrx_word' id='word_1_355' title='bbox 3054 2502 3100 2534; x_wconf 75' lang='grc'><strong>⁸³</strong></span> <span class='ocrx_word' id='word_1_356' title='bbox 3141 2506 3352 2573; x_wconf 85' lang='grc' dir='ltr'>Σισόη.</span> 
     </span>
    </p>
   </div>
   <div class='ocr_carea' id='block_1_54' title="bbox 2253 2592 3756 2672">
    <p class='ocr_par' dir='ltr' id='par_1_54' title="bbox 2253 2592 3756 2672">
     <span class='ocr_line' id='line_1_54' title="bbox 2253 2592 3756 2672; baseline 0.008 -29"><span class='ocrx_word' id='word_1_357' title='bbox 2253 2597 2321 2647; x_wconf 83' lang='grc' dir='ltr'>α’.</span> <span class='ocrx_word' id='word_1_358' title='bbox 2362 2593 2615 2660; x_wconf 83' lang='grc' dir='ltr'>Ἀδελφὸς</span> <span class='ocrx_word' id='word_1_359' title='bbox 2648 2592 2931 2664; x_wconf 76' lang='grc' dir='ltr'>ἀδικηθεὶς</span> <span class='ocrx_word' id='word_1_360' title='bbox 2968 2594 3074 2648; x_wconf 78' lang='grc' dir='ltr'>ὑπὸ</span> <span class='ocrx_word' id='word_1_361' title='bbox 3107 2595 3295 2667; x_wconf 92' lang='grc' dir='ltr'>ἐτέρου</span> <span class='ocrx_word' id='word_1_362' title='bbox 3331 2597 3582 2668; x_wconf 80' lang='grc' dir='ltr'>ἀδελφοῦ,</span> <span class='ocrx_word' id='word_1_363' title='bbox 3619 2593 3756 2672; x_wconf 76' lang='grc' dir='ltr'>ἦλθε</span> 
     </span>
    </p>
   </div>
   <div class='ocr_carea' id='block_1_55' title="bbox 2170 2684 3756 2765">
    <p class='ocr_par' dir='ltr' id='par_1_55' title="bbox 2170 2684 3756 2765">
     <span class='ocr_line' id='line_1_55' title="bbox 2170 2684 3756 2765; baseline 0.004 -25"><span class='ocrx_word' id='word_1_364' title='bbox 2170 2686 2308 2759; x_wconf 82' lang='grc' dir='ltr'>πρὸς</span> <span class='ocrx_word' id='word_1_365' title='bbox 2335 2687 2426 2741; x_wconf 85' lang='grc' dir='ltr'><strong>τὸν</strong></span> <span class='ocrx_word' id='word_1_366' title='bbox 2442 2684 2618 2740; x_wconf 77' lang='grc' dir='ltr'><strong>ἀὸὁᾶν</strong></span> <span class='ocrx_word' id='word_1_367' title='bbox 2651 2685 2844 2758; x_wconf 85' lang='grc' dir='ltr'>Σισόην</span> <span class='ocrx_word' id='word_1_368' title='bbox 2861 2686 2929 2752; x_wconf 77' lang='grc'><strong>⁸⁸,</strong></span> <span class='ocrx_word' id='word_1_369' title='bbox 2962 2688 3054 2741; x_wconf 76' lang='grc' dir='ltr'><strong>καὶ</strong></span> <span class='ocrx_word' id='word_1_370' title='bbox 3072 2688 3219 2758; x_wconf 86' lang='grc' dir='ltr'>λέγει</span> <span class='ocrx_word' id='word_1_371' title='bbox 3237 2689 3418 2762; x_wconf 75' lang='grc' dir='ltr'>αὐτῷ’</span> <span class='ocrx_word' id='word_1_372' title='bbox 3458 2691 3756 2765; x_wconf 85' lang='grc' dir='ltr'>Ἠδικήθην</span> 
     </span>
    </p>
   </div>
   <div class='ocr_carea' id='block_1_56' title="bbox 2173 2777 3752 2855">
    <p class='ocr_par' dir='ltr' id='par_1_56' title="bbox 2173 2777 3752 2855">
     <span class='ocr_line' id='line_1_56' title="bbox 2173 2777 3752 2855; baseline 0.002 -21"><span class='ocrx_word' id='word_1_373' title='bbox 2173 2779 2324 2850; x_wconf 87' lang='grc' dir='ltr'>παρά</span> <span class='ocrx_word' id='word_1_374' title='bbox 2345 2795 2490 2841; x_wconf 88' lang='grc' dir='ltr'>τινος</span> <span class='ocrx_word' id='word_1_375' title='bbox 2521 2779 2536 2809; x_wconf 77' lang='grc'><strong>⁸</strong></span> <span class='ocrx_word' id='word_1_376' title='bbox 2562 2777 2988 2848; x_wconf 84' lang='grc' dir='ltr'>ἀδελφοῢ,κάγὼ</span> <span class='ocrx_word' id='word_1_377' title='bbox 3017 2779 3155 2835; x_wconf 83' lang='grc' dir='ltr'>θέλω</span> <span class='ocrx_word' id='word_1_378' title='bbox 3177 2782 3412 2853; x_wconf 81' lang='grc' dir='ltr'>ἐμαυτὸν</span> <span class='ocrx_word' id='word_1_379' title='bbox 3441 2783 3752 2855; x_wconf 69' lang='grc' dir='ltr'>ἐκδικῆσαι.</span> 
     </span>
    </p>
   </div>
   <div class='ocr_carea' id='block_1_57' title="bbox 2181 2868 3763 2942">
    <p class='ocr_par' dir='ltr' id='par_1_57' title="bbox 2181 2868 3763 2942">
     <span class='ocr_line' id='line_1_57' title="bbox 2181 2868 3763 2942; baseline 0.003 -20"><span class='ocrx_word' id='word_1_380' title='bbox 2181 2869 2242 2922; x_wconf 85' lang='lat'><strong>&#39;0</strong></span> <span class='ocrx_word' id='word_1_381' title='bbox 2259 2868 2317 2922; x_wconf 80' lang='grc' dir='ltr'>δὲ</span> <span class='ocrx_word' id='word_1_382' title='bbox 2339 2868 2521 2939; x_wconf 88' lang='grc' dir='ltr'>γέρων</span> <span class='ocrx_word' id='word_1_383' title='bbox 2542 2869 2842 2938; x_wconf 89' lang='grc' dir='ltr'>παρεκάλει</span> <span class='ocrx_word' id='word_1_384' title='bbox 2866 2868 3049 2934; x_wconf 81' lang='grc' dir='ltr'>αὑτὸν,</span> <span class='ocrx_word' id='word_1_385' title='bbox 3074 2870 3276 2940; x_wconf 87' lang='grc' dir='ltr'>λέγων’</span> <span class='ocrx_word' id='word_1_386' title='bbox 3295 2872 3408 2942; x_wconf 86' lang='grc' dir='ltr'><strong>Μὴ,</strong></span> <span class='ocrx_word' id='word_1_387' title='bbox 3427 2872 3638 2937; x_wconf 91' lang='grc' dir='ltr'>τέκνον,</span> <span class='ocrx_word' id='word_1_388' title='bbox 3663 2891 3763 2926; x_wconf 84' lang='grc' dir='ltr'>κα-</span> 
     </span>
    </p>
   </div>
   <div class='ocr_carea' id='block_1_58' title="bbox 2169 2960 3754 3036">
    <p class='ocr_par' dir='ltr' id='par_1_58' title="bbox 2169 2960 3754 3036">
     <span class='ocr_line' id='line_1_58' title="bbox 2169 2960 3754 3036; baseline 0.004 -22"><span class='ocrx_word' id='word_1_389' title='bbox 2169 2960 2421 3030; x_wconf 79' lang='grc' dir='ltr'>τάλειψον</span> <span class='ocrx_word' id='word_1_390' title='bbox 2445 2961 2502 3014; x_wconf 89' lang='grc' dir='ltr'><strong>δέ</strong></span> <span class='ocrx_word' id='word_1_391' title='bbox 2528 2960 2732 3030; x_wconf 80' lang='grc' dir='ltr'>μᾶλλον</span> <span class='ocrx_word' id='word_1_392' title='bbox 2760 2960 2840 3031; x_wconf 85' lang='grc' dir='ltr'>τῷ</span> <span class='ocrx_word' id='word_1_393' title='bbox 2868 2961 2988 3032; x_wconf 82' lang='grc' dir='ltr'>Θεῷ</span> <span class='ocrx_word' id='word_1_394' title='bbox 3015 2962 3081 3016; x_wconf 85' lang='grc' dir='ltr'>τὰ</span> <span class='ocrx_word' id='word_1_395' title='bbox 3111 2963 3207 3033; x_wconf 78' lang='grc' dir='ltr'>τῆς</span> <span class='ocrx_word' id='word_1_396' title='bbox 3224 2963 3579 3036; x_wconf 85' lang='grc' dir='ltr'>ἐκδικήσεως.</span> <span class='ocrx_word' id='word_1_397' title='bbox 3614 2966 3674 3020; x_wconf 88' lang='lat'><strong>&#39;0</strong></span> <span class='ocrx_word' id='word_1_398' title='bbox 3695 2965 3754 3021; x_wconf 84' lang='grc' dir='ltr'>δὲ</span> 
     </span>
    </p>
   </div>
   <div class='ocr_carea' id='block_1_59' title="bbox 2168 3049 3751 3129">
    <p class='ocr_par' dir='ltr' id='par_1_59' title="bbox 2168 3049 3751 3129">
     <span class='ocr_line' id='line_1_59' title="bbox 2168 3049 3751 3129; baseline 0.005 -22"><span class='ocrx_word' id='word_1_399' title='bbox 2168 3052 2382 3122; x_wconf 74' lang='grc' dir='ltr'>ἐλεγενο</span> <span class='ocrx_word' id='word_1_400' title='bbox 2441 3053 2516 3106; x_wconf 86' lang='grc' dir='ltr'><strong>Οὐ</strong></span> <span class='ocrx_word' id='word_1_401' title='bbox 2557 3051 2842 3122; x_wconf 84' lang='grc' dir='ltr'>παύσομαι</span> <span class='ocrx_word' id='word_1_402' title='bbox 2903 3053 3007 3118; x_wconf 75' lang='grc' dir='ltr'>ἓως</span> <span class='ocrx_word' id='word_1_403' title='bbox 3051 3049 3114 3109; x_wconf 75' lang='grc' dir='ltr'>οὗ</span> <span class='ocrx_word' id='word_1_404' title='bbox 3167 3056 3441 3127; x_wconf 79' lang='grc' dir='ltr'>ἐκδικήσω</span> <span class='ocrx_word' id='word_1_405' title='bbox 3491 3059 3751 3129; x_wconf 85' lang='grc' dir='ltr'>ἐμαυτόν.</span> 
     </span>
    </p>
   </div>
   <div class='ocr_carea' id='block_1_60' title="bbox 498 3132 2066 3219">
    <p class='ocr_par' dir='ltr' id='par_1_60' title="bbox 498 3143 2064 3219">
     <span class='ocr_line' id='line_1_60' title="bbox 498 3143 2064 3219; baseline 0.003 -20"><span class='ocrx_word' id='word_1_406' title='bbox 498 3160 688 3209; x_wconf 83' lang='lat' dir='ltr'><strong>senex,</strong></span> <span class='ocrx_word' id='word_1_407' title='bbox 747 3143 1003 3206; x_wconf 89' lang='lat' dir='ltr'><strong>Oremus,</strong></span> <span class='ocrx_word' id='word_1_408' title='bbox 1050 3145 1250 3214; x_wconf 88' lang='lat' dir='ltr'><strong>inquit,</strong></span> <span class='ocrx_word' id='word_1_409' title='bbox 1303 3144 1495 3201; x_wconf 79' lang='lat' dir='ltr'><strong>frater.</strong></span> <span class='ocrx_word' id='word_1_410' title='bbox 1549 3146 1903 3219; x_wconf 86' lang='lat' dir='ltr'><strong>Surgensque</strong></span> <span class='ocrx_word' id='word_1_411' title='bbox 1942 3149 2064 3204; x_wconf 86' lang='lat' dir='ltr'><strong>ait:</strong></span> 
     </span>
    </p>
   </div>
   <div class='ocr_carea' id='block_1_61' title="bbox 2170 3132 3755 3219">
    <p class='ocr_par' dir='ltr' id='par_1_61' title="bbox 2170 3138 3755 3216">
     <span class='ocr_line' id='line_1_61' title="bbox 2170 3138 3755 3216; baseline 0.005 -18"><span class='ocrx_word' id='word_1_412' title='bbox 2170 3138 2307 3198; x_wconf 77' lang='grc' dir='ltr'>Εῐπε</span> <span class='ocrx_word' id='word_1_413' title='bbox 2337 3143 2395 3197; x_wconf 87' lang='grc' dir='ltr'><strong>δέ</strong></span> <span class='ocrx_word' id='word_1_414' title='bbox 2429 3144 2459 3196; x_wconf 93' lang='lat'><strong>6</strong></span> <span class='ocrx_word' id='word_1_415' title='bbox 2485 3142 2664 3214; x_wconf 88' lang='grc' dir='ltr'>γέρων</span> <span class='ocrx_word' id='word_1_416' title='bbox 2684 3156 2699 3171; x_wconf 89' lang='grc'>⁶</span> <span class='ocrx_word' id='word_1_417' title='bbox 2745 3141 3066 3214; x_wconf 79' lang='grc' dir='ltr'>Εὑξώμεθα,</span> <span class='ocrx_word' id='word_1_418' title='bbox 3111 3145 3330 3216; x_wconf 83' lang='grc' dir='ltr'>ἀδελφέ.</span> <span class='ocrx_word' id='word_1_419' title='bbox 3374 3148 3482 3202; x_wconf 76' lang='grc' dir='ltr'><strong>Καὶ</strong></span> <span class='ocrx_word' id='word_1_420' title='bbox 3512 3150 3755 3216; x_wconf 82' lang='grc' dir='ltr'>ἀναστὰς</span> 
     </span>
    </p>
   </div>
   <div class='ocr_carea' id='block_1_62' title="bbox 496 3233 2068 3306">
    <p class='ocr_par' dir='ltr' id='par_1_62' title="bbox 496 3233 2068 3306">
     <span class='ocr_line' id='line_1_62' title="bbox 496 3233 2068 3306; baseline 0.005 -20"><span class='ocrx_word' id='word_1_421' title='bbox 496 3233 662 3298; x_wconf 87' lang='lat' dir='ltr'><strong>Deus,</strong></span> <span class='ocrx_word' id='word_1_422' title='bbox 695 3249 804 3288; x_wconf 89' lang='lat' dir='ltr'><strong>non</strong></span> <span class='ocrx_word' id='word_1_423' title='bbox 833 3235 1065 3305; x_wconf 88' lang='lat' dir='ltr'><strong>amplius</strong></span> <span class='ocrx_word' id='word_1_424' title='bbox 1089 3250 1310 3306; x_wconf 83' lang='lat' dir='ltr'><strong>egemus</strong></span> <span class='ocrx_word' id='word_1_425' title='bbox 1347 3244 1410 3291; x_wconf 90' lang='lat' dir='ltr'><strong>ut</strong></span> <span class='ocrx_word' id='word_1_426' title='bbox 1435 3238 1609 3293; x_wconf 89' lang='lat' dir='ltr'><strong>nostri</strong></span> <span class='ocrx_word' id='word_1_427' title='bbox 1659 3255 1850 3295; x_wconf 91' lang='lat' dir='ltr'><strong>curam</strong></span> <span class='ocrx_word' id='word_1_428' title='bbox 1892 3241 2068 3296; x_wconf 89' lang='lat' dir='ltr'><strong>susci-</strong></span> 
     </span>
    </p>
   </div>
   <div class='ocr_carea' id='block_1_63' title="bbox 496 3328 2067 3404">
    <p class='ocr_par' dir='ltr' id='par_1_63' title="bbox 496 3328 2067 3404">
     <span class='ocr_line' id='line_1_63' title="bbox 496 3328 2067 3404; baseline 0.006 -25"><span class='ocrx_word' id='word_1_429' title='bbox 496 3328 647 3396; x_wconf 88' lang='lat' dir='ltr'><strong>pias;</strong></span> <span class='ocrx_word' id='word_1_430' title='bbox 680 3342 780 3382; x_wconf 93' lang='lat' dir='ltr'><strong>nos</strong></span> <span class='ocrx_word' id='word_1_431' title='bbox 824 3329 969 3382; x_wconf 89' lang='lat' dir='ltr'><strong>enim</strong></span> <span class='ocrx_word' id='word_1_432' title='bbox 1017 3336 1254 3399; x_wconf 77' lang='lat' dir='ltr'><strong>acceptae</strong></span> <span class='ocrx_word' id='word_1_433' title='bbox 1296 3330 1512 3401; x_wconf 63' lang='lat' dir='ltr'><strong>injuria:</strong></span> <span class='ocrx_word' id='word_1_434' title='bbox 1541 3346 1732 3402; x_wconf 65' lang='lat' dir='ltr'><strong>pinnas</strong></span> <span class='ocrx_word' id='word_1_435' title='bbox 1776 3333 2067 3404; x_wconf 81' lang='lat' dir='ltr'><strong>exigimus.</strong></span> 
     </span>
    </p>
   </div>
   <div class='ocr_carea' id='block_1_64' title="bbox 498 3417 2064 3494">
    <p class='ocr_par' dir='ltr' id='par_1_64' title="bbox 498 3417 2064 3494">
     <span class='ocr_line' id='line_1_64' title="bbox 498 3417 2064 3494; baseline 0.007 -26"><span class='ocrx_word' id='word_1_436' title='bbox 498 3417 611 3472; x_wconf 86' lang='lat' dir='ltr'><strong>lloc</strong></span> <span class='ocrx_word' id='word_1_437' title='bbox 645 3419 808 3490; x_wconf 85' lang='lat' dir='ltr'><strong>igitur</strong></span> <span class='ocrx_word' id='word_1_438' title='bbox 847 3420 1053 3484; x_wconf 86' lang='lat' dir='ltr'><strong>audito,</strong></span> <span class='ocrx_word' id='word_1_439' title='bbox 1099 3419 1266 3474; x_wconf 89' lang='lat' dir='ltr'><strong>frater</strong></span> <span class='ocrx_word' id='word_1_440' title='bbox 1299 3421 1537 3490; x_wconf 90' lang='lat' dir='ltr'><strong>procidit</strong></span> <span class='ocrx_word' id='word_1_441' title='bbox 1579 3422 1648 3477; x_wconf 90' lang='lat' dir='ltr'><strong>ad</strong></span> <span class='ocrx_word' id='word_1_442' title='bbox 1683 3424 1847 3494; x_wconf 90' lang='lat' dir='ltr'><strong>pedes</strong></span> <span class='ocrx_word' id='word_1_443' title='bbox 1895 3426 2064 3490; x_wconf 87' lang='lat' dir='ltr'><strong>senis,</strong></span> 
     </span>
    </p>
   </div>
   <div class='ocr_carea' id='block_1_65' title="bbox 495 3509 2070 3586">
    <p class='ocr_par' dir='ltr' id='par_1_65' title="bbox 495 3509 2070 3586">
     <span class='ocr_line' id='line_1_65' title="bbox 495 3509 2070 3586; baseline 0.006 -24"><span class='ocrx_word' id='word_1_444' title='bbox 495 3509 685 3564; x_wconf 87' lang='lat' dir='ltr'><strong>dicens</strong></span> <span class='ocrx_word' id='word_1_445' title='bbox 717 3529 729 3562; x_wconf 90' lang='lat'><strong>:</strong></span> <span class='ocrx_word' id='word_1_446' title='bbox 763 3511 886 3564; x_wconf 91' lang='lat' dir='ltr'><strong>Non</strong></span> <span class='ocrx_word' id='word_1_447' title='bbox 909 3513 1144 3581; x_wconf 89' lang='lat' dir='ltr'><strong>amplius</strong></span> <span class='ocrx_word' id='word_1_448' title='bbox 1176 3513 1450 3570; x_wconf 90' lang='lat' dir='ltr'><strong>contendo</strong></span> <span class='ocrx_word' id='word_1_449' title='bbox 1471 3530 1595 3570; x_wconf 92' lang='lat' dir='ltr'><strong>cum</strong></span> <span class='ocrx_word' id='word_1_450' title='bbox 1627 3515 1817 3571; x_wconf 89' lang='lat' dir='ltr'><strong>fratre.</strong></span> <span class='ocrx_word' id='word_1_451' title='bbox 1841 3514 2070 3586; x_wconf 85' lang='lat' dir='ltr'><strong>Ignosce</strong></span> 
     </span>
    </p>
   </div>
   <div class='ocr_carea' id='block_1_66' title="bbox 503 3604 850 3667">
    <p class='ocr_par' dir='ltr' id='par_1_66' title="bbox 503 3604 850 3667">
     <span class='ocr_line' id='line_1_66' title="bbox 503 3604 850 3667; baseline 0.009 -13"><span class='ocrx_word' id='word_1_452' title='bbox 503 3604 654 3667; x_wconf 81' lang='lat' dir='ltr'><strong>mihi,</strong></span> <span class='ocrx_word' id='word_1_453' title='bbox 687 3604 850 3657; x_wconf 88' lang='lat' dir='ltr'><strong>abba.</strong></span> 
     </span>
    </p>
   </div>
   <div class='ocr_carea' id='block_1_67' title="bbox 565 3693 2065 3770">
    <p class='ocr_par' dir='ltr' id='par_1_67' title="bbox 565 3693 2065 3770">
     <span class='ocr_line' id='line_1_67' title="bbox 565 3693 2065 3770; baseline 0.004 -20"><span class='ocrx_word' id='word_1_454' title='bbox 565 3693 621 3750; x_wconf 76' lang='lat'><strong>2.</strong></span> <span class='ocrx_word' id='word_1_455' title='bbox 661 3695 776 3766; x_wconf 79' lang='grc'>(51)</span> <span class='ocrx_word' id='word_1_456' title='bbox 807 3695 1000 3752; x_wconf 85' lang='lat' dir='ltr'><strong>Frater</strong></span> <span class='ocrx_word' id='word_1_457' title='bbox 1026 3696 1102 3752; x_wconf 89' lang='lat' dir='ltr'><strong>ita</strong></span> <span class='ocrx_word' id='word_1_458' title='bbox 1136 3699 1496 3770; x_wconf 80' lang='lat' dir='ltr'><strong>interrogavit</strong></span> <span class='ocrx_word' id='word_1_459' title='bbox 1525 3700 1776 3755; x_wconf 90' lang='lat' dir='ltr'><strong>abbatem</strong></span> <span class='ocrx_word' id='word_1_460' title='bbox 1806 3700 2017 3756; x_wconf 90' lang='lat' dir='ltr'><strong>Sisoem</strong></span> <span class='ocrx_word' id='word_1_461' title='bbox 2050 3720 2065 3756; x_wconf 91' lang='lat'><strong>:</strong></span> 
     </span>
    </p>
   </div>
   <div class='ocr_carea' id='block_1_68' title="bbox 494 3786 2066 3864">
    <p class='ocr_par' dir='ltr' id='par_1_68' title="bbox 494 3786 2066 3864">
     <span class='ocr_line' id='line_1_68' title="bbox 494 3786 2066 3864; baseline 0.006 -24"><span class='ocrx_word' id='word_1_462' title='bbox 494 3786 635 3853; x_wconf 81' lang='lat' dir='ltr'><strong>Quid</strong></span> <span class='ocrx_word' id='word_1_463' title='bbox 668 3787 904 3842; x_wconf 88' lang='lat' dir='ltr'><strong>faciam?</strong></span> <span class='ocrx_word' id='word_1_464' title='bbox 928 3790 1054 3860; x_wconf 89' lang='lat' dir='ltr'><strong>quia</strong></span> <span class='ocrx_word' id='word_1_465' title='bbox 1085 3791 1153 3846; x_wconf 91' lang='lat' dir='ltr'><strong>ad</strong></span> <span class='ocrx_word' id='word_1_466' title='bbox 1185 3793 1472 3848; x_wconf 86' lang='lat' dir='ltr'><strong>ecclesiam</strong></span> <span class='ocrx_word' id='word_1_467' title='bbox 1512 3808 1766 3858; x_wconf 88' lang='lat' dir='ltr'><strong>occurro,</strong></span> <span class='ocrx_word' id='word_1_468' title='bbox 1796 3794 1886 3849; x_wconf 90' lang='lat' dir='ltr'><strong>ubi</strong></span> <span class='ocrx_word' id='word_1_469' title='bbox 1923 3809 2066 3864; x_wconf 54' lang='lat' dir='ltr'><strong>saepe</strong></span> 
     </span>
    </p>
   </div>
   <div class='ocr_carea' id='block_1_69' title="bbox 495 3879 2062 3949">
    <p class='ocr_par' dir='ltr' id='par_1_69' title="bbox 495 3879 2062 3949">
     <span class='ocr_line' id='line_1_69' title="bbox 495 3879 2062 3949; baseline 0.006 -19"><span class='ocrx_word' id='word_1_470' title='bbox 495 3885 665 3948; x_wconf 85' lang='lat' dir='ltr'><strong>agape</strong></span> <span class='ocrx_word' id='word_1_471' title='bbox 700 3879 1031 3949; x_wconf 88' lang='lat' dir='ltr'><strong>celebratur,</strong></span> <span class='ocrx_word' id='word_1_472' title='bbox 1082 3889 1138 3938; x_wconf 88' lang='lat' dir='ltr'><strong>et</strong></span> <span class='ocrx_word' id='word_1_473' title='bbox 1175 3883 1414 3938; x_wconf 86' lang='lat' dir='ltr'><strong>retinent</strong></span> <span class='ocrx_word' id='word_1_474' title='bbox 1459 3900 1565 3940; x_wconf 90' lang='lat' dir='ltr'><strong>me.</strong></span> <span class='ocrx_word' id='word_1_475' title='bbox 1617 3885 1706 3938; x_wconf 82' lang='lat' dir='ltr'><strong>Ait</strong></span> <span class='ocrx_word' id='word_1_476' title='bbox 1739 3885 1815 3939; x_wconf 91' lang='lat' dir='ltr'><strong>illi</strong></span> <span class='ocrx_word' id='word_1_477' title='bbox 1861 3901 2062 3940; x_wconf 84' lang='lat' dir='ltr'><strong>senex:</strong></span> 
     </span>
    </p>
   </div>
   <div class='ocr_carea' id='block_1_70' title="bbox 495 3965 2066 4046">
    <p class='ocr_par' dir='ltr' id='par_1_70' title="bbox 495 3965 2066 4046">
     <span class='ocr_line' id='line_1_70' title="bbox 495 3965 2066 4046; baseline 0.006 -25"><span class='ocrx_word' id='word_1_478' title='bbox 495 3965 600 4024; x_wconf 78' lang='lat' dir='ltr'><strong>Res</strong></span> <span class='ocrx_word' id='word_1_479' title='bbox 624 3977 708 4024; x_wconf 91' lang='lat' dir='ltr'><strong>cst</strong></span> <span class='ocrx_word' id='word_1_480' title='bbox 748 3970 1041 4029; x_wconf 81' lang='lat' dir='ltr'><strong>laboriosa.</strong></span> <span class='ocrx_word' id='word_1_481' title='bbox 1077 3974 1244 4044; x_wconf 88' lang='lat' dir='ltr'><strong>Igitur</strong></span> <span class='ocrx_word' id='word_1_482' title='bbox 1290 3975 1564 4029; x_wconf 76' lang='lat' dir='ltr'><strong>Abraham</strong></span> <span class='ocrx_word' id='word_1_483' title='bbox 1595 3975 1899 4046; x_wconf 85' lang='lat' dir='ltr'><strong>discipulus</strong></span> <span class='ocrx_word' id='word_1_484' title='bbox 1944 3976 2066 4046; x_wconf 86' lang='lat' dir='ltr'><strong>ejus</strong></span> 
     </span>
    </p>
   </div>
   <div class='ocr_carea' id='block_1_71' title="bbox 496 4065 2066 4140">
    <p class='ocr_par' dir='ltr' id='par_1_71' title="bbox 496 4065 2066 4140">
     <span class='ocr_line' id='line_1_71' title="bbox 496 4065 2066 4140; baseline 0.004 -25"><span class='ocrx_word' id='word_1_485' title='bbox 496 4069 843 4140; x_wconf 78' lang='lat' dir='ltr'><strong>percontatus</strong></span> <span class='ocrx_word' id='word_1_486' title='bbox 887 4071 1013 4120; x_wconf 88' lang='lat' dir='ltr'><strong>est:</strong></span> <span class='ocrx_word' id='word_1_487' title='bbox 1049 4065 1109 4120; x_wconf 92' lang='lat' dir='ltr'><strong>Si</strong></span> <span class='ocrx_word' id='word_1_488' title='bbox 1144 4065 1235 4120; x_wconf 89' lang='lat' dir='ltr'><strong>ﬁat</strong></span> <span class='ocrx_word' id='word_1_489' title='bbox 1289 4081 1556 4124; x_wconf 91' lang='lat' dir='ltr'><strong>occursus</strong></span> <span class='ocrx_word' id='word_1_490' title='bbox 1600 4069 1656 4123; x_wconf 93' lang='lat' dir='ltr'><strong>in</strong></span> <span class='ocrx_word' id='word_1_491' title='bbox 1704 4067 1944 4124; x_wconf 90' lang='lat' dir='ltr'><strong>Sabbato</strong></span> <span class='ocrx_word' id='word_1_492' title='bbox 1983 4069 2066 4124; x_wconf 90' lang='lat' dir='ltr'><strong>vel</strong></span> 
     </span>
    </p>
   </div>
   <div class='ocr_carea' id='block_1_72' title="bbox 497 4151 2068 4224">
    <p class='ocr_par' dir='ltr' id='par_1_72' title="bbox 497 4151 2068 4224">
     <span class='ocr_line' id='line_1_72' title="bbox 497 4151 2068 4224; baseline 0.008 -22"><span class='ocrx_word' id='word_1_493' title='bbox 497 4151 798 4218; x_wconf 84' lang='lat' dir='ltr'><strong>Dominica,</strong></span> <span class='ocrx_word' id='word_1_494' title='bbox 834 4161 889 4208; x_wconf 92' lang='lat' dir='ltr'><strong>et</strong></span> <span class='ocrx_word' id='word_1_495' title='bbox 918 4153 1090 4211; x_wconf 85' lang='lat' dir='ltr'><strong>frater</strong></span> <span class='ocrx_word' id='word_1_496' title='bbox 1124 4156 1326 4211; x_wconf 89' lang='lat' dir='ltr'><strong>biberit</strong></span> <span class='ocrx_word' id='word_1_497' title='bbox 1355 4165 1467 4212; x_wconf 91' lang='lat' dir='ltr'><strong>tres</strong></span> <span class='ocrx_word' id='word_1_498' title='bbox 1495 4157 1719 4224; x_wconf 87' lang='lat' dir='ltr'><strong>calices,</strong></span> <span class='ocrx_word' id='word_1_499' title='bbox 1750 4173 1883 4212; x_wconf 90' lang='lat' dir='ltr'><strong>num</strong></span> <span class='ocrx_word' id='word_1_500' title='bbox 1910 4161 2068 4216; x_wconf 88' lang='lat' dir='ltr'><strong>mul—</strong></span> 
     </span>
    </p>
   </div>
   <div class='ocr_carea' id='block_1_73' title="bbox 494 4241 2063 4318">
    <p class='ocr_par' dir='ltr' id='par_1_73' title="bbox 494 4241 2063 4318">
     <span class='ocr_line' id='line_1_73' title="bbox 494 4241 2063 4318; baseline 0.01 -26"><span class='ocrx_word' id='word_1_501' title='bbox 494 4251 606 4294; x_wconf 91' lang='lat' dir='ltr'><strong>tum</strong></span> <span class='ocrx_word' id='word_1_502' title='bbox 643 4243 764 4297; x_wconf 87' lang='lat' dir='ltr'><strong>est?</strong></span> <span class='ocrx_word' id='word_1_503' title='bbox 820 4241 1126 4315; x_wconf 80' lang='lat' dir='ltr'><strong>Respondit</strong></span> <span class='ocrx_word' id='word_1_504' title='bbox 1172 4260 1383 4301; x_wconf 88' lang='lat' dir='ltr'><strong>senex:</strong></span> <span class='ocrx_word' id='word_1_505' title='bbox 1416 4244 1475 4301; x_wconf 87' lang='lat' dir='ltr'><strong>Si</strong></span> <span class='ocrx_word' id='word_1_506' title='bbox 1519 4262 1633 4302; x_wconf 90' lang='lat' dir='ltr'><strong>non</strong></span> <span class='ocrx_word' id='word_1_507' title='bbox 1691 4248 1764 4303; x_wconf 92' lang='lat' dir='ltr'><strong>sit</strong></span> <span class='ocrx_word' id='word_1_508' title='bbox 1807 4246 2063 4318; x_wconf 88' lang='lat' dir='ltr'><strong>Satanas,</strong></span> 
     </span>
    </p>
   </div>
   <div class='ocr_carea' id='block_1_74' title="bbox 494 4335 997 4390">
    <p class='ocr_par' dir='ltr' id='par_1_74' title="bbox 494 4335 997 4390">
     <span class='ocr_line' id='line_1_74' title="bbox 494 4335 997 4390; baseline 0.008 -4"><span class='ocrx_word' id='word_1_509' title='bbox 494 4335 722 4389; x_wconf 87' lang='lat' dir='ltr'><strong>multum</strong></span> <span class='ocrx_word' id='word_1_510' title='bbox 753 4351 861 4390; x_wconf 91' lang='lat' dir='ltr'><strong>non</strong></span> <span class='ocrx_word' id='word_1_511' title='bbox 890 4344 997 4390; x_wconf 93' lang='lat' dir='ltr'><strong>est.</strong></span> 
     </span>
    </p>
   </div>
   <div class='ocr_carea' id='block_1_75' title="bbox 2169 3228 3753 3313">
    <p class='ocr_par' dir='ltr' id='par_1_75' title="bbox 2169 3228 3753 3313">
     <span class='ocr_line' id='line_1_75' title="bbox 2169 3228 3753 3313; baseline 0.004 -25"><span class='ocrx_word' id='word_1_512' title='bbox 2169 3228 2324 3288; x_wconf 76' lang='grc' dir='ltr'>εἶπεν</span> <span class='ocrx_word' id='word_1_513' title='bbox 2355 3235 2384 3286; x_wconf 97' lang='lat'><strong>6</strong></span> <span class='ocrx_word' id='word_1_514' title='bbox 2406 3233 2613 3304; x_wconf 59' lang='grc' dir='ltr'>γέρων</span> <span class='ocrx_word' id='word_1_515' title='bbox 2659 3232 2718 3288; x_wconf 80' lang='grc' dir='ltr'>Ὀ</span> <span class='ocrx_word' id='word_1_516' title='bbox 2758 3234 2909 3298; x_wconf 81' lang='grc' dir='ltr'>Θεὸς,</span> <span class='ocrx_word' id='word_1_517' title='bbox 2959 3235 3060 3289; x_wconf 83' lang='grc' dir='ltr'>οὒκ</span> <span class='ocrx_word' id='word_1_518' title='bbox 3090 3235 3174 3290; x_wconf 81' lang='grc' dir='ltr'>,ἔτι</span> <span class='ocrx_word' id='word_1_519' title='bbox 3209 3253 3302 3290; x_wconf 89' lang='grc' dir='ltr'><strong>σου</strong></span> <span class='ocrx_word' id='word_1_520' title='bbox 3341 3237 3536 3310; x_wconf 78' lang='grc' dir='ltr'>ἔχομεν</span> <span class='ocrx_word' id='word_1_521' title='bbox 3559 3242 3753 3313; x_wconf 75' lang='grc' dir='ltr'>χρείαν</span> 
     </span>
    </p>
   </div>
   <div class='ocr_carea' id='block_1_76' title="bbox 2170 3325 3753 3402">
    <p class='ocr_par' dir='ltr' id='par_1_76' title="bbox 2170 3325 3753 3402">
     <span class='ocr_line' id='line_1_76' title="bbox 2170 3325 3753 3402; baseline 0.006 -24"><span class='ocrx_word' id='word_1_522' title='bbox 2170 3325 2478 3398; x_wconf 79' lang='grc' dir='ltr'>φροντίζειν</span> <span class='ocrx_word' id='word_1_523' title='bbox 2504 3325 2668 3398; x_wconf 70' lang='grc' dir='ltr'><strong>περ).¹</strong></span> <span class='ocrx_word' id='word_1_524' title='bbox 2686 3325 2842 3396; x_wconf 83' lang='grc' dir='ltr'>ἡμῶν</span> <span class='ocrx_word' id='word_1_525' title='bbox 2867 3341 2884 3359; x_wconf 76' lang='grc' dir='ltr'><strong><em>ο</em></strong></span> <span class='ocrx_word' id='word_1_526' title='bbox 2909 3327 3069 3398; x_wconf 81' lang='grc' dir='ltr'>ἡμεῖς</span> <span class='ocrx_word' id='word_1_527' title='bbox 3083 3327 3299 3399; x_wconf 85' lang='grc' dir='ltr'>γὰρτὴν</span> <span class='ocrx_word' id='word_1_528' title='bbox 3324 3329 3604 3402; x_wconf 77' lang='grc' dir='ltr'>ἐκδίκησιν</span> <span class='ocrx_word' id='word_1_529' title='bbox 3627 3333 3753 3388; x_wconf 80' lang='grc' dir='ltr'>ἐαυ-</span> 
     </span>
    </p>
   </div>
   <div class='ocr_carea' id='block_1_77' title="bbox 2168 3413 3750 3491">
    <p class='ocr_par' dir='ltr' id='par_1_77' title="bbox 2168 3413 3750 3491">
     <span class='ocr_line' id='line_1_77' title="bbox 2168 3413 3750 3491; baseline 0.004 -18"><span class='ocrx_word' id='word_1_530' title='bbox 2168 3419 2276 3473; x_wconf 85' lang='grc' dir='ltr'><strong>τῶν</strong></span> <span class='ocrx_word' id='word_1_531' title='bbox 2324 3417 2607 3489; x_wconf 83' lang='grc' dir='ltr'>ποιοῦμεν.</span> <span class='ocrx_word' id='word_1_532' title='bbox 2655 3416 2826 3471; x_wconf 82' lang='grc' dir='ltr'>Τοῦτο</span> <span class='ocrx_word' id='word_1_533' title='bbox 2851 3413 2946 3472; x_wconf 84' lang='grc' dir='ltr'><strong>οὖν</strong></span> <span class='ocrx_word' id='word_1_534' title='bbox 2979 3417 3216 3483; x_wconf 82' lang='grc' dir='ltr'>ἀκούσας</span> <span class='ocrx_word' id='word_1_535' title='bbox 3251 3421 3280 3473; x_wconf 93' lang='lat'><strong>6</strong></span> <span class='ocrx_word' id='word_1_536' title='bbox 3305 3422 3552 3491; x_wconf 83' lang='grc' dir='ltr'>ἀδελφὸς,</span> <span class='ocrx_word' id='word_1_537' title='bbox 3588 3423 3750 3479; x_wconf 78' lang='grc' dir='ltr'>ἔπεσε</span> 
     </span>
    </p>
   </div>
   <div class='ocr_carea' id='block_1_78' title="bbox 2169 3507 3748 3582">
    <p class='ocr_par' dir='ltr' id='par_1_78' title="bbox 2169 3507 3748 3582">
     <span class='ocr_line' id='line_1_78' title="bbox 2169 3507 3748 3582; baseline 0.004 -20"><span class='ocrx_word' id='word_1_538' title='bbox 2169 3510 2320 3582; x_wconf 82' lang='grc' dir='ltr'>παρὰ</span> <span class='ocrx_word' id='word_1_539' title='bbox 2350 3509 2477 3573; x_wconf 82' lang='grc' dir='ltr'>τοὺς</span> <span class='ocrx_word' id='word_1_540' title='bbox 2538 3507 2710 3572; x_wconf 87' lang='grc' dir='ltr'>πόδας</span> <span class='ocrx_word' id='word_1_541' title='bbox 2747 3507 2844 3562; x_wconf 78' lang='grc' dir='ltr'>τοῦ</span> <span class='ocrx_word' id='word_1_542' title='bbox 2871 3509 3147 3579; x_wconf 87' lang='grc' dir='ltr'>γέροντος,</span> <span class='ocrx_word' id='word_1_543' title='bbox 3177 3511 3378 3565; x_wconf 75' lang='grc' dir='ltr'>εἰπών·</span> <span class='ocrx_word' id='word_1_544' title='bbox 3413 3512 3634 3567; x_wconf 79' lang='grc' dir='ltr'>Οὐκέτι</span> <span class='ocrx_word' id='word_1_545' title='bbox 3669 3515 3748 3569; x_wconf 89' lang='grc' dir='ltr'>δι-</span> 
     </span>
    </p>
   </div>
   <div class='ocr_carea' id='block_1_79' title="bbox 2168 3599 3751 3675">
    <p class='ocr_par' dir='ltr' id='par_1_79' title="bbox 2168 3599 3751 3675">
     <span class='ocr_line' id='line_1_79' title="bbox 2168 3599 3751 3675; baseline -0.001 -18"><span class='ocrx_word' id='word_1_546' title='bbox 2168 3603 2409 3674; x_wconf 80' lang='grc' dir='ltr'>κάζομαι</span> <span class='ocrx_word' id='word_1_547' title='bbox 2448 3600 2589 3671; x_wconf 87' lang='grc' dir='ltr'><strong>μετά</strong></span> <span class='ocrx_word' id='word_1_548' title='bbox 2614 3599 2711 3654; x_wconf 80' lang='grc' dir='ltr'>τοῦ</span> <span class='ocrx_word' id='word_1_549' title='bbox 2751 3599 3005 3670; x_wconf 82' lang='grc' dir='ltr'>ἀδελφοῦ,</span> <span class='ocrx_word' id='word_1_550' title='bbox 3039 3599 3395 3673; x_wconf 85' lang='grc' dir='ltr'>συγχώρησόν</span> <span class='ocrx_word' id='word_1_551' title='bbox 3429 3621 3542 3675; x_wconf 88' lang='grc' dir='ltr'>μοι,</span> <span class='ocrx_word' id='word_1_552' title='bbox 3581 3605 3751 3661; x_wconf 75' lang='grc' dir='ltr'>ἀδεᾶ.</span> 
     </span>
    </p>
   </div>
   <div class='ocr_carea' id='block_1_80' title="bbox 2241 3689 3742 3766">
    <p class='ocr_par' dir='ltr' id='par_1_80' title="bbox 2241 3689 3742 3766">
     <span class='ocr_line' id='line_1_80' title="bbox 2241 3689 3742 3766; baseline 0 -19"><span class='ocrx_word' id='word_1_553' title='bbox 2241 3693 2306 3766; x_wconf 83' lang='grc' dir='ltr'><strong>β’.</strong></span> <span class='ocrx_word' id='word_1_554' title='bbox 2347 3691 2602 3760; x_wconf 80' lang='grc' dir='ltr'>’Λδελφὸς</span> <span class='ocrx_word' id='word_1_555' title='bbox 2657 3689 2915 3762; x_wconf 78' lang='grc' dir='ltr'>ἠρώτησε</span> <span class='ocrx_word' id='word_1_556' title='bbox 2945 3689 3036 3742; x_wconf 81' lang='grc' dir='ltr'><strong>τὸν</strong></span> <span class='ocrx_word' id='word_1_557' title='bbox 3072 3690 3246 3744; x_wconf 75' lang='grc' dir='ltr'>ἀϐὁᾶν</span> <span class='ocrx_word' id='word_1_558' title='bbox 3286 3693 3502 3765; x_wconf 88' lang='grc' dir='ltr'>Σισόην,</span> <span class='ocrx_word' id='word_1_559' title='bbox 3532 3694 3742 3764; x_wconf 89' lang='grc' dir='ltr'>λέγων·</span> 
     </span>
    </p>
   </div>
   <div class='ocr_carea' id='block_1_81' title="bbox 2166 3780 3754 3856">
    <p class='ocr_par' dir='ltr' id='par_1_81' title="bbox 2166 3780 3754 3856">
     <span class='ocr_line' id='line_1_81' title="bbox 2166 3780 3754 3856; baseline 0 -16"><span class='ocrx_word' id='word_1_560' title='bbox 2166 3785 2234 3840; x_wconf 84' lang='grc' dir='ltr'>Τί</span> <span class='ocrx_word' id='word_1_561' title='bbox 2262 3786 2510 3856; x_wconf 85' lang='grc' dir='ltr'>ποιήσω;</span> <span class='ocrx_word' id='word_1_562' title='bbox 2542 3784 2623 3837; x_wconf 84' lang='grc' dir='ltr'>ὅτι</span> <span class='ocrx_word' id='word_1_563' title='bbox 2649 3780 2874 3836; x_wconf 88' lang='grc' dir='ltr'>ἀπαντῶ</span> <span class='ocrx_word' id='word_1_564' title='bbox 2905 3781 2986 3844; x_wconf 88' lang='grc' dir='ltr'><strong>είς</strong></span> <span class='ocrx_word' id='word_1_565' title='bbox 3023 3780 3121 3852; x_wconf 81' lang='grc' dir='ltr'><strong>τὴν</strong></span> <span class='ocrx_word' id='word_1_566' title='bbox 3147 3783 3468 3853; x_wconf 82' lang='grc' dir='ltr'>ἐκκλησίαν,</span> <span class='ocrx_word' id='word_1_567' title='bbox 3499 3787 3596 3839; x_wconf 77' lang='grc' dir='ltr'>καὶ</span> <span class='ocrx_word' id='word_1_568' title='bbox 3627 3789 3754 3842; x_wconf 72' lang='grc' dir='ltr'>πο),-</span> 
     </span>
    </p>
   </div>
   <div class='ocr_carea' id='block_1_82' title="bbox 2165 3872 3750 3947">
    <p class='ocr_par' dir='ltr' id='par_1_82' title="bbox 2165 3872 3750 3947">
     <span class='ocr_line' id='line_1_82' title="bbox 2165 3872 3750 3947; baseline -0.001 -17"><span class='ocrx_word' id='word_1_569' title='bbox 2165 3877 2322 3943; x_wconf 85' lang='grc' dir='ltr'>λάκις</span> <span class='ocrx_word' id='word_1_570' title='bbox 2345 3878 2556 3947; x_wconf 90' lang='grc' dir='ltr'>γίνεται</span> <span class='ocrx_word' id='word_1_571' title='bbox 2578 3876 2766 3946; x_wconf 85' lang='grc' dir='ltr'>ἀγάπη</span> <span class='ocrx_word' id='word_1_572' title='bbox 2791 3914 2806 3938; x_wconf 90' lang='grc'><strong>,</strong></span> <span class='ocrx_word' id='word_1_573' title='bbox 2848 3875 2943 3928; x_wconf 67' lang='grc' dir='ltr'><strong>κα)⁵</strong></span> <span class='ocrx_word' id='word_1_574' title='bbox 2977 3872 3240 3945; x_wconf 85' lang='grc' dir='ltr'>κρατοῦσί</span> <span class='ocrx_word' id='word_1_575' title='bbox 3297 3893 3385 3946; x_wconf 89' lang='grc' dir='ltr'><strong>με.</strong></span> <span class='ocrx_word' id='word_1_576' title='bbox 3416 3877 3578 3947; x_wconf 84' lang='grc' dir='ltr'>Λέγει</span> <span class='ocrx_word' id='word_1_577' title='bbox 3603 3878 3750 3946; x_wconf 70' lang='grc' dir='ltr'>αὐτῷ</span> 
     </span>
    </p>
   </div>
   <div class='ocr_carea' id='block_1_83' title="bbox 2166 3962 3748 4043">
    <p class='ocr_par' dir='ltr' id='par_1_83' title="bbox 2166 3962 3748 4043">
     <span class='ocr_line' id='line_1_83' title="bbox 2166 3962 3748 4043; baseline -0.002 -19"><span class='ocrx_word' id='word_1_578' title='bbox 2166 3973 2195 4024; x_wconf 93' lang='lat'><strong>6</strong></span> <span class='ocrx_word' id='word_1_579' title='bbox 2221 3969 2430 4043; x_wconf 85' lang='grc' dir='ltr'>γέρων·</span> <span class='ocrx_word' id='word_1_580' title='bbox 2453 3969 2638 4022; x_wconf 85' lang='grc' dir='ltr'>Κόπον</span> <span class='ocrx_word' id='word_1_581' title='bbox 2669 3967 2782 4039; x_wconf 74' lang='grc' dir='ltr'>ἔχει</span> <span class='ocrx_word' id='word_1_582' title='bbox 2809 3965 2871 4020; x_wconf 79' lang='grc' dir='ltr'>τὸ</span> <span class='ocrx_word' id='word_1_583' title='bbox 2897 3967 3149 4038; x_wconf 81' lang='grc' dir='ltr'>πρᾶγμα.</span> <span class='ocrx_word' id='word_1_584' title='bbox 3181 3967 3345 4036; x_wconf 82' lang='grc' dir='ltr'>Λέγει</span> <span class='ocrx_word' id='word_1_585' title='bbox 3371 3962 3464 4021; x_wconf 80' lang='grc' dir='ltr'><strong>οὖν</strong></span> <span class='ocrx_word' id='word_1_586' title='bbox 3496 3967 3748 4040; x_wconf 76' lang='grc' dir='ltr'>Ἀϐραὰμ</span> 
     </span>
    </p>
   </div>
   <div class='ocr_carea' id='block_1_84' title="bbox 2166 4057 3739 4132">
    <p class='ocr_par' dir='ltr' id='par_1_84' title="bbox 2166 4057 3739 4132">
     <span class='ocr_line' id='line_1_84' title="bbox 2166 4057 3739 4132; baseline -0.001 -18"><span class='ocrx_word' id='word_1_587' title='bbox 2166 4063 2195 4114; x_wconf 93' lang='lat'><strong>6</strong></span> <span class='ocrx_word' id='word_1_588' title='bbox 2222 4060 2472 4132; x_wconf 84' lang='grc' dir='ltr'>μαθητὴς</span> <span class='ocrx_word' id='word_1_589' title='bbox 2507 4059 2674 4113; x_wconf 78' lang='grc' dir='ltr'>αὐτοῦ</span> <span class='ocrx_word' id='word_1_590' title='bbox 2699 4077 2713 4092; x_wconf 76' lang='grc' dir='ltr'><strong>ο</strong></span> <span class='ocrx_word' id='word_1_591' title='bbox 2755 4057 2882 4112; x_wconf 86' lang='grc' dir='ltr'><strong>Ἐὰν</strong></span> <span class='ocrx_word' id='word_1_592' title='bbox 2919 4057 3142 4127; x_wconf 87' lang='grc' dir='ltr'>γένηται</span> <span class='ocrx_word' id='word_1_593' title='bbox 3189 4059 3493 4130; x_wconf 85' lang='grc' dir='ltr'>ἀπάντησις</span> <span class='ocrx_word' id='word_1_594' title='bbox 3527 4061 3585 4112; x_wconf 87' lang='grc' dir='ltr'><strong>ἐν</strong></span> <span class='ocrx_word' id='word_1_595' title='bbox 3613 4061 3739 4114; x_wconf 76' lang='grc' dir='ltr'>σασ-</span> 
     </span>
    </p>
   </div>
   <div class='ocr_carea' id='block_1_85' title="bbox 2168 4150 3749 4224">
    <p class='ocr_par' dir='ltr' id='par_1_85' title="bbox 2168 4150 3749 4224">
     <span class='ocr_line' id='line_1_85' title="bbox 2168 4150 3749 4224; baseline 0.001 -18"><span class='ocrx_word' id='word_1_596' title='bbox 2168 4152 2376 4224; x_wconf 80' lang='grc' dir='ltr'>6άτῳῆ</span> <span class='ocrx_word' id='word_1_597' title='bbox 2406 4153 2464 4204; x_wconf 85' lang='grc' dir='ltr'><strong>ἐν</strong></span> <span class='ocrx_word' id='word_1_598' title='bbox 2497 4153 2773 4223; x_wconf 83' lang='grc' dir='ltr'>Κυριακῇ,</span> <span class='ocrx_word' id='word_1_599' title='bbox 2811 4151 2907 4204; x_wconf 73' lang='grc' dir='ltr'>καὶ</span> <span class='ocrx_word' id='word_1_600' title='bbox 2940 4150 3039 4222; x_wconf 83' lang='grc' dir='ltr'>πίῃ</span> <span class='ocrx_word' id='word_1_601' title='bbox 3070 4150 3298 4219; x_wconf 78' lang='grc' dir='ltr'>ἀδελφὸς</span> <span class='ocrx_word' id='word_1_602' title='bbox 3331 4153 3460 4224; x_wconf 85' lang='grc' dir='ltr'>τρία</span> <span class='ocrx_word' id='word_1_603' title='bbox 3489 4155 3749 4224; x_wconf 85' lang='grc' dir='ltr'>ποτήρια,</span> 
     </span>
    </p>
   </div>
   <div class='ocr_carea' id='block_1_86' title="bbox 2171 4240 3752 4317">
    <p class='ocr_par' dir='ltr' id='par_1_86' title="bbox 2171 4240 3752 4317">
     <span class='ocr_line' id='line_1_86' title="bbox 2171 4240 3752 4317; baseline -0.001 -20"><span class='ocrx_word' id='word_1_604' title='bbox 2171 4245 2247 4317; x_wconf 81' lang='grc' dir='ltr'>μὴ</span> <span class='ocrx_word' id='word_1_605' title='bbox 2268 4242 2443 4298; x_wconf 89' lang='grc' dir='ltr'>πολλά</span> <span class='ocrx_word' id='word_1_606' title='bbox 2467 4244 2584 4296; x_wconf 86' lang='grc' dir='ltr'>ἐστι</span> <span class='ocrx_word' id='word_1_607' title='bbox 2603 4257 2620 4309; x_wconf 89' lang='lat'><strong>;</strong></span> <span class='ocrx_word' id='word_1_608' title='bbox 2641 4242 2807 4311; x_wconf 85' lang='grc' dir='ltr'>Λέγει</span> <span class='ocrx_word' id='word_1_609' title='bbox 2839 4242 2867 4294; x_wconf 90' lang='lat'><strong>6</strong></span> <span class='ocrx_word' id='word_1_610' title='bbox 2891 4243 3069 4314; x_wconf 89' lang='grc' dir='ltr'>γέρων</span> <span class='ocrx_word' id='word_1_611' title='bbox 3089 4256 3104 4270; x_wconf 71' lang='grc'><strong><em>⁸</em></strong></span> <span class='ocrx_word' id='word_1_612' title='bbox 3152 4240 3278 4296; x_wconf 85' lang='grc' dir='ltr'>Ἐὰν</span> <span class='ocrx_word' id='word_1_613' title='bbox 3310 4243 3410 4296; x_wconf 81' lang='grc' dir='ltr'><strong>οὐκ</strong></span> <span class='ocrx_word' id='word_1_614' title='bbox 3435 4244 3547 4297; x_wconf 81' lang='grc' dir='ltr'>ἐστι</span> <span class='ocrx_word' id='word_1_615' title='bbox 3575 4245 3752 4297; x_wconf 83' lang='grc' dir='ltr'>Σατα-</span> 
     </span>
    </p>
   </div>
   <div class='ocr_carea' id='block_1_87' title="bbox 2168 4333 2792 4403">
    <p class='ocr_par' dir='ltr' id='par_1_87' title="bbox 2168 4333 2792 4403">
     <span class='ocr_line' id='line_1_87' title="bbox 2168 4333 2792 4403; baseline -0.008 -11"><span class='ocrx_word' id='word_1_616' title='bbox 2168 4337 2292 4403; x_wconf 79' lang='grc' dir='ltr'>νᾶς,</span> <span class='ocrx_word' id='word_1_617' title='bbox 2309 4334 2482 4390; x_wconf 86' lang='grc' dir='ltr'>πολλὰ</span> <span class='ocrx_word' id='word_1_618' title='bbox 2505 4334 2607 4388; x_wconf 83' lang='grc' dir='ltr'><strong>οὐκ</strong></span> <span class='ocrx_word' id='word_1_619' title='bbox 2627 4333 2792 4388; x_wconf 82' lang='grc' dir='ltr'>ἐστιν.</span> 
     </span>
    </p>
   </div>
   <div class='ocr_carea' id='block_1_88' title="bbox 560 4424 2066 4531">
    <p class='ocr_par' dir='ltr' id='par_1_88' title="bbox 560 4425 2057 4497">
     <span class='ocr_line' id='line_1_88' title="bbox 560 4425 2057 4497; baseline 0.007 -19"><span class='ocrx_word' id='word_1_620' title='bbox 560 4427 615 4478; x_wconf 78' lang='grc'>5.</span> <span class='ocrx_word' id='word_1_621' title='bbox 667 4426 779 4496; x_wconf 53' lang='grc' dir='ltr'><strong>(δῇ)</strong></span> <span class='ocrx_word' id='word_1_622' title='bbox 824 4425 1134 4497; x_wconf 84' lang='lat' dir='ltr'><strong>Discipulus</strong></span> <span class='ocrx_word' id='word_1_623' title='bbox 1199 4427 1413 4483; x_wconf 88' lang='lat' dir='ltr'><strong>abbatis</strong></span> <span class='ocrx_word' id='word_1_624' title='bbox 1464 4425 1640 4484; x_wconf 91' lang='lat' dir='ltr'><strong>Sisois</strong></span> <span class='ocrx_word' id='word_1_625' title='bbox 1686 4430 1902 4486; x_wconf 88' lang='lat' dir='ltr'><strong>dicebat</strong></span> <span class='ocrx_word' id='word_1_626' title='bbox 1958 4433 2057 4488; x_wconf 91' lang='lat' dir='ltr'><strong>ei:</strong></span> 
     </span>
    </p>
   </div>
   <div class='ocr_carea' id='block_1_89' title="bbox 2170 4424 3747 4531">
    <p class='ocr_par' dir='ltr' id='par_1_89' title="bbox 2236 4424 3747 4500">
     <span class='ocr_line' id='line_1_89' title="bbox 2236 4424 3747 4500; baseline -0.001 -18"><span class='ocrx_word' id='word_1_627' title='bbox 2236 4427 2307 4500; x_wconf 89' lang='grc' dir='ltr'>γ’.</span> <span class='ocrx_word' id='word_1_628' title='bbox 2343 4427 2572 4495; x_wconf 83' lang='grc' dir='ltr'>’Ἔλεγεν</span> <span class='ocrx_word' id='word_1_629' title='bbox 2595 4427 2624 4480; x_wconf 95' lang='lat'><strong>6</strong></span> <span class='ocrx_word' id='word_1_630' title='bbox 2648 4424 2891 4498; x_wconf 84' lang='grc' dir='ltr'>μαθητὴς</span> <span class='ocrx_word' id='word_1_631' title='bbox 2917 4424 3012 4478; x_wconf 84' lang='grc' dir='ltr'>τοῦ</span> <span class='ocrx_word' id='word_1_632' title='bbox 3041 4424 3184 4479; x_wconf 76' lang='grc' dir='ltr'><strong>ἀϐὅᾶ</strong></span> <span class='ocrx_word' id='word_1_633' title='bbox 3215 4425 3375 4494; x_wconf 80' lang='grc' dir='ltr'>Σισόη</span> <span class='ocrx_word' id='word_1_634' title='bbox 3402 4425 3538 4497; x_wconf 82' lang='grc' dir='ltr'>πρὸς</span> <span class='ocrx_word' id='word_1_635' title='bbox 3557 4428 3747 4481; x_wconf 81' lang='grc' dir='ltr'>αὐτόν·</span> 
     </span>
    </p>
   </div>
   <div class='ocr_carea' id='block_1_90' title="bbox 495 4513 2060 4591">
    <p class='ocr_par' dir='ltr' id='par_1_90' title="bbox 495 4513 2060 4591">
     <span class='ocr_line' id='line_1_90' title="bbox 495 4513 2060 4591; baseline 0.01 -25"><span class='ocrx_word' id='word_1_636' title='bbox 495 4513 676 4582; x_wconf 81' lang='lat' dir='ltr'><strong>Pater,</strong></span> <span class='ocrx_word' id='word_1_637' title='bbox 729 4518 995 4583; x_wconf 88' lang='lat' dir='ltr'><strong>senuisti,</strong></span> <span class='ocrx_word' id='word_1_638' title='bbox 1038 4518 1298 4573; x_wconf 89' lang='lat' dir='ltr'><strong>abeamus</strong></span> <span class='ocrx_word' id='word_1_639' title='bbox 1348 4519 1463 4588; x_wconf 77' lang='lat' dir='ltr'><strong>jam</strong></span> <span class='ocrx_word' id='word_1_640' title='bbox 1517 4536 1687 4591; x_wconf 91' lang='lat' dir='ltr'><strong>prope</strong></span> <span class='ocrx_word' id='word_1_641' title='bbox 1742 4532 1918 4581; x_wconf 87' lang='lat' dir='ltr'><strong>terras</strong></span> <span class='ocrx_word' id='word_1_642' title='bbox 1960 4525 2060 4580; x_wconf 86' lang='lat' dir='ltr'><strong>ha-</strong></span> 
     </span>
    </p>
   </div>
   <div class='ocr_carea' id='block_1_91' title="bbox 498 4608 2060 4683">
    <p class='ocr_par' dir='ltr' id='par_1_91' title="bbox 498 4608 2060 4683">
     <span class='ocr_line' id='line_1_91' title="bbox 498 4608 2060 4683; baseline 0.007 -21"><span class='ocrx_word' id='word_1_643' title='bbox 498 4609 711 4663; x_wconf 83' lang='lat' dir='ltr'><strong>bitatas.</strong></span> <span class='ocrx_word' id='word_1_644' title='bbox 766 4608 858 4662; x_wconf 88' lang='lat' dir='ltr'><strong>Ait</strong></span> <span class='ocrx_word' id='word_1_645' title='bbox 913 4625 1079 4664; x_wconf 91' lang='lat' dir='ltr'><strong>senex</strong></span> <span class='ocrx_word' id='word_1_646' title='bbox 1140 4629 1153 4663; x_wconf 93' lang='lat'><strong>:</strong></span> <span class='ocrx_word' id='word_1_647' title='bbox 1210 4608 1315 4665; x_wconf 91' lang='lat' dir='ltr'><strong>Ubi</strong></span> <span class='ocrx_word' id='word_1_648' title='bbox 1367 4612 1474 4666; x_wconf 90' lang='lat' dir='ltr'><strong>non</strong></span> <span class='ocrx_word' id='word_1_649' title='bbox 1539 4623 1624 4668; x_wconf 87' lang='lat' dir='ltr'><strong>est</strong></span> <span class='ocrx_word' id='word_1_650' title='bbox 1669 4615 1887 4683; x_wconf 88' lang='lat' dir='ltr'><strong>mulier,</strong></span> <span class='ocrx_word' id='word_1_651' title='bbox 1947 4618 2060 4673; x_wconf 93' lang='lat' dir='ltr'><strong>illic</strong></span> 
     </span>
    </p>
   </div>
   <div class='ocr_carea' id='block_1_92' title="bbox 494 4701 2057 4775">
    <p class='ocr_par' dir='ltr' id='par_1_92' title="bbox 494 4701 2057 4775">
     <span class='ocr_line' id='line_1_92' title="bbox 494 4701 2057 4775; baseline 0.006 -19"><span class='ocrx_word' id='word_1_652' title='bbox 494 4717 800 4772; x_wconf 87' lang='lat' dir='ltr'><strong>pergamus.</strong></span> <span class='ocrx_word' id='word_1_653' title='bbox 833 4701 970 4756; x_wconf 91' lang='lat' dir='ltr'><strong>Tum</strong></span> <span class='ocrx_word' id='word_1_654' title='bbox 1011 4704 1314 4774; x_wconf 91' lang='lat' dir='ltr'><strong>discipulus</strong></span> <span class='ocrx_word' id='word_1_655' title='bbox 1347 4723 1360 4758; x_wconf 91' lang='lat'><strong>:</strong></span> <span class='ocrx_word' id='word_1_656' title='bbox 1395 4703 1461 4757; x_wconf 87' lang='lat' dir='ltr'><strong>Et</strong></span> <span class='ocrx_word' id='word_1_657' title='bbox 1484 4705 1607 4775; x_wconf 90' lang='lat' dir='ltr'><strong>quis</strong></span> <span class='ocrx_word' id='word_1_658' title='bbox 1640 4707 1792 4763; x_wconf 90' lang='lat' dir='ltr'><strong>locus</strong></span> <span class='ocrx_word' id='word_1_659' title='bbox 1821 4717 1907 4764; x_wconf 89' lang='lat' dir='ltr'><strong>est</strong></span> <span class='ocrx_word' id='word_1_660' title='bbox 1946 4725 2057 4765; x_wconf 91' lang='lat' dir='ltr'><strong>non</strong></span> 
     </span>
    </p>
   </div>
   <div class='ocr_carea' id='block_1_93' title="bbox 495 4793 2056 4862">
    <p class='ocr_par' dir='ltr' id='par_1_93' title="bbox 495 4793 2056 4862">
     <span class='ocr_line' id='line_1_93' title="bbox 495 4793 2056 4862; baseline 0.006 -18"><span class='ocrx_word' id='word_1_661' title='bbox 495 4793 699 4848; x_wconf 84' lang='lat' dir='ltr'><strong>habens</strong></span> <span class='ocrx_word' id='word_1_662' title='bbox 724 4794 1030 4859; x_wconf 86' lang='lat' dir='ltr'><strong>mulierem,</strong></span> <span class='ocrx_word' id='word_1_663' title='bbox 1059 4793 1164 4850; x_wconf 88' lang='lat' dir='ltr'><strong>nisi</strong></span> <span class='ocrx_word' id='word_1_664' title='bbox 1197 4795 1454 4862; x_wconf 5' lang='lat' dir='ltr'><strong>eremugs?</strong></span> <span class='ocrx_word' id='word_1_665' title='bbox 1473 4793 1651 4851; x_wconf 85' lang='lat' dir='ltr'><strong>Senex</strong></span> <span class='ocrx_word' id='word_1_666' title='bbox 1680 4815 1692 4850; x_wconf 91' lang='lat'><strong>:</strong></span> <span class='ocrx_word' id='word_1_667' title='bbox 1721 4796 1780 4852; x_wconf 92' lang='lat' dir='ltr'><strong>ln</strong></span> <span class='ocrx_word' id='word_1_668' title='bbox 1812 4814 2056 4855; x_wconf 89' lang='lat' dir='ltr'><strong>eremum</strong></span> 
     </span>
    </p>
   </div>
   <div class='ocr_carea' id='block_1_94' title="bbox 491 4888 810 4944">
    <p class='ocr_par' dir='ltr' id='par_1_94' title="bbox 491 4888 810 4944">
     <span class='ocr_line' id='line_1_94' title="bbox 491 4888 810 4944; baseline 0.009 -3"><span class='ocrx_word' id='word_1_669' title='bbox 491 4888 676 4942; x_wconf 90' lang='lat' dir='ltr'><strong>ducito</strong></span> <span class='ocrx_word' id='word_1_670' title='bbox 705 4901 810 4944; x_wconf 89' lang='lat' dir='ltr'><strong>me.</strong></span> 
     </span>
    </p>
   </div>
   <div class='ocr_carea' id='block_1_95' title="bbox 558 4978 2061 5052">
    <p class='ocr_par' dir='ltr' id='par_1_95' title="bbox 558 4978 2061 5052">
     <span class='ocr_line' id='line_1_95' title="bbox 558 4978 2061 5052; baseline 0.005 -18"><span class='ocrx_word' id='word_1_671' title='bbox 558 4981 614 5034; x_wconf 74' lang='grc'>4.</span> <span class='ocrx_word' id='word_1_672' title='bbox 658 4981 770 5052; x_wconf 74' lang='grc'><strong>(55)</strong></span> <span class='ocrx_word' id='word_1_673' title='bbox 795 4978 1133 5052; x_wconf 84' lang='lat' dir='ltr'><strong>Frequenter</strong></span> <span class='ocrx_word' id='word_1_674' title='bbox 1161 4980 1466 5051; x_wconf 90' lang='lat' dir='ltr'><strong>discipulus</strong></span> <span class='ocrx_word' id='word_1_675' title='bbox 1497 4982 1712 5040; x_wconf 89' lang='lat' dir='ltr'><strong>abbatis</strong></span> <span class='ocrx_word' id='word_1_676' title='bbox 1740 4983 1918 5042; x_wconf 87' lang='lat' dir='ltr'><strong>Sisois</strong></span> <span class='ocrx_word' id='word_1_677' title='bbox 1953 4987 2061 5042; x_wconf 90' lang='lat' dir='ltr'><strong>aie-</strong></span> 
     </span>
    </p>
   </div>
   <div class='ocr_carea' id='block_1_96' title="bbox 489 5070 2053 5142">
    <p class='ocr_par' dir='ltr' id='par_1_96' title="bbox 489 5070 2053 5142">
     <span class='ocr_line' id='line_1_96' title="bbox 489 5070 2053 5142; baseline 0.004 -17"><span class='ocrx_word' id='word_1_678' title='bbox 489 5071 581 5126; x_wconf 86' lang='lat' dir='ltr'><strong>bat</strong></span> <span class='ocrx_word' id='word_1_679' title='bbox 612 5089 626 5125; x_wconf 89' lang='lat'><strong>:</strong></span> <span class='ocrx_word' id='word_1_680' title='bbox 659 5070 832 5136; x_wconf 83' lang='lat' dir='ltr'><strong>Abba,</strong></span> <span class='ocrx_word' id='word_1_681' title='bbox 896 5086 1076 5142; x_wconf 85' lang='lat' dir='ltr'><strong>surge,</strong></span> <span class='ocrx_word' id='word_1_682' title='bbox 1145 5073 1557 5130; x_wconf 88' lang='lat' dir='ltr'><strong>manducemus.</strong></span> <span class='ocrx_word' id='word_1_683' title='bbox 1607 5074 1702 5132; x_wconf 89' lang='lat' dir='ltr'><strong>llle</strong></span> <span class='ocrx_word' id='word_1_684' title='bbox 1756 5075 1827 5131; x_wconf 90' lang='lat' dir='ltr'><strong>ad</strong></span> <span class='ocrx_word' id='word_1_685' title='bbox 1883 5092 2053 5132; x_wconf 89' lang='lat' dir='ltr'><strong>eum:</strong></span> 
     </span>
    </p>
   </div>
   <div class='ocr_carea' id='block_1_97' title="bbox 485 5162 2053 5235">
    <p class='ocr_par' dir='ltr' id='par_1_97' title="bbox 485 5162 2053 5235">
     <span class='ocr_line' id='line_1_97' title="bbox 485 5162 2053 5235; baseline 0.004 -16"><span class='ocrx_word' id='word_1_686' title='bbox 485 5163 606 5219; x_wconf 85' lang='lat' dir='ltr'><strong>Non</strong></span> <span class='ocrx_word' id='word_1_687' title='bbox 656 5163 1016 5229; x_wconf 89' lang='lat' dir='ltr'><strong>comedimus,</strong></span> <span class='ocrx_word' id='word_1_688' title='bbox 1066 5162 1181 5218; x_wconf 83' lang='lat' dir='ltr'><strong>ﬁli?</strong></span> <span class='ocrx_word' id='word_1_689' title='bbox 1223 5163 1821 5235; x_wconf 80' lang='lat' dir='ltr'><strong>RespondebatzNon,</strong></span> <span class='ocrx_word' id='word_1_690' title='bbox 1871 5170 2053 5226; x_wconf 87' lang='lat' dir='ltr'><strong>Pater.</strong></span> 
     </span>
    </p>
   </div>
   <div class='ocr_carea' id='block_1_98' title="bbox 485 5254 2052 5324">
    <p class='ocr_par' dir='ltr' id='par_1_98' title="bbox 485 5254 2052 5324">
     <span class='ocr_line' id='line_1_98' title="bbox 485 5254 2052 5324; baseline 0.005 -17"><span class='ocrx_word' id='word_1_691' title='bbox 485 5255 623 5309; x_wconf 87' lang='lat' dir='ltr'><strong>Tum</strong></span> <span class='ocrx_word' id='word_1_692' title='bbox 679 5270 844 5311; x_wconf 79' lang='lat' dir='ltr'><strong>senex</strong></span> <span class='ocrx_word' id='word_1_693' title='bbox 876 5271 890 5309; x_wconf 91' lang='lat'><strong>:</strong></span> <span class='ocrx_word' id='word_1_694' title='bbox 923 5254 980 5310; x_wconf 92' lang='lat' dir='ltr'><strong>Si</strong></span> <span class='ocrx_word' id='word_1_695' title='bbox 1031 5269 1138 5309; x_wconf 92' lang='lat' dir='ltr'><strong>non</strong></span> <span class='ocrx_word' id='word_1_696' title='bbox 1187 5256 1525 5314; x_wconf 91' lang='lat' dir='ltr'><strong>comedimus</strong></span> <span class='ocrx_word' id='word_1_697' title='bbox 1546 5293 1562 5320; x_wconf 87' lang='grc'><strong><em>,</em></strong></span> <span class='ocrx_word' id='word_1_698' title='bbox 1589 5258 1742 5324; x_wconf 75' lang='lat' dir='ltr'><strong>affer,</strong></span> <span class='ocrx_word' id='word_1_699' title='bbox 1771 5268 1825 5318; x_wconf 86' lang='lat' dir='ltr'><strong>et</strong></span> <span class='ocrx_word' id='word_1_700' title='bbox 1868 5261 2052 5317; x_wconf 90' lang='lat' dir='ltr'><strong>cibum</strong></span> 
     </span>
    </p>
   </div>
   <div class='ocr_carea' id='block_1_99' title="bbox 482 5363 783 5420">
    <p class='ocr_par' dir='ltr' id='par_1_99' title="bbox 482 5363 783 5420">
     <span class='ocr_line' id='line_1_99' title="bbox 482 5363 783 5420; baseline 0.017 -18"><span class='ocrx_word' id='word_1_701' title='bbox 482 5363 783 5420; x_wconf 65' lang='lat' dir='ltr'><strong>(aptemus.</strong></span> 
     </span>
    </p>
   </div>
   <div class='ocr_carea' id='block_1_100' title="bbox 549 5526 2066 5606">
    <p class='ocr_par' dir='ltr' id='par_1_100' title="bbox 549 5526 2066 5606">
     <span class='ocr_line' id='line_1_100' title="bbox 549 5526 2066 5606; baseline 0.003 -23"><span class='ocrx_word' id='word_1_702' title='bbox 549 5531 594 5564; x_wconf 78' lang='lat'><strong>”</strong></span> <span class='ocrx_word' id='word_1_703' title='bbox 623 5530 706 5584; x_wconf 81' lang='lat' dir='ltr'><strong>Al.</strong></span> <span class='ocrx_word' id='word_1_704' title='bbox 738 5529 922 5583; x_wconf 81' lang='grc' dir='ltr'>Σισώι.</span> <span class='ocrx_word' id='word_1_705' title='bbox 982 5530 1028 5561; x_wconf 80' lang='grc'><strong>⁹⁰</strong></span> <span class='ocrx_word' id='word_1_706' title='bbox 1054 5529 1139 5583; x_wconf 81' lang='lat' dir='ltr'><strong>Al.</strong></span> <span class='ocrx_word' id='word_1_707' title='bbox 1173 5530 1369 5585; x_wconf 81' lang='grc' dir='ltr'>Σισόιν.</span> <span class='ocrx_word' id='word_1_708' title='bbox 1447 5533 1511 5562; x_wconf 72' lang='grc'><strong>’⁸⁸⁸</strong></span> <span class='ocrx_word' id='word_1_709' title='bbox 1539 5531 1620 5584; x_wconf 81' lang='lat' dir='ltr'><strong>Al.</strong></span> <span class='ocrx_word' id='word_1_710' title='bbox 1654 5526 1862 5602; x_wconf 85' lang='grc' dir='ltr'>Σισὼην</span> <span class='ocrx_word' id='word_1_711' title='bbox 1885 5532 1975 5586; x_wconf 81' lang='grc' dir='ltr'><strong>τὸν</strong></span> <span class='ocrx_word' id='word_1_712' title='bbox 1992 5533 2066 5606; x_wconf 89' lang='grc' dir='ltr'>Θη</span> 
     </span>
    </p>
   </div>
   <div class='ocr_carea' id='block_1_101' title="bbox 2170 5526 3207 5606">
    <p class='ocr_par' dir='ltr' id='par_1_101' title="bbox 2170 5528 3207 5598">
     <span class='ocr_line' id='line_1_101' title="bbox 2170 5528 3207 5598; baseline -0.009 -9"><span class='ocrx_word' id='word_1_713' title='bbox 2170 5553 2245 5589; x_wconf 93' lang='grc' dir='ltr'><strong>ον.</strong></span> <span class='ocrx_word' id='word_1_714' title='bbox 2322 5533 2442 5586; x_wconf 78' lang='lat' dir='ltr'><strong>‘Al.</strong></span> <span class='ocrx_word' id='word_1_715' title='bbox 2472 5530 2565 5586; x_wconf 76' lang='grc' dir='ltr'>τοῦ</span> <span class='ocrx_word' id='word_1_716' title='bbox 2596 5532 2624 5584; x_wconf 91' lang='lat'><strong>6</strong></span> <span class='ocrx_word' id='word_1_717' title='bbox 2653 5529 2815 5585; x_wconf 80' lang='grc' dir='ltr'>δεῖνα.</span> <span class='ocrx_word' id='word_1_718' title='bbox 2893 5528 3014 5582; x_wconf 82' lang='grc' dir='ltr'><strong>Ἀι.</strong></span> <span class='ocrx_word' id='word_1_719' title='bbox 3049 5528 3207 5598; x_wconf 85' lang='grc' dir='ltr'>ὑπέρ.</span> 
     </span>
    </p>
   </div>
   <div class='ocr_carea' id='block_1_102' title="bbox 550 5704 1267 5776">
    <p class='ocr_par' dir='ltr' id='par_1_102' title="bbox 550 5704 1267 5776">
     <span class='ocr_line' id='line_1_102' title="bbox 550 5704 1267 5776; baseline 0.008 -19"><span class='ocrx_word' id='word_1_720' title='bbox 550 5704 661 5776; x_wconf 77' lang='grc'>(50)</span> <span class='ocrx_word' id='word_1_721' title='bbox 707 5707 812 5761; x_wconf 81' lang='lat' dir='ltr'><strong>Vit.</strong></span> <span class='ocrx_word' id='word_1_722' title='bbox 845 5707 996 5762; x_wconf 85' lang='lat' dir='ltr'><strong>Patr.</strong></span> <span class='ocrx_word' id='word_1_723' title='bbox 1039 5725 1146 5771; x_wconf 79' lang='lat' dir='ltr'><strong>xvt,</strong></span> <span class='ocrx_word' id='word_1_724' title='bbox 1182 5711 1267 5765; x_wconf 81' lang='grc'>10.</span> 
     </span>
    </p>
   </div>
   <div class='ocr_carea' id='block_1_103' title="bbox 552 5776 1218 5843">
    <p class='ocr_par' dir='ltr' id='par_1_103' title="bbox 552 5776 1218 5843">
     <span class='ocr_line' id='line_1_103' title="bbox 552 5776 1218 5843; baseline 0.009 -17"><span class='ocrx_word' id='word_1_725' title='bbox 552 5776 664 5843; x_wconf 61' lang='grc' dir='ltr'><strong>(δι)</strong></span> <span class='ocrx_word' id='word_1_726' title='bbox 713 5776 814 5829; x_wconf 82' lang='lat' dir='ltr'><strong>l’it.</strong></span> <span class='ocrx_word' id='word_1_727' title='bbox 849 5778 995 5831; x_wconf 79' lang='lat' dir='ltr'><strong>Patr.</strong></span> <span class='ocrx_word' id='word_1_728' title='bbox 1034 5795 1104 5843; x_wconf 82' lang='lat' dir='ltr'><strong>tv,</strong></span> <span class='ocrx_word' id='word_1_729' title='bbox 1130 5780 1218 5832; x_wconf 75' lang='grc' dir='ltr'><strong>ΞΤ.</strong></span> 
     </span>
    </p>
   </div>
   <div class='ocr_carea' id='block_1_104' title="bbox 2166 4516 3749 4592">
    <p class='ocr_par' dir='ltr' id='par_1_104' title="bbox 2166 4516 3749 4592">
     <span class='ocr_line' id='line_1_104' title="bbox 2166 4516 3749 4592; baseline -0.002 -17"><span class='ocrx_word' id='word_1_730' title='bbox 2166 4520 2366 4592; x_wconf 82' lang='grc' dir='ltr'>Πάτερ,</span> <span class='ocrx_word' id='word_1_731' title='bbox 2399 4519 2701 4590; x_wconf 83' lang='grc' dir='ltr'>ἐγήρασας,</span> <span class='ocrx_word' id='word_1_732' title='bbox 2728 4516 3052 4587; x_wconf 83' lang='grc' dir='ltr'>ἀπέλθωμεν</span> <span class='ocrx_word' id='word_1_733' title='bbox 3075 4517 3241 4586; x_wconf 80' lang='grc' dir='ltr'>ἐγγὺς</span> <span class='ocrx_word' id='word_1_734' title='bbox 3273 4517 3374 4587; x_wconf 81' lang='grc' dir='ltr'>τῆς</span> <span class='ocrx_word' id='word_1_735' title='bbox 3395 4518 3749 4589; x_wconf 81' lang='grc' dir='ltr'>οἰκουμένης,</span> 
     </span>
    </p>
   </div>
   <div class='ocr_carea' id='block_1_105' title="bbox 2163 4607 3748 4681">
    <p class='ocr_par' dir='ltr' id='par_1_105' title="bbox 2163 4607 3748 4681">
     <span class='ocr_line' id='line_1_105' title="bbox 2163 4607 3748 4681; baseline -0.004 -13"><span class='ocrx_word' id='word_1_736' title='bbox 2163 4613 2372 4668; x_wconf 84' lang='grc' dir='ltr'>λοιπόν.</span> <span class='ocrx_word' id='word_1_737' title='bbox 2415 4611 2580 4680; x_wconf 85' lang='grc' dir='ltr'>Λέγει</span> <span class='ocrx_word' id='word_1_738' title='bbox 2634 4608 2784 4679; x_wconf 85' lang='grc' dir='ltr'>αὑτῷ</span> <span class='ocrx_word' id='word_1_739' title='bbox 2813 4610 2841 4660; x_wconf 92' lang='lat'><strong>6</strong></span> <span class='ocrx_word' id='word_1_740' title='bbox 2879 4609 3058 4681; x_wconf 91' lang='grc' dir='ltr'>γέρων</span> <span class='ocrx_word' id='word_1_741' title='bbox 3081 4624 3096 4639; x_wconf 82' lang='grc'>⁶</span> <span class='ocrx_word' id='word_1_742' title='bbox 3124 4609 3298 4663; x_wconf 87' lang='grc' dir='ltr'>Ὅπου</span> <span class='ocrx_word' id='word_1_743' title='bbox 3328 4609 3429 4662; x_wconf 83' lang='grc' dir='ltr'><strong>οὐκ</strong></span> <span class='ocrx_word' id='word_1_744' title='bbox 3467 4607 3550 4660; x_wconf 82' lang='grc' dir='ltr'>ἔνι</span> <span class='ocrx_word' id='word_1_745' title='bbox 3584 4608 3748 4680; x_wconf 81' lang='grc' dir='ltr'>γυνὴ,</span> 
     </span>
    </p>
   </div>
   <div class='ocr_carea' id='block_1_106' title="bbox 2163 4698 3752 4772">
    <p class='ocr_par' dir='ltr' id='par_1_106' title="bbox 2163 4698 3752 4772">
     <span class='ocr_line' id='line_1_106' title="bbox 2163 4698 3752 4772; baseline -0.001 -15"><span class='ocrx_word' id='word_1_746' title='bbox 2163 4705 2282 4758; x_wconf 86' lang='grc' dir='ltr'>ἐκεῖ</span> <span class='ocrx_word' id='word_1_747' title='bbox 2310 4701 2654 4772; x_wconf 87' lang='grc' dir='ltr'>ἀπέλθωμεν.</span> <span class='ocrx_word' id='word_1_748' title='bbox 2703 4700 2866 4769; x_wconf 88' lang='grc' dir='ltr'>Λέγει</span> <span class='ocrx_word' id='word_1_749' title='bbox 2897 4699 3046 4770; x_wconf 82' lang='grc' dir='ltr'>αὑτῷ</span> <span class='ocrx_word' id='word_1_750' title='bbox 3070 4701 3099 4752; x_wconf 95' lang='lat'><strong>6</strong></span> <span class='ocrx_word' id='word_1_751' title='bbox 3130 4698 3378 4770; x_wconf 83' lang='grc' dir='ltr'>μαθητὴς</span> <span class='ocrx_word' id='word_1_752' title='bbox 3407 4698 3572 4753; x_wconf 80' lang='grc' dir='ltr'>αὐτοῦ</span> <span class='ocrx_word' id='word_1_753' title='bbox 3591 4717 3606 4733; x_wconf 88' lang='grc'><strong>·</strong></span> <span class='ocrx_word' id='word_1_754' title='bbox 3635 4701 3752 4755; x_wconf 76' lang='grc' dir='ltr'>Καὶ</span> 
     </span>
    </p>
   </div>
   <div class='ocr_carea' id='block_1_107' title="bbox 2162 4789 3748 4862">
    <p class='ocr_par' dir='ltr' id='par_1_107' title="bbox 2162 4789 3748 4862">
     <span class='ocr_line' id='line_1_107' title="bbox 2162 4789 3748 4862; baseline -0.015 -1"><span class='ocrx_word' id='word_1_755' title='bbox 2162 4794 2268 4848; x_wconf 76' lang='grc' dir='ltr'><strong>ποῦ</strong></span> <span class='ocrx_word' id='word_1_756' title='bbox 2299 4794 2417 4847; x_wconf 70' lang='grc' dir='ltr'>ἔστι</span> <span class='ocrx_word' id='word_1_757' title='bbox 2451 4793 2619 4855; x_wconf 80' lang='grc' dir='ltr'>τόπος</span> <span class='ocrx_word' id='word_1_758' title='bbox 2649 4794 2678 4845; x_wconf 87' lang='grc' dir='ltr'>ὁ</span> <span class='ocrx_word' id='word_1_759' title='bbox 2711 4791 2784 4862; x_wconf 81' lang='grc' dir='ltr'>μὴ</span> <span class='ocrx_word' id='word_1_760' title='bbox 2815 4790 2952 4862; x_wconf 73' lang='grc' dir='ltr'>ἔχων</span> <span class='ocrx_word' id='word_1_761' title='bbox 2987 4793 3242 4858; x_wconf 84' lang='grc' dir='ltr'>γυναῖκα,</span> <span class='ocrx_word' id='word_1_762' title='bbox 3272 4792 3323 4843; x_wconf 85' lang='grc' dir='ltr'><strong>εί</strong></span> <span class='ocrx_word' id='word_1_763' title='bbox 3355 4789 3478 4862; x_wconf 81' lang='grc' dir='ltr'>μὴή</span> <span class='ocrx_word' id='word_1_764' title='bbox 3501 4789 3748 4861; x_wconf 81' lang='grc' dir='ltr'>ἔρημος;</span> 
     </span>
    </p>
   </div>
   <div class='ocr_carea' id='block_1_108' title="bbox 2161 4878 3513 4956">
    <p class='ocr_par' dir='ltr' id='par_1_108' title="bbox 2161 4878 3513 4956">
     <span class='ocr_line' id='line_1_108' title="bbox 2161 4878 3513 4956; baseline -0.003 -15"><span class='ocrx_word' id='word_1_765' title='bbox 2161 4887 2326 4956; x_wconf 89' lang='grc' dir='ltr'>Λέγει</span> <span class='ocrx_word' id='word_1_766' title='bbox 2353 4880 2445 4940; x_wconf 80' lang='grc' dir='ltr'><strong>οὖν</strong></span> <span class='ocrx_word' id='word_1_767' title='bbox 2463 4887 2492 4939; x_wconf 92' lang='lat'><strong>6</strong></span> <span class='ocrx_word' id='word_1_768' title='bbox 2519 4887 2700 4956; x_wconf 85' lang='grc' dir='ltr'>γέρων</span> <span class='ocrx_word' id='word_1_769' title='bbox 2725 4902 2740 4917; x_wconf 86' lang='grc'><strong>·</strong></span> <span class='ocrx_word' id='word_1_770' title='bbox 2775 4885 2871 4948; x_wconf 79' lang='grc' dir='ltr'>Εἰς</span> <span class='ocrx_word' id='word_1_771' title='bbox 2901 4883 3000 4955; x_wconf 85' lang='grc' dir='ltr'><strong>τὴν</strong></span> <span class='ocrx_word' id='word_1_772' title='bbox 3032 4883 3238 4956; x_wconf 75' lang='grc' dir='ltr'>ἔρημον</span> <span class='ocrx_word' id='word_1_773' title='bbox 3265 4878 3400 4956; x_wconf 82' lang='grc' dir='ltr'>ἆρόν</span> <span class='ocrx_word' id='word_1_774' title='bbox 3422 4901 3513 4954; x_wconf 85' lang='grc' dir='ltr'><strong>με.</strong></span> 
     </span>
    </p>
   </div>
   <div class='ocr_carea' id='block_1_109' title="bbox 2232 4973 3744 5048">
    <p class='ocr_par' dir='ltr' id='par_1_109' title="bbox 2232 4973 3744 5048">
     <span class='ocr_line' id='line_1_109' title="bbox 2232 4973 3744 5048; baseline -0.005 -14"><span class='ocrx_word' id='word_1_775' title='bbox 2232 4980 2295 5034; x_wconf 87' lang='grc' dir='ltr'>δ’.</span> <span class='ocrx_word' id='word_1_776' title='bbox 2330 4978 2599 5042; x_wconf 84' lang='grc' dir='ltr'>Πολλάκις</span> <span class='ocrx_word' id='word_1_777' title='bbox 2655 4976 2841 5045; x_wconf 75' lang='grc' dir='ltr'>ἔλεγεν</span> <span class='ocrx_word' id='word_1_778' title='bbox 2894 4980 2923 5032; x_wconf 93' lang='lat'><strong>6</strong></span> <span class='ocrx_word' id='word_1_779' title='bbox 2962 4975 3210 5048; x_wconf 83' lang='grc' dir='ltr'>μαθητὴς</span> <span class='ocrx_word' id='word_1_780' title='bbox 3243 4975 3337 5029; x_wconf 81' lang='grc' dir='ltr'>τοῦ</span> <span class='ocrx_word' id='word_1_781' title='bbox 3368 4973 3514 5028; x_wconf 73' lang='lat' dir='ltr'><strong>assa</strong></span> <span class='ocrx_word' id='word_1_782' title='bbox 3540 4975 3706 5046; x_wconf 85' lang='grc' dir='ltr'>Σισόη</span> <span class='ocrx_word' id='word_1_783' title='bbox 3729 4991 3744 5004; x_wconf 88' lang='grc'><strong>·</strong></span> 
     </span>
    </p>
   </div>
   <div class='ocr_carea' id='block_1_110' title="bbox 2176 5065 3742 5140">
    <p class='ocr_par' dir='ltr' id='par_1_110' title="bbox 2176 5065 3742 5140">
     <span class='ocr_line' id='line_1_110' title="bbox 2176 5065 3742 5140; baseline -0.004 -14"><span class='ocrx_word' id='word_1_784' title='bbox 2176 5071 2366 5138; x_wconf 77' lang='grc' dir='ltr'>’Λ66ᾶ,</span> <span class='ocrx_word' id='word_1_785' title='bbox 2397 5072 2626 5134; x_wconf 84' lang='grc' dir='ltr'>ἀνάστα,</span> <span class='ocrx_word' id='word_1_786' title='bbox 2657 5067 2937 5140; x_wconf 84' lang='grc' dir='ltr'>φάγωμεν.</span> <span class='ocrx_word' id='word_1_787' title='bbox 2972 5069 3030 5123; x_wconf 88' lang='lat'><strong>&#39;0</strong></span> <span class='ocrx_word' id='word_1_788' title='bbox 3066 5068 3125 5122; x_wconf 80' lang='grc' dir='ltr'>δὲ</span> <span class='ocrx_word' id='word_1_789' title='bbox 3163 5068 3302 5139; x_wconf 81' lang='grc' dir='ltr'>πρὸς</span> <span class='ocrx_word' id='word_1_790' title='bbox 3329 5067 3490 5121; x_wconf 81' lang='grc' dir='ltr'>αὑτὸν</span> <span class='ocrx_word' id='word_1_791' title='bbox 3517 5065 3706 5135; x_wconf 77' lang='grc' dir='ltr'>ἔλεγεν</span> <span class='ocrx_word' id='word_1_792' title='bbox 3728 5083 3742 5098; x_wconf 88' lang='grc'><strong>·</strong></span> 
     </span>
    </p>
   </div>
   <div class='ocr_carea' id='block_1_111' title="bbox 2163 5159 3746 5234">
    <p class='ocr_par' dir='ltr' id='par_1_111' title="bbox 2163 5159 3746 5234">
     <span class='ocr_line' id='line_1_111' title="bbox 2163 5159 3746 5234; baseline -0.005 -14"><span class='ocrx_word' id='word_1_793' title='bbox 2163 5165 2278 5220; x_wconf 83' lang='grc' dir='ltr'>Οὐκ</span> <span class='ocrx_word' id='word_1_794' title='bbox 2320 5163 2620 5234; x_wconf 85' lang='grc' dir='ltr'>ἐφάγομεν,</span> <span class='ocrx_word' id='word_1_795' title='bbox 2674 5160 2896 5227; x_wconf 88' lang='grc' dir='ltr'>τέκνον;</span> <span class='ocrx_word' id='word_1_796' title='bbox 2936 5160 2994 5215; x_wconf 86' lang='lat'><strong>&#39;0</strong></span> <span class='ocrx_word' id='word_1_797' title='bbox 3041 5159 3127 5213; x_wconf 79' lang='grc' dir='ltr'><strong>δέ⁸</strong></span> <span class='ocrx_word' id='word_1_798' title='bbox 3158 5159 3318 5231; x_wconf 78' lang='grc' dir='ltr'>Οὐχὶ,</span> <span class='ocrx_word' id='word_1_799' title='bbox 3372 5159 3575 5230; x_wconf 87' lang='grc' dir='ltr'>Πάτερ.</span> <span class='ocrx_word' id='word_1_800' title='bbox 3629 5159 3746 5213; x_wconf 75' lang='grc' dir='ltr'><strong>Καὶ</strong></span> 
     </span>
    </p>
   </div>
   <div class='ocr_carea' id='block_1_112' title="bbox 2161 5249 3742 5326">
    <p class='ocr_par' dir='ltr' id='par_1_112' title="bbox 2161 5249 3742 5326">
     <span class='ocr_line' id='line_1_112' title="bbox 2161 5249 3742 5326; baseline -0.006 -14"><span class='ocrx_word' id='word_1_801' title='bbox 2161 5258 2347 5326; x_wconf 77' lang='grc' dir='ltr'>ἔλεγεν</span> <span class='ocrx_word' id='word_1_802' title='bbox 2374 5257 2404 5308; x_wconf 83' lang='lat'><strong>6</strong></span> <span class='ocrx_word' id='word_1_803' title='bbox 2429 5254 2608 5326; x_wconf 90' lang='grc' dir='ltr'>γέρων</span> <span class='ocrx_word' id='word_1_804' title='bbox 2635 5269 2648 5285; x_wconf 90' lang='grc'><strong>·</strong></span> <span class='ocrx_word' id='word_1_805' title='bbox 2680 5253 2744 5306; x_wconf 78' lang='lat' dir='ltr'><strong>Et</strong></span> <span class='ocrx_word' id='word_1_806' title='bbox 2805 5252 2903 5307; x_wconf 87' lang='grc' dir='ltr'><strong>οὐκ</strong></span> <span class='ocrx_word' id='word_1_807' title='bbox 2933 5252 3229 5325; x_wconf 81' lang='grc' dir='ltr'>ἐφάγομεν,</span> <span class='ocrx_word' id='word_1_808' title='bbox 3265 5252 3417 5324; x_wconf 83' lang='grc' dir='ltr'>φέρε,</span> <span class='ocrx_word' id='word_1_809' title='bbox 3457 5252 3553 5305; x_wconf 75' lang='grc' dir='ltr'><strong>καὶ</strong></span> <span class='ocrx_word' id='word_1_810' title='bbox 3593 5249 3742 5304; x_wconf 75' lang='grc' dir='ltr'>ἐσθίο</span> 
     </span>
    </p>
   </div>
   <div class='ocr_carea' id='block_1_113' title="bbox 2160 5352 2371 5424">
    <p class='ocr_par' dir='ltr' id='par_1_113' title="bbox 2160 5352 2371 5424">
     <span class='ocr_line' id='line_1_113' title="bbox 2160 5352 2371 5424; baseline -0.005 -17"><span class='ocrx_word' id='word_1_811' title='bbox 2160 5370 2296 5424; x_wconf 90' lang='grc' dir='ltr'>ομεν</span> <span class='ocrx_word' id='word_1_812' title='bbox 2327 5352 2371 5406; x_wconf 90' lang='grc'>³.</span> 
     </span>
    </p>
   </div>
   <div class='ocr_carea' id='block_1_114' title="bbox 3288 5523 3741 5598">
    <p class='ocr_par' dir='ltr' id='par_1_114' title="bbox 3288 5523 3741 5598">
     <span class='ocr_line' id='line_1_114' title="bbox 3288 5523 3741 5598; baseline 0.011 -19"><span class='ocrx_word' id='word_1_813' title='bbox 3288 5528 3308 5559; x_wconf 87' lang='grc'><strong><em>⁸</em></strong></span> <span class='ocrx_word' id='word_1_814' title='bbox 3324 5526 3407 5580; x_wconf 83' lang='lat' dir='ltr'><strong>Al.</strong></span> <span class='ocrx_word' id='word_1_815' title='bbox 3440 5523 3741 5598; x_wconf 66' lang='grc' dir='ltr'>ἐσθίωμεν.</span> 
     </span>
    </p>
   </div>
   <div class='ocr_carea' id='block_1_115' title="bbox 2230 5710 2893 5784">
    <p class='ocr_par' dir='ltr' id='par_1_115' title="bbox 2230 5710 2893 5784">
     <span class='ocr_line' id='line_1_115' title="bbox 2230 5710 2893 5784; baseline -0.008 -16"><span class='ocrx_word' id='word_1_816' title='bbox 2230 5713 2343 5784; x_wconf 76' lang='lat'><strong>(&#39;59.)</strong></span> <span class='ocrx_word' id='word_1_817' title='bbox 2394 5710 2500 5784; x_wconf 62' lang='lat' dir='ltr'><strong>Yit.</strong></span> <span class='ocrx_word' id='word_1_818' title='bbox 2528 5711 2678 5784; x_wconf 62' lang='lat' dir='ltr'><strong>Eutr.</strong></span> <span class='ocrx_word' id='word_1_819' title='bbox 2713 5728 2771 5776; x_wconf 89' lang='grc' dir='ltr'><strong>ιι,</strong></span> <span class='ocrx_word' id='word_1_820' title='bbox 2807 5713 2893 5784; x_wconf 56' lang='grc' dir='ltr'>ἐξ.</span> 
     </span>
    </p>
   </div>
   <div class='ocr_carea' id='block_1_116' title="bbox 2226 5782 2924 5855">
    <p class='ocr_par' dir='ltr' id='par_1_116' title="bbox 2226 5782 2924 5855">
     <span class='ocr_line' id='line_1_116' title="bbox 2226 5782 2924 5855; baseline -0.001 -18"><span class='ocrx_word' id='word_1_821' title='bbox 2226 5782 2337 5855; x_wconf 81' lang='grc'>(55)</span> <span class='ocrx_word' id='word_1_822' title='bbox 2392 5782 2492 5836; x_wconf 82' lang='lat' dir='ltr'><strong>Vit.</strong></span> <span class='ocrx_word' id='word_1_823' title='bbox 2536 5782 2688 5835; x_wconf 86' lang='lat' dir='ltr'><strong>Patr.</strong></span> <span class='ocrx_word' id='word_1_824' title='bbox 2719 5797 2792 5849; x_wconf 81' lang='lat' dir='ltr'><strong>Iv,</strong></span> <span class='ocrx_word' id='word_1_825' title='bbox 2835 5783 2924 5836; x_wconf 79' lang='grc'><strong>58.</strong></span> 
     </span>
    </p>
   </div>
  </div>
