4062 6332
219 418 318 477 393

1307 409 1924 469 APOPHTIIEGMATA
1966 406 2275 465 PATBUM.

2752 336 2769 371 1

3350 411 3456 468 594

283 539 340 586 ε’.
376 525 514 585 Εἷπέ
558 545 689 584 ποτε
742 529 771 582 6
822 527 993 591 ἀϐεᾶς
1026 528 1219 599 Σισόης
1255 530 1396 600 μετά
1439 529 1780 601 παρρησίας·

1962 527 2015 582 5.
2057 526 2169 596 (35)
2203 523 2581 580 Pronuntiavit
2628 523 2921 595 aliquando
2960 539 3082 579 cum
3126 523 3323 580 fiducia
3361 524 3456 581 ah-

217 622 444 695 deo‘st-
485 620 597 675 ἰδοὺ
653 619 948 691 τριάκοντα
997 618 1090 687 ἔτη
1146 620 1272 690 ἔχω,
1310 621 1509 691 μηκέτι
1532 620 1785 689 δεόμενος

218 711 306 766 τοῦ
326 711 463 766 Θεοῦ
488 712 616 782 περὶ
636 709 908 781 ἁμαρτίας
929 726 942 739 ·
976 710 1111 764 ἀλλὰ
1132 711 1291 764 τοῦτο
1316 710 1570 781 εὖχομαι,
1586 711 1781 777 λέγων’

217 801 378 873 Κύριε
418 800 616 871 Ἰησοῦ,
651 800 922 853 σκέπασόν
980 817 1046 872 με
1088 801 1197 853 ἀπὸ
1222 802 1321 872 τῆς
1355 801 1606 872 γλώσσης
1639 815 1741 870 μου
1766 818 1779 830 ·

218 894 307 946 καὶ
327 891 467 954 ἒωςδ
495 889 589 944 νῦν
612 889 734 944 καθ’
758 889 971 962 ἡμέραν
993 890 1176 944 πίπτω
1194 891 1261 945 δι’
1289 892 1458 962 αὐτῆς
1483 891 1579 946 καὶ
1606 892 1785 962 ἁμαρ·

216 1004 375 1040 τανω.
1488 1030 1491 1035 .

286 1082 359 1142 ς’.
412 1076 664 1146 ’Δδελφὸς
703 1071 821 1129 εἶπε
855 1075 932 1147 τῷ
970 1075 1111 1148 ἅϐὅᾷ
1148 1076 1336 1150 Σισὸῃ·
1382 1076 1506 1139 Πῶς
1534 1077 1633 1129 οὐκ
1653 1078 1787 1131 ἀνα.-

216 1169 449 1242 χωροῢσι
475 1170 544 1223 τὰ
569 1168 715 1241 πάθη
740 1169 835 1222 ἀπ’
853 1167 989 1239 ἐμοῦ
1011 1186 1026 1235 ;
1054 1169 1219 1237 Λέγει
1249 1168 1399 1239 αὐτῷ
1424 1171 1452 1221 6
1476 1168 1652 1239 γέρων
1677 1168 1789 1222 ’Τὰ

218 1262 383 1335 σκεύη
412 1262 591 1316 αὐτῶν
621 1261 833 1315 ἔνδοθέν
858 1261 952 1315 σού
974 1263 1109 1315 εἰσιν
1129 1277 1143 1290 ’
1171 1261 1260 1325 δὸς
1281 1263 1462 1326 αὐτοῖς
1492 1261 1584 1315 τὸν
1613 1262 1788 1334 ἀρρα-

218 1355 360 1410 ϐῶνα
391 1354 590 1417 αὐτῶν,
626 1354 720 1407 καὶ
742 1354 1065 1422 ὑπάγουσιν.

280 1446 344 1510 ζ’.
391 1444 657 1514 Ἑκάϐητό
685 1460 812 1497 ποτε
843 1446 873 1498 6
904 1442 1076 1506 ἀϐὁᾶς
1109 1443 1302 1514 Σισόης
1332 1444 1414 1507 εἰς
1450 1444 1512 1496 τὸ
1539 1443 1668 1514 ὄρος
1692 1442 1788 1497 τοῦ

214 1536 358 1590 ἀδεᾶ
398 1535 682 1589 Ἀντωνίου
712 1537 733 1567 ⁵
754 1551 767 1564 ·
803 1534 895 1589 καὶ
947 1534 1290 1608 χρονίσαντος
1343 1535 1437 1587 τοῦ
1467 1535 1790 1608 διακονητοῦ

215 1626 374 1679 αὑτοῦ
403 1625 579 1679 ἐλθεῖν
608 1626 743 1696 πρὸς
772 1624 966 1690 αὐτὸν,
1004 1623 1109 1688 ἕως
1147 1624 1335 1695 μηνῶν
1364 1624 1497 1679 δέκα
1522 1626 1623 1679 οὐκ
1650 1622 1792 1679 εἶδεν

216 1715 514 1787 ἄνθρωπον.
555 1715 877 1786 Περιπατῶν
896 1715 952 1767 δὲ
985 1715 1045 1767 ὲν
1068 1714 1146 1784 τῷ
1170 1714 1307 1786 ὄρει,
1330 1716 1575 1786 εὑρίσκει
1608 1718 1791 1790 Φαρα-

215 1807 361 1877 νὶτην
414 1804 717 1877 ἁγρεύοντα
745 1806 767 1837 ⁸
816 1806 984 1877 ἄγρια.
1042 1803 1196 1869 ζῶαο
1244 1807 1336 1860 καὶ
1391 1807 1538 1875 λέγει
1571 1807 1721 1878 αὑτῷ
1766 1811 1795 1864 6

1887 618 1987 673 bas
2039 616 2228 672 Sisoes
2261 614 2558 682 :Conﬂde;
2601 629 2732 672 ecce
2779 629 2810 669 a
2865 616 3087 683 triginta
3139 615 3300 671 annis
3346 630 3457 671 non

1887 710 2124 780 amplius
2166 709 2433 778 deprecor
2474 708 2641 764 Deum
2679 714 2906 778 propter
2926 706 3223 773 delictum,
3256 706 3353 764 sed
3388 707 3461 764 ad

1892 801 2039 854 hunc
2081 797 2305 853 modum
2330 811 2566 868 precor:
2604 796 2830 852 Domine
2858 794 3009 861 Jesu,
3052 805 3274 868 prolege
3311 811 3400 853 me
3427 810 3462 851 a

1891 892 2075 964 lingua
2105 904 2228 945 mea
2255 907 2270 946 :
2304 896 2471 961 atque
2495 890 2779 960 hucusque
2802 888 3061 959 prolabor
3091 868 3333 960 quotidie
3362 904 3461 960 per

1888 997 2034 1049 eam,
2070 989 2123 1039 et
2151 996 2340 1053 pecco.

1965 1075 2017 1130 6.
2060 1073 2175 1146 (36)
2206 1074 2401 1131 Frater
2429 1074 2569 1131 dixit
2593 1074 2777 1130 abbati
2808 1073 2951 1132 Sisoi
2984 1092 2998 1129 :
3026 1074 3210 1142 Quare
3235 1091 3345 1131 non
3370 1090 3455 1131 re-

1890 1168 2095 1223 cedunt
2132 1183 2163 1222 a
2199 1182 2285 1223 me
2329 1166 2603 1223 affectus?
2623 1166 2713 1221 Ait
2742 1167 2818 1221 illi
2849 1182 3015 1224 senex
3049 1187 3063 1223 :
3096 1166 3238 1224 Vasa
3270 1183 3462 1224 eorum

1892 1260 2034 1314 intra
2063 1269 2116 1315 te
2150 1266 2299 1315 sunt.
2337 1258 2413 1315 Da
2449 1260 2532 1316 eis
2565 1260 2765 1331 pignus
2796 1274 2981 1323 suum,
3013 1268 3069 1315 et
3092 1260 3392 1316 discedent.

1965 1435 2019 1491 7.
2073 1436 2188 1507 (37)
2242 1435 2534 1493 Residebat
2583 1435 2879 1507 aliquando
2935 1436 3106 1493 abbas
3160 1435 3349 1493 Sisoes
3406 1440 3463 1491 in

1894 1535 2080 1583 monte
2103 1527 2321 1584 abbatis
2349 1528 2610 1595 Antonii;
2633 1535 2689 1584 et
2719 1543 2930 1583 moram
2960 1527 3195 1583 faciente
3218 1530 3468 1584 ministro

1894 1616 2036 1685 ejus,
2066 1632 2168 1673 nec
2197 1618 2453 1675 veniente
2487 1617 2558 1673 ad
2589 1633 2735 1684 eum,
2769 1633 2882 1674 non
2919 1618 3062 1674 vidit
3092 1619 3368 1674 hominem
3398 1620 3467 1673 ad

1896 1725 2114 1766 menses
2142 1710 2350 1765 decem.
2388 1710 2694 1767 Ambulans
2723 1718 2906 1766 autem
2934 1711 2991 1765 in
3029 1720 3231 1774 monte,
3265 1712 3471 1781 reperit

1897 1801 2248 1857 Pharanitem
2274 1811 2562 1859 venantem
2597 1801 2761 1858 feras.
2794 1801 2895 1857 Cui
2927 1793 3090 1858 senex
3123 1820 3138 1858 :
3175 1802 3349 1869 Unde,
3381 1804 3467 1858 in-

216 1896 426 1967 γὲρων·
472 1896 642 1949 Πόθεν
696 1894 865 1966 ἐρχῃς
907 1896 1001 1949 καὶ
1054 1896 1217 1950 πόσον
1248 1897 1440 1968 χρόνον
1478 1898 1618 1968 ἔχεις
1649 1893 1789 1966 ὧδε;

1898 1894 2032 1964 quit,
2076 1894 2273 1950 venis?
2299 1902 2355 1950 et
2383 1908 2414 1949 a
2441 1902 2648 1965 quanto
2683 1900 2932 1965 tempore
2958 1894 3199 1950 versaris
3229 1895 3353 1949 hic?
3378 1894 3473 1949 Ille

227 1988 284 2042 '0
330 1989 387 2042 δὲ
443 1988 548 2060 ἔφη
572 2006 584 2018 ·
634 1988 817 2055 Φύσει,
850 1988 1013 2051 ἀδόᾶ,
1042 1989 1150 2060 ἔχω
1176 1989 1368 2042 ἕνδεκα
1418 1989 1596 2060 μῆνας
1626 1993 1685 2044 ἐν
1711 1990 1791 2062 τῷ

1898 1986 2182 2057 respondit
2209 2004 2224 2042 :
2254 1984 2414 2050 Vere,
2446 1986 2610 2049 abba,
2643 2001 2675 2040 a
2702 1986 2983 2042 mensibus
3010 1986 3262 2042 undecim
3286 1989 3342 2042 in
3366 1989 3473 2045 hoc

213 2079 325 2151 ὄρει
362 2080 560 2151 τούτῳ,
577 2080 673 2134 καὶ
703 2080 803 2133 οὐκ
823 2074 967 2134 εἶδον
986 2080 1276 2151 ἄνθρωπον
1297 2082 1345 2133 εἰ
1380 2081 1455 2152 μὴ
1487 2081 1567 2134 σέ.
1600 2081 1794 2136 Ἀκού-

218 2189 309 2235 σας
338 2172 397 2225 δὲ
420 2174 451 2225 6
472 2172 650 2244 γέρων
689 2171 883 2235 ταῦτα,
920 2171 1174 2225 εἰσελθὼν
1212 2174 1294 2236 εἰς
1325 2172 1387 2225 τὸ
1413 2172 1648 2238 κελλίον,
1671 2172 1794 2227 ἔτυ-

219 2281 341 2318 πτεν
391 2263 610 2328 ἑαυτὸν,
642 2262 850 2331 λέγων’
895 2263 1047 2329 Ἰδοὺ,
1080 2264 1266 2335 Σισόη,
1318 2264 1576 2333 ἐνόμισας
1605 2264 1793 2317 τίποτε

218 2355 603 2425 πεποιηκέναι’
645 2356 740 2409 καὶ
782 2354 902 2408 οὐδὲ
958 2354 1034 2419 ὡς
1066 2356 1095 2408 6
1124 2355 1385 2426 κοσμικδς
1411 2350 1565 2419 οὗτος
1607 2356 1792 2427 ἀκμὴν

217 2446 551 2517 πεποίηκας.
798 2510 814 2524 .

280 2544 347 2609 η’.
384 2536 636 2607 Ἐγένετο
680 2535 964 2608 προσφορὰ
1012 2536 1092 2599 εἰς
1119 2535 1180 2588 τὸ
1207 2536 1331 2607 ὅρος
1365 2534 1459 2590 τοῦ
1493 2536 1637 2590 ἀδεᾶ
1673 2537 1790 2592 Ἀν.

218 2628 441 2693 τωνιου,
496 2627 589 2681 καὶ
632 2627 829 2698 εὑρέθη
880 2628 996 2679 ἐκεῖ
1061 2624 1259 2679 κνίδιον
1302 2623 1446 2679 οἴνου
1490 2624 1600 2694 (54)
1631 2641 1647 2656 ·
1704 2627 1796 2680 καὶ

218 2714 389 2774 λαϐὼν
421 2714 510 2782 εἷς
543 2718 650 2772 τῶν
696 2718 967 2791 γερόντων
1008 2716 1203 2789 μικρὸν
1241 2717 1461 2785 ἀγγεῖον
1494 2713 1591 2769 καὶ
1628 2717 1798 2787 ποτή-

221 2826 347 2881 ριον,
372 2811 659 2881 ἀπήνεγκε
721 2810 856 2881 πρὸς
882 2807 977 2863 τὸν
1021 2808 1196 2862 ἀσὸἄν
1221 2808 1440 2883 Σισᾴην,
1467 2808 1567 2865 καὶ
1599 2809 1799 2866 ἔδωκεν

220 2902 377 2973 αὐτῷ,
412 2903 516 2957 καὶ
544 2902 715 2956 ἔπιεν.
757 2902 988 2973 Ὁμοίως
1006 2900 1099 2955 καὶ
1123 2900 1397 2971 δεύτερον,
1428 2901 1524 2955 καὶ
1552 2902 1793 2968 ἐδέξατο.

223 2995 502 3068 Παρέσχεν
540 2993 689 3065 αὐτῷ
716 2994 812 3049 καὶ
851 2993 1053 3065 τρίτον,
1085 2993 1179 3047 καὶ
1207 2993 1308 3047 οὐκ
1345 2993 1558 3057 ἔλαϐεν,
1586 2994 1756 3047 εἰπών
1781 3012 1793 3024 ·

221 3085 442 3153 Παῦσαι,
486 3087 704 3155 saetas,
742 3086 898 3158 ἢούκ
920 3081 1066 3151 οἶδας
1093 3087 1175 3140 ὃτι
1204 3084 1319 3139 ἔστι
1350 3086 1627 3151 Σατανᾶς;

280 3179 342 3233 0'.
388 3178 684 3250 Παρέϐαλέ
727 3196 812 3242 τις
855 3178 963 3231 τῶν
1005 3177 1249 3247 ἀδελφῶν
1298 3177 1434 3249 πρὸς
1476 3178 1568 3231 τὸν
1621 3177 1797 3230 ἀϐδᾶν

1897 2086 2083 2133 monte
2124 2078 2289 2149 dego,
2330 2093 2433 2133 nec
2459 2078 2575 2134 vidi
2604 2079 2882 2135 hominem
2922 2067 3120 2149 praeter
3154 2088 3229 2134 te.
3261 2080 3475 2146 Quibus

1896 2170 2120 2237 auditis,
2150 2186 2320 2226 senex
2351 2171 2642 2243 ingressus
2672 2173 2727 2227 in
2760 2174 2982 2240 cellam,
3013 2175 3357 2245 percutiebat
3389 2192 3471 2240 se,

1896 2260 1977 2315 En
2011 2260 2222 2329 Sisoes,
2255 2264 2535 2333 inquiens,
2564 2264 2892 2321 existimasti
2919 2275 2970 2322 te
2998 2267 3202 2336 aliquid
3237 2267 3471 2334 fecisse;

1899 2354 2049 2423 atqui
2085 2370 2187 2410 nec
2218 2355 2361 2410 sicut
2396 2354 2501 2411 iste
2527 2356 2809 2412 stecularis
2835 2356 3016 2414 adhuc
3044 2357 3243 2414 fecisti.

1969 2530 2023 2585 8.
2066 2530 2178 2600 (38)
2210 2531 2497 2587 Celebrata
2541 2539 2627 2587 est
2669 2531 2876 2589 oblatio
2924 2534 2981 2589 in
3031 2542 3218 2591 monte
3259 2535 3478 2592 abbatis

1898 2621 2146 2686 Antonii,
2176 2622 2398 2693 illicque
2428 2623 2711 2679 inventum
2744 2632 2831 2681 est
2854 2625 3118 2681 doliolum
3144 2628 3291 2693 vini;
3332 2643 3478 2683 unus

1900 2729 2030 2770 vero
2066 2730 2098 2770 e
2133 2714 2359 2770 senibus
2409 2715 2689 2786 accipiens
2731 2732 2957 2787 parvum
2992 2733 3088 2773 vas
3119 2733 3242 2773 cum
3283 2720 3477 2784 calice,

1899 2807 2093 2863 detulit
2123 2806 2191 2861 ad
2222 2807 2476 2863 abbatem
2520 2808 2756 2875 Sisoem,
2790 2809 3049 2881 deditque
3083 2811 3171 2875 ei,
3197 2812 3289 2881 qni
3322 2813 3476 2867 bibit.

1902 2899 2169 2954 Similiter
2191 2898 2318 2955 fecit
2344 2899 2590 2956 secundo
2611 2939 2627 2965 ,
2651 2909 2706 2956 et
2738 2903 3002 2971 suscepit.
3035 2901 3273 2958 Praebuit
3302 2903 3478 2959 eidem

1900 2994 2062 3046 tertia
2102 2992 2259 3058 vice,
2299 3005 2403 3048 nec
2457 2995 2707 3066 accipere
2746 2995 2942 3058 voluit,
2993 2996 3182 3053 dicens
3214 3016 3226 3052 :
3259 2996 3474 3065 Desine,

1902 3084 2103 3149 frater;
2134 3099 2203 3139 an
2236 3086 2421 3142 nescis
2443 3085 2586 3156 quod
2621 3085 2853 3143 Satanas
2882 3085 2993 3141 sit?

1971 3176 2026 3230 9.
2084 3175 2201 3247 (59)
2232 3177 2503 3234 Convenit
2546 3178 2747 3249 aliquis
2797 3178 3028 3234 fratrum
3078 3179 3329 3236 abbatem
3388 3179 3480 3235 Si-

220 3266 421 3342 Σισόην,
448 3271 542 3332 εἰς
565 3269 627 3322 τὸ
650 3269 771 3341 ὅρος
802 3269 896 3323 τοῦ
926 3269 1072 3323 ἀ66ἄ
1102 3270 1387 3323 Ἀντωνίου
1408 3288 1421 3300 ·
1456 3270 1551 3323 καὶ
1585 3269 1793 3324 λαλούν·

1904 3282 2053 3323 soetu
2084 3269 2137 3324 in
2167 3278 2406 3324 montem
2442 3270 2656 3326 abbatis
2686 3269 2912 3325 Antonii
2940 3310 2954 3331 .
2984 3279 3038 3325 et
3067 3271 3213 3326 inter
3245 3272 3479 3342 loquen-

218 3372 316 3412 των
344 3357 557 3422 αὐτῶν,
596 3357 747 3428 ἔλεγε
780 3359 858 3430 τῷ
906 3359 1051 3431 ἁϐὂᾷ
1088 3360 1280 3431 Σισόῃ·
1317 3360 1475 3431 Ἀρτι
1505 3361 1605 3413 οὐκ
1631 3358 1797 3428 ἔφθα-

221 3462 306 3512 σας
334 3451 412 3512 εἰς
438 3447 521 3501 τὰ
552 3448 724 3519 μέτρα
754 3448 847 3502 τοῦ
878 3449 1022 3503 ἁϐϐἄ
1068 3449 1371 3511 Ἀντωνίου,
1409 3450 1629 3520 Πάτερ;
1690 3450 1799 3502 Καὶ

218 3535 351 3605 λέγει
377 3537 540 3608 αὐτῷ
561 3540 592 3592 6
619 3538 798 3608 γέρων
820 3554 833 3568 ο
876 3540 939 3592 Εἰ
968 3537 1110 3610 εἶχον
1147 3540 1244 3593 ἕνα
1270 3540 1378 3591 τῶν
1407 3538 1682 3609 λογισμῶν
1706 3538 1798 3592 τοῦ

221 3628 348 3682 ἀσῦᾶ
401 3630 727 3692 Ἀντωνίου,
760 3632 1021 3703 ἐγινόμην
1064 3632 1184 3694 ὅλος
1216 3632 1291 3694 ὡς
1334 3630 1472 3701 ἐὗρ’
1518 3631 1655 3700 πλὴν
1684 3626 1800 3684 οἶδα

220 3719 520 3792 ἄνθρωπον,
545 3722 631 3775 ὅτι
682 3722 820 3791 μετὰ
862 3723 1109 3793 καμάτου
1152 3722 1375 3775 δύναται
1413 3721 1677 3791 βαστάσαι
1708 3722 1798 3775 τὸν

224 3804 467 3880 λογισμὸν
496 3809 687 3864 αὐτοῦ.

287 3902 333 3955 ι’.
356 3900 532 3958 τΠ).θὲ
565 3904 697 3957 ποτέ
722 3922 806 3968 τις
826 3905 934 3958 τῶν
955 3905 1206 3975 Θηϐαίων
1236 3905 1369 3976 πρὸς
1399 3904 1491 3958 τὸν
1517 3904 1691 3958 ἁ66ἄν
1708 3905 1797 3958 Σι-

228 3987 342 4062 σόην
362 3992 405 4054 ⁷,
437 3993 617 4047 θέλων
662 3992 912 4062 γενέσθαι
948 3994 1190 4064 μοναχός.
1252 3996 1359 4048 Καὶ
1388 3994 1672 4065 ἠρώτησεν
1699 3995 1800 4048 αὐ·-

224 4078 306 4134 ἰὸν
334 4084 363 4136 6
396 4085 605 4156 γέρων,
638 4086 686 4138 εἰ
716 4085 827 4155 ἔχει
859 4086 1021 4139 τινὰ⁸
1051 4089 1108 4138 ἐν
1142 4086 1219 4156 τῷ
1250 4087 1461 4156 κόσμῳ.
1495 4087 1553 4139 Ὀ
1578 4086 1635 4140 δὲ
1662 4086 1798 4156 ἔφη’

229 4172 364 4243 Ἔχω
390 4176 487 4230 ἕνα
516 4175 658 4230 υἱόν.
712 4177 823 4230 Καὶ
867 4176 1017 4244 λέγει
1053 4177 1203 4248 αὐτῷ
1254 4179 1283 4230 6
1305 4179 1485 4249 γέρων
1507 4194 1520 4207 ·
1558 4178 1798 4244 ’Ύπαγε,

227 4263 365 4340 ρζψον
392 4268 561 4321 αὐτὸν
600 4267 680 4330 εἰς
702 4266 793 4320 τὸν
824 4267 1084 4338 ποταμὸν,
1115 4269 1211 4322 καὶ
1239 4269 1357 4321 τότε
1389 4270 1515 4341 γίνῃ
1547 4269 1798 4339 μοναχὸς.

236 4352 315 4419 Ὦς
342 4352 433 4411 οὖν
453 4357 673 4432 ἀπῆλθε
701 4358 721 4389 ⁹
758 4355 907 4430 ῥίψαι
930 4360 1115 4424 αὑτὸν,
1138 4359 1381 4429 ἔπεμψεν
1400 4362 1428 4413 ὁ
1446 4361 1623 4431 γέρων
1652 4359 1801 4413 ἁδελ-

226 4442 315 4510 φὸν
332 4446 425 4502 τοῦ
450 4446 698 4502 κωλῦσαι
723 4449 883 4502 αὐτόν
902 4449 965 4504 ⁸⁸.
989 4450 1151 4520 Λέγει
1172 4453 1200 4504 ὀ
1223 4451 1474 4520 ἁδελφὸς’
1500 4451 1731 4513 Παῦσαι,
1749 4450 1801 4502 τί

227 4539 412 4609 music;
451 4539 510 4593 '0
537 4538 601 4592 δὲ
630 4533 815 4592 εἶπεν·
857 4541 914 4592 Ὀ
947 4540 1122 4605 ἁϐὁᾶς
1159 4558 1249 4612 μοι
1277 4536 1397 4595 εἷπε
1429 4541 1582 4613 ῥίψαι
1614 4540 1797 4594 αὐτόν.

288 4712 552 4785 ξΑΛΙηίῐὶε.
615 4712 732 4768 τοῦ.
790 4715 829 4785 ,⁸
858 4715 941 4771 ΑΙ.
981 4715 1108 4769 add.
1154 4716 1332 4785 μόνος.

1447 4718 1467 4748 ⁸
1494 4717 1578 4802 AI.
1635 4716 1701 4802 θη

1903 3358 2032 3413 dum
2070 3359 2209 3414 dixit
2241 3378 2255 3415 :
2287 3358 2614 3415 Nondumne
2647 3360 2966 3430 pervenisti,
3000 3359 3180 3426 Pater,
3218 3362 3288 3416 ad
3313 3377 3472 3418 men-

1904 3464 2089 3505 suram
2120 3450 2334 3507 abbatis
2357 3452 2621 3507 Antonii?
2646 3453 2736 3507 Ait
2765 3454 2840 3507 illi
2874 3469 3037 3513 senex
3072 3473 3085 3509 :
3120 3454 3175 3508 Si
3201 3455 3284 3508 vel
3314 3469 3478 3509 unam

1902 3540 2287 3610 cogitationem
2336 3543 2552 3598 abbatis
2584 3544 2810 3598 Antonii
2848 3544 3128 3609 haberem,
3164 3552 3312 3601 totus
3346 3560 3479 3601 evao

1902 3632 2087 3687 derem
2140 3633 2314 3689 instar
2362 3634 2543 3704 ignis:
2580 3643 2954 3690 verumtamen
3001 3637 3129 3689 novi
3179 3636 3477 3703 hominem,

1902 3725 1995 3793 qui
2016 3726 2143 3781 licet
2162 3740 2286 3782 cum
2303 3725 2512 3793 labore,
2528 3734 2708 3797 potest
2724 3725 2866 3783 ferre
2882 3727 3268 3798 cogitationem
3292 3744 3475 3785 suam.

1972 3900 2061 3956 10.
2103 3901 2215 3973 (40)
2247 3900 2409 3956 Venit
2446 3902 2742 3973 aliquando
2776 3903 3377 3974 Thebaaorumquidam
3410 3904 3481 3960 ad

1903 3992 2155 4047 abbatem
2200 3991 2435 4061 Sisocm,
2480 3994 2805 4050 desiderans
2845 3994 3175 4049 monachum
3207 3995 3476 4065 profiteri.

1904 4081 2268 4156 InterrOgavit
2295 4100 2418 4138 eum
2452 4098 2640 4150 senex,
2675 4093 2856 4139 utrum
2886 4084 3120 4154 aliquem
3156 4084 3224 4139 ad
3266 4101 3325 4142 se
3355 4100 3481 4155 per-

1905 4174 2168 4230 tinentem
2194 4173 2421 4230 haberet
2452 4177 2506 4229 in
2536 4174 2757 4230 sarculo.
2789 4172 3093 4245 Respondit
3123 4174 3213 4230 ille
3244 4195 3258 4231 :
3294 4175 3480 4232 Habeo

1904 4264 2096 4321 filium.
2134 4264 2273 4320 Tum
2316 4281 2484 4321 senex
2517 4283 2530 4319 :
2561 4265 2730 4331 Vade,
2759 4265 2964 4337 projice
3008 4280 3134 4320 eum
3166 4266 3219 4320 in
3253 4264 3475 4330 flumen,

1904 4364 2145 4425 tuncque
2179 4355 2274 4412 fies
2301 4357 2625 4413 monachus.
2652 4356 2791 4412 Cum
2824 4356 2987 4429 igitur
3015 4355 3382 4420 discessisset,
3418 4362 3481 4410 ut

1903 4447 2216 4518 projiceret,
2252 4448 2403 4504 misit
2439 4464 2603 4504 senex
2634 4448 2881 4513 fratrem,
2921 4448 3014 4519 qui
3058 4449 3377 4519 prohiberet
3406 4448 3477 4503 il-
3566 4488 3571 4493 ι

1903 4540 2036 4594 lum.
2094 4539 2235 4596 Dicit
2268 4538 2435 4595 frater
2478 4558 2491 4594 :
2528 4539 2760 4606 Desine;
2816 4539 2947 4611 quid
2990 4538 3144 4613 agis?
3190 4538 3285 4595 lllc
3324 4553 3480 4594 exce-

1709 4714 1953 4786 ρεύοντα.
2027 4716 2045 4745 ⁷
2072 4714 2170 4786 Al.
2196 4730 2281 4777 τις
2312 4714 2458 4786 ,πρὸς
2488 4714 2579 4769 τὸν
2613 4714 2787 4768 ὰ66ἄν
2829 4714 3040 4786 Σισώην
3084 4714 3174 4769 τὸν
3215 4714 3475 4784 Θηϐαῖον.

231 4777 348 4838 'Al.
379 4783 431 4837 τί
476 4794 638 4838 ποτε.
717 4784 738 4815 ⁹
770 4784 857 4840 Al.
891 4786 1061 4842 inscr.
1094 4777 1209 4839 1033.
1291 4777 1335 4817 ίο
1359 4785 1441 4839 Al.
1471 4801 1636 4857 praep.
1674 4777 1793 4849 ὧςδ

1898 4786 2066 4855 πῆρεν
2090 4783 2243 4855 ῥίψαι
2264 4777 2448 4837 αὐτον.

293 4962 395 5033 (δι)
436 4964 690 5019 Κνίδιον
722 4964 912 5017 οἴνου.
964 4963 1224 5030 Quamvis
1270 4980 1371 5019 nec
1411 4964 1538 5019 alibi
1576 4979 1793 5034 reperc-

1906 4981 1955 5032 p.
1987 4965 2143 5023 1000,
2177 4980 2233 5017 n.
2263 4965 2296 5017 '5
2329 4980 2342 5014 :
2378 4962 2571 5034 Accipe
2587 4971 2765 5034 tecum
2788 4978 2949 5016 unum
2974 4965 3239 5018 vasculum
3273 4966 3481 5023 cltindii

236 5030 322 5086 rint
356 5030 545 5090 vocem
594 5034 819 5095 κνίδιον,
865 5049 967 5087 nec
1003 5035 1220 5088 diilicile
1260 5036 1333 5087 sit
1367 5030 1658 5089 emendare
1688 5034 1799 5088 ὀνί-

238 5099 359 5175 ᾂιον,
405 5104 556 5175 quod
592 5113 679 5158 est
714 5103 1103 5175 diminutivum
1140 5120 1204 5159 ex
1241 5104 1391 5175 βνος,
1427 5105 1479 5158 id
1523 5113 1607 5160 est
1655 5104 1799 5158 asel-

242 5166 326 5234 lus,
347 5166 442 5229 vos
463 5174 757 5237 vinarium,
780 5180 840 5226 ut
866 5173 1213 5227 observatum
1234 5166 1392 5228 fuit’a
1424 5175 1557 5230 viris
1579 5175 1758 5229 doctis
1780 5192 1794 5241 ;

240 5251 331 5315 non
358 5258 524 5299 ausus
558 5254 743 5298 tamen
778 5258 898 5301 sum
930 5242 1227 5315 quidquam
1267 5245 1385 5298 sine
1409 5244 1592 5313 scripti
1623 5245 1794 5298 alicu-

239 5313 312 5389 1ης»
338 5315 663 5368 auctoritate
689 5321 920 5375 mutare,
946 5313 1071 5382 quia
1112 5315 1398 5389 innumera
1418 5316 1674 5389 exstitere
1687 5330 1793 5389 no-

243 5383 366 5453 mina
399 5398 657 5437 vasorum
688 5390 743 5437 et
771 5397 1175 5446 mensurarum,
1196 5393 1356 5453 atque
1386 5385 1439 5437 in
1470 5384 1537 5438 iis
1560 5383 1792 5453 plurima

242 5451 415 5511 partim
445 5453 772 5508 auctoribus
800 5466 908 5506 non
946 5451 1279 5516 memorata,
1302 5453 1494 5520 partim
1525 5451 1672 5507 a'me
1701 5462 1793 5505 aut

245 5527 336 5571 non
366 5521 523 5587 lecta,
577 5530 673 5574 aut
705 5537 815 5575 non
868 5522 1147 5576 adnotata.
1207 5521 1461 5591 Pelagius
1512 5537 1577 5575 ex
1624 5538 1789 5577 sensu

244 5591 514 5664 transtulit,
556 5591 819 5664 modicum
853 5592 996 5664 viui._
1017 5591 1125 5646 Sed
1161 5592 1508 5664 scribendum
1536 5593 1792 5664 cnidium

245 5657 361 5719 vini,
384 5674 447 5714 ex
472 5676 580 5717 ms.
612 5659 949 5723 Fossatcnsi,
985 5662 1039 5715 in
1066 5677 1173 5731 quo
1197 5663 1393 5730 legitur
1416 5702 1430 5723 ,
1461 5662 1693 5714 cnidium
1723 5664 1796 5713 ri-

247 5735 370 5800 ηιενῃ.
400 5731 552 5786 Addo
581 5746 728 5785 nunc
765 5731 869 5785 ista
908 5732 1178 5800 relegens,
1212 5732 1579 5800 suspicionem
1617 5745 1792 5784 nteant

249 5792 302 5845 ad
329 5796 496 5855 locum
517 5802 613 5870 qui
645 5802 696 5853 in
732 5792 1051 5871 Appendicé
1075 5803 1140 5854 ad
1170 5792 1324 5854 Vitas
1351 5801 1572 5855 Patrum
1600 5801 1796 5870 legitur

512 5894 803 5954 -PATROL.
844 5893 960 5952 Gn.
998 5895 1184 5955 LXV.

1903 5037 2029 5095 riui,
2068 5047 2118 5089 et
2144 5034 2215 5087 da
2240 5034 2433 5104 atcino,
2476 5032 2689 5088 scilicet
2711 5033 2765 5087 in
2798 5035 3135 5104 marginead
3171 5051 3359 5091 vocem
3388 5047 3481 5091 tta-

1901 5105 2105 5157 scutum
2134 5104 2372 5175 positum
2409 5102 2581 5159 fuisse
2609 5102 2991 5175 aliquantlocx
3028 5103 3232 5160 Grzecis
3276 5121 3473 5160 nomen

1902 5174 2121 5239 κνίδιον,
2174 5174 2307 5228 illud
2364 5180 2555 5239 postea
2588 5182 2860 5226 mutatum
2901 5174 2952 5227 in
2984 5176 3206 5237 κνιδίου,
3236 5175 3476 5238 hincque

1898 5245 2235 5313 processisse
2266 5244 2449 5305 cnidii,
2478 5258 2541 5296 ac
2568 5242 2763 5296 deinde.
2782 5242 2991 5298 Cimidii
3022 5252 3075 5299 et
3102 5244 3333 5298 Cltindt't'.
3361 5243 3481 5300 Hoc.

1898 5314 1984 5367 cui
2016 5329 2122 5368 non
2180 5315 2467 5384 placuerit,
2503 5313 2666 5384 habet
2698 5313 2978 5384 Rosweydi
3039 5313 3276 5367 hominis
3326 5313 3475 5367 docti

1897 5383 2355 5446 emendationem,
2388 5383 2626 5451 Cltydtct'.

1968 5454 2080 5521 (55)
2126 5452 2237 5506 Vit.
2278 5453 2428 5523 Patr.
2464 5468 2537 5513 tv,
2563 5453 2651 5507 59.
2698 5521 2710 5523 4
2870 5522 2873 5523 ν
2966 5520 2991 5523 Δ
3033 5519 3041 5523 _

1971 5520 2080 5587 (56)
2128 5523 2234 5576 Vit.
2270 5522 2420 5574 Patr.
2457 5539 2509 5582 Χ,
2542 5523 2649 5585 (ἰ8;
2696 5521 2918 5574 Dormit.
2957 5520 3135 5573 Doclr.
3170 5520 3253 5574 15.

1970 5595 2082 5659 (57)
2134 5593 2236 5646 Vit.
2276 5592 2429 5645 Patr.
2466 5608 2543 5645 Ill.
2573 5592 2623 5643 5.

1971 5664 2084 5727 (58)
2138 5662 2239 5715 Vit.
2279 5661 2432 5715 l’atr.
2468 5678 2541 5720 tv,
2567 5660 2655 5715 56.

1973 5733 2084 5799 (59)
2140 5731 2242 5783 Vit.
2277 5730 2426 5784 Patr.
2462 5746 2547 5790 xv,
2575 5731 2661 5783 44.

1974 5802 2083 5874 (40)
2136 5802 2236 5854 l't't.
2267 5801 2413 5855 Patr,
2451 5817 2560 5868 xw,
2588 5802 2650 5867 8;
2687 5801 2841 5858 Cass.
2879 5801 3015 5856 Coll.
3060 5800 3114 5866 4,
3148 5816 3197 5856 c.
3232 5800 3323 5860 27.

3108 5892 3183 5952 13
