  <div class='ocr_page' id='page_1' title='image "/cluster/home/n/w/nwhite01/storage/ocr_20150623/65/mdp.39015008972203/203.png"; bbox 0 0 4062 6332; ppageno 0'>
   <div class='ocr_carea' id='block_1_1' title="bbox 532 358 641 423">
    <p class='ocr_par' dir='ltr' id='par_1_1' title="bbox 532 358 641 423">
     <span class='ocr_line' id='line_1_1' title="bbox 532 358 641 423; baseline 0 -11"><span class='ocrx_word' id='word_1_1' title='bbox 532 358 641 423; x_wconf 65' lang='grc' dir='ltr'><strong>ξιθό</strong></span> 
     </span>
    </p>
   </div>
   <div class='ocr_carea' id='block_1_2' title="bbox 1630 357 2572 420">
    <p class='ocr_par' dir='ltr' id='par_1_2' title="bbox 1630 357 2572 420">
     <span class='ocr_line' id='line_1_2' title="bbox 1630 357 2572 420; baseline 0.007 -7"><span class='ocrx_word' id='word_1_2' title='bbox 1630 357 1974 414; x_wconf 70' lang='grc' dir='ltr'><strong>ΑΡΡΕΝΙΜΧ</strong></span> <span class='ocrx_word' id='word_1_3' title='bbox 2011 359 2103 414; x_wconf 81' lang='lat' dir='ltr'><strong>AD</strong></span> <span class='ocrx_word' id='word_1_4' title='bbox 2142 360 2572 420; x_wconf 76' lang='lat' dir='ltr'><strong>PALLADIUM.</strong></span> 
     </span>
    </p>
   </div>
   <div class='ocr_carea' id='block_1_3' title="bbox 3685 346 3809 432">
    <p class='ocr_par' dir='ltr' id='par_1_3' title="bbox 3685 346 3809 432">
     <span class='ocr_line' id='line_1_3' title="bbox 3685 346 3809 432; baseline 0.024 -3"><span class='ocrx_word' id='word_1_5' title='bbox 3685 346 3809 432; x_wconf 21' lang='lat'><strong>.399</strong></span> 
     </span>
    </p>
   </div>
   <div class='ocr_carea' id='block_1_4' title="bbox 538 467 2114 561">
    <p class='ocr_par' dir='ltr' id='par_1_4' title="bbox 538 467 2114 540">
     <span class='ocr_line' id='line_1_4' title="bbox 538 467 2114 540; baseline 0.004 -20"><span class='ocrx_word' id='word_1_6' title='bbox 538 469 615 538; x_wconf 89' lang='lat' dir='ltr'><strong>pit</strong></span> <span class='ocrx_word' id='word_1_7' title='bbox 646 487 659 523; x_wconf 91' lang='lat'><strong>:</strong></span> <span class='ocrx_word' id='word_1_8' title='bbox 690 467 874 525; x_wconf 87' lang='lat' dir='ltr'><strong>Abbas</strong></span> <span class='ocrx_word' id='word_1_9' title='bbox 916 467 1084 540; x_wconf 90' lang='lat' dir='ltr'><strong>jussit</strong></span> <span class='ocrx_word' id='word_1_10' title='bbox 1117 477 1176 525; x_wconf 94' lang='lat' dir='ltr'><strong>ut</strong></span> <span class='ocrx_word' id='word_1_11' title='bbox 1215 469 1562 540; x_wconf 84' lang='lat' dir='ltr'><strong>projicercm.</strong></span> <span class='ocrx_word' id='word_1_12' title='bbox 1600 469 1787 540; x_wconf 87' lang='lat' dir='ltr'><strong>Itaque</strong></span> <span class='ocrx_word' id='word_1_13' title='bbox 1825 473 1872 527; x_wconf 79' lang='lat' dir='ltr'><strong>ei</strong></span> <span class='ocrx_word' id='word_1_14' title='bbox 1905 471 2074 529; x_wconf 87' lang='lat' dir='ltr'><strong>frater</strong></span> <span class='ocrx_word' id='word_1_15' title='bbox 2106 492 2114 526; x_wconf 95' lang='lat'><strong>:</strong></span> 
     </span>
    </p>
   </div>
   <div class='ocr_carea' id='block_1_5' title="bbox 2218 467 3815 561">
    <p class='ocr_par' dir='ltr' id='par_1_5' title="bbox 2227 475 3815 561">
     <span class='ocr_line' id='line_1_5' title="bbox 2227 475 3815 561; baseline 0.016 -30"><span class='ocrx_word' id='word_1_16' title='bbox 2227 478 2389 548; x_wconf 83' lang='grc' dir='ltr'>Λέγει</span> <span class='ocrx_word' id='word_1_17' title='bbox 2423 475 2515 534; x_wconf 82' lang='grc' dir='ltr'><strong>οὖν</strong></span> <span class='ocrx_word' id='word_1_18' title='bbox 2562 481 2591 533; x_wconf 90' lang='grc' dir='ltr'><strong>ὁ</strong></span> <span class='ocrx_word' id='word_1_19' title='bbox 2623 478 2878 549; x_wconf 77' lang='grc' dir='ltr'>ἀδελφός·</span> <span class='ocrx_word' id='word_1_20' title='bbox 2938 480 3099 535; x_wconf 77' lang='grc' dir='ltr'>Ἀλλὰ</span> <span class='ocrx_word' id='word_1_21' title='bbox 3135 480 3295 537; x_wconf 83' lang='grc' dir='ltr'>πάλιν</span> <span class='ocrx_word' id='word_1_22' title='bbox 3334 476 3477 553; x_wconf 82' lang='grc' dir='ltr'>εἷπε,</span> <span class='ocrx_word' id='word_1_23' title='bbox 3534 485 3609 557; x_wconf 79' lang='grc' dir='ltr'><strong>μὴ</strong></span> <span class='ocrx_word' id='word_1_24' title='bbox 3648 487 3815 561; x_wconf 73' lang='grc' dir='ltr'><strong>ῥίψῃς</strong></span> 
     </span>
    </p>
   </div>
   <div class='ocr_carea' id='block_1_6' title="bbox 538 560 2120 635">
    <p class='ocr_par' dir='ltr' id='par_1_6' title="bbox 538 560 2120 635">
     <span class='ocr_line' id='line_1_6' title="bbox 538 560 2120 635; baseline 0.001 -17"><span class='ocrx_word' id='word_1_25' title='bbox 538 560 644 618; x_wconf 80' lang='lat' dir='ltr'><strong>Sed</strong></span> <span class='ocrx_word' id='word_1_26' title='bbox 681 562 846 618; x_wconf 89' lang='lat' dir='ltr'><strong>modo</strong></span> <span class='ocrx_word' id='word_1_27' title='bbox 876 565 1046 619; x_wconf 89' lang='lat' dir='ltr'><strong>vetuit</strong></span> <span class='ocrx_word' id='word_1_28' title='bbox 1082 563 1403 635; x_wconf 89' lang='lat' dir='ltr'><strong>projiceres.</strong></span> <span class='ocrx_word' id='word_1_29' title='bbox 1436 562 1501 617; x_wconf 83' lang='lat' dir='ltr'><strong>Et</strong></span> <span class='ocrx_word' id='word_1_30' title='bbox 1532 564 1726 620; x_wconf 83' lang='lat' dir='ltr'><strong>relicto</strong></span> <span class='ocrx_word' id='word_1_31' title='bbox 1759 580 1846 631; x_wconf 91' lang='lat' dir='ltr'><strong>eo,</strong></span> <span class='ocrx_word' id='word_1_32' title='bbox 1879 565 2120 622; x_wconf 85' lang='lat' dir='ltr'><strong>accessit</strong></span> 
     </span>
    </p>
   </div>
   <div class='ocr_carea' id='block_1_7' title="bbox 535 654 2124 731">
    <p class='ocr_par' dir='ltr' id='par_1_7' title="bbox 535 654 2124 731">
     <span class='ocr_line' id='line_1_7' title="bbox 535 654 2124 731; baseline 0.005 -25"><span class='ocrx_word' id='word_1_33' title='bbox 535 654 603 708; x_wconf 91' lang='lat' dir='ltr'><strong>ad</strong></span> <span class='ocrx_word' id='word_1_34' title='bbox 638 670 827 712; x_wconf 86' lang='lat' dir='ltr'><strong>senem</strong></span> <span class='ocrx_word' id='word_1_35' title='bbox 855 698 869 724; x_wconf 94' lang='lat'><strong>,</strong></span> <span class='ocrx_word' id='word_1_36' title='bbox 907 657 1197 729; x_wconf 85' lang='lat' dir='ltr'><strong>factusque</strong></span> <span class='ocrx_word' id='word_1_37' title='bbox 1225 664 1310 713; x_wconf 89' lang='lat' dir='ltr'><strong>est</strong></span> <span class='ocrx_word' id='word_1_38' title='bbox 1334 658 1543 729; x_wconf 89' lang='lat' dir='ltr'><strong>probus</strong></span> <span class='ocrx_word' id='word_1_39' title='bbox 1570 660 1876 716; x_wconf 81' lang='lat' dir='ltr'><strong>monachus</strong></span> <span class='ocrx_word' id='word_1_40' title='bbox 1896 668 2124 731; x_wconf 91' lang='lat' dir='ltr'><strong>propter</strong></span> 
     </span>
    </p>
   </div>
   <div class='ocr_carea' id='block_1_8' title="bbox 536 746 1124 806">
    <p class='ocr_par' dir='ltr' id='par_1_8' title="bbox 536 746 1124 806">
     <span class='ocr_line' id='line_1_8' title="bbox 536 746 1124 806; baseline -0.003 0"><span class='ocrx_word' id='word_1_41' title='bbox 536 746 907 806; x_wconf 76' lang='lat' dir='ltr'><strong>obedientiam</strong></span> <span class='ocrx_word' id='word_1_42' title='bbox 942 763 1124 804; x_wconf 90' lang='lat' dir='ltr'><strong>suam.</strong></span> 
     </span>
    </p>
   </div>
   <div class='ocr_carea' id='block_1_9' title="bbox 604 828 2116 913">
    <p class='ocr_par' dir='ltr' id='par_1_9' title="bbox 604 828 2116 913">
     <span class='ocr_line' id='line_1_9' title="bbox 604 828 2116 913; baseline -0.001 -16"><span class='ocrx_word' id='word_1_43' title='bbox 604 842 694 897; x_wconf 80' lang='grc' dir='ltr'><strong>Η.</strong></span> <span class='ocrx_word' id='word_1_44' title='bbox 733 828 852 912; x_wconf 71' lang='grc' dir='ltr'>(ιη</span> <span class='ocrx_word' id='word_1_45' title='bbox 874 839 1067 896; x_wconf 89' lang='lat' dir='ltr'><strong>Frater</strong></span> <span class='ocrx_word' id='word_1_46' title='bbox 1095 840 1453 913; x_wconf 78' lang='lat' dir='ltr'><strong>interrogavit</strong></span> <span class='ocrx_word' id='word_1_47' title='bbox 1479 842 1733 899; x_wconf 85' lang='lat' dir='ltr'><strong>abbatem</strong></span> <span class='ocrx_word' id='word_1_48' title='bbox 1771 840 2116 907; x_wconf 77' lang='lat' dir='ltr'><strong>Sisoem,°an</strong></span> 
     </span>
    </p>
   </div>
   <div class='ocr_carea' id='block_1_10' title="bbox 534 932 2122 1007">
    <p class='ocr_par' dir='ltr' id='par_1_10' title="bbox 534 932 2122 1007">
     <span class='ocr_line' id='line_1_10' title="bbox 534 932 2122 1007; baseline -0.001 -18"><span class='ocrx_word' id='word_1_49' title='bbox 534 935 654 1007; x_wconf 89' lang='lat' dir='ltr'><strong>pari</strong></span> <span class='ocrx_word' id='word_1_50' title='bbox 690 932 855 988; x_wconf 90' lang='lat' dir='ltr'><strong>modo</strong></span> <span class='ocrx_word' id='word_1_51' title='bbox 900 941 1116 989; x_wconf 76' lang='lat' dir='ltr'><strong>veteres</strong></span> <span class='ocrx_word' id='word_1_52' title='bbox 1165 941 1495 1004; x_wconf 90' lang='lat' dir='ltr'><strong>persecutus</strong></span> <span class='ocrx_word' id='word_1_53' title='bbox 1545 933 1713 990; x_wconf 83' lang='lat' dir='ltr'><strong>fuerit</strong></span> <span class='ocrx_word' id='word_1_54' title='bbox 1760 935 2016 989; x_wconf 81' lang='lat' dir='ltr'><strong>Satanas.</strong></span> <span class='ocrx_word' id='word_1_55' title='bbox 2057 934 2122 987; x_wconf 85' lang='lat' dir='ltr'><strong>Et</strong></span> 
     </span>
    </p>
   </div>
   <div class='ocr_carea' id='block_1_11' title="bbox 531 1024 2119 1098">
    <p class='ocr_par' dir='ltr' id='par_1_11' title="bbox 531 1024 2119 1098">
     <span class='ocr_line' id='line_1_11' title="bbox 531 1024 2119 1098; baseline -0.002 -16"><span class='ocrx_word' id='word_1_56' title='bbox 531 1029 611 1082; x_wconf 87' lang='lat' dir='ltr'><strong>ait</strong></span> <span class='ocrx_word' id='word_1_57' title='bbox 647 1026 724 1083; x_wconf 81' lang='lat' dir='ltr'><strong>illi</strong></span> <span class='ocrx_word' id='word_1_58' title='bbox 757 1041 965 1083; x_wconf 88' lang='lat' dir='ltr'><strong>senex:</strong></span> <span class='ocrx_word' id='word_1_59' title='bbox 994 1024 1152 1081; x_wconf 86' lang='lat' dir='ltr'><strong>Nunc</strong></span> <span class='ocrx_word' id='word_1_60' title='bbox 1206 1026 1405 1097; x_wconf 81' lang='lat' dir='ltr'><strong>magis,</strong></span> <span class='ocrx_word' id='word_1_61' title='bbox 1452 1027 1583 1098; x_wconf 84' lang='lat' dir='ltr'><strong>quia</strong></span> <span class='ocrx_word' id='word_1_62' title='bbox 1618 1034 1835 1097; x_wconf 85' lang='lat' dir='ltr'><strong>tempus</strong></span> <span class='ocrx_word' id='word_1_63' title='bbox 1864 1025 1986 1096; x_wconf 88' lang='lat' dir='ltr'><strong>ejus</strong></span> <span class='ocrx_word' id='word_1_64' title='bbox 2022 1039 2119 1096; x_wconf 88' lang='lat' dir='ltr'><strong>ap-</strong></span> 
     </span>
    </p>
   </div>
   <div class='ocr_carea' id='block_1_12' title="bbox 531 1118 1508 1191">
    <p class='ocr_par' dir='ltr' id='par_1_12' title="bbox 531 1118 1508 1191">
     <span class='ocr_line' id='line_1_12' title="bbox 531 1118 1508 1191; baseline -0.001 -15"><span class='ocrx_word' id='word_1_65' title='bbox 531 1120 893 1191; x_wconf 80' lang='lat' dir='ltr'><strong>propinquat,</strong></span> <span class='ocrx_word' id='word_1_66' title='bbox 931 1128 1098 1190; x_wconf 90' lang='lat' dir='ltr'><strong>atque</strong></span> <span class='ocrx_word' id='word_1_67' title='bbox 1122 1118 1508 1176; x_wconf 89' lang='lat' dir='ltr'><strong>conturbatur.</strong></span> 
     </span>
    </p>
   </div>
   <div class='ocr_carea' id='block_1_13' title="bbox 605 1207 2122 1280">
    <p class='ocr_par' dir='ltr' id='par_1_13' title="bbox 605 1207 2122 1280">
     <span class='ocr_line' id='line_1_13' title="bbox 605 1207 2122 1280; baseline -0.001 -16"><span class='ocrx_word' id='word_1_68' title='bbox 605 1209 696 1264; x_wconf 73' lang='grc'><strong>12.</strong></span> <span class='ocrx_word' id='word_1_69' title='bbox 739 1208 850 1280; x_wconf 67' lang='grc'><strong>(62)</strong></span> <span class='ocrx_word' id='word_1_70' title='bbox 883 1207 1158 1268; x_wconf 86' lang='lat' dir='ltr'><strong>Tcntatus</strong></span> <span class='ocrx_word' id='word_1_71' title='bbox 1187 1217 1276 1265; x_wconf 89' lang='lat' dir='ltr'><strong>est</strong></span> <span class='ocrx_word' id='word_1_72' title='bbox 1302 1209 1604 1280; x_wconf 85' lang='lat' dir='ltr'><strong>aliquando</strong></span> <span class='ocrx_word' id='word_1_73' title='bbox 1627 1224 1658 1264; x_wconf 90' lang='lat' dir='ltr'><strong>a</strong></span> <span class='ocrx_word' id='word_1_74' title='bbox 1681 1209 1927 1266; x_wconf 83' lang='lat' dir='ltr'><strong>daemone</strong></span> <span class='ocrx_word' id='word_1_75' title='bbox 1954 1208 2122 1264; x_wconf 87' lang='lat' dir='ltr'><strong>Abra-</strong></span> 
     </span>
    </p>
   </div>
   <div class='ocr_carea' id='block_1_14' title="bbox 530 1297 2119 1370">
    <p class='ocr_par' dir='ltr' id='par_1_14' title="bbox 530 1297 2119 1370">
     <span class='ocr_line' id='line_1_14' title="bbox 530 1297 2119 1370; baseline 0 -17"><span class='ocrx_word' id='word_1_76' title='bbox 530 1299 658 1354; x_wconf 74' lang='lat' dir='ltr'><strong>ham</strong></span> <span class='ocrx_word' id='word_1_77' title='bbox 691 1297 999 1370; x_wconf 82' lang='lat' dir='ltr'><strong>discipulus</strong></span> <span class='ocrx_word' id='word_1_78' title='bbox 1030 1298 1245 1354; x_wconf 84' lang='lat' dir='ltr'><strong>abbatis</strong></span> <span class='ocrx_word' id='word_1_79' title='bbox 1282 1298 1497 1364; x_wconf 89' lang='lat' dir='ltr'><strong>Sisois;</strong></span> <span class='ocrx_word' id='word_1_80' title='bbox 1535 1306 1590 1353; x_wconf 91' lang='lat' dir='ltr'><strong>et</strong></span> <span class='ocrx_word' id='word_1_81' title='bbox 1618 1299 1755 1354; x_wconf 83' lang='lat' dir='ltr'><strong>vidit</strong></span> <span class='ocrx_word' id='word_1_82' title='bbox 1784 1315 1951 1356; x_wconf 82' lang='lat' dir='ltr'><strong>senex</strong></span> <span class='ocrx_word' id='word_1_83' title='bbox 1973 1298 2119 1370; x_wconf 88' lang='lat' dir='ltr'><strong>quod</strong></span> 
     </span>
    </p>
   </div>
   <div class='ocr_carea' id='block_1_15' title="bbox 529 1389 2118 1462">
    <p class='ocr_par' dir='ltr' id='par_1_15' title="bbox 529 1389 2118 1462">
     <span class='ocr_line' id='line_1_15' title="bbox 529 1389 2118 1462; baseline -0.003 -15"><span class='ocrx_word' id='word_1_84' title='bbox 529 1391 842 1447; x_wconf 86' lang='lat' dir='ltr'><strong>cecidisset.</strong></span> <span class='ocrx_word' id='word_1_85' title='bbox 889 1389 1080 1461; x_wconf 80' lang='lat' dir='ltr'><strong>Itaque</strong></span> <span class='ocrx_word' id='word_1_86' title='bbox 1119 1405 1354 1462; x_wconf 79' lang='lat' dir='ltr'><strong>surgens</strong></span> <span class='ocrx_word' id='word_1_87' title='bbox 1381 1390 1644 1461; x_wconf 79' lang='lat' dir='ltr'><strong>expandit</strong></span> <span class='ocrx_word' id='word_1_88' title='bbox 1675 1405 1872 1447; x_wconf 90' lang='lat' dir='ltr'><strong>manus</strong></span> <span class='ocrx_word' id='word_1_89' title='bbox 1913 1390 1967 1444; x_wconf 93' lang='lat' dir='ltr'><strong>in</strong></span> <span class='ocrx_word' id='word_1_90' title='bbox 2000 1404 2118 1444; x_wconf 68' lang='lat' dir='ltr'><strong>caa-</strong></span> 
     </span>
    </p>
   </div>
   <div class='ocr_carea' id='block_1_16' title="bbox 534 1480 2116 1554">
    <p class='ocr_par' dir='ltr' id='par_1_16' title="bbox 534 1480 2116 1554">
     <span class='ocr_line' id='line_1_16' title="bbox 534 1480 2116 1554; baseline -0.001 -16"><span class='ocrx_word' id='word_1_91' title='bbox 534 1485 673 1549; x_wconf 88' lang='lat' dir='ltr'><strong>lum,</strong></span> <span class='ocrx_word' id='word_1_92' title='bbox 704 1483 955 1554; x_wconf 81' lang='lat' dir='ltr'><strong>dixitque</strong></span> <span class='ocrx_word' id='word_1_93' title='bbox 991 1500 1004 1537; x_wconf 88' lang='lat'><strong>:</strong></span> <span class='ocrx_word' id='word_1_94' title='bbox 1041 1480 1210 1547; x_wconf 85' lang='lat' dir='ltr'><strong>Deus,</strong></span> <span class='ocrx_word' id='word_1_95' title='bbox 1254 1483 1394 1539; x_wconf 86' lang='lat' dir='ltr'><strong>velis</strong></span> <span class='ocrx_word' id='word_1_96' title='bbox 1440 1483 1606 1550; x_wconf 92' lang='lat' dir='ltr'><strong>nolis,</strong></span> <span class='ocrx_word' id='word_1_97' title='bbox 1651 1498 1759 1538; x_wconf 91' lang='lat' dir='ltr'><strong>non</strong></span> <span class='ocrx_word' id='word_1_98' title='bbox 1788 1482 2010 1538; x_wconf 90' lang='lat' dir='ltr'><strong>dimitto</strong></span> <span class='ocrx_word' id='word_1_99' title='bbox 2040 1490 2116 1547; x_wconf 90' lang='lat' dir='ltr'><strong>te,</strong></span> 
     </span>
    </p>
   </div>
   <div class='ocr_carea' id='block_1_17' title="bbox 528 1574 2120 1647">
    <p class='ocr_par' dir='ltr' id='par_1_17' title="bbox 528 1574 2120 1647">
     <span class='ocr_line' id='line_1_17' title="bbox 528 1574 2120 1647; baseline -0.002 -15"><span class='ocrx_word' id='word_1_100' title='bbox 528 1577 639 1643; x_wconf 80' lang='lat' dir='ltr'><strong>nisi</strong></span> <span class='ocrx_word' id='word_1_101' title='bbox 670 1576 951 1633; x_wconf 83' lang='lat' dir='ltr'><strong>curaveris</strong></span> <span class='ocrx_word' id='word_1_102' title='bbox 995 1589 1142 1632; x_wconf 87' lang='lat' dir='ltr'><strong>eum.</strong></span> <span class='ocrx_word' id='word_1_103' title='bbox 1184 1574 1496 1647; x_wconf 86' lang='lat' dir='ltr'><strong>Statimque</strong></span> <span class='ocrx_word' id='word_1_104' title='bbox 1540 1575 1805 1631; x_wconf 87' lang='lat' dir='ltr'><strong>medelam</strong></span> <span class='ocrx_word' id='word_1_105' title='bbox 1852 1588 2120 1631; x_wconf 88' lang='lat' dir='ltr'><strong>consecu-</strong></span> 
     </span>
    </p>
   </div>
   <div class='ocr_carea' id='block_1_18' title="bbox 528 1678 756 1725">
    <p class='ocr_par' dir='ltr' id='par_1_18' title="bbox 528 1678 756 1725">
     <span class='ocr_line' id='line_1_18' title="bbox 528 1678 756 1725; baseline -0.004 0"><span class='ocrx_word' id='word_1_106' title='bbox 528 1680 622 1725; x_wconf 89' lang='lat' dir='ltr'><strong>tus</strong></span> <span class='ocrx_word' id='word_1_107' title='bbox 651 1678 756 1725; x_wconf 62' lang='lat'><strong>05‘.</strong></span> 
     </span>
    </p>
   </div>
   <div class='ocr_carea' id='block_1_19' title="bbox 603 1759 2110 1832">
    <p class='ocr_par' dir='ltr' id='par_1_19' title="bbox 603 1759 2110 1832">
     <span class='ocr_line' id='line_1_19' title="bbox 603 1759 2110 1832; baseline -0.002 -14"><span class='ocrx_word' id='word_1_108' title='bbox 603 1764 690 1818; x_wconf 79' lang='lat'><strong>13.</strong></span> <span class='ocrx_word' id='word_1_109' title='bbox 730 1762 843 1832; x_wconf 72' lang='grc'><strong>(45)</strong></span> <span class='ocrx_word' id='word_1_110' title='bbox 867 1759 1229 1816; x_wconf 85' lang='lat' dir='ltr'><strong>Percontatus</strong></span> <span class='ocrx_word' id='word_1_111' title='bbox 1256 1768 1343 1817; x_wconf 88' lang='lat' dir='ltr'><strong>est</strong></span> <span class='ocrx_word' id='word_1_112' title='bbox 1378 1759 1554 1816; x_wconf 88' lang='lat' dir='ltr'><strong>frater</strong></span> <span class='ocrx_word' id='word_1_113' title='bbox 1597 1759 1666 1815; x_wconf 91' lang='lat' dir='ltr'><strong>de</strong></span> <span class='ocrx_word' id='word_1_114' title='bbox 1699 1760 1904 1815; x_wconf 86' lang='lat' dir='ltr'><strong>abbate</strong></span> <span class='ocrx_word' id='word_1_115' title='bbox 1931 1759 2110 1827; x_wconf 87' lang='lat' dir='ltr'><strong>Sisoe,</strong></span> 
     </span>
    </p>
   </div>
   <div class='ocr_carea' id='block_1_20' title="bbox 525 1827 2188 1923">
    <p class='ocr_par' dir='ltr' id='par_1_20' title="bbox 525 1827 2188 1923">
     <span class='ocr_line' id='line_1_20' title="bbox 525 1827 2188 1923; baseline -0.002 -13"><span class='ocrx_word' id='word_1_116' title='bbox 525 1857 678 1912; x_wconf 83' lang='lat' dir='ltr'><strong>hunc</strong></span> <span class='ocrx_word' id='word_1_117' title='bbox 718 1857 773 1912; x_wconf 89' lang='lat' dir='ltr'><strong>in</strong></span> <span class='ocrx_word' id='word_1_118' title='bbox 816 1856 1038 1911; x_wconf 83' lang='lat' dir='ltr'><strong>modum</strong></span> <span class='ocrx_word' id='word_1_119' title='bbox 1064 1872 1077 1908; x_wconf 91' lang='lat'><strong>:</strong></span> <span class='ocrx_word' id='word_1_120' title='bbox 1105 1855 1361 1923; x_wconf 77' lang='lat' dir='ltr'><strong>Agnosco</strong></span> <span class='ocrx_word' id='word_1_121' title='bbox 1400 1853 1722 1908; x_wconf 88' lang='lat' dir='ltr'><strong>memoriam</strong></span> <span class='ocrx_word' id='word_1_122' title='bbox 1767 1851 1861 1907; x_wconf 86' lang='lat' dir='ltr'><strong>Dei</strong></span> <span class='ocrx_word' id='word_1_123' title='bbox 1895 1866 2115 1923; x_wconf 89' lang='lat' dir='ltr'><strong>pcrma-</strong></span> <span class='ocrx_word' id='word_1_124' title='bbox 2145 1827 2188 1881; x_wconf 74' lang='grc' dir='ltr'><strong>Β</strong></span> 
     </span>
    </p>
   </div>
   <div class='ocr_carea' id='block_1_21' title="bbox 521 1942 2113 2021">
    <p class='ocr_par' dir='ltr' id='par_1_21' title="bbox 521 1942 2113 2021">
     <span class='ocr_line' id='line_1_21' title="bbox 521 1942 2113 2021; baseline -0.005 -17"><span class='ocrx_word' id='word_1_125' title='bbox 521 1965 663 2005; x_wconf 66' lang='lat' dir='ltr'><strong>atere</strong></span> <span class='ocrx_word' id='word_1_126' title='bbox 694 1949 837 2021; x_wconf 87' lang='lat' dir='ltr'><strong>apud</strong></span> <span class='ocrx_word' id='word_1_127' title='bbox 869 1964 979 2004; x_wconf 88' lang='lat' dir='ltr'><strong>me.</strong></span> <span class='ocrx_word' id='word_1_128' title='bbox 1012 1948 1102 2002; x_wconf 88' lang='lat' dir='ltr'><strong>Ait</strong></span> <span class='ocrx_word' id='word_1_129' title='bbox 1145 1946 1224 2000; x_wconf 86' lang='lat' dir='ltr'><strong>illi</strong></span> <span class='ocrx_word' id='word_1_130' title='bbox 1259 1959 1428 2001; x_wconf 80' lang='lat' dir='ltr'><strong>senex</strong></span> <span class='ocrx_word' id='word_1_131' title='bbox 1457 1960 1470 1998; x_wconf 91' lang='lat'><strong>:</strong></span> <span class='ocrx_word' id='word_1_132' title='bbox 1505 1942 1627 1998; x_wconf 87' lang='lat' dir='ltr'><strong>Non</strong></span> <span class='ocrx_word' id='word_1_133' title='bbox 1659 1957 1854 2013; x_wconf 86' lang='lat' dir='ltr'><strong>magna</strong></span> <span class='ocrx_word' id='word_1_134' title='bbox 1885 1958 1976 1998; x_wconf 86' lang='lat' dir='ltr'><strong>res</strong></span> <span class='ocrx_word' id='word_1_135' title='bbox 2005 1950 2113 2006; x_wconf 89' lang='lat' dir='ltr'><strong>est,</strong></span> 
     </span>
    </p>
   </div>
   <div class='ocr_carea' id='block_1_22' title="bbox 524 2035 2116 2112">
    <p class='ocr_par' dir='ltr' id='par_1_22' title="bbox 524 2035 2116 2112">
     <span class='ocr_line' id='line_1_22' title="bbox 524 2035 2116 2112; baseline -0.004 -17"><span class='ocrx_word' id='word_1_136' title='bbox 524 2042 915 2112; x_wconf 80' lang='lat' dir='ltr'><strong>cogitationem</strong></span> <span class='ocrx_word' id='word_1_137' title='bbox 941 2050 1087 2095; x_wconf 89' lang='lat' dir='ltr'><strong>tuam</strong></span> <span class='ocrx_word' id='word_1_138' title='bbox 1112 2052 1239 2093; x_wconf 88' lang='lat' dir='ltr'><strong>cum</strong></span> <span class='ocrx_word' id='word_1_139' title='bbox 1269 2036 1381 2093; x_wconf 88' lang='lat' dir='ltr'><strong>Deo</strong></span> <span class='ocrx_word' id='word_1_140' title='bbox 1403 2050 1556 2103; x_wconf 88' lang='lat' dir='ltr'><strong>esse;</strong></span> <span class='ocrx_word' id='word_1_141' title='bbox 1590 2035 1684 2091; x_wconf 89' lang='lat' dir='ltr'><strong>sed</strong></span> <span class='ocrx_word' id='word_1_142' title='bbox 1713 2050 1974 2106; x_wconf 80' lang='lat' dir='ltr'><strong>magnum</strong></span> <span class='ocrx_word' id='word_1_143' title='bbox 2005 2042 2116 2099; x_wconf 90' lang='lat' dir='ltr'><strong>est,</strong></span> 
     </span>
    </p>
   </div>
   <div class='ocr_carea' id='block_1_23' title="bbox 526 2125 2112 2202">
    <p class='ocr_par' dir='ltr' id='par_1_23' title="bbox 526 2125 2112 2202">
     <span class='ocr_line' id='line_1_23' title="bbox 526 2125 2112 2202; baseline -0.004 -14"><span class='ocrx_word' id='word_1_144' title='bbox 526 2133 847 2202; x_wconf 85' lang='lat' dir='ltr'><strong>conspicere</strong></span> <span class='ocrx_word' id='word_1_145' title='bbox 888 2147 949 2189; x_wconf 91' lang='lat' dir='ltr'><strong>se</strong></span> <span class='ocrx_word' id='word_1_146' title='bbox 984 2139 1245 2199; x_wconf 86' lang='lat' dir='ltr'><strong>tanquam</strong></span> <span class='ocrx_word' id='word_1_147' title='bbox 1289 2128 1439 2183; x_wconf 88' lang='lat' dir='ltr'><strong>omni</strong></span> <span class='ocrx_word' id='word_1_148' title='bbox 1486 2133 1742 2183; x_wconf 87' lang='lat' dir='ltr'><strong>creatura</strong></span> <span class='ocrx_word' id='word_1_149' title='bbox 1774 2125 2112 2181; x_wconf 85' lang='lat' dir='ltr'><strong>inferiorem.</strong></span> 
     </span>
    </p>
   </div>
   <div class='ocr_carea' id='block_1_24' title="bbox 527 2216 2118 2295">
    <p class='ocr_par' dir='ltr' id='par_1_24' title="bbox 527 2216 2118 2295">
     <span class='ocr_line' id='line_1_24' title="bbox 527 2216 2118 2295; baseline -0.003 -19"><span class='ocrx_word' id='word_1_150' title='bbox 527 2223 583 2279; x_wconf 86' lang='lat' dir='ltr'><strong>ld</strong></span> <span class='ocrx_word' id='word_1_151' title='bbox 602 2224 762 2280; x_wconf 89' lang='lat' dir='ltr'><strong>enim</strong></span> <span class='ocrx_word' id='word_1_152' title='bbox 791 2236 1061 2295; x_wconf 86' lang='lat' dir='ltr'><strong>corporeo</strong></span> <span class='ocrx_word' id='word_1_153' title='bbox 1092 2219 1263 2276; x_wconf 88' lang='lat' dir='ltr'><strong>labori</strong></span> <span class='ocrx_word' id='word_1_154' title='bbox 1291 2219 1565 2289; x_wconf 89' lang='lat' dir='ltr'><strong>junctum,</strong></span> <span class='ocrx_word' id='word_1_155' title='bbox 1602 2216 1827 2274; x_wconf 90' lang='lat' dir='ltr'><strong>deducit</strong></span> <span class='ocrx_word' id='word_1_156' title='bbox 1858 2218 1927 2275; x_wconf 89' lang='lat' dir='ltr'><strong>ad</strong></span> <span class='ocrx_word' id='word_1_157' title='bbox 1958 2217 2118 2274; x_wconf 86' lang='lat' dir='ltr'><strong>babi-</strong></span> 
     </span>
    </p>
   </div>
   <div class='ocr_carea' id='block_1_25' title="bbox 527 2316 1017 2372">
    <p class='ocr_par' dir='ltr' id='par_1_25' title="bbox 527 2316 1017 2372">
     <span class='ocr_line' id='line_1_25' title="bbox 527 2316 1017 2372; baseline -0.002 -1"><span class='ocrx_word' id='word_1_158' title='bbox 527 2328 642 2372; x_wconf 87' lang='lat' dir='ltr'><strong>tutn</strong></span> <span class='ocrx_word' id='word_1_159' title='bbox 666 2316 1017 2372; x_wconf 84' lang='lat' dir='ltr'><strong>humilitatis.</strong></span> 
     </span>
    </p>
   </div>
   <div class='ocr_carea' id='block_1_26' title="bbox 596 2401 2115 2479">
    <p class='ocr_par' dir='ltr' id='par_1_26' title="bbox 596 2401 2115 2479">
     <span class='ocr_line' id='line_1_26' title="bbox 596 2401 2115 2479; baseline -0.004 -17"><span class='ocrx_word' id='word_1_160' title='bbox 596 2408 686 2462; x_wconf 70' lang='lat' dir='ltr'><strong>Li.</strong></span> <span class='ocrx_word' id='word_1_161' title='bbox 729 2408 845 2479; x_wconf 68' lang='lat' dir='ltr'><strong>(4i)</strong></span> <span class='ocrx_word' id='word_1_162' title='bbox 864 2407 1194 2468; x_wconf 68' lang='lat' dir='ltr'><strong>llefertbaut</strong></span> <span class='ocrx_word' id='word_1_163' title='bbox 1216 2405 1283 2462; x_wconf 88' lang='lat' dir='ltr'><strong>de</strong></span> <span class='ocrx_word' id='word_1_164' title='bbox 1304 2406 1500 2461; x_wconf 84' lang='lat' dir='ltr'><strong>abbate</strong></span> <span class='ocrx_word' id='word_1_165' title='bbox 1524 2403 1702 2472; x_wconf 87' lang='lat' dir='ltr'><strong>Sisoe,</strong></span> <span class='ocrx_word' id='word_1_166' title='bbox 1725 2402 1870 2475; x_wconf 85' lang='lat' dir='ltr'><strong>quod</strong></span> <span class='ocrx_word' id='word_1_167' title='bbox 1894 2401 2115 2474; x_wconf 87' lang='lat' dir='ltr'><strong>quando</strong></span> 
     </span>
    </p>
   </div>
   <div class='ocr_carea' id='block_1_27' title="bbox 522 2493 2117 2571">
    <p class='ocr_par' dir='ltr' id='par_1_27' title="bbox 522 2493 2117 2571">
     <span class='ocr_line' id='line_1_27' title="bbox 522 2493 2117 2571; baseline -0.004 -16"><span class='ocrx_word' id='word_1_168' title='bbox 522 2500 688 2557; x_wconf 91' lang='lat' dir='ltr'><strong>morti</strong></span> <span class='ocrx_word' id='word_1_169' title='bbox 714 2498 1155 2571; x_wconf 50' lang='lat' dir='ltr'><strong>proximustfoit,</strong></span> <span class='ocrx_word' id='word_1_170' title='bbox 1203 2498 1524 2555; x_wconf 88' lang='lat' dir='ltr'><strong>sedentibus</strong></span> <span class='ocrx_word' id='word_1_171' title='bbox 1564 2497 1715 2553; x_wconf 92' lang='lat' dir='ltr'><strong>circa</strong></span> <span class='ocrx_word' id='word_1_172' title='bbox 1764 2510 1890 2552; x_wconf 91' lang='lat' dir='ltr'><strong>eum</strong></span> <span class='ocrx_word' id='word_1_173' title='bbox 1942 2493 2117 2549; x_wconf 84' lang='lat' dir='ltr'><strong>Patri-</strong></span> 
     </span>
    </p>
   </div>
   <div class='ocr_carea' id='block_1_28' title="bbox 522 2586 2115 2663">
    <p class='ocr_par' dir='ltr' id='par_1_28' title="bbox 522 2586 2115 2663">
     <span class='ocr_line' id='line_1_28' title="bbox 522 2586 2115 2663; baseline -0.007 -12"><span class='ocrx_word' id='word_1_174' title='bbox 522 2597 653 2662; x_wconf 84' lang='lat' dir='ltr'><strong>bus,</strong></span> <span class='ocrx_word' id='word_1_175' title='bbox 698 2595 884 2650; x_wconf 87' lang='lat' dir='ltr'><strong>vultus</strong></span> <span class='ocrx_word' id='word_1_176' title='bbox 915 2593 1037 2662; x_wconf 87' lang='lat' dir='ltr'><strong>ejus</strong></span> <span class='ocrx_word' id='word_1_177' title='bbox 1071 2593 1418 2663; x_wconf 85' lang='lat' dir='ltr'><strong>resplcnduit</strong></span> <span class='ocrx_word' id='word_1_178' title='bbox 1469 2599 1735 2661; x_wconf 89' lang='lat' dir='ltr'><strong>tanquam</strong></span> <span class='ocrx_word' id='word_1_179' title='bbox 1788 2589 1909 2654; x_wconf 92' lang='lat' dir='ltr'><strong>sol;</strong></span> <span class='ocrx_word' id='word_1_180' title='bbox 1946 2586 2115 2642; x_wconf 86' lang='lat' dir='ltr'><strong>dixit-</strong></span> 
     </span>
    </p>
   </div>
   <div class='ocr_carea' id='block_1_29' title="bbox 522 2680 2110 2761">
    <p class='ocr_par' dir='ltr' id='par_1_29' title="bbox 522 2680 2110 2761">
     <span class='ocr_line' id='line_1_29' title="bbox 522 2680 2110 2761; baseline -0.006 -17"><span class='ocrx_word' id='word_1_181' title='bbox 522 2705 634 2761; x_wconf 89' lang='lat' dir='ltr'><strong>que</strong></span> <span class='ocrx_word' id='word_1_182' title='bbox 672 2688 781 2745; x_wconf 87' lang='lat' dir='ltr'><strong>illis</strong></span> <span class='ocrx_word' id='word_1_183' title='bbox 809 2706 826 2740; x_wconf 82' lang='lat'><strong>:</strong></span> <span class='ocrx_word' id='word_1_184' title='bbox 846 2685 996 2742; x_wconf 75' lang='lat' dir='ltr'><strong>Ecce</strong></span> <span class='ocrx_word' id='word_1_185' title='bbox 1037 2687 1209 2742; x_wconf 81' lang='lat' dir='ltr'><strong>abbas</strong></span> <span class='ocrx_word' id='word_1_186' title='bbox 1240 2686 1513 2741; x_wconf 82' lang='lat' dir='ltr'><strong>Antonius</strong></span> <span class='ocrx_word' id='word_1_187' title='bbox 1546 2683 1717 2739; x_wconf 85' lang='lat' dir='ltr'><strong>venit.</strong></span> <span class='ocrx_word' id='word_1_188' title='bbox 1742 2680 1917 2736; x_wconf 92' lang='lat' dir='ltr'><strong>Paulo</strong></span> <span class='ocrx_word' id='word_1_189' title='bbox 1941 2688 2066 2751; x_wconf 90' lang='lat' dir='ltr'><strong>post</strong></span> <span class='ocrx_word' id='word_1_190' title='bbox 2096 2698 2110 2734; x_wconf 93' lang='lat'>:</span> 
     </span>
    </p>
   </div>
   <div class='ocr_carea' id='block_1_30' title="bbox 524 2773 2115 2851">
    <p class='ocr_par' dir='ltr' id='par_1_30' title="bbox 524 2773 2115 2851">
     <span class='ocr_line' id='line_1_30' title="bbox 524 2773 2115 2851; baseline -0.006 -14"><span class='ocrx_word' id='word_1_191' title='bbox 524 2781 632 2848; x_wconf 83' lang='lat' dir='ltr'><strong>En,</strong></span> <span class='ocrx_word' id='word_1_192' title='bbox 667 2781 869 2851; x_wconf 85' lang='lat' dir='ltr'><strong>inquit,</strong></span> <span class='ocrx_word' id='word_1_193' title='bbox 902 2780 1066 2834; x_wconf 73' lang='lat' dir='ltr'><strong>venit</strong></span> <span class='ocrx_word' id='word_1_194' title='bbox 1099 2778 1492 2849; x_wconf 73' lang='lat' dir='ltr'><strong>prophetat-um</strong></span> <span class='ocrx_word' id='word_1_195' title='bbox 1539 2776 1764 2831; x_wconf 77' lang='lat' dir='ltr'><strong>chorus.</strong></span> <span class='ocrx_word' id='word_1_196' title='bbox 1802 2773 2115 2842; x_wconf 90' lang='lat' dir='ltr'><strong>lterumque</strong></span> 
     </span>
    </p>
   </div>
   <div class='ocr_carea' id='block_1_31' title="bbox 518 2864 2112 2943">
    <p class='ocr_par' dir='ltr' id='par_1_31' title="bbox 518 2864 2112 2943">
     <span class='ocr_line' id='line_1_31' title="bbox 518 2864 2112 2943; baseline -0.006 -15"><span class='ocrx_word' id='word_1_197' title='bbox 518 2874 696 2930; x_wconf 66' lang='lat' dir='ltr'><strong>facies</strong></span> <span class='ocrx_word' id='word_1_198' title='bbox 718 2872 839 2943; x_wconf 91' lang='lat' dir='ltr'><strong>ejus</strong></span> <span class='ocrx_word' id='word_1_199' title='bbox 870 2870 1134 2941; x_wconf 83' lang='lat' dir='ltr'><strong>majorem</strong></span> <span class='ocrx_word' id='word_1_200' title='bbox 1161 2872 1214 2926; x_wconf 87' lang='lat' dir='ltr'><strong>in</strong></span> <span class='ocrx_word' id='word_1_201' title='bbox 1252 2869 1475 2926; x_wconf 89' lang='lat' dir='ltr'><strong>modum</strong></span> <span class='ocrx_word' id='word_1_202' title='bbox 1503 2868 1740 2924; x_wconf 79' lang='lat' dir='ltr'><strong>refulsit.</strong></span> <span class='ocrx_word' id='word_1_203' title='bbox 1778 2866 1846 2920; x_wconf 86' lang='lat' dir='ltr'><strong>Et</strong></span> <span class='ocrx_word' id='word_1_204' title='bbox 1873 2867 1951 2921; x_wconf 85' lang='lat' dir='ltr'><strong>ait</strong></span> <span class='ocrx_word' id='word_1_205' title='bbox 1976 2884 1988 2919; x_wconf 91' lang='lat'><strong>:</strong></span> <span class='ocrx_word' id='word_1_206' title='bbox 2010 2864 2112 2930; x_wconf 80' lang='lat' dir='ltr'><strong>En,</strong></span> 
     </span>
    </p>
   </div>
   <div class='ocr_carea' id='block_1_32' title="bbox 525 2958 2114 3036">
    <p class='ocr_par' dir='ltr' id='par_1_32' title="bbox 525 2958 2114 3036">
     <span class='ocr_line' id='line_1_32' title="bbox 525 2958 2114 3036; baseline -0.004 -14"><span class='ocrx_word' id='word_1_207' title='bbox 525 2967 732 3022; x_wconf 87' lang='lat' dir='ltr'><strong>chorus</strong></span> <span class='ocrx_word' id='word_1_208' title='bbox 788 2963 1165 3036; x_wconf 88' lang='lat' dir='ltr'><strong>apostolorum</strong></span> <span class='ocrx_word' id='word_1_209' title='bbox 1217 2962 1477 3018; x_wconf 86' lang='lat' dir='ltr'><strong>accessit.</strong></span> <span class='ocrx_word' id='word_1_210' title='bbox 1522 2960 1828 3030; x_wconf 85' lang='lat' dir='ltr'><strong>Adhucquc</strong></span> <span class='ocrx_word' id='word_1_211' title='bbox 1874 2973 1939 3014; x_wconf 92' lang='lat' dir='ltr'><strong>os</strong></span> <span class='ocrx_word' id='word_1_212' title='bbox 1993 2958 2114 3029; x_wconf 85' lang='lat' dir='ltr'><strong>ejus</strong></span> 
     </span>
    </p>
   </div>
   <div class='ocr_carea' id='block_1_33' title="bbox 525 3050 2112 3130">
    <p class='ocr_par' dir='ltr' id='par_1_33' title="bbox 525 3050 2112 3130">
     <span class='ocr_line' id='line_1_33' title="bbox 525 3050 2112 3130; baseline -0.005 -15"><span class='ocrx_word' id='word_1_213' title='bbox 525 3059 695 3130; x_wconf 87' lang='lat' dir='ltr'><strong>duplo</strong></span> <span class='ocrx_word' id='word_1_214' title='bbox 742 3057 1040 3129; x_wconf 82' lang='lat' dir='ltr'><strong>fulgentius</strong></span> <span class='ocrx_word' id='word_1_215' title='bbox 1073 3054 1269 3113; x_wconf 88' lang='lat' dir='ltr'><strong>evasit.</strong></span> <span class='ocrx_word' id='word_1_216' title='bbox 1309 3055 1454 3111; x_wconf 87' lang='lat' dir='ltr'><strong>Ecce</strong></span> <span class='ocrx_word' id='word_1_217' title='bbox 1496 3060 1680 3109; x_wconf 88' lang='lat' dir='ltr'><strong>autem</strong></span> <span class='ocrx_word' id='word_1_218' title='bbox 1717 3054 1921 3124; x_wconf 82' lang='lat' dir='ltr'><strong>ipsum,</strong></span> <span class='ocrx_word' id='word_1_219' title='bbox 1951 3050 2112 3123; x_wconf 90' lang='lat' dir='ltr'><strong>quasi</strong></span> 
     </span>
    </p>
   </div>
   <div class='ocr_carea' id='block_1_34' title="bbox 2225 570 3812 651">
    <p class='ocr_par' dir='ltr' id='par_1_34' title="bbox 2225 570 3812 651">
     <span class='ocr_line' id='line_1_34' title="bbox 2225 570 3812 651; baseline 0.007 -28"><span class='ocrx_word' id='word_1_220' title='bbox 2225 570 2416 624; x_wconf 84' lang='grc' dir='ltr'>αὐτόν.</span> <span class='ocrx_word' id='word_1_221' title='bbox 2463 572 2573 627; x_wconf 87' lang='lat' dir='ltr'><strong>Kal</strong></span> <span class='ocrx_word' id='word_1_222' title='bbox 2625 571 2941 627; x_wconf 87' lang='grc' dir='ltr'>καταλιπὼν</span> <span class='ocrx_word' id='word_1_223' title='bbox 2986 574 3167 641; x_wconf 77' lang='grc' dir='ltr'>αὐτὸν,</span> <span class='ocrx_word' id='word_1_224' title='bbox 3221 571 3355 647; x_wconf 85' lang='grc' dir='ltr'>ἦλθε</span> <span class='ocrx_word' id='word_1_225' title='bbox 3412 576 3550 648; x_wconf 77' lang='grc' dir='ltr'>πρὸς</span> <span class='ocrx_word' id='word_1_226' title='bbox 3581 578 3674 633; x_wconf 75' lang='grc' dir='ltr'>τὸν</span> <span class='ocrx_word' id='word_1_227' title='bbox 3712 580 3812 651; x_wconf 78' lang='grc' dir='ltr'><strong>γι-</strong></span> 
     </span>
    </p>
   </div>
   <div class='ocr_carea' id='block_1_35' title="bbox 2227 658 3816 743">
    <p class='ocr_par' dir='ltr' id='par_1_35' title="bbox 2227 658 3816 743">
     <span class='ocr_line' id='line_1_35' title="bbox 2227 658 3816 743; baseline 0.008 -29"><span class='ocrx_word' id='word_1_228' title='bbox 2227 677 2391 732; x_wconf 90' lang='grc' dir='ltr'>ροντα</span> <span class='ocrx_word' id='word_1_229' title='bbox 2411 677 2424 692; x_wconf 82' lang='lat'>&#39;</span> <span class='ocrx_word' id='word_1_230' title='bbox 2456 664 2550 717; x_wconf 75' lang='grc' dir='ltr'><strong>καὶ</strong></span> <span class='ocrx_word' id='word_1_231' title='bbox 2571 662 2761 733; x_wconf 86' lang='grc' dir='ltr'>γέγονε</span> <span class='ocrx_word' id='word_1_232' title='bbox 2784 664 3058 737; x_wconf 88' lang='grc' dir='ltr'>δόκιμος¹¹</span> <span class='ocrx_word' id='word_1_233' title='bbox 3084 658 3315 738; x_wconf 85' lang='grc' dir='ltr'>μοναχὸς</span> <span class='ocrx_word' id='word_1_234' title='bbox 3330 667 3420 722; x_wconf 85' lang='grc' dir='ltr'>διὰ</span> <span class='ocrx_word' id='word_1_235' title='bbox 3437 668 3537 742; x_wconf 77' lang='grc' dir='ltr'>τὴν</span> <span class='ocrx_word' id='word_1_236' title='bbox 3563 671 3816 743; x_wconf 80' lang='grc' dir='ltr'>ὑπακοὴν</span> 
     </span>
    </p>
   </div>
   <div class='ocr_carea' id='block_1_36' title="bbox 2225 751 2412 807">
    <p class='ocr_par' dir='ltr' id='par_1_36' title="bbox 2225 751 2412 807">
     <span class='ocr_line' id='line_1_36' title="bbox 2225 751 2412 807; baseline 0.011 -2"><span class='ocrx_word' id='word_1_237' title='bbox 2225 751 2412 807; x_wconf 69' lang='grc' dir='ltr'>αὑτοῦ.</span> 
     </span>
    </p>
   </div>
   <div class='ocr_carea' id='block_1_37' title="bbox 2297 846 3812 926">
    <p class='ocr_par' dir='ltr' id='par_1_37' title="bbox 2297 846 3812 926">
     <span class='ocr_line' id='line_1_37' title="bbox 2297 846 3812 926; baseline 0.006 -26"><span class='ocrx_word' id='word_1_238' title='bbox 2297 852 2387 901; x_wconf 86' lang='grc' dir='ltr'>ια’.</span> <span class='ocrx_word' id='word_1_239' title='bbox 2441 846 2691 919; x_wconf 77' lang='grc' dir='ltr'>’Λδελφὸς</span> <span class='ocrx_word' id='word_1_240' title='bbox 2731 848 2985 923; x_wconf 74' lang='grc' dir='ltr'>ἠρώτησε</span> <span class='ocrx_word' id='word_1_241' title='bbox 3016 850 3108 904; x_wconf 76' lang='grc' dir='ltr'>τὸν</span> <span class='ocrx_word' id='word_1_242' title='bbox 3142 850 3319 907; x_wconf 79' lang='grc' dir='ltr'>ἀσϐἄν</span> <span class='ocrx_word' id='word_1_243' title='bbox 3349 853 3568 926; x_wconf 83' lang='grc' dir='ltr'>Σισὸην,</span> <span class='ocrx_word' id='word_1_244' title='bbox 3605 851 3812 924; x_wconf 77' lang='grc' dir='ltr'>λέγων’</span> 
     </span>
    </p>
   </div>
   <div class='ocr_carea' id='block_1_38' title="bbox 2223 928 3815 1017">
    <p class='ocr_par' dir='ltr' id='par_1_38' title="bbox 2223 928 3815 1017">
     <span class='ocr_line' id='line_1_38' title="bbox 2223 928 3815 1017; baseline 0.008 -29"><span class='ocrx_word' id='word_1_245' title='bbox 2223 928 2369 1006; x_wconf 62' lang='lat' dir='ltr'><strong>1&#39;Apa</strong></span> <span class='ocrx_word' id='word_1_246' title='bbox 2393 934 2567 1001; x_wconf 73' lang='grc' dir='ltr'>οὕτως</span> <span class='ocrx_word' id='word_1_247' title='bbox 2594 938 2814 993; x_wconf 80' lang='grc' dir='ltr'><strong>ἐδίωκεν</strong></span> <span class='ocrx_word' id='word_1_248' title='bbox 2841 942 2869 994; x_wconf 98' lang='lat'><strong>6</strong></span> <span class='ocrx_word' id='word_1_249' title='bbox 2889 941 3132 1006; x_wconf 81' lang='grc' dir='ltr'><strong>Σατανᾶς</strong></span> <span class='ocrx_word' id='word_1_250' title='bbox 3160 943 3286 1007; x_wconf 77' lang='grc' dir='ltr'>τοὺς</span> <span class='ocrx_word' id='word_1_251' title='bbox 3316 944 3612 1016; x_wconf 83' lang='grc' dir='ltr'>ἀρχαίους;</span> <span class='ocrx_word' id='word_1_252' title='bbox 3647 947 3815 1017; x_wconf 80' lang='grc' dir='ltr'>Λέγει</span> 
     </span>
    </p>
   </div>
   <div class='ocr_carea' id='block_1_39' title="bbox 2222 1027 3816 1110">
    <p class='ocr_par' dir='ltr' id='par_1_39' title="bbox 2222 1027 3816 1110">
     <span class='ocr_line' id='line_1_39' title="bbox 2222 1027 3816 1110; baseline 0.01 -31"><span class='ocrx_word' id='word_1_253' title='bbox 2222 1027 2371 1098; x_wconf 83' lang='grc' dir='ltr'>αὐτῷ</span> <span class='ocrx_word' id='word_1_254' title='bbox 2402 1030 2431 1083; x_wconf 93' lang='grc' dir='ltr'><strong>ὁ</strong></span> <span class='ocrx_word' id='word_1_255' title='bbox 2452 1030 2631 1103; x_wconf 82' lang='grc' dir='ltr'>γέρων</span> <span class='ocrx_word' id='word_1_256' title='bbox 2657 1045 2671 1062; x_wconf 79' lang='grc'><em>’</em></span> <span class='ocrx_word' id='word_1_257' title='bbox 2716 1031 2877 1104; x_wconf 79' lang='grc' dir='ltr'>’Δρτι</span> <span class='ocrx_word' id='word_1_258' title='bbox 2912 1033 3094 1099; x_wconf 81' lang='grc' dir='ltr'><strong>πλέον,</strong></span> <span class='ocrx_word' id='word_1_259' title='bbox 3126 1035 3209 1088; x_wconf 83' lang='grc' dir='ltr'>ὅτι</span> <span class='ocrx_word' id='word_1_260' title='bbox 3247 1037 3276 1090; x_wconf 92' lang='lat'><strong>6</strong></span> <span class='ocrx_word' id='word_1_261' title='bbox 3304 1036 3499 1108; x_wconf 86' lang='grc' dir='ltr'>καιρὸς</span> <span class='ocrx_word' id='word_1_262' title='bbox 3524 1037 3689 1092; x_wconf 80' lang='grc' dir='ltr'>αὐτοῦ</span> <span class='ocrx_word' id='word_1_263' title='bbox 3713 1040 3816 1110; x_wconf 77' lang='grc' dir='ltr'><strong>ἥγ-</strong></span> 
     </span>
    </p>
   </div>
   <div class='ocr_carea' id='block_1_40' title="bbox 2222 1122 2873 1194">
    <p class='ocr_par' dir='ltr' id='par_1_40' title="bbox 2222 1122 2873 1194">
     <span class='ocr_line' id='line_1_40' title="bbox 2222 1122 2873 1194; baseline 0.014 -24"><span class='ocrx_word' id='word_1_264' title='bbox 2222 1134 2365 1188; x_wconf 88' lang='grc' dir='ltr'>γισε,</span> <span class='ocrx_word' id='word_1_265' title='bbox 2401 1122 2495 1176; x_wconf 80' lang='grc' dir='ltr'>καὶ</span> <span class='ocrx_word' id='word_1_266' title='bbox 2518 1122 2873 1194; x_wconf 81' lang='grc' dir='ltr'><strong>ταράσσεται.</strong></span> 
     </span>
    </p>
   </div>
   <div class='ocr_carea' id='block_1_41' title="bbox 2296 1209 3816 1291">
    <p class='ocr_par' dir='ltr' id='par_1_41' title="bbox 2296 1209 3816 1291">
     <span class='ocr_line' id='line_1_41' title="bbox 2296 1209 3816 1291; baseline 0.008 -28"><span class='ocrx_word' id='word_1_267' title='bbox 2296 1209 2391 1281; x_wconf 81' lang='grc' dir='ltr'><strong>ιβ’.</strong></span> <span class='ocrx_word' id='word_1_268' title='bbox 2420 1210 2753 1286; x_wconf 85' lang='grc' dir='ltr'>Ἐπειράσθη</span> <span class='ocrx_word' id='word_1_269' title='bbox 2780 1215 2910 1268; x_wconf 86' lang='grc' dir='ltr'><strong>ποτέ</strong></span> <span class='ocrx_word' id='word_1_270' title='bbox 2944 1216 3196 1290; x_wconf 79' lang='grc' dir='ltr'>Ἀϐραὰμ</span> <span class='ocrx_word' id='word_1_271' title='bbox 3223 1218 3528 1291; x_wconf 62' lang='grc' dir='ltr'>ὁιμαθητὴς</span> <span class='ocrx_word' id='word_1_272' title='bbox 3549 1220 3645 1274; x_wconf 79' lang='grc' dir='ltr'>τοῦ</span> <span class='ocrx_word' id='word_1_273' title='bbox 3666 1221 3816 1276; x_wconf 69' lang='lat' dir='ltr'><strong>assa</strong></span> 
     </span>
    </p>
   </div>
   <div class='ocr_carea' id='block_1_42' title="bbox 2221 1302 3812 1382">
    <p class='ocr_par' dir='ltr' id='par_1_42' title="bbox 2221 1302 3812 1382">
     <span class='ocr_line' id='line_1_42' title="bbox 2221 1302 3812 1382; baseline 0.008 -28"><span class='ocrx_word' id='word_1_274' title='bbox 2221 1302 2383 1374; x_wconf 84' lang='grc' dir='ltr'>Σισόη</span> <span class='ocrx_word' id='word_1_275' title='bbox 2407 1303 2516 1356; x_wconf 82' lang='grc' dir='ltr'>ἀπὸ</span> <span class='ocrx_word' id='word_1_276' title='bbox 2544 1304 2823 1376; x_wconf 80' lang='grc' dir='ltr'>δαίμονος·</span> <span class='ocrx_word' id='word_1_277' title='bbox 2851 1309 2945 1362; x_wconf 78' lang='grc' dir='ltr'><strong>καὶ</strong></span> <span class='ocrx_word' id='word_1_278' title='bbox 2974 1304 3114 1363; x_wconf 71' lang='grc' dir='ltr'>εἶδεν</span> <span class='ocrx_word' id='word_1_279' title='bbox 3135 1309 3361 1382; x_wconf 87' lang='grc' dir='ltr'>ὁγέρων</span> <span class='ocrx_word' id='word_1_280' title='bbox 3388 1310 3469 1364; x_wconf 84' lang='grc' dir='ltr'>ὃτι</span> <span class='ocrx_word' id='word_1_281' title='bbox 3497 1311 3812 1380; x_wconf 82' lang='grc' dir='ltr'><strong>πέπτωκεν,</strong></span> 
     </span>
    </p>
   </div>
   <div class='ocr_carea' id='block_1_43' title="bbox 2220 1395 3813 1475">
    <p class='ocr_par' dir='ltr' id='par_1_43' title="bbox 2220 1395 3813 1475">
     <span class='ocr_line' id='line_1_43' title="bbox 2220 1395 3813 1475; baseline 0.008 -28"><span class='ocrx_word' id='word_1_282' title='bbox 2220 1395 2313 1448; x_wconf 78' lang='grc' dir='ltr'><strong>καὶ</strong></span> <span class='ocrx_word' id='word_1_283' title='bbox 2344 1395 2582 1460; x_wconf 84' lang='grc' dir='ltr'>ἀναστὰς</span> <span class='ocrx_word' id='word_1_284' title='bbox 2608 1396 2839 1462; x_wconf 74' lang='grc' dir='ltr'><strong>ἐξέτεινε</strong></span> <span class='ocrx_word' id='word_1_285' title='bbox 2869 1398 2969 1464; x_wconf 82' lang='grc' dir='ltr'>τὰς</span> <span class='ocrx_word' id='word_1_286' title='bbox 2990 1404 3179 1472; x_wconf 87' lang='grc' dir='ltr'>χεῖρας</span> <span class='ocrx_word' id='word_1_287' title='bbox 3206 1405 3286 1467; x_wconf 86' lang='grc' dir='ltr'><strong>είς</strong></span> <span class='ocrx_word' id='word_1_288' title='bbox 3314 1403 3408 1456; x_wconf 79' lang='grc' dir='ltr'><strong>τὸν</strong></span> <span class='ocrx_word' id='word_1_289' title='bbox 3439 1405 3691 1475; x_wconf 79' lang='grc' dir='ltr'>οὐρανὸν,</span> <span class='ocrx_word' id='word_1_290' title='bbox 3720 1404 3813 1459; x_wconf 87' lang='grc' dir='ltr'>λέ-</span> 
     </span>
    </p>
   </div>
   <div class='ocr_carea' id='block_1_44' title="bbox 2219 1489 3812 1570">
    <p class='ocr_par' dir='ltr' id='par_1_44' title="bbox 2219 1489 3812 1570">
     <span class='ocr_line' id='line_1_44' title="bbox 2219 1489 3812 1570; baseline 0.007 -28"><span class='ocrx_word' id='word_1_291' title='bbox 2219 1505 2332 1557; x_wconf 90' lang='grc' dir='ltr'><strong>γων</strong></span> <span class='ocrx_word' id='word_1_292' title='bbox 2355 1507 2370 1521; x_wconf 80' lang='grc' dir='ltr'><strong>ο</strong></span> <span class='ocrx_word' id='word_1_293' title='bbox 2415 1489 2577 1557; x_wconf 78' lang='grc' dir='ltr'>Θεὸς,</span> <span class='ocrx_word' id='word_1_294' title='bbox 2607 1490 2817 1560; x_wconf 87' lang='grc' dir='ltr'>θέλεις,</span> <span class='ocrx_word' id='word_1_295' title='bbox 2852 1494 2913 1546; x_wconf 87' lang='grc' dir='ltr'><strong>οὐ</strong></span> <span class='ocrx_word' id='word_1_296' title='bbox 2944 1493 3141 1559; x_wconf 87' lang='grc' dir='ltr'>θέλεις,</span> <span class='ocrx_word' id='word_1_297' title='bbox 3182 1497 3281 1549; x_wconf 84' lang='grc' dir='ltr'><strong>οὐκ</strong></span> <span class='ocrx_word' id='word_1_298' title='bbox 3332 1496 3458 1566; x_wconf 81' lang='grc' dir='ltr'><strong>ἀφῶ</strong></span> <span class='ocrx_word' id='word_1_299' title='bbox 3487 1514 3569 1563; x_wconf 89' lang='grc' dir='ltr'><strong>σε,</strong></span> <span class='ocrx_word' id='word_1_300' title='bbox 3602 1497 3696 1552; x_wconf 79' lang='grc' dir='ltr'><strong>ἐὰν</strong></span> <span class='ocrx_word' id='word_1_301' title='bbox 3734 1500 3812 1570; x_wconf 81' lang='grc' dir='ltr'>μὴ</span> 
     </span>
    </p>
   </div>
   <div class='ocr_carea' id='block_1_45' title="bbox 2220 1580 3560 1659">
    <p class='ocr_par' dir='ltr' id='par_1_45' title="bbox 2220 1580 3560 1659">
     <span class='ocr_line' id='line_1_45' title="bbox 2220 1580 3560 1659; baseline 0.005 -25"><span class='ocrx_word' id='word_1_302' title='bbox 2220 1580 2383 1636; x_wconf 81' lang='grc' dir='ltr'>αὐτὸν</span> <span class='ocrx_word' id='word_1_303' title='bbox 2413 1581 2776 1657; x_wconf 83' lang='grc' dir='ltr'>θεραπεύσῃς.</span> <span class='ocrx_word' id='word_1_304' title='bbox 2816 1585 2928 1639; x_wconf 90' lang='lat' dir='ltr'><strong>Kal</strong></span> <span class='ocrx_word' id='word_1_305' title='bbox 2958 1585 3161 1650; x_wconf 83' lang='grc' dir='ltr'>εὐθέως</span> <span class='ocrx_word' id='word_1_306' title='bbox 3190 1585 3560 1659; x_wconf 83' lang='grc' dir='ltr'>ἐθεραπεύθη.</span> 
     </span>
    </p>
   </div>
   <div class='ocr_carea' id='block_1_46' title="bbox 2244 1758 3800 1839">
    <p class='ocr_par' dir='ltr' id='par_1_46' title="bbox 2244 1758 3800 1839">
     <span class='ocr_line' id='line_1_46' title="bbox 2244 1758 3800 1839; baseline 0.009 -31"><span class='ocrx_word' id='word_1_307' title='bbox 2244 1803 2247 1808; x_wconf 90' lang='grc'><strong>.</strong></span> <span class='ocrx_word' id='word_1_308' title='bbox 2293 1764 2380 1826; x_wconf 87' lang='grc' dir='ltr'>ιγ’.</span> <span class='ocrx_word' id='word_1_309' title='bbox 2428 1758 2681 1828; x_wconf 79' lang='grc' dir='ltr'>Ἀδελφὸς</span> <span class='ocrx_word' id='word_1_310' title='bbox 2713 1759 2967 1834; x_wconf 75' lang='grc' dir='ltr'>ἠρώτησε</span> <span class='ocrx_word' id='word_1_311' title='bbox 3006 1762 3099 1817; x_wconf 75' lang='grc' dir='ltr'>τὸν</span> <span class='ocrx_word' id='word_1_312' title='bbox 3128 1763 3306 1819; x_wconf 76' lang='grc' dir='ltr'><strong>ἀὸϐᾶν</strong></span> <span class='ocrx_word' id='word_1_313' title='bbox 3338 1766 3556 1839; x_wconf 87' lang='grc' dir='ltr'>Σισόην,</span> <span class='ocrx_word' id='word_1_314' title='bbox 3587 1767 3765 1837; x_wconf 83' lang='grc' dir='ltr'>λέγων</span> <span class='ocrx_word' id='word_1_315' title='bbox 3785 1786 3800 1798; x_wconf 79' lang='grc'><em>’</em></span> 
     </span>
    </p>
   </div>
   <div class='ocr_carea' id='block_1_47' title="bbox 2228 1846 3811 1930">
    <p class='ocr_par' dir='ltr' id='par_1_47' title="bbox 2228 1846 3811 1930">
     <span class='ocr_line' id='line_1_47' title="bbox 2228 1846 3811 1930; baseline 0.008 -30"><span class='ocrx_word' id='word_1_316' title='bbox 2228 1846 2371 1920; x_wconf 86' lang='grc' dir='ltr'>Ὀρῶ</span> <span class='ocrx_word' id='word_1_317' title='bbox 2419 1849 2680 1927; x_wconf 81' lang='grc' dir='ltr'>ἐμαυτὸν,</span> <span class='ocrx_word' id='word_1_318' title='bbox 2719 1851 2802 1905; x_wconf 85' lang='grc' dir='ltr'><strong>ὅτι</strong></span> <span class='ocrx_word' id='word_1_319' title='bbox 2851 1853 2884 1923; x_wconf 81' lang='grc' dir='ltr'>ή</span> <span class='ocrx_word' id='word_1_320' title='bbox 2935 1855 3123 1925; x_wconf 79' lang='grc' dir='ltr'>μνήμη</span> <span class='ocrx_word' id='word_1_321' title='bbox 3174 1855 3270 1909; x_wconf 82' lang='grc' dir='ltr'>τοῦ</span> <span class='ocrx_word' id='word_1_322' title='bbox 3317 1855 3456 1910; x_wconf 81' lang='grc' dir='ltr'>Θεοῦ</span> <span class='ocrx_word' id='word_1_323' title='bbox 3492 1860 3811 1930; x_wconf 86' lang='grc' dir='ltr'>παραμένει</span> 
     </span>
    </p>
   </div>
   <div class='ocr_carea' id='block_1_48' title="bbox 2220 1942 3812 2021">
    <p class='ocr_par' dir='ltr' id='par_1_48' title="bbox 2220 1942 3812 2021">
     <span class='ocr_line' id='line_1_48' title="bbox 2220 1942 3812 2021; baseline 0.006 -27"><span class='ocrx_word' id='word_1_324' title='bbox 2220 1958 2312 2010; x_wconf 90' lang='grc' dir='ltr'>μοι</span> <span class='ocrx_word' id='word_1_325' title='bbox 2332 1943 2393 1995; x_wconf 83' lang='grc'><strong>¹¹.</strong></span> <span class='ocrx_word' id='word_1_326' title='bbox 2414 1942 2579 2011; x_wconf 82' lang='grc' dir='ltr'><strong>Λέγει</strong></span> <span class='ocrx_word' id='word_1_327' title='bbox 2610 1943 2760 2015; x_wconf 83' lang='grc' dir='ltr'>αὐτῷ</span> <span class='ocrx_word' id='word_1_328' title='bbox 2779 1946 2807 1998; x_wconf 91' lang='lat'><strong>6</strong></span> <span class='ocrx_word' id='word_1_329' title='bbox 2836 1944 3015 2017; x_wconf 87' lang='grc' dir='ltr'>γέρων</span> <span class='ocrx_word' id='word_1_330' title='bbox 3037 1964 3049 1977; x_wconf 79' lang='grc'><strong>”</strong></span> <span class='ocrx_word' id='word_1_331' title='bbox 3091 1947 3207 2001; x_wconf 80' lang='grc' dir='ltr'><strong>Οὐκ</strong></span> <span class='ocrx_word' id='word_1_332' title='bbox 3237 1947 3356 2003; x_wconf 77' lang='grc' dir='ltr'>ἐστι</span> <span class='ocrx_word' id='word_1_333' title='bbox 3388 1951 3555 2021; x_wconf 82' lang='grc' dir='ltr'>μέγα,</span> <span class='ocrx_word' id='word_1_334' title='bbox 3581 1951 3643 2004; x_wconf 82' lang='grc' dir='ltr'><strong>τὸ</strong></span> <span class='ocrx_word' id='word_1_335' title='bbox 3664 1946 3812 2006; x_wconf 72' lang='grc' dir='ltr'>εἶναι</span> 
     </span>
    </p>
   </div>
   <div class='ocr_carea' id='block_1_49' title="bbox 2216 2033 3814 2113">
    <p class='ocr_par' dir='ltr' id='par_1_49' title="bbox 2216 2033 3814 2113">
     <span class='ocr_line' id='line_1_49' title="bbox 2216 2033 3814 2113; baseline 0.008 -27"><span class='ocrx_word' id='word_1_336' title='bbox 2216 2033 2307 2086; x_wconf 85' lang='grc' dir='ltr'><strong>τὸν</strong></span> <span class='ocrx_word' id='word_1_337' title='bbox 2340 2033 2599 2105; x_wconf 83' lang='grc' dir='ltr'>λογισμόν</span> <span class='ocrx_word' id='word_1_338' title='bbox 2647 2053 2742 2090; x_wconf 86' lang='grc' dir='ltr'>σου</span> <span class='ocrx_word' id='word_1_339' title='bbox 2789 2038 2927 2108; x_wconf 84' lang='grc' dir='ltr'>μετὰ</span> <span class='ocrx_word' id='word_1_340' title='bbox 2957 2038 3052 2092; x_wconf 81' lang='grc' dir='ltr'>τοῦ</span> <span class='ocrx_word' id='word_1_341' title='bbox 3081 2039 3217 2094; x_wconf 81' lang='grc' dir='ltr'>Θεοῦ</span> <span class='ocrx_word' id='word_1_342' title='bbox 3242 2058 3256 2072; x_wconf 78' lang='grc' dir='ltr'><strong><em>ο</em></strong></span> <span class='ocrx_word' id='word_1_343' title='bbox 3310 2042 3456 2113; x_wconf 82' lang='grc' dir='ltr'>μέγα</span> <span class='ocrx_word' id='word_1_344' title='bbox 3491 2042 3549 2096; x_wconf 82' lang='grc' dir='ltr'><strong>δέ</strong></span> <span class='ocrx_word' id='word_1_345' title='bbox 3575 2043 3715 2109; x_wconf 87' lang='grc' dir='ltr'>ἐστι,</span> <span class='ocrx_word' id='word_1_346' title='bbox 3745 2046 3814 2098; x_wconf 85' lang='grc' dir='ltr'>τὸ</span> 
     </span>
    </p>
   </div>
   <div class='ocr_carea' id='block_1_50' title="bbox 2218 2126 3811 2209">
    <p class='ocr_par' dir='ltr' id='par_1_50' title="bbox 2218 2126 3811 2209">
     <span class='ocr_line' id='line_1_50' title="bbox 2218 2126 3811 2209; baseline 0.007 -30"><span class='ocrx_word' id='word_1_347' title='bbox 2218 2126 2411 2180; x_wconf 74' lang='grc' dir='ltr'>ἑαυτὸν</span> <span class='ocrx_word' id='word_1_348' title='bbox 2437 2128 2572 2199; x_wconf 82' lang='grc' dir='ltr'>ὁρᾷν</span> <span class='ocrx_word' id='word_1_349' title='bbox 2596 2128 2853 2183; x_wconf 76' lang='grc' dir='ltr'><strong>ὑποκάτω</strong></span> <span class='ocrx_word' id='word_1_350' title='bbox 2875 2131 3058 2202; x_wconf 82' lang='grc' dir='ltr'>πάσης</span> <span class='ocrx_word' id='word_1_351' title='bbox 3082 2132 3182 2203; x_wconf 85' lang='grc' dir='ltr'>τῆς</span> <span class='ocrx_word' id='word_1_352' title='bbox 3218 2133 3472 2198; x_wconf 79' lang='grc' dir='ltr'><strong>κτίσεως.</strong></span> <span class='ocrx_word' id='word_1_353' title='bbox 3497 2135 3670 2189; x_wconf 83' lang='grc' dir='ltr'>Τοῦτο</span> <span class='ocrx_word' id='word_1_354' title='bbox 3696 2135 3811 2209; x_wconf 82' lang='grc' dir='ltr'>γὰρ</span> 
     </span>
    </p>
   </div>
   <div class='ocr_carea' id='block_1_51' title="bbox 2215 2220 3810 2298">
    <p class='ocr_par' dir='ltr' id='par_1_51' title="bbox 2215 2220 3810 2298">
     <span class='ocr_line' id='line_1_51' title="bbox 2215 2220 3810 2298; baseline 0.006 -24"><span class='ocrx_word' id='word_1_355' title='bbox 2215 2220 2312 2274; x_wconf 79' lang='grc' dir='ltr'>καὶ</span> <span class='ocrx_word' id='word_1_356' title='bbox 2342 2221 2371 2272; x_wconf 92' lang='lat'><strong>6</strong></span> <span class='ocrx_word' id='word_1_357' title='bbox 2404 2220 2715 2292; x_wconf 82' lang='grc' dir='ltr'>σωματικὸς</span> <span class='ocrx_word' id='word_1_358' title='bbox 2749 2221 2917 2286; x_wconf 82' lang='grc' dir='ltr'><strong>κόπος</strong></span> <span class='ocrx_word' id='word_1_359' title='bbox 2952 2222 3139 2295; x_wconf 81' lang='grc' dir='ltr'>ὁδηγεῖ</span> <span class='ocrx_word' id='word_1_360' title='bbox 3168 2225 3249 2289; x_wconf 81' lang='grc' dir='ltr'>εἰς</span> <span class='ocrx_word' id='word_1_361' title='bbox 3280 2226 3374 2279; x_wconf 81' lang='grc' dir='ltr'><strong>τὸν</strong></span> <span class='ocrx_word' id='word_1_362' title='bbox 3414 2227 3513 2298; x_wconf 80' lang='grc' dir='ltr'><strong>τῆς</strong></span> <span class='ocrx_word' id='word_1_363' title='bbox 3544 2245 3810 2283; x_wconf 85' lang='grc' dir='ltr'>ταπεινο-</span> 
     </span>
    </p>
   </div>
   <div class='ocr_carea' id='block_1_52' title="bbox 2217 2311 2873 2385">
    <p class='ocr_par' dir='ltr' id='par_1_52' title="bbox 2217 2311 2873 2385">
     <span class='ocr_line' id='line_1_52' title="bbox 2217 2311 2873 2385; baseline 0.003 -19"><span class='ocrx_word' id='word_1_364' title='bbox 2217 2311 2491 2385; x_wconf 81' lang='grc' dir='ltr'>φροσύνης</span> <span class='ocrx_word' id='word_1_365' title='bbox 2511 2314 2713 2385; x_wconf 86' lang='grc' dir='ltr'><strong>τρόπον</strong></span> <span class='ocrx_word' id='word_1_366' title='bbox 2738 2314 2873 2385; x_wconf 75' lang='grc'><strong>(46).</strong></span> 
     </span>
    </p>
   </div>
   <div class='ocr_carea' id='block_1_53' title="bbox 2288 2407 3800 2484">
    <p class='ocr_par' dir='ltr' id='par_1_53' title="bbox 2288 2407 3800 2484">
     <span class='ocr_line' id='line_1_53' title="bbox 2288 2407 3800 2484; baseline 0.003 -23"><span class='ocrx_word' id='word_1_367' title='bbox 2288 2407 2368 2461; x_wconf 87' lang='grc' dir='ltr'>ιδ’.</span> <span class='ocrx_word' id='word_1_368' title='bbox 2407 2408 2633 2476; x_wconf 81' lang='grc' dir='ltr'>Ἔλεγον</span> <span class='ocrx_word' id='word_1_369' title='bbox 2665 2408 2796 2480; x_wconf 74' lang='grc' dir='ltr'>περὶ</span> <span class='ocrx_word' id='word_1_370' title='bbox 2819 2407 2912 2463; x_wconf 79' lang='grc' dir='ltr'>τοῦ</span> <span class='ocrx_word' id='word_1_371' title='bbox 2942 2408 3087 2462; x_wconf 70' lang='grc' dir='ltr'><strong>ἀϐὄᾶ</strong></span> <span class='ocrx_word' id='word_1_372' title='bbox 3116 2409 3298 2481; x_wconf 84' lang='grc' dir='ltr'>Σισὸη,</span> <span class='ocrx_word' id='word_1_373' title='bbox 3341 2411 3424 2464; x_wconf 81' lang='grc' dir='ltr'><strong>ὅτι</strong></span> <span class='ocrx_word' id='word_1_374' title='bbox 3462 2411 3552 2465; x_wconf 77' lang='grc' dir='ltr'><strong>ὅτε</strong></span> <span class='ocrx_word' id='word_1_375' title='bbox 3600 2411 3800 2484; x_wconf 76' lang='grc' dir='ltr'>ἔμελλε</span> 
     </span>
    </p>
   </div>
   <div class='ocr_carea' id='block_1_54' title="bbox 2216 2499 3811 2578">
    <p class='ocr_par' dir='ltr' id='par_1_54' title="bbox 2216 2499 3811 2578">
     <span class='ocr_line' id='line_1_54' title="bbox 2216 2499 3811 2578; baseline 0.004 -25"><span class='ocrx_word' id='word_1_376' title='bbox 2216 2500 2490 2572; x_wconf 84' lang='grc' dir='ltr'>τελευτᾷν,</span> <span class='ocrx_word' id='word_1_377' title='bbox 2521 2499 2846 2572; x_wconf 80' lang='grc' dir='ltr'>καθημένων</span> <span class='ocrx_word' id='word_1_378' title='bbox 2868 2501 2977 2556; x_wconf 91' lang='grc' dir='ltr'><strong>τῶν</strong></span> <span class='ocrx_word' id='word_1_379' title='bbox 2998 2503 3261 2574; x_wconf 87' lang='grc' dir='ltr'>Πατέρων</span> <span class='ocrx_word' id='word_1_380' title='bbox 3289 2504 3429 2577; x_wconf 74' lang='grc' dir='ltr'>πρὸς</span> <span class='ocrx_word' id='word_1_381' title='bbox 3455 2505 3619 2559; x_wconf 79' lang='grc' dir='ltr'>αὑτὸν</span> <span class='ocrx_word' id='word_1_382' title='bbox 3638 2506 3811 2578; x_wconf 81' lang='grc' dir='ltr'>ἔλαμ-</span> 
     </span>
    </p>
   </div>
   <div class='ocr_carea' id='block_1_55' title="bbox 2216 2590 3809 2667">
    <p class='ocr_par' dir='ltr' id='par_1_55' title="bbox 2216 2590 3809 2667">
     <span class='ocr_line' id='line_1_55' title="bbox 2216 2590 3809 2667; baseline 0.004 -23"><span class='ocrx_word' id='word_1_383' title='bbox 2216 2593 2285 2662; x_wconf 80' lang='grc' dir='ltr'>ψε</span> <span class='ocrx_word' id='word_1_384' title='bbox 2319 2591 2379 2645; x_wconf 83' lang='grc' dir='ltr'>τὸ</span> <span class='ocrx_word' id='word_1_385' title='bbox 2405 2592 2696 2663; x_wconf 81' lang='grc' dir='ltr'>πρόσωπον</span> <span class='ocrx_word' id='word_1_386' title='bbox 2721 2590 2889 2647; x_wconf 76' lang='grc' dir='ltr'>αὐτοῦ</span> <span class='ocrx_word' id='word_1_387' title='bbox 2918 2594 2994 2657; x_wconf 85' lang='grc' dir='ltr'>ὠς</span> <span class='ocrx_word' id='word_1_388' title='bbox 3021 2596 3050 2647; x_wconf 94' lang='lat'><strong>6</strong></span> <span class='ocrx_word' id='word_1_389' title='bbox 3075 2594 3253 2665; x_wconf 74' lang='grc' dir='ltr'>ἣλιος·</span> <span class='ocrx_word' id='word_1_390' title='bbox 3281 2598 3376 2650; x_wconf 77' lang='grc' dir='ltr'><strong>καὶ</strong></span> <span class='ocrx_word' id='word_1_391' title='bbox 3403 2597 3553 2667; x_wconf 84' lang='grc' dir='ltr'>λέγει</span> <span class='ocrx_word' id='word_1_392' title='bbox 3585 2597 3809 2663; x_wconf 74' lang='grc' dir='ltr'>αὐτοῖς’</span> 
     </span>
    </p>
   </div>
   <div class='ocr_carea' id='block_1_56' title="bbox 2230 2681 3811 2762">
    <p class='ocr_par' dir='ltr' id='par_1_56' title="bbox 2230 2681 3811 2762">
     <span class='ocr_line' id='line_1_56' title="bbox 2230 2681 3811 2762; baseline 0.004 -24"><span class='ocrx_word' id='word_1_393' title='bbox 2230 2683 2361 2738; x_wconf 80' lang='grc' dir='ltr'>Ἰδοὺ</span> <span class='ocrx_word' id='word_1_394' title='bbox 2399 2686 2427 2738; x_wconf 89' lang='lat'><strong>6</strong></span> <span class='ocrx_word' id='word_1_395' title='bbox 2459 2683 2635 2749; x_wconf 77' lang='grc' dir='ltr'>ἁὸϐἇς</span> <span class='ocrx_word' id='word_1_396' title='bbox 2678 2684 2961 2760; x_wconf 75' lang='grc' dir='ltr'>’Λντώνιος</span> <span class='ocrx_word' id='word_1_397' title='bbox 2997 2681 3152 2759; x_wconf 82' lang='grc' dir='ltr'>ἦλθε.</span> <span class='ocrx_word' id='word_1_398' title='bbox 3187 2686 3291 2741; x_wconf 84' lang='lat' dir='ltr'><strong>Kal</strong></span> <span class='ocrx_word' id='word_1_399' title='bbox 3319 2688 3457 2758; x_wconf 82' lang='grc' dir='ltr'>μετὰ</span> <span class='ocrx_word' id='word_1_400' title='bbox 3490 2690 3688 2762; x_wconf 82' lang='grc' dir='ltr'>μικρὸν</span> <span class='ocrx_word' id='word_1_401' title='bbox 3715 2689 3811 2744; x_wconf 86' lang='grc' dir='ltr'>λέ-</span> 
     </span>
    </p>
   </div>
   <div class='ocr_carea' id='block_1_57' title="bbox 2218 2774 3813 2851">
    <p class='ocr_par' dir='ltr' id='par_1_57' title="bbox 2218 2774 3813 2851">
     <span class='ocr_line' id='line_1_57' title="bbox 2218 2774 3813 2851; baseline 0.004 -22"><span class='ocrx_word' id='word_1_402' title='bbox 2218 2792 2332 2845; x_wconf 78' lang='grc' dir='ltr'>γειο</span> <span class='ocrx_word' id='word_1_403' title='bbox 2390 2776 2523 2830; x_wconf 79' lang='grc' dir='ltr'>Ἰδοὺ</span> <span class='ocrx_word' id='word_1_404' title='bbox 2546 2778 2576 2830; x_wconf 93' lang='lat'><strong>6</strong></span> <span class='ocrx_word' id='word_1_405' title='bbox 2600 2776 2758 2847; x_wconf 85' lang='grc' dir='ltr'>χορὸς</span> <span class='ocrx_word' id='word_1_406' title='bbox 2781 2775 2890 2830; x_wconf 89' lang='grc' dir='ltr'><strong>τῶν</strong></span> <span class='ocrx_word' id='word_1_407' title='bbox 2921 2778 3218 2850; x_wconf 80' lang='grc' dir='ltr'>προφητῶν</span> <span class='ocrx_word' id='word_1_408' title='bbox 3249 2774 3403 2851; x_wconf 85' lang='grc' dir='ltr'>ἦλθε.</span> <span class='ocrx_word' id='word_1_409' title='bbox 3425 2780 3537 2834; x_wconf 86' lang='lat' dir='ltr'><strong>Kal</strong></span> <span class='ocrx_word' id='word_1_410' title='bbox 3559 2781 3723 2835; x_wconf 77' lang='grc' dir='ltr'>πάλιν</span> <span class='ocrx_word' id='word_1_411' title='bbox 3749 2782 3813 2835; x_wconf 82' lang='grc' dir='ltr'>τὸ</span> 
     </span>
    </p>
   </div>
   <div class='ocr_carea' id='block_1_58' title="bbox 2217 2867 3810 2942">
    <p class='ocr_par' dir='ltr' id='par_1_58' title="bbox 2217 2867 3810 2942">
     <span class='ocr_line' id='line_1_58' title="bbox 2217 2867 3810 2942; baseline 0.003 -21"><span class='ocrx_word' id='word_1_412' title='bbox 2217 2868 2508 2940; x_wconf 86' lang='grc' dir='ltr'>πρόσωπον</span> <span class='ocrx_word' id='word_1_413' title='bbox 2525 2867 2690 2922; x_wconf 80' lang='grc' dir='ltr'>αὑτοῦ</span> <span class='ocrx_word' id='word_1_414' title='bbox 2712 2867 2989 2940; x_wconf 85' lang='grc' dir='ltr'>περισσῶς</span> <span class='ocrx_word' id='word_1_415' title='bbox 3004 2870 3047 2901; x_wconf 87' lang='grc'><strong>¹³</strong></span> <span class='ocrx_word' id='word_1_416' title='bbox 3063 2869 3272 2942; x_wconf 77' lang='grc' dir='ltr'>ἔλαμψε</span> <span class='ocrx_word' id='word_1_417' title='bbox 3289 2888 3302 2901; x_wconf 72' lang='grc' dir='ltr'><strong>ο</strong></span> <span class='ocrx_word' id='word_1_418' title='bbox 3331 2871 3427 2925; x_wconf 70' lang='grc' dir='ltr'>καὶ</span> <span class='ocrx_word' id='word_1_419' title='bbox 3454 2867 3609 2927; x_wconf 71' lang='grc' dir='ltr'>εἶπεν</span> <span class='ocrx_word' id='word_1_420' title='bbox 3625 2887 3639 2903; x_wconf 85' lang='grc'>⁶</span> <span class='ocrx_word' id='word_1_421' title='bbox 3671 2871 3810 2925; x_wconf 78' lang='grc' dir='ltr'>Ἰδοὺ</span> 
     </span>
    </p>
   </div>
   <div class='ocr_carea' id='block_1_59' title="bbox 2216 2958 3811 3035">
    <p class='ocr_par' dir='ltr' id='par_1_59' title="bbox 2216 2958 3811 3035">
     <span class='ocr_line' id='line_1_59' title="bbox 2216 2958 3811 3035; baseline 0.001 -19"><span class='ocrx_word' id='word_1_422' title='bbox 2216 2964 2246 3016; x_wconf 91' lang='lat'><strong>6</strong></span> <span class='ocrx_word' id='word_1_423' title='bbox 2290 2961 2450 3033; x_wconf 75' lang='grc' dir='ltr'>χορδς</span> <span class='ocrx_word' id='word_1_424' title='bbox 2495 2961 2604 3016; x_wconf 92' lang='grc' dir='ltr'><strong>τῶν</strong></span> <span class='ocrx_word' id='word_1_425' title='bbox 2644 2962 2960 3017; x_wconf 84' lang='grc' dir='ltr'>ἀποστόλων</span> <span class='ocrx_word' id='word_1_426' title='bbox 2993 2958 3146 3035; x_wconf 82' lang='grc' dir='ltr'>ἦλθε.</span> <span class='ocrx_word' id='word_1_427' title='bbox 3196 2964 3308 3018; x_wconf 86' lang='lat' dir='ltr'><strong>Kal</strong></span> <span class='ocrx_word' id='word_1_428' title='bbox 3346 2964 3695 3018; x_wconf 79' lang='grc' dir='ltr'>ἐδιπλασίασε</span> <span class='ocrx_word' id='word_1_429' title='bbox 3744 2967 3811 3018; x_wconf 80' lang='grc' dir='ltr'>τὸ</span> 
     </span>
    </p>
   </div>
   <div class='ocr_carea' id='block_1_60' title="bbox 2216 3053 3811 3130">
    <p class='ocr_par' dir='ltr' id='par_1_60' title="bbox 2216 3053 3811 3130">
     <span class='ocr_line' id='line_1_60' title="bbox 2216 3053 3811 3130; baseline 0.001 -22"><span class='ocrx_word' id='word_1_430' title='bbox 2216 3055 2509 3126; x_wconf 77' lang='grc' dir='ltr'>πρόσωπον</span> <span class='ocrx_word' id='word_1_431' title='bbox 2543 3053 2709 3108; x_wconf 80' lang='grc' dir='ltr'>αὐτοῦ</span> <span class='ocrx_word' id='word_1_432' title='bbox 2743 3053 2938 3108; x_wconf 74' lang='grc' dir='ltr'>πάλινο</span> <span class='ocrx_word' id='word_1_433' title='bbox 2993 3055 3088 3109; x_wconf 70' lang='grc' dir='ltr'><strong>καὶ</strong></span> <span class='ocrx_word' id='word_1_434' title='bbox 3117 3055 3226 3109; x_wconf 76' lang='grc' dir='ltr'>ἰδοὺ</span> <span class='ocrx_word' id='word_1_435' title='bbox 3255 3055 3419 3120; x_wconf 82' lang='grc' dir='ltr'>αὐτὸς</span> <span class='ocrx_word' id='word_1_436' title='bbox 3453 3057 3531 3121; x_wconf 81' lang='grc' dir='ltr'>ὡς</span> <span class='ocrx_word' id='word_1_437' title='bbox 3557 3059 3699 3130; x_wconf 83' lang='grc' dir='ltr'>μετά</span> <span class='ocrx_word' id='word_1_438' title='bbox 3723 3074 3811 3110; x_wconf 79' lang='grc' dir='ltr'>τι-</span> 
     </span>
    </p>
   </div>
   <div class='ocr_carea' id='block_1_61' title="bbox 524 3145 2114 3228">
    <p class='ocr_par' dir='ltr' id='par_1_61' title="bbox 524 3147 2110 3223">
     <span class='ocr_line' id='line_1_61' title="bbox 524 3147 2110 3223; baseline -0.007 -15"><span class='ocrx_word' id='word_1_439' title='bbox 524 3167 654 3208; x_wconf 89' lang='lat' dir='ltr'><strong>cum</strong></span> <span class='ocrx_word' id='word_1_440' title='bbox 683 3150 1013 3223; x_wconf 84' lang='lat' dir='ltr'><strong>quibusdam</strong></span> <span class='ocrx_word' id='word_1_441' title='bbox 1041 3149 1380 3219; x_wconf 75' lang='lat' dir='ltr'><strong>loquentem.</strong></span> <span class='ocrx_word' id='word_1_442' title='bbox 1409 3147 1602 3218; x_wconf 81' lang='lat' dir='ltr'><strong>Itaque</strong></span> <span class='ocrx_word' id='word_1_443' title='bbox 1626 3151 1962 3218; x_wconf 78' lang='lat' dir='ltr'><strong>rogaverunt</strong></span> <span class='ocrx_word' id='word_1_444' title='bbox 1984 3158 2110 3200; x_wconf 89' lang='lat' dir='ltr'><strong>eum</strong></span> 
     </span>
    </p>
   </div>
   <div class='ocr_carea' id='block_1_62' title="bbox 2218 3145 3810 3228">
    <p class='ocr_par' dir='ltr' id='par_1_62' title="bbox 2218 3145 3810 3221">
     <span class='ocr_line' id='line_1_62' title="bbox 2218 3145 3810 3221; baseline 0.001 -19"><span class='ocrx_word' id='word_1_445' title='bbox 2218 3164 2324 3202; x_wconf 88' lang='grc' dir='ltr'><strong>νων</strong></span> <span class='ocrx_word' id='word_1_446' title='bbox 2352 3146 2552 3200; x_wconf 89' lang='grc' dir='ltr'>λαλῶν.</span> <span class='ocrx_word' id='word_1_447' title='bbox 2576 3146 2689 3200; x_wconf 87' lang='lat' dir='ltr'><strong>Kal</strong></span> <span class='ocrx_word' id='word_1_448' title='bbox 2717 3146 3016 3218; x_wconf 84' lang='grc' dir='ltr'>ἐδεήθησαν</span> <span class='ocrx_word' id='word_1_449' title='bbox 3045 3145 3210 3200; x_wconf 78' lang='grc' dir='ltr'>αὑτοῦ</span> <span class='ocrx_word' id='word_1_450' title='bbox 3243 3148 3294 3201; x_wconf 81' lang='grc' dir='ltr'>οἱ</span> <span class='ocrx_word' id='word_1_451' title='bbox 3314 3147 3589 3221; x_wconf 83' lang='grc' dir='ltr'>γέροντες,</span> <span class='ocrx_word' id='word_1_452' title='bbox 3616 3148 3810 3218; x_wconf 81' lang='grc' dir='ltr'>λέγον-</span> 
     </span>
    </p>
   </div>
   <div class='ocr_carea' id='block_1_63' title="bbox 524 3234 2116 3313">
    <p class='ocr_par' dir='ltr' id='par_1_63' title="bbox 524 3234 2116 3313">
     <span class='ocr_line' id='line_1_63' title="bbox 524 3234 2116 3313; baseline -0.006 -14"><span class='ocrx_word' id='word_1_453' title='bbox 524 3258 716 3313; x_wconf 81' lang='lat' dir='ltr'><strong>senes,</strong></span> <span class='ocrx_word' id='word_1_454' title='bbox 761 3240 1215 3299; x_wconf 83' lang='lat' dir='ltr'><strong>dicentes:Cum</strong></span> <span class='ocrx_word' id='word_1_455' title='bbox 1275 3254 1390 3311; x_wconf 86' lang='lat' dir='ltr'><strong>quo</strong></span> <span class='ocrx_word' id='word_1_456' title='bbox 1435 3238 1703 3306; x_wconf 83' lang='lat' dir='ltr'><strong>disseris,</strong></span> <span class='ocrx_word' id='word_1_457' title='bbox 1755 3235 1962 3292; x_wconf 79' lang='lat' dir='ltr'><strong>Pater?</strong></span> <span class='ocrx_word' id='word_1_458' title='bbox 2009 3234 2116 3290; x_wconf 82' lang='lat' dir='ltr'><strong>Re-</strong></span> 
     </span>
    </p>
   </div>
   <div class='ocr_carea' id='block_1_64' title="bbox 524 3322 2115 3406">
    <p class='ocr_par' dir='ltr' id='par_1_64' title="bbox 524 3322 2115 3406">
     <span class='ocr_line' id='line_1_64' title="bbox 524 3322 2115 3406; baseline -0.005 -15"><span class='ocrx_word' id='word_1_459' title='bbox 524 3335 747 3406; x_wconf 86' lang='lat' dir='ltr'><strong>spondit</strong></span> <span class='ocrx_word' id='word_1_460' title='bbox 777 3355 791 3390; x_wconf 89' lang='lat'>:</span> <span class='ocrx_word' id='word_1_461' title='bbox 826 3334 1022 3406; x_wconf 76' lang='lat' dir='ltr'><strong>Angeli</strong></span> <span class='ocrx_word' id='word_1_462' title='bbox 1051 3340 1347 3396; x_wconf 87' lang='lat' dir='ltr'><strong>venerunt,</strong></span> <span class='ocrx_word' id='word_1_463' title='bbox 1383 3339 1442 3386; x_wconf 87' lang='lat' dir='ltr'><strong>ut</strong></span> <span class='ocrx_word' id='word_1_464' title='bbox 1472 3346 1559 3386; x_wconf 90' lang='lat' dir='ltr'><strong>me</strong></span> <span class='ocrx_word' id='word_1_465' title='bbox 1591 3322 1909 3393; x_wconf 63' lang='lat' dir='ltr'><strong>assumanti</strong></span> <span class='ocrx_word' id='word_1_466' title='bbox 1931 3336 1985 3384; x_wconf 92' lang='lat' dir='ltr'><strong>et</strong></span> <span class='ocrx_word' id='word_1_467' title='bbox 2014 3328 2115 3383; x_wconf 86' lang='lat' dir='ltr'><strong>ob-</strong></span> 
     </span>
    </p>
   </div>
   <div class='ocr_carea' id='block_1_65' title="bbox 522 3421 2109 3499">
    <p class='ocr_par' dir='ltr' id='par_1_65' title="bbox 522 3421 2109 3499">
     <span class='ocr_line' id='line_1_65' title="bbox 522 3421 2109 3499; baseline -0.004 -17"><span class='ocrx_word' id='word_1_468' title='bbox 522 3444 700 3494; x_wconf 85' lang='lat' dir='ltr'><strong>secro,</strong></span> <span class='ocrx_word' id='word_1_469' title='bbox 743 3436 803 3483; x_wconf 88' lang='lat' dir='ltr'><strong>ut</strong></span> <span class='ocrx_word' id='word_1_470' title='bbox 849 3426 1134 3499; x_wconf 85' lang='lat' dir='ltr'><strong>permittar</strong></span> <span class='ocrx_word' id='word_1_471' title='bbox 1180 3425 1464 3496; x_wconf 81' lang='lat' dir='ltr'><strong>paululum</strong></span> <span class='ocrx_word' id='word_1_472' title='bbox 1510 3438 1672 3493; x_wconf 78' lang='lat' dir='ltr'><strong>agere</strong></span> <span class='ocrx_word' id='word_1_473' title='bbox 1709 3421 2109 3493; x_wconf 67' lang='lat' dir='ltr'><strong>paenitentiam.</strong></span> 
     </span>
    </p>
   </div>
   <div class='ocr_carea' id='block_1_66' title="bbox 524 3510 2111 3590">
    <p class='ocr_par' dir='ltr' id='par_1_66' title="bbox 524 3510 2111 3590">
     <span class='ocr_line' id='line_1_66' title="bbox 524 3510 2111 3590; baseline -0.006 -16"><span class='ocrx_word' id='word_1_474' title='bbox 524 3519 820 3590; x_wconf 79' lang='lat' dir='ltr'><strong>Excipiunt</strong></span> <span class='ocrx_word' id='word_1_475' title='bbox 850 3532 1014 3574; x_wconf 89' lang='lat' dir='ltr'><strong>senes</strong></span> <span class='ocrx_word' id='word_1_476' title='bbox 1036 3515 1196 3572; x_wconf 59' lang='lat' dir='ltr'><strong>:‘Non</strong></span> <span class='ocrx_word' id='word_1_477' title='bbox 1225 3531 1353 3588; x_wconf 81' lang='lat' dir='ltr'><strong>eges</strong></span> <span class='ocrx_word' id='word_1_478' title='bbox 1377 3515 1726 3586; x_wconf 77' lang='lat' dir='ltr'><strong>poenitentia,</strong></span> <span class='ocrx_word' id='word_1_479' title='bbox 1758 3513 1941 3569; x_wconf 89' lang='lat' dir='ltr'><strong>Pater.</strong></span> <span class='ocrx_word' id='word_1_480' title='bbox 1970 3510 2111 3566; x_wconf 92' lang='lat' dir='ltr'><strong>Tum</strong></span> 
     </span>
    </p>
   </div>
   <div class='ocr_carea' id='block_1_67' title="bbox 523 3605 2109 3683">
    <p class='ocr_par' dir='ltr' id='par_1_67' title="bbox 523 3605 2109 3683">
     <span class='ocr_line' id='line_1_67' title="bbox 523 3605 2109 3683; baseline -0.007 -15"><span class='ocrx_word' id='word_1_481' title='bbox 523 3628 695 3669; x_wconf 74' lang='lat' dir='ltr'><strong>senex</strong></span> <span class='ocrx_word' id='word_1_482' title='bbox 718 3611 792 3667; x_wconf 84' lang='lat' dir='ltr'><strong>ad</strong></span> <span class='ocrx_word' id='word_1_483' title='bbox 830 3613 1023 3683; x_wconf 87' lang='lat' dir='ltr'><strong>ipsos:</strong></span> <span class='ocrx_word' id='word_1_484' title='bbox 1052 3609 1289 3675; x_wconf 82' lang='lat' dir='ltr'><strong>Revera,</strong></span> <span class='ocrx_word' id='word_1_485' title='bbox 1329 3624 1438 3665; x_wconf 92' lang='lat' dir='ltr'><strong>non</strong></span> <span class='ocrx_word' id='word_1_486' title='bbox 1490 3605 1623 3662; x_wconf 76' lang='lat' dir='ltr'><strong>milii</strong></span> <span class='ocrx_word' id='word_1_487' title='bbox 1665 3607 1924 3662; x_wconf 88' lang='lat' dir='ltr'><strong>conscius</strong></span> <span class='ocrx_word' id='word_1_488' title='bbox 1967 3620 2109 3669; x_wconf 91' lang='lat' dir='ltr'><strong>sutn,</strong></span> 
     </span>
    </p>
   </div>
   <div class='ocr_carea' id='block_1_68' title="bbox 527 3700 2109 3777">
    <p class='ocr_par' dir='ltr' id='par_1_68' title="bbox 527 3700 2109 3777">
     <span class='ocr_line' id='line_1_68' title="bbox 527 3700 2109 3777; baseline -0.008 -13"><span class='ocrx_word' id='word_1_489' title='bbox 527 3706 675 3777; x_wconf 82' lang='lat' dir='ltr'><strong>quod</strong></span> <span class='ocrx_word' id='word_1_490' title='bbox 720 3705 1062 3777; x_wconf 55' lang='lat' dir='ltr'><strong>paenitentiae</strong></span> <span class='ocrx_word' id='word_1_491' title='bbox 1106 3704 1326 3760; x_wconf 88' lang='lat' dir='ltr'><strong>initium</strong></span> <span class='ocrx_word' id='word_1_492' title='bbox 1374 3702 1679 3774; x_wconf 89' lang='lat' dir='ltr'><strong>posuerim.</strong></span> <span class='ocrx_word' id='word_1_493' title='bbox 1722 3700 2109 3756; x_wconf 83' lang='lat' dir='ltr'><strong>lntellexerunt</strong></span> 
     </span>
    </p>
   </div>
   <div class='ocr_carea' id='block_1_69' title="bbox 523 3789 2112 3866">
    <p class='ocr_par' dir='ltr' id='par_1_69' title="bbox 523 3789 2112 3866">
     <span class='ocr_line' id='line_1_69' title="bbox 523 3789 2112 3866; baseline -0.005 -13"><span class='ocrx_word' id='word_1_494' title='bbox 523 3813 656 3853; x_wconf 81' lang='lat' dir='ltr'><strong>vero</strong></span> <span class='ocrx_word' id='word_1_495' title='bbox 698 3811 913 3861; x_wconf 90' lang='lat' dir='ltr'><strong>omnes,</strong></span> <span class='ocrx_word' id='word_1_496' title='bbox 955 3811 1079 3852; x_wconf 91' lang='lat' dir='ltr'><strong>eum</strong></span> <span class='ocrx_word' id='word_1_497' title='bbox 1134 3808 1259 3852; x_wconf 89' lang='lat' dir='ltr'><strong>esse</strong></span> <span class='ocrx_word' id='word_1_498' title='bbox 1312 3793 1638 3866; x_wconf 89' lang='lat' dir='ltr'><strong>perfectum.</strong></span> <span class='ocrx_word' id='word_1_499' title='bbox 1695 3792 1895 3847; x_wconf 87' lang='lat' dir='ltr'><strong>lterum</strong></span> <span class='ocrx_word' id='word_1_500' title='bbox 1943 3789 2112 3845; x_wconf 87' lang='lat' dir='ltr'><strong>facies</strong></span> 
     </span>
    </p>
   </div>
   <div class='ocr_carea' id='block_1_70' title="bbox 523 3884 2112 3965">
    <p class='ocr_par' dir='ltr' id='par_1_70' title="bbox 523 3884 2112 3965">
     <span class='ocr_line' id='line_1_70' title="bbox 523 3884 2112 3965; baseline -0.004 -21"><span class='ocrx_word' id='word_1_501' title='bbox 523 3890 673 3965; x_wconf 84' lang='lat' dir='ltr'><strong>illius</strong></span> <span class='ocrx_word' id='word_1_502' title='bbox 708 3889 894 3946; x_wconf 89' lang='lat' dir='ltr'><strong>subito</strong></span> <span class='ocrx_word' id='word_1_503' title='bbox 923 3888 1064 3945; x_wconf 88' lang='lat' dir='ltr'><strong>facta</strong></span> <span class='ocrx_word' id='word_1_504' title='bbox 1099 3896 1186 3945; x_wconf 90' lang='lat' dir='ltr'><strong>est</strong></span> <span class='ocrx_word' id='word_1_505' title='bbox 1210 3889 1361 3945; x_wconf 92' lang='lat' dir='ltr'><strong>velut</strong></span> <span class='ocrx_word' id='word_1_506' title='bbox 1386 3888 1468 3945; x_wconf 93' lang='lat' dir='ltr'><strong>sol</strong></span> <span class='ocrx_word' id='word_1_507' title='bbox 1495 3907 1509 3944; x_wconf 89' lang='lat'><strong>:</strong></span> <span class='ocrx_word' id='word_1_508' title='bbox 1543 3903 1609 3943; x_wconf 80' lang='lat' dir='ltr'><strong>ex</strong></span> <span class='ocrx_word' id='word_1_509' title='bbox 1639 3902 1751 3958; x_wconf 90' lang='lat' dir='ltr'><strong>quo</strong></span> <span class='ocrx_word' id='word_1_510' title='bbox 1777 3884 1954 3942; x_wconf 90' lang='lat' dir='ltr'><strong>territi</strong></span> <span class='ocrx_word' id='word_1_511' title='bbox 1982 3892 2112 3939; x_wconf 86' lang='lat' dir='ltr'><strong>sunt</strong></span> 
     </span>
    </p>
   </div>
   <div class='ocr_carea' id='block_1_71' title="bbox 521 3975 2106 4046">
    <p class='ocr_par' dir='ltr' id='par_1_71' title="bbox 521 3975 2106 4046">
     <span class='ocr_line' id='line_1_71' title="bbox 521 3975 2106 4046; baseline -0.003 -10"><span class='ocrx_word' id='word_1_512' title='bbox 521 3982 729 4037; x_wconf 91' lang='lat' dir='ltr'><strong>cuncti.</strong></span> <span class='ocrx_word' id='word_1_513' title='bbox 771 3981 869 4035; x_wconf 71' lang='lat' dir='ltr'><strong>“Ait</strong></span> <span class='ocrx_word' id='word_1_514' title='bbox 918 3980 1026 4036; x_wconf 88' lang='lat' dir='ltr'><strong>illis</strong></span> <span class='ocrx_word' id='word_1_515' title='bbox 1056 3979 1317 4046; x_wconf 86' lang='lat' dir='ltr'><strong>:&#39;Videte,</strong></span> <span class='ocrx_word' id='word_1_516' title='bbox 1357 3979 1622 4034; x_wconf 86' lang='lat' dir='ltr'><strong>Dominus</strong></span> <span class='ocrx_word' id='word_1_517' title='bbox 1662 3978 1837 4041; x_wconf 87' lang='lat' dir='ltr'><strong>venit,</strong></span> <span class='ocrx_word' id='word_1_518' title='bbox 1872 3975 2106 4031; x_wconf 86' lang='lat' dir='ltr'><strong>dicens:</strong></span> 
     </span>
    </p>
   </div>
   <div class='ocr_carea' id='block_1_72' title="bbox 522 4068 2111 4139">
    <p class='ocr_par' dir='ltr' id='par_1_72' title="bbox 522 4068 2111 4139">
     <span class='ocr_line' id='line_1_72' title="bbox 522 4068 2111 4139; baseline -0.004 -10"><span class='ocrx_word' id='word_1_519' title='bbox 522 4074 728 4130; x_wconf 81' lang='lat' dir='ltr'><strong>Atl‘erte</strong></span> <span class='ocrx_word' id='word_1_520' title='bbox 759 4073 888 4129; x_wconf 89' lang='lat' dir='ltr'><strong>mihi</strong></span> <span class='ocrx_word' id='word_1_521' title='bbox 922 4074 1210 4130; x_wconf 88' lang='lat' dir='ltr'><strong>electionis</strong></span> <span class='ocrx_word' id='word_1_522' title='bbox 1250 4089 1349 4130; x_wconf 88' lang='lat' dir='ltr'><strong>vas</strong></span> <span class='ocrx_word' id='word_1_523' title='bbox 1377 4069 1908 4139; x_wconf 66' lang='lat' dir='ltr'><strong>eremi.&#39;Statimque</strong></span> <span class='ocrx_word' id='word_1_524' title='bbox 1940 4068 2111 4123; x_wconf 85' lang='lat' dir='ltr'><strong>tradi-</strong></span> 
     </span>
    </p>
   </div>
   <div class='ocr_carea' id='block_1_73' title="bbox 446 4162 2113 4237">
    <p class='ocr_par' dir='ltr' id='par_1_73' title="bbox 446 4162 2113 4237">
     <span class='ocr_line' id='line_1_73' title="bbox 446 4162 2113 4237; baseline -0.004 -15"><span class='ocrx_word' id='word_1_525' title='bbox 446 4178 449 4185; x_wconf 94' lang='lat'>&#39;</span> <span class='ocrx_word' id='word_1_526' title='bbox 522 4167 601 4222; x_wconf 88' lang='lat' dir='ltr'><strong>dit</strong></span> <span class='ocrx_word' id='word_1_527' title='bbox 624 4166 899 4237; x_wconf 86' lang='lat' dir='ltr'><strong>spiritum.</strong></span> <span class='ocrx_word' id='word_1_528' title='bbox 919 4166 998 4223; x_wconf 76' lang='lat' dir='ltr'><strong>Ac</strong></span> <span class='ocrx_word' id='word_1_529' title='bbox 1027 4166 1213 4222; x_wconf 74' lang='lat' dir='ltr'><strong>evasit</strong></span> <span class='ocrx_word' id='word_1_530' title='bbox 1231 4173 1494 4236; x_wconf 88' lang='lat' dir='ltr'><strong>tanquam</strong></span> <span class='ocrx_word' id='word_1_531' title='bbox 1521 4162 1712 4234; x_wconf 79' lang='lat' dir='ltr'><strong>fulgur</strong></span> <span class='ocrx_word' id='word_1_532' title='bbox 1734 4203 1749 4227; x_wconf 94' lang='lat'><strong>,</strong></span> <span class='ocrx_word' id='word_1_533' title='bbox 1776 4176 1879 4216; x_wconf 90' lang='lat' dir='ltr'><strong>nec</strong></span> <span class='ocrx_word' id='word_1_534' title='bbox 1900 4174 2007 4215; x_wconf 77' lang='lat' dir='ltr'><strong>non</strong></span> <span class='ocrx_word' id='word_1_535' title='bbox 2030 4175 2113 4216; x_wconf 87' lang='lat' dir='ltr'><strong>re-</strong></span> 
     </span>
    </p>
   </div>
   <div class='ocr_carea' id='block_1_74' title="bbox 522 4256 1575 4327">
    <p class='ocr_par' dir='ltr' id='par_1_74' title="bbox 522 4256 1575 4327">
     <span class='ocr_line' id='line_1_74' title="bbox 522 4256 1575 4327; baseline -0.003 -15"><span class='ocrx_word' id='word_1_536' title='bbox 522 4259 704 4327; x_wconf 84' lang='lat' dir='ltr'><strong>pletus</strong></span> <span class='ocrx_word' id='word_1_537' title='bbox 736 4265 819 4313; x_wconf 89' lang='lat' dir='ltr'><strong>est</strong></span> <span class='ocrx_word' id='word_1_538' title='bbox 848 4265 997 4314; x_wconf 89' lang='lat' dir='ltr'><strong>totus</strong></span> <span class='ocrx_word' id='word_1_539' title='bbox 1030 4259 1184 4313; x_wconf 89' lang='lat' dir='ltr'><strong>locus</strong></span> <span class='ocrx_word' id='word_1_540' title='bbox 1212 4257 1358 4312; x_wconf 90' lang='lat' dir='ltr'><strong>bono</strong></span> <span class='ocrx_word' id='word_1_541' title='bbox 1384 4256 1575 4311; x_wconf 90' lang='lat' dir='ltr'><strong>odore.</strong></span> 
     </span>
    </p>
   </div>
   <div class='ocr_carea' id='block_1_75' title="bbox 593 4345 2111 4422">
    <p class='ocr_par' dir='ltr' id='par_1_75' title="bbox 593 4345 2111 4422">
     <span class='ocr_line' id='line_1_75' title="bbox 593 4345 2111 4422; baseline -0.005 -16"><span class='ocrx_word' id='word_1_542' title='bbox 593 4352 680 4406; x_wconf 87' lang='lat' dir='ltr'><strong>l5.</strong></span> <span class='ocrx_word' id='word_1_543' title='bbox 723 4351 835 4422; x_wconf 70' lang='grc'><strong>(45)</strong></span> <span class='ocrx_word' id='word_1_544' title='bbox 866 4350 1157 4407; x_wconf 81' lang='lat' dir='ltr'><strong>Profectus</strong></span> <span class='ocrx_word' id='word_1_545' title='bbox 1203 4357 1288 4406; x_wconf 92' lang='lat' dir='ltr'><strong>est</strong></span> <span class='ocrx_word' id='word_1_546' title='bbox 1335 4349 1507 4405; x_wconf 86' lang='lat' dir='ltr'><strong>abbas</strong></span> <span class='ocrx_word' id='word_1_547' title='bbox 1554 4345 1855 4418; x_wconf 84' lang='lat' dir='ltr'><strong>Adelphius</strong></span> <span class='ocrx_word' id='word_1_548' title='bbox 1895 4345 2111 4416; x_wconf 83' lang='lat' dir='ltr'><strong>episco-</strong></span> 
     </span>
    </p>
   </div>
   <div class='ocr_carea' id='block_1_76' title="bbox 522 4436 2110 4514">
    <p class='ocr_par' dir='ltr' id='par_1_76' title="bbox 522 4436 2110 4514">
     <span class='ocr_line' id='line_1_76' title="bbox 522 4436 2110 4514; baseline -0.004 -17"><span class='ocrx_word' id='word_1_549' title='bbox 522 4459 626 4514; x_wconf 88' lang='lat' dir='ltr'><strong>pus</strong></span> <span class='ocrx_word' id='word_1_550' title='bbox 645 4441 964 4514; x_wconf 83' lang='lat' dir='ltr'><strong>Nilopoleos</strong></span> <span class='ocrx_word' id='word_1_551' title='bbox 1003 4442 1069 4497; x_wconf 87' lang='lat' dir='ltr'><strong>ad</strong></span> <span class='ocrx_word' id='word_1_552' title='bbox 1101 4442 1356 4497; x_wconf 85' lang='lat' dir='ltr'><strong>abbatem</strong></span> <span class='ocrx_word' id='word_1_553' title='bbox 1387 4439 1599 4497; x_wconf 85' lang='lat' dir='ltr'><strong>Sisoem</strong></span> <span class='ocrx_word' id='word_1_554' title='bbox 1638 4440 1694 4494; x_wconf 88' lang='lat' dir='ltr'><strong>&#39;m</strong></span> <span class='ocrx_word' id='word_1_555' title='bbox 1731 4447 1972 4493; x_wconf 84' lang='lat' dir='ltr'><strong>montem</strong></span> <span class='ocrx_word' id='word_1_556' title='bbox 2012 4436 2110 4492; x_wconf 83' lang='lat' dir='ltr'><strong>ab-</strong></span> 
     </span>
    </p>
   </div>
   <div class='ocr_carea' id='block_1_77' title="bbox 2215 3238 3810 3314">
    <p class='ocr_par' dir='ltr' id='par_1_77' title="bbox 2215 3238 3810 3314">
     <span class='ocr_line' id='line_1_77' title="bbox 2215 3238 3810 3314; baseline 0 -19"><span class='ocrx_word' id='word_1_557' title='bbox 2215 3257 2337 3306; x_wconf 88' lang='grc' dir='ltr'>τες·</span> <span class='ocrx_word' id='word_1_558' title='bbox 2366 3238 2524 3295; x_wconf 84' lang='grc' dir='ltr'>Μετὰ</span> <span class='ocrx_word' id='word_1_559' title='bbox 2571 3238 2719 3303; x_wconf 88' lang='grc' dir='ltr'>τίνος</span> <span class='ocrx_word' id='word_1_560' title='bbox 2766 3240 2997 3311; x_wconf 84' lang='grc' dir='ltr'><strong>ὁμιλεῖς,</strong></span> <span class='ocrx_word' id='word_1_561' title='bbox 3031 3238 3246 3312; x_wconf 63' lang='lat' dir='ltr'><strong>amp;</strong></span> <span class='ocrx_word' id='word_1_562' title='bbox 3304 3240 3363 3294; x_wconf 82' lang='grc' dir='ltr'>ὐ</span> <span class='ocrx_word' id='word_1_563' title='bbox 3403 3240 3459 3295; x_wconf 86' lang='grc' dir='ltr'>δὲ</span> <span class='ocrx_word' id='word_1_564' title='bbox 3492 3241 3629 3314; x_wconf 75' lang='grc' dir='ltr'><strong>ἔφη’</strong></span> <span class='ocrx_word' id='word_1_565' title='bbox 3671 3241 3810 3297; x_wconf 80' lang='grc' dir='ltr'>Ἰδοὺ</span> 
     </span>
    </p>
   </div>
   <div class='ocr_carea' id='block_1_78' title="bbox 2216 3329 3813 3406">
    <p class='ocr_par' dir='ltr' id='par_1_78' title="bbox 2216 3329 3813 3406">
     <span class='ocr_line' id='line_1_78' title="bbox 2216 3329 3813 3406; baseline -0.003 -17"><span class='ocrx_word' id='word_1_566' title='bbox 2216 3334 2435 3405; x_wconf 84' lang='grc' dir='ltr'>ἄγγελοι</span> <span class='ocrx_word' id='word_1_567' title='bbox 2466 3329 2629 3405; x_wconf 82' lang='grc' dir='ltr'>ἦλθον</span> <span class='ocrx_word' id='word_1_568' title='bbox 2676 3334 2864 3389; x_wconf 78' lang='grc' dir='ltr'>λαϐεῖν</span> <span class='ocrx_word' id='word_1_569' title='bbox 2895 3351 2984 3406; x_wconf 90' lang='grc' dir='ltr'><strong>με,</strong></span> <span class='ocrx_word' id='word_1_570' title='bbox 3018 3333 3114 3387; x_wconf 71' lang='grc' dir='ltr'><strong>καὶ</strong></span> <span class='ocrx_word' id='word_1_571' title='bbox 3155 3332 3460 3406; x_wconf 85' lang='grc' dir='ltr'>παρακαλῶ</span> <span class='ocrx_word' id='word_1_572' title='bbox 3502 3333 3590 3387; x_wconf 81' lang='grc' dir='ltr'><strong>ῐνα</strong></span> <span class='ocrx_word' id='word_1_573' title='bbox 3616 3332 3813 3401; x_wconf 80' lang='grc' dir='ltr'>ἀφεθῶ</span> 
     </span>
    </p>
   </div>
   <div class='ocr_carea' id='block_1_79' title="bbox 2219 3424 3807 3500">
    <p class='ocr_par' dir='ltr' id='par_1_79' title="bbox 2219 3424 3807 3500">
     <span class='ocr_line' id='line_1_79' title="bbox 2219 3424 3807 3500; baseline -0.003 -19"><span class='ocrx_word' id='word_1_574' title='bbox 2219 3428 2552 3500; x_wconf 78' lang='grc' dir='ltr'>μετανοῆσαι</span> <span class='ocrx_word' id='word_1_575' title='bbox 2587 3428 2801 3500; x_wconf 86' lang='grc' dir='ltr'>μικρόν.</span> <span class='ocrx_word' id='word_1_576' title='bbox 2836 3427 2949 3481; x_wconf 85' lang='lat' dir='ltr'><strong>Kal</strong></span> <span class='ocrx_word' id='word_1_577' title='bbox 2975 3426 3228 3496; x_wconf 84' lang='grc' dir='ltr'>λέγουσιν</span> <span class='ocrx_word' id='word_1_578' title='bbox 3262 3425 3412 3496; x_wconf 69' lang='grc' dir='ltr'>αὐτῷ</span> <span class='ocrx_word' id='word_1_579' title='bbox 3440 3427 3490 3478; x_wconf 76' lang='grc' dir='ltr'><strong>οἱ</strong></span> <span class='ocrx_word' id='word_1_580' title='bbox 3514 3424 3807 3496; x_wconf 83' lang='grc' dir='ltr'>γέροντες·</span> 
     </span>
    </p>
   </div>
   <div class='ocr_carea' id='block_1_80' title="bbox 2214 3508 3814 3592">
    <p class='ocr_par' dir='ltr' id='par_1_80' title="bbox 2214 3508 3814 3592">
     <span class='ocr_line' id='line_1_80' title="bbox 2214 3508 3814 3592; baseline -0.003 -18"><span class='ocrx_word' id='word_1_581' title='bbox 2214 3520 2292 3574; x_wconf 80' lang='grc' dir='ltr'><strong>Οὐ</strong></span> <span class='ocrx_word' id='word_1_582' title='bbox 2316 3520 2505 3592; x_wconf 86' lang='grc' dir='ltr'>χρείαν</span> <span class='ocrx_word' id='word_1_583' title='bbox 2534 3520 2681 3591; x_wconf 76' lang='grc' dir='ltr'>ἔχεις</span> <span class='ocrx_word' id='word_1_584' title='bbox 2725 3519 3081 3591; x_wconf 83' lang='grc' dir='ltr'>μετανοῆσαι,</span> <span class='ocrx_word' id='word_1_585' title='bbox 3106 3518 3311 3590; x_wconf 82' lang='grc' dir='ltr'>Πάτερ.</span> <span class='ocrx_word' id='word_1_586' title='bbox 3370 3508 3506 3571; x_wconf 61' lang='lat' dir='ltr'><strong>Eine</strong></span> <span class='ocrx_word' id='word_1_587' title='bbox 3532 3517 3589 3571; x_wconf 77' lang='grc' dir='ltr'>δὲ</span> <span class='ocrx_word' id='word_1_588' title='bbox 3618 3516 3814 3582; x_wconf 81' lang='grc' dir='ltr'>αὐτοῖς</span> 
     </span>
    </p>
   </div>
   <div class='ocr_carea' id='block_1_81' title="bbox 2213 3606 3807 3685">
    <p class='ocr_par' dir='ltr' id='par_1_81' title="bbox 2213 3606 3807 3685">
     <span class='ocr_line' id='line_1_81' title="bbox 2213 3606 3807 3685; baseline -0.002 -19"><span class='ocrx_word' id='word_1_589' title='bbox 2213 3613 2243 3666; x_wconf 88' lang='lat'><strong>6</strong></span> <span class='ocrx_word' id='word_1_590' title='bbox 2275 3613 2457 3685; x_wconf 87' lang='grc' dir='ltr'>γέρων</span> <span class='ocrx_word' id='word_1_591' title='bbox 2478 3629 2493 3644; x_wconf 76' lang='grc' dir='ltr'><strong>ο</strong></span> <span class='ocrx_word' id='word_1_592' title='bbox 2522 3611 2687 3666; x_wconf 77' lang='grc' dir='ltr'>Φύσει</span> <span class='ocrx_word' id='word_1_593' title='bbox 2713 3612 2816 3665; x_wconf 85' lang='grc' dir='ltr'><strong>οὐκ</strong></span> <span class='ocrx_word' id='word_1_594' title='bbox 2843 3606 2963 3666; x_wconf 73' lang='grc' dir='ltr'>οῖδα</span> <span class='ocrx_word' id='word_1_595' title='bbox 3000 3609 3238 3682; x_wconf 81' lang='grc' dir='ltr'>ἐμαυτὸν</span> <span class='ocrx_word' id='word_1_596' title='bbox 3258 3612 3342 3665; x_wconf 82' lang='grc' dir='ltr'><strong>ὅτι</strong></span> <span class='ocrx_word' id='word_1_597' title='bbox 3380 3608 3572 3662; x_wconf 76' lang='grc' dir='ltr'>ἔϐαλον</span> <span class='ocrx_word' id='word_1_598' title='bbox 3601 3608 3807 3680; x_wconf 81' lang='grc' dir='ltr'>ἀρχήν.</span> 
     </span>
    </p>
   </div>
   <div class='ocr_carea' id='block_1_82' title="bbox 2214 3701 3816 3777">
    <p class='ocr_par' dir='ltr' id='par_1_82' title="bbox 2214 3701 3816 3777">
     <span class='ocr_line' id='line_1_82' title="bbox 2214 3701 3816 3777; baseline -0.003 -17"><span class='ocrx_word' id='word_1_599' title='bbox 2214 3706 2323 3760; x_wconf 77' lang='grc' dir='ltr'><strong>Καὶ</strong></span> <span class='ocrx_word' id='word_1_600' title='bbox 2350 3705 2551 3777; x_wconf 77' lang='grc' dir='ltr'>ἔμαθον</span> <span class='ocrx_word' id='word_1_601' title='bbox 2576 3704 2778 3769; x_wconf 72' lang='grc' dir='ltr'>πάντες</span> <span class='ocrx_word' id='word_1_602' title='bbox 2805 3705 2887 3758; x_wconf 84' lang='grc' dir='ltr'>ὅτι</span> <span class='ocrx_word' id='word_1_603' title='bbox 2915 3702 3118 3768; x_wconf 87' lang='grc' dir='ltr'>τέλειός</span> <span class='ocrx_word' id='word_1_604' title='bbox 3148 3705 3289 3757; x_wconf 90' lang='grc' dir='ltr'>ἐστι.</span> <span class='ocrx_word' id='word_1_605' title='bbox 3319 3701 3433 3757; x_wconf 85' lang='lat' dir='ltr'><strong>Kal</strong></span> <span class='ocrx_word' id='word_1_606' title='bbox 3466 3701 3629 3755; x_wconf 83' lang='grc' dir='ltr'>πάλιν</span> <span class='ocrx_word' id='word_1_607' title='bbox 3649 3701 3816 3770; x_wconf 71' lang='grc' dir='ltr'>ἄφνω</span> 
     </span>
    </p>
   </div>
   <div class='ocr_carea' id='block_1_83' title="bbox 2213 3792 3816 3868">
    <p class='ocr_par' dir='ltr' id='par_1_83' title="bbox 2213 3792 3816 3868">
     <span class='ocr_line' id='line_1_83' title="bbox 2213 3792 3816 3868; baseline -0.003 -18"><span class='ocrx_word' id='word_1_608' title='bbox 2213 3798 2430 3867; x_wconf 81' lang='grc' dir='ltr'>ἐγένετο</span> <span class='ocrx_word' id='word_1_609' title='bbox 2468 3798 2531 3851; x_wconf 81' lang='grc' dir='ltr'><strong>τὸ</strong></span> <span class='ocrx_word' id='word_1_610' title='bbox 2563 3797 2857 3868; x_wconf 78' lang='grc' dir='ltr'>πρόσωπον</span> <span class='ocrx_word' id='word_1_611' title='bbox 2893 3794 3059 3849; x_wconf 81' lang='grc' dir='ltr'>αὐτοῦ</span> <span class='ocrx_word' id='word_1_612' title='bbox 3089 3796 3167 3860; x_wconf 83' lang='grc' dir='ltr'>ὡς</span> <span class='ocrx_word' id='word_1_613' title='bbox 3195 3797 3225 3849; x_wconf 92' lang='lat'><strong>6</strong></span> <span class='ocrx_word' id='word_1_614' title='bbox 3255 3793 3406 3866; x_wconf 76' lang='grc' dir='ltr'>ἥλιος</span> <span class='ocrx_word' id='word_1_615' title='bbox 3424 3811 3440 3825; x_wconf 87' lang='grc'><strong>·</strong></span> <span class='ocrx_word' id='word_1_616' title='bbox 3476 3792 3572 3847; x_wconf 60' lang='grc' dir='ltr'>καὶ</span> <span class='ocrx_word' id='word_1_617' title='bbox 3602 3792 3816 3863; x_wconf 80' lang='grc' dir='ltr'>ἐφοϐή-</span> 
     </span>
    </p>
   </div>
   <div class='ocr_carea' id='block_1_84' title="bbox 2212 3883 3815 3961">
    <p class='ocr_par' dir='ltr' id='par_1_84' title="bbox 2212 3883 3815 3961">
     <span class='ocr_line' id='line_1_84' title="bbox 2212 3883 3815 3961; baseline -0.004 -17"><span class='ocrx_word' id='word_1_618' title='bbox 2212 3889 2386 3961; x_wconf 87' lang='grc' dir='ltr'>θησαν</span> <span class='ocrx_word' id='word_1_619' title='bbox 2418 3890 2640 3953; x_wconf 91' lang='grc' dir='ltr'>πάντες.</span> <span class='ocrx_word' id='word_1_620' title='bbox 2671 3889 2783 3944; x_wconf 87' lang='lat' dir='ltr'><strong>Kal</strong></span> <span class='ocrx_word' id='word_1_621' title='bbox 2811 3887 2960 3957; x_wconf 82' lang='grc' dir='ltr'>λέγει</span> <span class='ocrx_word' id='word_1_622' title='bbox 2994 3887 3213 3953; x_wconf 81' lang='grc' dir='ltr'>αὐτοῖς·</span> <span class='ocrx_word' id='word_1_623' title='bbox 3259 3885 3517 3950; x_wconf 83' lang='grc' dir='ltr'>Βλέπετε,</span> <span class='ocrx_word' id='word_1_624' title='bbox 3549 3887 3578 3939; x_wconf 97' lang='lat'><strong>6</strong></span> <span class='ocrx_word' id='word_1_625' title='bbox 3599 3883 3815 3957; x_wconf 81' lang='grc' dir='ltr'>Κύριος</span> 
     </span>
    </p>
   </div>
   <div class='ocr_carea' id='block_1_85' title="bbox 2210 3964 3812 4056">
    <p class='ocr_par' dir='ltr' id='par_1_85' title="bbox 2210 3964 3812 4056">
     <span class='ocr_line' id='line_1_85' title="bbox 2210 3964 3812 4056; baseline -0.002 -20"><span class='ocrx_word' id='word_1_626' title='bbox 2210 3979 2363 4056; x_wconf 81' lang='grc' dir='ltr'>ἦλθε,</span> <span class='ocrx_word' id='word_1_627' title='bbox 2395 3983 2491 4037; x_wconf 69' lang='grc' dir='ltr'><strong>καὶ</strong></span> <span class='ocrx_word' id='word_1_628' title='bbox 2515 3982 2657 4052; x_wconf 84' lang='grc' dir='ltr'>λέγει</span> <span class='ocrx_word' id='word_1_629' title='bbox 2681 3999 2693 4012; x_wconf 89' lang='grc'><strong>·</strong></span> <span class='ocrx_word' id='word_1_630' title='bbox 2726 3982 2924 4055; x_wconf 81' lang='grc' dir='ltr'>Φέρετέ</span> <span class='ocrx_word' id='word_1_631' title='bbox 2959 3964 3049 4053; x_wconf 71' lang='grc' dir='ltr'>μοι</span> <span class='ocrx_word' id='word_1_632' title='bbox 3070 3981 3131 4035; x_wconf 82' lang='grc' dir='ltr'><strong>τὸ</strong></span> <span class='ocrx_word' id='word_1_633' title='bbox 3153 3979 3408 4042; x_wconf 70' lang='grc' dir='ltr'>σκεῦοςίδ</span> <span class='ocrx_word' id='word_1_634' title='bbox 3436 3978 3537 4048; x_wconf 84' lang='grc' dir='ltr'>τῆς</span> <span class='ocrx_word' id='word_1_635' title='bbox 3569 3979 3812 4049; x_wconf 81' lang='grc' dir='ltr'>ἐρήμου.</span> 
     </span>
    </p>
   </div>
   <div class='ocr_carea' id='block_1_86' title="bbox 2212 4068 3817 4144">
    <p class='ocr_par' dir='ltr' id='par_1_86' title="bbox 2212 4068 3817 4144">
     <span class='ocr_line' id='line_1_86' title="bbox 2212 4068 3817 4144; baseline -0.006 -16"><span class='ocrx_word' id='word_1_636' title='bbox 2212 4076 2325 4129; x_wconf 86' lang='lat' dir='ltr'><strong>Kal</strong></span> <span class='ocrx_word' id='word_1_637' title='bbox 2348 4074 2551 4138; x_wconf 82' lang='grc' dir='ltr'>εὐθέως</span> <span class='ocrx_word' id='word_1_638' title='bbox 2583 4072 2867 4144; x_wconf 83' lang='grc' dir='ltr'>παρέδωκε</span> <span class='ocrx_word' id='word_1_639' title='bbox 2889 4072 2957 4104; x_wconf 61' lang='lat' dir='ltr'><strong>&quot;t‘</strong></span> <span class='ocrx_word' id='word_1_640' title='bbox 2986 4071 3046 4127; x_wconf 82' lang='grc' dir='ltr'>τὸ</span> <span class='ocrx_word' id='word_1_641' title='bbox 3080 4071 3321 4143; x_wconf 80' lang='grc' dir='ltr'>πνεῦμα.</span> <span class='ocrx_word' id='word_1_642' title='bbox 3344 4070 3456 4124; x_wconf 85' lang='lat' dir='ltr'><strong>Kal</strong></span> <span class='ocrx_word' id='word_1_643' title='bbox 3483 4069 3699 4136; x_wconf 78' lang='grc' dir='ltr'>ἐγένετο</span> <span class='ocrx_word' id='word_1_644' title='bbox 3730 4068 3817 4133; x_wconf 82' lang='grc' dir='ltr'>ὡς</span> 
     </span>
    </p>
   </div>
   <div class='ocr_carea' id='block_1_87' title="bbox 2211 4159 3620 4237">
    <p class='ocr_par' dir='ltr' id='par_1_87' title="bbox 2211 4159 3620 4237">
     <span class='ocr_line' id='line_1_87' title="bbox 2211 4159 3620 4237; baseline -0.003 -18"><span class='ocrx_word' id='word_1_645' title='bbox 2211 4165 2466 4237; x_wconf 82' lang='grc' dir='ltr'>ἀστραπή</span> <span class='ocrx_word' id='word_1_646' title='bbox 2488 4182 2502 4195; x_wconf 74' lang='grc' dir='ltr'><strong><em>ο</em></strong></span> <span class='ocrx_word' id='word_1_647' title='bbox 2537 4165 2631 4219; x_wconf 66' lang='grc' dir='ltr'>καὶ</span> <span class='ocrx_word' id='word_1_648' title='bbox 2658 4162 2902 4235; x_wconf 79' lang='grc' dir='ltr'>ἐπλήσθη</span> <span class='ocrx_word' id='word_1_649' title='bbox 2925 4163 3046 4227; x_wconf 82' lang='grc' dir='ltr'>ὅλος</span> <span class='ocrx_word' id='word_1_650' title='bbox 3077 4164 3106 4216; x_wconf 89' lang='lat'><strong>6</strong></span> <span class='ocrx_word' id='word_1_651' title='bbox 3134 4159 3343 4227; x_wconf 69' lang='grc' dir='ltr'>οἷκοςη</span> <span class='ocrx_word' id='word_1_652' title='bbox 3372 4160 3620 4224; x_wconf 80' lang='grc' dir='ltr'>εὐωδίας.</span> 
     </span>
    </p>
   </div>
   <div class='ocr_carea' id='block_1_88' title="bbox 2287 4329 3814 4413">
    <p class='ocr_par' dir='ltr' id='par_1_88' title="bbox 2287 4329 3814 4413">
     <span class='ocr_line' id='line_1_88' title="bbox 2287 4329 3814 4413; baseline -0.008 -18"><span class='ocrx_word' id='word_1_653' title='bbox 2287 4348 2366 4395; x_wconf 81' lang='grc' dir='ltr'>ιε’.</span> <span class='ocrx_word' id='word_1_654' title='bbox 2397 4339 2710 4413; x_wconf 81' lang='grc' dir='ltr'>Παρέὅαλεν</span> <span class='ocrx_word' id='word_1_655' title='bbox 2741 4340 2769 4391; x_wconf 91' lang='lat'><strong>6</strong></span> <span class='ocrx_word' id='word_1_656' title='bbox 2815 4338 2989 4401; x_wconf 76' lang='grc' dir='ltr'><strong>ἀϐὅᾶς</strong></span> <span class='ocrx_word' id='word_1_657' title='bbox 3042 4336 3313 4405; x_wconf 77' lang='grc' dir='ltr'>Ἀδέλφιος</span> <span class='ocrx_word' id='word_1_658' title='bbox 3348 4333 3650 4395; x_wconf 78' lang='grc' dir='ltr'>ἐπίσκοπος</span> <span class='ocrx_word' id='word_1_659' title='bbox 3672 4329 3814 4383; x_wconf 56' lang='lat' dir='ltr'><strong>Nat-</strong></span> 
     </span>
    </p>
   </div>
   <div class='ocr_carea' id='block_1_89' title="bbox 2211 4425 3815 4508">
    <p class='ocr_par' dir='ltr' id='par_1_89' title="bbox 2211 4425 3815 4508">
     <span class='ocr_line' id='line_1_89' title="bbox 2211 4425 3815 4508; baseline -0.008 -17"><span class='ocrx_word' id='word_1_660' title='bbox 2211 4436 2517 4499; x_wconf 82' lang='grc' dir='ltr'>λουπὸλεως</span> <span class='ocrx_word' id='word_1_661' title='bbox 2557 4436 2694 4508; x_wconf 80' lang='grc' dir='ltr'>πρὸς</span> <span class='ocrx_word' id='word_1_662' title='bbox 2737 4434 2828 4487; x_wconf 77' lang='grc' dir='ltr'><strong>τδν</strong></span> <span class='ocrx_word' id='word_1_663' title='bbox 2862 4432 3038 4488; x_wconf 72' lang='grc' dir='ltr'>ἀόὁᾶν</span> <span class='ocrx_word' id='word_1_664' title='bbox 3067 4431 3284 4501; x_wconf 87' lang='grc' dir='ltr'>Σισὸην,</span> <span class='ocrx_word' id='word_1_665' title='bbox 3335 4430 3416 4492; x_wconf 81' lang='grc' dir='ltr'><strong>εἰς</strong></span> <span class='ocrx_word' id='word_1_666' title='bbox 3460 4427 3521 4481; x_wconf 77' lang='grc' dir='ltr'>τὸ</span> <span class='ocrx_word' id='word_1_667' title='bbox 3548 4426 3676 4497; x_wconf 75' lang='grc' dir='ltr'>ὅρος</span> <span class='ocrx_word' id='word_1_668' title='bbox 3710 4425 3815 4478; x_wconf 76' lang='grc' dir='ltr'>τοῦ</span> 
     </span>
    </p>
   </div>
   <div class='ocr_carea' id='block_1_90' title="bbox 523 4509 2114 4604">
    <p class='ocr_par' dir='ltr' id='par_1_90' title="bbox 523 4509 2106 4604">
     <span class='ocr_line' id='line_1_90' title="bbox 523 4509 2106 4604; baseline -0.003 -16"><span class='ocrx_word' id='word_1_669' title='bbox 523 4509 664 4589; x_wconf 86' lang='lat' dir='ltr'><strong>batis</strong></span> <span class='ocrx_word' id='word_1_670' title='bbox 688 4509 929 4591; x_wconf 78' lang='lat' dir='ltr'><strong>Antonii.</strong></span> <span class='ocrx_word' id='word_1_671' title='bbox 956 4533 1206 4604; x_wconf 88' lang='lat' dir='ltr'><strong>Cumque</strong></span> <span class='ocrx_word' id='word_1_672' title='bbox 1228 4533 1528 4589; x_wconf 88' lang='lat' dir='ltr'><strong>discessuri</strong></span> <span class='ocrx_word' id='word_1_673' title='bbox 1562 4540 1776 4597; x_wconf 88' lang='lat' dir='ltr'><strong>essent,</strong></span> <span class='ocrx_word' id='word_1_674' title='bbox 1814 4540 2106 4601; x_wconf 86' lang='lat' dir='ltr'><strong>antequam</strong></span> 
     </span>
    </p>
   </div>
   <div class='ocr_carea' id='block_1_91' title="bbox 2218 4509 3818 4604">
    <p class='ocr_par' dir='ltr' id='par_1_91' title="bbox 2218 4517 3818 4596">
     <span class='ocr_line' id='line_1_91' title="bbox 2218 4517 3818 4596; baseline -0.01 -9"><span class='ocrx_word' id='word_1_675' title='bbox 2218 4531 2363 4588; x_wconf 69' lang='lat' dir='ltr'><strong>esse</strong></span> <span class='ocrx_word' id='word_1_676' title='bbox 2406 4528 2713 4583; x_wconf 82' lang='grc' dir='ltr'>’Δντωνίου.</span> <span class='ocrx_word' id='word_1_677' title='bbox 2743 4527 2855 4581; x_wconf 77' lang='lat' dir='ltr'><strong>Kal</strong></span> <span class='ocrx_word' id='word_1_678' title='bbox 2882 4527 2958 4589; x_wconf 83' lang='grc' dir='ltr'>ὡς</span> <span class='ocrx_word' id='word_1_679' title='bbox 2987 4522 3222 4596; x_wconf 72' lang='grc' dir='ltr'>ἤμελλον</span> <span class='ocrx_word' id='word_1_680' title='bbox 3259 4521 3514 4586; x_wconf 81' lang='grc' dir='ltr'>ἐξελθεῖν,</span> <span class='ocrx_word' id='word_1_681' title='bbox 3548 4517 3678 4590; x_wconf 77' lang='grc' dir='ltr'>πρὶν</span> <span class='ocrx_word' id='word_1_682' title='bbox 3709 4518 3818 4571; x_wconf 82' lang='grc' dir='ltr'>αὐ-</span> 
     </span>
    </p>
   </div>
   <div class='ocr_carea' id='block_1_92' title="bbox 523 4622 2103 4696">
    <p class='ocr_par' dir='ltr' id='par_1_92' title="bbox 523 4622 2103 4696">
     <span class='ocr_line' id='line_1_92' title="bbox 523 4622 2103 4696; baseline -0.004 -15"><span class='ocrx_word' id='word_1_683' title='bbox 523 4628 630 4681; x_wconf 90' lang='lat' dir='ltr'><strong>iter</strong></span> <span class='ocrx_word' id='word_1_684' title='bbox 657 4624 1106 4696; x_wconf 76' lang='lat' dir='ltr'><strong>aggrederentur.</strong></span> <span class='ocrx_word' id='word_1_685' title='bbox 1137 4625 1354 4680; x_wconf 88' lang='lat' dir='ltr'><strong>curavit</strong></span> <span class='ocrx_word' id='word_1_686' title='bbox 1385 4633 1444 4678; x_wconf 89' lang='lat' dir='ltr'><strong>ut</strong></span> <span class='ocrx_word' id='word_1_687' title='bbox 1474 4639 1501 4677; x_wconf 88' lang='lat' dir='ltr'><strong>a</strong></span> <span class='ocrx_word' id='word_1_688' title='bbox 1530 4638 1689 4678; x_wconf 89' lang='lat' dir='ltr'><strong>mane</strong></span> <span class='ocrx_word' id='word_1_689' title='bbox 1715 4622 2065 4679; x_wconf 87' lang='lat' dir='ltr'><strong>comederent</strong></span> <span class='ocrx_word' id='word_1_690' title='bbox 2091 4640 2103 4675; x_wconf 90' lang='lat'><strong>:</strong></span> 
     </span>
    </p>
   </div>
   <div class='ocr_carea' id='block_1_93' title="bbox 521 4714 2110 4787">
    <p class='ocr_par' dir='ltr' id='par_1_93' title="bbox 521 4714 2110 4787">
     <span class='ocr_line' id='line_1_93' title="bbox 521 4714 2110 4787; baseline -0.004 -12"><span class='ocrx_word' id='word_1_691' title='bbox 521 4727 642 4775; x_wconf 87' lang='lat' dir='ltr'><strong>erat</strong></span> <span class='ocrx_word' id='word_1_692' title='bbox 675 4726 857 4774; x_wconf 89' lang='lat' dir='ltr'><strong>autem</strong></span> <span class='ocrx_word' id='word_1_693' title='bbox 892 4716 1087 4787; x_wconf 92' lang='lat' dir='ltr'><strong>jejunii</strong></span> <span class='ocrx_word' id='word_1_694' title='bbox 1119 4715 1254 4771; x_wconf 91' lang='lat' dir='ltr'><strong>dies.</strong></span> <span class='ocrx_word' id='word_1_695' title='bbox 1290 4714 1586 4786; x_wconf 84' lang='lat' dir='ltr'><strong>Postquam</strong></span> <span class='ocrx_word' id='word_1_696' title='bbox 1639 4729 1770 4785; x_wconf 78' lang='lat' dir='ltr'><strong>ergo</strong></span> <span class='ocrx_word' id='word_1_697' title='bbox 1805 4722 2110 4785; x_wconf 87' lang='lat' dir='ltr'><strong>posuerunt</strong></span> 
     </span>
    </p>
   </div>
   <div class='ocr_carea' id='block_1_94' title="bbox 524 4806 2102 4878">
    <p class='ocr_par' dir='ltr' id='par_1_94' title="bbox 524 4806 2102 4878">
     <span class='ocr_line' id='line_1_94' title="bbox 524 4806 2102 4878; baseline -0.001 -16"><span class='ocrx_word' id='word_1_698' title='bbox 524 4824 793 4875; x_wconf 88' lang='lat' dir='ltr'><strong>mensam,</strong></span> <span class='ocrx_word' id='word_1_699' title='bbox 828 4822 957 4864; x_wconf 91' lang='lat' dir='ltr'><strong>ecce</strong></span> <span class='ocrx_word' id='word_1_700' title='bbox 980 4808 1182 4864; x_wconf 90' lang='lat' dir='ltr'><strong>fratres</strong></span> <span class='ocrx_word' id='word_1_701' title='bbox 1215 4807 1456 4878; x_wconf 86' lang='lat' dir='ltr'><strong>pulsant.</strong></span> <span class='ocrx_word' id='word_1_702' title='bbox 1488 4806 1631 4860; x_wconf 81' lang='lat' dir='ltr'><strong>Dixit</strong></span> <span class='ocrx_word' id='word_1_703' title='bbox 1659 4806 1935 4877; x_wconf 87' lang='lat' dir='ltr'><strong>discipulo</strong></span> <span class='ocrx_word' id='word_1_704' title='bbox 1959 4822 2061 4863; x_wconf 94' lang='lat' dir='ltr'><strong>suo</strong></span> <span class='ocrx_word' id='word_1_705' title='bbox 2088 4827 2102 4861; x_wconf 90' lang='lat'><strong>:</strong></span> 
     </span>
    </p>
   </div>
   <div class='ocr_carea' id='block_1_95' title="bbox 525 4898 2103 4971">
    <p class='ocr_par' dir='ltr' id='par_1_95' title="bbox 525 4898 2103 4971">
     <span class='ocr_line' id='line_1_95' title="bbox 525 4898 2103 4971; baseline -0.001 -18"><span class='ocrx_word' id='word_1_706' title='bbox 525 4899 705 4955; x_wconf 87' lang='lat' dir='ltr'><strong>Trade</strong></span> <span class='ocrx_word' id='word_1_707' title='bbox 748 4899 855 4955; x_wconf 91' lang='lat' dir='ltr'><strong>illis</strong></span> <span class='ocrx_word' id='word_1_708' title='bbox 889 4913 1113 4970; x_wconf 87' lang='lat' dir='ltr'><strong>parvam</strong></span> <span class='ocrx_word' id='word_1_709' title='bbox 1138 4900 1377 4970; x_wconf 84' lang='lat' dir='ltr'><strong>pultem,</strong></span> <span class='ocrx_word' id='word_1_710' title='bbox 1427 4900 1557 4971; x_wconf 89' lang='lat' dir='ltr'><strong>quia</strong></span> <span class='ocrx_word' id='word_1_711' title='bbox 1614 4898 1897 4970; x_wconf 84' lang='lat' dir='ltr'><strong>defatigati</strong></span> <span class='ocrx_word' id='word_1_712' title='bbox 1949 4908 2103 4954; x_wconf 90' lang='lat' dir='ltr'><strong>sunt.</strong></span> 
     </span>
    </p>
   </div>
   <div class='ocr_carea' id='block_1_96' title="bbox 522 4990 2105 5063">
    <p class='ocr_par' dir='ltr' id='par_1_96' title="bbox 522 4990 2105 5063">
     <span class='ocr_line' id='line_1_96' title="bbox 522 4990 2105 5063; baseline 0 -18"><span class='ocrx_word' id='word_1_713' title='bbox 522 4992 614 5045; x_wconf 85' lang='lat' dir='ltr'><strong>Ait</strong></span> <span class='ocrx_word' id='word_1_714' title='bbox 656 4991 707 5048; x_wconf 89' lang='lat' dir='ltr'><strong>ei</strong></span> <span class='ocrx_word' id='word_1_715' title='bbox 753 4991 924 5048; x_wconf 82' lang='lat' dir='ltr'><strong>abbas</strong></span> <span class='ocrx_word' id='word_1_716' title='bbox 968 4990 1267 5062; x_wconf 82' lang='lat' dir='ltr'><strong>Adelpltius</strong></span> <span class='ocrx_word' id='word_1_717' title='bbox 1300 5012 1312 5048; x_wconf 87' lang='lat'>:</span> <span class='ocrx_word' id='word_1_718' title='bbox 1348 4991 1478 5047; x_wconf 89' lang='lat' dir='ltr'><strong>Sine</strong></span> <span class='ocrx_word' id='word_1_719' title='bbox 1518 4991 1742 5063; x_wconf 79' lang='lat' dir='ltr'><strong>utique,</strong></span> <span class='ocrx_word' id='word_1_720' title='bbox 1784 5006 1854 5047; x_wconf 91' lang='lat' dir='ltr'><strong>ne</strong></span> <span class='ocrx_word' id='word_1_721' title='bbox 1896 4990 2105 5056; x_wconf 89' lang='lat' dir='ltr'><strong>dicant,</strong></span> 
     </span>
    </p>
   </div>
   <div class='ocr_carea' id='block_1_97' title="bbox 2217 4609 3813 4686">
    <p class='ocr_par' dir='ltr' id='par_1_97' title="bbox 2217 4609 3813 4686">
     <span class='ocr_line' id='line_1_97' title="bbox 2217 4609 3813 4686; baseline -0.01 -10"><span class='ocrx_word' id='word_1_722' title='bbox 2217 4622 2344 4686; x_wconf 83' lang='grc' dir='ltr'>τοὺς</span> <span class='ocrx_word' id='word_1_723' title='bbox 2365 4619 2601 4683; x_wconf 80' lang='grc' dir='ltr'>ὁδεῦσαι,</span> <span class='ocrx_word' id='word_1_724' title='bbox 2638 4616 2894 4686; x_wconf 90' lang='grc' dir='ltr'>ἐποίησεν</span> <span class='ocrx_word' id='word_1_725' title='bbox 2933 4614 3130 4679; x_wconf 78' lang='grc' dir='ltr'>αὐτοὺς</span> <span class='ocrx_word' id='word_1_726' title='bbox 3170 4611 3471 4684; x_wconf 86' lang='grc' dir='ltr'>γεύσασθαι</span> <span class='ocrx_word' id='word_1_727' title='bbox 3497 4609 3608 4663; x_wconf 78' lang='grc' dir='ltr'>ἀπὸ</span> <span class='ocrx_word' id='word_1_728' title='bbox 3626 4610 3813 4680; x_wconf 73' lang='grc' dir='ltr'>πρωῒο</span> 
     </span>
    </p>
   </div>
   <div class='ocr_carea' id='block_1_98' title="bbox 2215 4699 3818 4785">
    <p class='ocr_par' dir='ltr' id='par_1_98' title="bbox 2215 4699 3818 4785">
     <span class='ocr_line' id='line_1_98' title="bbox 2215 4699 3818 4785; baseline -0.01 -17"><span class='ocrx_word' id='word_1_729' title='bbox 2215 4708 2285 4785; x_wconf 76' lang='grc' dir='ltr'>ἦν</span> <span class='ocrx_word' id='word_1_730' title='bbox 2313 4712 2371 4766; x_wconf 86' lang='grc' dir='ltr'><strong>δέ</strong></span> <span class='ocrx_word' id='word_1_731' title='bbox 2387 4710 2629 4781; x_wconf 84' lang='grc' dir='ltr'>νηστεία.</span> <span class='ocrx_word' id='word_1_732' title='bbox 2647 4709 2758 4764; x_wconf 87' lang='lat' dir='ltr'><strong>Kal</strong></span> <span class='ocrx_word' id='word_1_733' title='bbox 2782 4707 2857 4772; x_wconf 84' lang='grc' dir='ltr'>ὡς</span> <span class='ocrx_word' id='word_1_734' title='bbox 2885 4707 3089 4778; x_wconf 73' lang='grc' dir='ltr'>ἔθηκαν</span> <span class='ocrx_word' id='word_1_735' title='bbox 3117 4701 3552 4777; x_wconf 79' lang='grc' dir='ltr'>τράπεζαν,.ἰδοῦ</span> <span class='ocrx_word' id='word_1_736' title='bbox 3581 4699 3818 4770; x_wconf 75' lang='grc' dir='ltr'>ἀδελφοὶ</span> 
     </span>
    </p>
   </div>
   <div class='ocr_carea' id='block_1_99' title="bbox 2216 4792 3818 4875">
    <p class='ocr_par' dir='ltr' id='par_1_99' title="bbox 2216 4792 3818 4875">
     <span class='ocr_line' id='line_1_99' title="bbox 2216 4792 3818 4875; baseline -0.008 -17"><span class='ocrx_word' id='word_1_737' title='bbox 2216 4802 2523 4875; x_wconf 82' lang='grc' dir='ltr'>κρούουσιν.</span> <span class='ocrx_word' id='word_1_738' title='bbox 2571 4798 2808 4855; x_wconf 79' lang='grc' dir='ltr'>Εἴπεδὲ</span> <span class='ocrx_word' id='word_1_739' title='bbox 2843 4798 2922 4871; x_wconf 82' lang='grc' dir='ltr'>τῷ</span> <span class='ocrx_word' id='word_1_740' title='bbox 2958 4798 3172 4870; x_wconf 85' lang='grc' dir='ltr'>μαθητῇ</span> <span class='ocrx_word' id='word_1_741' title='bbox 3224 4794 3423 4850; x_wconf 79' lang='grc' dir='ltr'>αὐτοῦ’</span> <span class='ocrx_word' id='word_1_742' title='bbox 3484 4793 3584 4858; x_wconf 78' lang='grc' dir='ltr'>Δὸς</span> <span class='ocrx_word' id='word_1_743' title='bbox 3618 4792 3818 4856; x_wconf 80' lang='grc' dir='ltr'>αὐτοῖς</span> 
     </span>
    </p>
   </div>
   <div class='ocr_carea' id='block_1_100' title="bbox 2219 4883 3815 4969">
    <p class='ocr_par' dir='ltr' id='par_1_100' title="bbox 2219 4883 3815 4969">
     <span class='ocr_line' id='line_1_100' title="bbox 2219 4883 3815 4969; baseline -0.009 -19"><span class='ocrx_word' id='word_1_744' title='bbox 2219 4895 2420 4969; x_wconf 85' lang='grc' dir='ltr'>μικρὰν</span> <span class='ocrx_word' id='word_1_745' title='bbox 2448 4894 2681 4966; x_wconf 83' lang='grc' dir='ltr'>ἁθήραν,</span> <span class='ocrx_word' id='word_1_746' title='bbox 2733 4893 2814 4947; x_wconf 86' lang='grc' dir='ltr'>ὅτι</span> <span class='ocrx_word' id='word_1_747' title='bbox 2848 4893 2957 4946; x_wconf 84' lang='grc' dir='ltr'>ἀπὸ</span> <span class='ocrx_word' id='word_1_748' title='bbox 2986 4891 3155 4946; x_wconf 80' lang='grc' dir='ltr'>κόπου</span> <span class='ocrx_word' id='word_1_749' title='bbox 3197 4889 3326 4944; x_wconf 82' lang='grc' dir='ltr'>είσί.</span> <span class='ocrx_word' id='word_1_750' title='bbox 3382 4887 3549 4954; x_wconf 71' lang='grc' dir='ltr'>Λέγει</span> <span class='ocrx_word' id='word_1_751' title='bbox 3591 4883 3747 4955; x_wconf 84' lang='grc' dir='ltr'><strong>αὺτῷ</strong></span> <span class='ocrx_word' id='word_1_752' title='bbox 3780 4886 3815 4937; x_wconf 89' lang='grc' dir='ltr'><strong>ὀ</strong></span> 
     </span>
    </p>
   </div>
   <div class='ocr_carea' id='block_1_101' title="bbox 2214 4977 3814 5058">
    <p class='ocr_par' dir='ltr' id='par_1_101' title="bbox 2214 4977 3814 5058">
     <span class='ocr_line' id='line_1_101' title="bbox 2214 4977 3814 5058; baseline -0.01 -13"><span class='ocrx_word' id='word_1_753' title='bbox 2214 4989 2390 5053; x_wconf 66' lang='lat' dir='ltr'><strong>esse;</strong></span> <span class='ocrx_word' id='word_1_754' title='bbox 2427 4987 2700 5058; x_wconf 77' lang='grc' dir='ltr'>’Δδέλφιος</span> <span class='ocrx_word' id='word_1_755' title='bbox 2719 5001 2732 5015; x_wconf 86' lang='grc'><strong>·</strong></span> <span class='ocrx_word' id='word_1_756' title='bbox 2787 4986 2960 5054; x_wconf 76' lang='grc' dir='ltr'>’Λφες</span> <span class='ocrx_word' id='word_1_757' title='bbox 2993 4984 3153 5049; x_wconf 85' lang='grc' dir='ltr'>τέως,</span> <span class='ocrx_word' id='word_1_758' title='bbox 3189 4982 3278 5036; x_wconf 82' lang='grc' dir='ltr'>ἵνα</span> <span class='ocrx_word' id='word_1_759' title='bbox 3310 4981 3387 5052; x_wconf 82' lang='grc' dir='ltr'><strong>μὴ</strong></span> <span class='ocrx_word' id='word_1_760' title='bbox 3408 4980 3639 5034; x_wconf 80' lang='grc' dir='ltr'>εἴπωσιν</span> <span class='ocrx_word' id='word_1_761' title='bbox 3658 4977 3745 5031; x_wconf 79' lang='grc' dir='ltr'>ὅτι</span> <span class='ocrx_word' id='word_1_762' title='bbox 3780 4978 3814 5030; x_wconf 83' lang='grc' dir='ltr'><strong>ὁ</strong></span> 
     </span>
    </p>
   </div>
   <div class='ocr_carea' id='block_1_102' title="bbox 596 5134 3810 5220">
    <p class='ocr_par' dir='ltr' id='par_1_102' title="bbox 596 5134 3810 5220">
     <span class='ocr_line' id='line_1_102' title="bbox 596 5134 3810 5220; baseline -0.007 -8"><span class='ocrx_word' id='word_1_763' title='bbox 596 5147 744 5220; x_wconf 15' lang='lat' dir='ltr'><strong>“7M.</strong></span> <span class='ocrx_word' id='word_1_764' title='bbox 775 5147 1169 5220; x_wconf 69' lang='grc' dir='ltr'>δοκιμώτατος.</span> <span class='ocrx_word' id='word_1_765' title='bbox 1240 5148 1289 5180; x_wconf 75' lang='lat'><strong>‘&quot;</strong></span> <span class='ocrx_word' id='word_1_766' title='bbox 1321 5147 1406 5203; x_wconf 89' lang='lat' dir='ltr'><strong>Al.</strong></span> <span class='ocrx_word' id='word_1_767' title='bbox 1444 5164 1546 5219; x_wconf 81' lang='grc' dir='ltr'>μου</span> <span class='ocrx_word' id='word_1_768' title='bbox 1578 5146 1655 5219; x_wconf 73' lang='grc' dir='ltr'>τῷ</span> <span class='ocrx_word' id='word_1_769' title='bbox 1679 5146 1800 5218; x_wconf 78' lang='grc' dir='ltr'><strong>Θεῷ</strong></span> <span class='ocrx_word' id='word_1_770' title='bbox 1823 5147 2150 5220; x_wconf 74' lang='grc' dir='ltr'>παραμένει.</span> <span class='ocrx_word' id='word_1_771' title='bbox 2196 5145 2239 5178; x_wconf 86' lang='grc'><strong>¹³</strong></span> <span class='ocrx_word' id='word_1_772' title='bbox 2267 5145 2351 5200; x_wconf 78' lang='lat' dir='ltr'><strong>Al.</strong></span> <span class='ocrx_word' id='word_1_773' title='bbox 2385 5144 2793 5218; x_wconf 87' lang='grc' dir='ltr'>περισσότερον.</span> <span class='ocrx_word' id='word_1_774' title='bbox 2870 5143 2916 5176; x_wconf 68' lang='grc'><strong>¹⁸</strong></span> <span class='ocrx_word' id='word_1_775' title='bbox 2940 5142 3025 5198; x_wconf 85' lang='lat' dir='ltr'><strong>Al.</strong></span> <span class='ocrx_word' id='word_1_776' title='bbox 3055 5142 3161 5197; x_wconf 89' lang='lat' dir='ltr'><strong>ins.</strong></span> <span class='ocrx_word' id='word_1_777' title='bbox 3184 5140 3283 5212; x_wconf 74' lang='grc' dir='ltr'>τῆς</span> <span class='ocrx_word' id='word_1_778' title='bbox 3320 5136 3579 5209; x_wconf 83' lang='grc' dir='ltr'>ἐκλογῆς.</span> <span class='ocrx_word' id='word_1_779' title='bbox 3621 5134 3691 5169; x_wconf 68' lang='grc'><strong>⁸³*</strong></span> <span class='ocrx_word' id='word_1_780' title='bbox 3712 5135 3810 5195; x_wconf 70' lang='lat' dir='ltr'><strong>Al.</strong></span> 
     </span>
    </p>
   </div>
   <div class='ocr_carea' id='block_1_103' title="bbox 522 5219 1246 5282">
    <p class='ocr_par' dir='ltr' id='par_1_103' title="bbox 522 5219 1246 5282">
     <span class='ocr_line' id='line_1_103' title="bbox 522 5219 1246 5282; baseline -0.004 -6"><span class='ocrx_word' id='word_1_781' title='bbox 522 5219 792 5276; x_wconf 79' lang='grc' dir='ltr'>ἀπέδωκε.</span> <span class='ocrx_word' id='word_1_782' title='bbox 868 5222 911 5253; x_wconf 75' lang='grc'><strong><em>³⁵</em></strong></span> <span class='ocrx_word' id='word_1_783' title='bbox 944 5220 1029 5275; x_wconf 77' lang='lat' dir='ltr'><strong>AI.</strong></span> <span class='ocrx_word' id='word_1_784' title='bbox 1062 5219 1246 5282; x_wconf 77' lang='grc' dir='ltr'>τόπος.</span> 
     </span>
    </p>
   </div>
   <div class='ocr_carea' id='block_1_104' title="bbox 597 5396 2103 5482">
    <p class='ocr_par' dir='ltr' id='par_1_104' title="bbox 597 5396 2103 5482">
     <span class='ocr_line' id='line_1_104' title="bbox 597 5396 2103 5482; baseline -0.007 -20"><span class='ocrx_word' id='word_1_785' title='bbox 597 5407 711 5482; x_wconf 59' lang='lat' dir='ltr'><strong>(tl)</strong></span> <span class='ocrx_word' id='word_1_786' title='bbox 755 5406 870 5482; x_wconf 54' lang='lat' dir='ltr'><strong>git.</strong></span> <span class='ocrx_word' id='word_1_787' title='bbox 903 5403 1061 5482; x_wconf 61' lang='lat' dir='ltr'><strong>fatr.</strong></span> <span class='ocrx_word' id='word_1_788' title='bbox 1093 5399 1349 5482; x_wconf 62' lang='lat' dir='ltr'><strong>xv._4_54;</strong></span> <span class='ocrx_word' id='word_1_789' title='bbox 1382 5396 1541 5455; x_wconf 79' lang='lat' dir='ltr'><strong>Joau.</strong></span> <span class='ocrx_word' id='word_1_790' title='bbox 1566 5396 1756 5454; x_wconf 82' lang='lat' dir='ltr'><strong>Gcom.</strong></span> <span class='ocrx_word' id='word_1_791' title='bbox 1784 5396 1986 5451; x_wconf 75' lang='lat' dir='ltr'><strong>Parad.</strong></span> <span class='ocrx_word' id='word_1_792' title='bbox 2011 5397 2103 5452; x_wconf 80' lang='grc'><strong>55.</strong></span> 
     </span>
    </p>
   </div>
   <div class='ocr_carea' id='block_1_105' title="bbox 621 5471 1841 5550">
    <p class='ocr_par' dir='ltr' id='par_1_105' title="bbox 621 5471 1841 5550">
     <span class='ocr_line' id='line_1_105' title="bbox 621 5471 1841 5550; baseline -0.007 -17"><span class='ocrx_word' id='word_1_793' title='bbox 621 5471 706 5549; x_wconf 64' lang='lat'><strong>42)</strong></span> <span class='ocrx_word' id='word_1_794' title='bbox 755 5471 1287 5550; x_wconf 57' lang='lat' dir='ltr'><strong>Yit.{’atr.lt,l§._</strong></span> <span class='ocrx_word' id='word_1_795' title='bbox 1353 5541 1386 5550; x_wconf 31' lang='lat'><strong>_‘</strong></span> <span class='ocrx_word' id='word_1_796' title='bbox 1503 5540 1534 5550; x_wconf 84' lang='lat'><strong>__</strong></span> <span class='ocrx_word' id='word_1_797' title='bbox 1634 5538 1667 5550; x_wconf 75' lang='lat'><strong>_</strong></span> <span class='ocrx_word' id='word_1_798' title='bbox 1745 5546 1755 5550; x_wconf 25' lang='grc' dir='ltr'><em>Α</em></span> <span class='ocrx_word' id='word_1_799' title='bbox 1834 5541 1841 5550; x_wconf 29' lang='grc' dir='ltr'><strong>Ι</strong></span> 
     </span>
    </p>
   </div>
   <div class='ocr_carea' id='block_1_106' title="bbox 619 5538 1887 5617">
    <p class='ocr_par' dir='ltr' id='par_1_106' title="bbox 619 5538 1887 5617">
     <span class='ocr_line' id='line_1_106' title="bbox 619 5538 1887 5617; baseline -0.009 -13"><span class='ocrx_word' id='word_1_800' title='bbox 619 5538 707 5617; x_wconf 68' lang='grc'><strong>45)</strong></span> <span class='ocrx_word' id='word_1_801' title='bbox 762 5548 867 5603; x_wconf 84' lang='lat' dir='ltr'><strong>Vit.</strong></span> <span class='ocrx_word' id='word_1_802' title='bbox 900 5545 1055 5617; x_wconf 80' lang='lat' dir='ltr'><strong>Patr.</strong></span> <span class='ocrx_word' id='word_1_803' title='bbox 1097 5560 1186 5608; x_wconf 83' lang='lat' dir='ltr'><strong>xv,</strong></span> <span class='ocrx_word' id='word_1_804' title='bbox 1218 5544 1316 5617; x_wconf 50' lang='lat'><strong>67;</strong></span> <span class='ocrx_word' id='word_1_805' title='bbox 1353 5540 1577 5597; x_wconf 78' lang='lat' dir='ltr'><strong>Dorotlt.</strong></span> <span class='ocrx_word' id='word_1_806' title='bbox 1625 5538 1806 5594; x_wconf 86' lang='lat' dir='ltr'><strong>Doctr.</strong></span> <span class='ocrx_word' id='word_1_807' title='bbox 1833 5539 1887 5592; x_wconf 65' lang='grc' dir='ltr'><strong>Ξ.</strong></span> 
     </span>
    </p>
   </div>
   <div class='ocr_carea' id='block_1_107' title="bbox 622 5614 1260 5685">
    <p class='ocr_par' dir='ltr' id='par_1_107' title="bbox 622 5614 1260 5685">
     <span class='ocr_line' id='line_1_107' title="bbox 622 5614 1260 5685; baseline -0.013 -11"><span class='ocrx_word' id='word_1_808' title='bbox 622 5614 708 5685; x_wconf 73' lang='grc' dir='ltr'><strong>Η)</strong></span> <span class='ocrx_word' id='word_1_809' title='bbox 762 5617 864 5672; x_wconf 86' lang='lat' dir='ltr'><strong>Vit.</strong></span> <span class='ocrx_word' id='word_1_810' title='bbox 902 5616 1056 5685; x_wconf 74' lang='lat' dir='ltr'><strong>Patr.</strong></span> <span class='ocrx_word' id='word_1_811' title='bbox 1093 5630 1175 5676; x_wconf 84' lang='grc' dir='ltr'>ιιι,</span> <span class='ocrx_word' id='word_1_812' title='bbox 1208 5614 1260 5685; x_wconf 84' lang='grc'><strong>6.</strong></span> 
     </span>
    </p>
   </div>
   <div class='ocr_carea' id='block_1_108' title="bbox 625 5683 1337 5755">
    <p class='ocr_par' dir='ltr' id='par_1_108' title="bbox 625 5683 1337 5755">
     <span class='ocr_line' id='line_1_108' title="bbox 625 5683 1337 5755; baseline -0.007 -14"><span class='ocrx_word' id='word_1_813' title='bbox 625 5683 711 5755; x_wconf 58' lang='lat' dir='ltr'><strong>iii)</strong></span> <span class='ocrx_word' id='word_1_814' title='bbox 760 5688 867 5740; x_wconf 84' lang='lat' dir='ltr'><strong>Vit.</strong></span> <span class='ocrx_word' id='word_1_815' title='bbox 903 5684 1053 5739; x_wconf 86' lang='lat' dir='ltr'><strong>Patr.</strong></span> <span class='ocrx_word' id='word_1_816' title='bbox 1086 5700 1206 5755; x_wconf 83' lang='lat' dir='ltr'><strong>vnt,</strong></span> <span class='ocrx_word' id='word_1_817' title='bbox 1242 5683 1337 5755; x_wconf 48' lang='lat'><strong>15:.</strong></span> 
     </span>
    </p>
   </div>
   <div class='ocr_carea' id='block_1_109' title="bbox 600 5750 2100 5879">
    <p class='ocr_par' dir='ltr' id='par_1_109' title="bbox 600 5750 2100 5879">
     <span class='ocr_line' id='line_1_109' title="bbox 600 5750 2100 5879; baseline -0.006 -68"><span class='ocrx_word' id='word_1_818' title='bbox 600 5750 736 5879; x_wconf 50' lang='lat'><strong>(46&quot;:</strong></span> <span class='ocrx_word' id='word_1_819' title='bbox 763 5755 999 5823; x_wconf 73' lang='grc' dir='ltr'>Ὃδηγεῖ</span> <span class='ocrx_word' id='word_1_820' title='bbox 1011 5757 1099 5835; x_wconf 58' lang='lat' dir='ltr'><strong>sic</strong></span> <span class='ocrx_word' id='word_1_821' title='bbox 1126 5754 1231 5805; x_wconf 66' lang='grc' dir='ltr'><strong>τὸν</strong></span> <span class='ocrx_word' id='word_1_822' title='bbox 1252 5751 1938 5833; x_wconf 54' lang='grc' dir='ltr'>τῆςταπεινορροσύνης</span> <span class='ocrx_word' id='word_1_823' title='bbox 1958 5750 2100 5831; x_wconf 37' lang='grc' dir='ltr'>’τριξε</span> 
     </span>
     <span class='ocr_line' id='line_1_110' title="bbox 600 5819 2098 5879; baseline -0.005 0"><span class='ocrx_word' id='word_1_824' title='bbox 600 5845 666 5879; x_wconf 81' lang='lat' dir='ltr'><strong>;r.</strong></span> <span class='ocrx_word' id='word_1_825' title='bbox 741 5826 894 5879; x_wconf 86' lang='lat' dir='ltr'><strong>adem</strong></span> <span class='ocrx_word' id='word_1_826' title='bbox 923 5838 1137 5879; x_wconf 85' lang='lat' dir='ltr'><strong>versto:</strong></span> <span class='ocrx_word' id='word_1_827' title='bbox 1169 5819 1395 5879; x_wconf 75' lang='lat' dir='ltr'><strong>Carrion</strong></span> <span class='ocrx_word' id='word_1_828' title='bbox 1424 5834 1472 5877; x_wconf 85' lang='lat' dir='ltr'><strong>et</strong></span> <span class='ocrx_word' id='word_1_829' title='bbox 1506 5823 1650 5877; x_wconf 79' lang='lat' dir='ltr'><strong>dum</strong></span> <span class='ocrx_word' id='word_1_830' title='bbox 1682 5819 1749 5874; x_wconf 86' lang='lat' dir='ltr'><strong>ad</strong></span> <span class='ocrx_word' id='word_1_831' title='bbox 1784 5821 2098 5875; x_wconf 68' lang='lat' dir='ltr'><strong>humilitatis</strong></span> 
     </span>
    </p>
   </div>
   <div class='ocr_carea' id='block_1_110' title="bbox 526 5819 2098 5893">
    <p class='ocr_par' dir='ltr' id='par_1_110' title="bbox 526 5819 2098 5893">
     <span class='ocr_line' id='line_1_111' title="bbox 526 5819 2098 5893; baseline -0.006 -11"><span class='ocrx_word' id='word_1_832' title='bbox 526 5845 666 5882; x_wconf 65' lang='grc' dir='ltr'><strong>αν.</strong></span> <span class='ocrx_word' id='word_1_833' title='bbox 695 5819 899 5881; x_wconf 72' lang='lat' dir='ltr'><strong>Eadem</strong></span> <span class='ocrx_word' id='word_1_834' title='bbox 915 5819 1137 5881; x_wconf 45' lang='lat' dir='ltr'><strong>&#39;versio:</strong></span> <span class='ocrx_word' id='word_1_835' title='bbox 1169 5819 1395 5893; x_wconf 81' lang='lat' dir='ltr'><strong>Corrigil</strong></span> <span class='ocrx_word' id='word_1_836' title='bbox 1424 5834 1472 5877; x_wconf 84' lang='lat' dir='ltr'><strong>et</strong></span> <span class='ocrx_word' id='word_1_837' title='bbox 1506 5822 1650 5877; x_wconf 83' lang='lat' dir='ltr'><strong>ducit</strong></span> <span class='ocrx_word' id='word_1_838' title='bbox 1682 5819 1749 5874; x_wconf 86' lang='lat' dir='ltr'><strong>ad</strong></span> <span class='ocrx_word' id='word_1_839' title='bbox 1784 5819 2098 5875; x_wconf 77' lang='lat' dir='ltr'><strong>humilitatis</strong></span> 
     </span>
    </p>
   </div>
   <div class='ocr_carea' id='block_1_111' title="bbox 2212 5384 3810 5461">
    <p class='ocr_par' dir='ltr' id='par_1_111' title="bbox 2212 5384 3810 5461">
     <span class='ocr_line' id='line_1_112' title="bbox 2212 5384 3810 5461; baseline -0.007 -10"><span class='ocrx_word' id='word_1_840' title='bbox 2212 5396 2375 5460; x_wconf 74' lang='lat' dir='ltr'><strong>aiam,</strong></span> <span class='ocrx_word' id='word_1_841' title='bbox 2410 5393 2516 5450; x_wconf 87' lang='lat' dir='ltr'><strong>nisi</strong></span> <span class='ocrx_word' id='word_1_842' title='bbox 2542 5394 2589 5451; x_wconf 87' lang='lat' dir='ltr'><strong>si</strong></span> <span class='ocrx_word' id='word_1_843' title='bbox 2637 5393 2838 5450; x_wconf 84' lang='lat' dir='ltr'><strong>melius</strong></span> <span class='ocrx_word' id='word_1_844' title='bbox 2885 5406 3099 5448; x_wconf 86' lang='lat' dir='ltr'><strong>mecum</strong></span> <span class='ocrx_word' id='word_1_845' title='bbox 3140 5396 3341 5461; x_wconf 84' lang='lat' dir='ltr'><strong>putas,</strong></span> <span class='ocrx_word' id='word_1_846' title='bbox 3401 5384 3810 5461; x_wconf 53' lang='lat' dir='ltr'><strong>dirigit.__Quod</strong></span> 
     </span>
    </p>
   </div>
   <div class='ocr_carea' id='block_1_112' title="bbox 2211 5457 3807 5537">
    <p class='ocr_par' dir='ltr' id='par_1_112' title="bbox 2211 5457 3807 5537">
     <span class='ocr_line' id='line_1_113' title="bbox 2211 5457 3807 5537; baseline -0.007 -18"><span class='ocrx_word' id='word_1_847' title='bbox 2211 5457 2427 5537; x_wconf 71' lang='lat' dir='ltr'><strong>spei-tat</strong></span> <span class='ocrx_word' id='word_1_848' title='bbox 2442 5465 2511 5520; x_wconf 84' lang='lat' dir='ltr'><strong>ad</strong></span> <span class='ocrx_word' id='word_1_849' title='bbox 2533 5465 2953 5537; x_wconf 53' lang='lat' dir='ltr'><strong>ﬁpophthegma.</strong></span> <span class='ocrx_word' id='word_1_850' title='bbox 2966 5464 3052 5537; x_wconf 59' lang='lat' dir='ltr'><strong>ita</strong></span> <span class='ocrx_word' id='word_1_851' title='bbox 3076 5457 3267 5537; x_wconf 73' lang='lat' dir='ltr'><strong>reperi</strong></span> <span class='ocrx_word' id='word_1_852' title='bbox 3282 5461 3338 5537; x_wconf 74' lang='lat' dir='ltr'><strong>in</strong></span> <span class='ocrx_word' id='word_1_853' title='bbox 3360 5460 3489 5537; x_wconf 72' lang='lat' dir='ltr'><strong>cod.</strong></span> <span class='ocrx_word' id='word_1_854' title='bbox 3516 5457 3807 5537; x_wconf 31' lang='lat' dir='ltr'><strong>’Colberta</strong></span> 
     </span>
    </p>
   </div>
   <div class='ocr_carea' id='block_1_113' title="bbox 2222 5525 3808 5605">
    <p class='ocr_par' dir='ltr' id='par_1_113' title="bbox 2222 5525 3808 5605">
     <span class='ocr_line' id='line_1_114' title="bbox 2222 5525 3808 5605; baseline -0.007 -15"><span class='ocrx_word' id='word_1_855' title='bbox 2222 5525 2476 5605; x_wconf 71' lang='grc' dir='ltr'>’Ᾰδελφὸς</span> <span class='ocrx_word' id='word_1_856' title='bbox 2507 5525 2666 5589; x_wconf 75' lang='grc' dir='ltr'>εἶπεν</span> <span class='ocrx_word' id='word_1_857' title='bbox 2681 5533 2760 5604; x_wconf 84' lang='grc' dir='ltr'>τῷ</span> <span class='ocrx_word' id='word_1_858' title='bbox 2790 5525 2934 5605; x_wconf 66' lang='grc' dir='ltr'><strong>ἅὸᾷᾷ</strong></span> <span class='ocrx_word' id='word_1_859' title='bbox 2964 5525 3225 5605; x_wconf 57' lang='grc' dir='ltr'>Ποιμένιῇ</span> <span class='ocrx_word' id='word_1_860' title='bbox 3254 5530 3399 5605; x_wconf 83' lang='grc' dir='ltr'>Ὀρῶ</span> <span class='ocrx_word' id='word_1_861' title='bbox 3422 5525 3808 5605; x_wconf 53' lang='grc' dir='ltr'>ἐμαυτὸχδια-</span> 
     </span>
    </p>
   </div>
   <div class='ocr_carea' id='block_1_114' title="bbox 2209 5596 3804 5676">
    <p class='ocr_par' dir='ltr' id='par_1_114' title="bbox 2209 5596 3804 5676">
     <span class='ocr_line' id='line_1_115' title="bbox 2209 5596 3804 5676; baseline -0.004 -17"><span class='ocrx_word' id='word_1_862' title='bbox 2209 5596 2412 5670; x_wconf 71' lang='grc' dir='ltr'>παντὸς</span> <span class='ocrx_word' id='word_1_863' title='bbox 2455 5596 2595 5676; x_wconf 78' lang='grc' dir='ltr'>μετὰ</span> <span class='ocrx_word' id='word_1_864' title='bbox 2624 5596 2743 5659; x_wconf 79' lang='grc' dir='ltr'><strong>τοῦ’</strong></span> <span class='ocrx_word' id='word_1_865' title='bbox 2764 5596 2924 5676; x_wconf 67' lang='grc' dir='ltr'>Θεοῦ,</span> <span class='ocrx_word' id='word_1_866' title='bbox 2961 5596 3170 5676; x_wconf 45' lang='lat' dir='ltr'><strong>scalpi]</strong></span> <span class='ocrx_word' id='word_1_867' title='bbox 3193 5596 3578 5676; x_wconf 58' lang='lat' dir='ltr'><strong>acpté&#39;rapeYQV</strong></span> <span class='ocrx_word' id='word_1_868' title='bbox 3607 5596 3774 5676; x_wconf 49' lang='grc' dir='ltr'><strong>⁸ὃλιιιξῇ</strong></span> <span class='ocrx_word' id='word_1_869' title='bbox 3786 5610 3804 5676; x_wconf 67' lang='grc' dir='ltr'>ς</span> 
     </span>
    </p>
   </div>
   <div class='ocr_carea' id='block_1_115' title="bbox 2211 5663 3808 5747">
    <p class='ocr_par' dir='ltr' id='par_1_115' title="bbox 2211 5663 3808 5747">
     <span class='ocr_line' id='line_1_116' title="bbox 2211 5663 3808 5747; baseline -0.006 -19"><span class='ocrx_word' id='word_1_870' title='bbox 2211 5676 2356 5745; x_wconf 80' lang='grc' dir='ltr'>μέγα</span> <span class='ocrx_word' id='word_1_871' title='bbox 2392 5663 2532 5747; x_wconf 51' lang='lat' dir='ltr'><strong>fecit,</strong></span> <span class='ocrx_word' id='word_1_872' title='bbox 2572 5677 2756 5747; x_wconf 82' lang='grc' dir='ltr'>Πάτερ</span> <span class='ocrx_word' id='word_1_873' title='bbox 2775 5692 2791 5742; x_wconf 88' lang='grc'>;</span> <span class='ocrx_word' id='word_1_874' title='bbox 2812 5663 2980 5747; x_wconf 81' lang='grc' dir='ltr'>Λέγει</span> <span class='ocrx_word' id='word_1_875' title='bbox 3002 5663 3212 5747; x_wconf 53' lang='lat' dir='ltr'><strong>«eam</strong></span> <span class='ocrx_word' id='word_1_876' title='bbox 3235 5663 3453 5747; x_wconf 52' lang='grc' dir='ltr'>γέρρονό</span> <span class='ocrx_word' id='word_1_877' title='bbox 3483 5667 3619 5747; x_wconf 67' lang='grc' dir='ltr'>ρύχί</span> <span class='ocrx_word' id='word_1_878' title='bbox 3642 5682 3654 5696; x_wconf 93' lang='grc'><strong>·</strong></span> <span class='ocrx_word' id='word_1_879' title='bbox 3683 5663 3808 5747; x_wconf 46' lang='grc' dir='ltr'>αλλ’</span> 
     </span>
    </p>
   </div>
   <div class='ocr_carea' id='block_1_116' title="bbox 2206 5737 3806 5870">
    <p class='ocr_par' dir='ltr' id='par_1_116' title="bbox 2206 5737 3806 5870">
     <span class='ocr_line' id='line_1_117' title="bbox 2206 5737 3806 5870; baseline -0.003 -72"><span class='ocrx_word' id='word_1_880' title='bbox 2206 5737 2334 5870; x_wconf 57' lang='grc' dir='ltr'>ξτιέν</span> <span class='ocrx_word' id='word_1_881' title='bbox 2365 5746 2480 5817; x_wconf 77' lang='grc' dir='ltr'>ἴδῃς</span> <span class='ocrx_word' id='word_1_882' title='bbox 2515 5737 2704 5801; x_wconf 78' lang='grc' dir='ltr'>έαυτδν</span> <span class='ocrx_word' id='word_1_883' title='bbox 2726 5737 2989 5802; x_wconf 75' lang='grc' dir='ltr'>ἐλάττονα</span> <span class='ocrx_word' id='word_1_884' title='bbox 3019 5737 3257 5809; x_wconf 73' lang='grc' dir='ltr'>πάντων,</span> <span class='ocrx_word' id='word_1_885' title='bbox 3288 5737 3412 5796; x_wconf 77' lang='grc' dir='ltr'>τότε</span> <span class='ocrx_word' id='word_1_886' title='bbox 3454 5742 3534 5805; x_wconf 79' lang='grc' dir='ltr'><strong>εἰς</strong></span> <span class='ocrx_word' id='word_1_887' title='bbox 3566 5737 3628 5794; x_wconf 70' lang='grc' dir='ltr'>τὸ</span> <span class='ocrx_word' id='word_1_888' title='bbox 3659 5737 3806 5809; x_wconf 85' lang='grc' dir='ltr'>μέγα</span> 
     </span>
     <span class='ocr_line' id='line_1_118' title="bbox 2238 5832 2469 5870; baseline 0 0"><span class='ocrx_word' id='word_1_889' title='bbox 2238 5835 2271 5870; x_wconf 66' lang='grc' dir='ltr'>τε</span> <span class='ocrx_word' id='word_1_890' title='bbox 2312 5832 2469 5870; x_wconf 75' lang='grc' dir='ltr'>ασας.</span> 
     </span>
    </p>
   </div>
   <div class='ocr_carea' id='block_1_117' title="bbox 2238 5832 2469 5888">
    <p class='ocr_par' dir='ltr' id='par_1_117' title="bbox 2238 5832 2469 5888">
     <span class='ocr_line' id='line_1_119' title="bbox 2238 5832 2469 5888; baseline 0.017 -19"><span class='ocrx_word' id='word_1_891' title='bbox 2238 5832 2469 5888; x_wconf 68' lang='grc' dir='ltr'>φυασας.</span> 
     </span>
    </p>
   </div>
  </div>
