  <div class='ocr_page' id='page_1' title='image "/cluster/home/n/w/nwhite01/storage/ocr_20150623/65/mdp.39015008972203/204.png"; bbox 0 0 4062 6332; ppageno 0'>
   <div class='ocr_carea' id='block_1_1' title="bbox 266 360 354 419">
    <p class='ocr_par' dir='ltr' id='par_1_1' title="bbox 266 360 354 419">
     <span class='ocr_line' id='line_1_1' title="bbox 266 360 354 419; baseline -0.034 -1"><span class='ocrx_word' id='word_1_1' title='bbox 266 360 354 419; x_wconf 76' lang='lat'><strong>697</strong></span> 
     </span>
    </p>
   </div>
   <div class='ocr_carea' id='block_1_2' title="bbox 1346 342 2321 406">
    <p class='ocr_par' dir='ltr' id='par_1_2' title="bbox 1346 342 2321 406">
     <span class='ocr_line' id='line_1_2' title="bbox 1346 342 2321 406; baseline -0.001 -1"><span class='ocrx_word' id='word_1_2' title='bbox 1346 343 1957 406; x_wconf 73' lang='lat' dir='ltr'><strong>APOPHTHEGMATA</strong></span> <span class='ocrx_word' id='word_1_3' title='bbox 2010 342 2321 404; x_wconf 77' lang='lat' dir='ltr'><strong>PATRUM.</strong></span> 
     </span>
    </p>
   </div>
   <div class='ocr_carea' id='block_1_3' title="bbox 3416 349 3523 411">
    <p class='ocr_par' dir='ltr' id='par_1_3' title="bbox 3416 349 3523 411">
     <span class='ocr_line' id='line_1_3' title="bbox 3416 349 3523 411; baseline 0.028 -3"><span class='ocrx_word' id='word_1_4' title='bbox 3416 349 3523 411; x_wconf 69' lang='lat'><strong>698</strong></span> 
     </span>
    </p>
   </div>
   <div class='ocr_carea' id='block_1_4' title="bbox 264 452 1847 545">
    <p class='ocr_par' dir='ltr' id='par_1_4' title="bbox 264 452 1840 545">
     <span class='ocr_line' id='line_1_4' title="bbox 264 452 1840 545; baseline -0.005 -17"><span class='ocrx_word' id='word_1_5' title='bbox 264 475 422 536; x_wconf 65' lang='lat'><em>6.6654</em></span> <span class='ocrx_word' id='word_1_6' title='bbox 453 452 651 545; x_wconf 72' lang='grc' dir='ltr'>Σισόης</span> <span class='ocrx_word' id='word_1_7' title='bbox 681 472 790 528; x_wconf 79' lang='grc' dir='ltr'>ἀπὸ</span> <span class='ocrx_word' id='word_1_8' title='bbox 821 469 965 544; x_wconf 77' lang='grc' dir='ltr'>πρωῒ</span> <span class='ocrx_word' id='word_1_9' title='bbox 992 468 1181 523; x_wconf 89' lang='grc' dir='ltr'>ἐσθίει.</span> <span class='ocrx_word' id='word_1_10' title='bbox 1227 467 1339 522; x_wconf 70' lang='grc' dir='ltr'><strong>Καὶ</strong></span> <span class='ocrx_word' id='word_1_11' title='bbox 1368 467 1670 540; x_wconf 79' lang='grc' dir='ltr'>προσέσχεν</span> <span class='ocrx_word' id='word_1_12' title='bbox 1690 464 1840 536; x_wconf 84' lang='grc' dir='ltr'>αὐτῷ</span> 
     </span>
    </p>
   </div>
   <div class='ocr_carea' id='block_1_5' title="bbox 1952 452 3525 545">
    <p class='ocr_par' dir='ltr' id='par_1_5' title="bbox 1952 462 3525 523">
     <span class='ocr_line' id='line_1_5' title="bbox 1952 462 3525 523; baseline 0.003 -4"><span class='ocrx_word' id='word_1_13' title='bbox 1952 466 2192 523; x_wconf 75' lang='lat' dir='ltr'><strong>abbatem</strong></span> <span class='ocrx_word' id='word_1_14' title='bbox 2219 465 2430 522; x_wconf 88' lang='lat' dir='ltr'><strong>Sisoem</strong></span> <span class='ocrx_word' id='word_1_15' title='bbox 2454 465 2521 520; x_wconf 89' lang='lat' dir='ltr'><strong>de</strong></span> <span class='ocrx_word' id='word_1_16' title='bbox 2548 478 2709 521; x_wconf 88' lang='lat' dir='ltr'><strong>mane</strong></span> <span class='ocrx_word' id='word_1_17' title='bbox 2735 462 3084 521; x_wconf 81' lang='lat' dir='ltr'><strong>manducare.</strong></span> <span class='ocrx_word' id='word_1_18' title='bbox 3114 462 3182 519; x_wconf 89' lang='lat' dir='ltr'><strong>Et</strong></span> <span class='ocrx_word' id='word_1_19' title='bbox 3206 463 3437 520; x_wconf 84' lang='lat' dir='ltr'><strong>intendit</strong></span> <span class='ocrx_word' id='word_1_20' title='bbox 3465 466 3525 523; x_wconf 93' lang='lat' dir='ltr'><strong>in</strong></span> 
     </span>
    </p>
   </div>
   <div class='ocr_carea' id='block_1_6' title="bbox 263 557 1830 641">
    <p class='ocr_par' dir='ltr' id='par_1_6' title="bbox 263 557 1830 641">
     <span class='ocr_line' id='line_1_6' title="bbox 263 557 1830 641; baseline -0.007 -21"><span class='ocrx_word' id='word_1_21' title='bbox 263 567 495 638; x_wconf 78' lang='grc' dir='ltr'>ὀγέρων,</span> <span class='ocrx_word' id='word_1_22' title='bbox 533 565 628 618; x_wconf 77' lang='grc' dir='ltr'>καὶ</span> <span class='ocrx_word' id='word_1_23' title='bbox 662 563 813 632; x_wconf 82' lang='grc' dir='ltr'><strong>λέγει</strong></span> <span class='ocrx_word' id='word_1_24' title='bbox 834 562 912 633; x_wconf 82' lang='grc' dir='ltr'><strong>τῷ</strong></span> <span class='ocrx_word' id='word_1_25' title='bbox 946 558 1190 631; x_wconf 81' lang='grc' dir='ltr'>ἀδελφῷ·</span> <span class='ocrx_word' id='word_1_26' title='bbox 1245 557 1484 626; x_wconf 83' lang='grc' dir='ltr'><strong>Ὕπαγε,</strong></span> <span class='ocrx_word' id='word_1_27' title='bbox 1514 559 1605 622; x_wconf 79' lang='grc' dir='ltr'>δὸς</span> <span class='ocrx_word' id='word_1_28' title='bbox 1631 558 1830 641; x_wconf 82' lang='grc' dir='ltr'>αὐτοῖς.</span> 
     </span>
    </p>
   </div>
   <div class='ocr_carea' id='block_1_7' title="bbox 272 646 1836 724">
    <p class='ocr_par' dir='ltr' id='par_1_7' title="bbox 272 646 1836 724">
     <span class='ocr_line' id='line_1_7' title="bbox 272 646 1836 724; baseline -0.006 -15"><span class='ocrx_word' id='word_1_29' title='bbox 272 656 348 719; x_wconf 82' lang='grc' dir='ltr'>Ὧς</span> <span class='ocrx_word' id='word_1_30' title='bbox 376 649 470 709; x_wconf 81' lang='grc' dir='ltr'><strong>οὖν</strong></span> <span class='ocrx_word' id='word_1_31' title='bbox 508 649 649 707; x_wconf 79' lang='grc' dir='ltr'>εἶδον</span> <span class='ocrx_word' id='word_1_32' title='bbox 692 652 791 723; x_wconf 80' lang='grc' dir='ltr'><strong>τὴν</strong></span> <span class='ocrx_word' id='word_1_33' title='bbox 828 652 1059 724; x_wconf 83' lang='grc' dir='ltr'>άθήραν,</span> <span class='ocrx_word' id='word_1_34' title='bbox 1089 646 1270 703; x_wconf 79' lang='grc' dir='ltr'>εἷπον·</span> <span class='ocrx_word' id='word_1_35' title='bbox 1308 646 1400 720; x_wconf 82' lang='grc' dir='ltr'><strong>Μὴ</strong></span> <span class='ocrx_word' id='word_1_36' title='bbox 1430 646 1615 715; x_wconf 78' lang='grc' dir='ltr'><strong>ξένους</strong></span> <span class='ocrx_word' id='word_1_37' title='bbox 1644 647 1794 718; x_wconf 75' lang='grc' dir='ltr'>ἔχετε</span> <span class='ocrx_word' id='word_1_38' title='bbox 1820 664 1836 713; x_wconf 87' lang='grc'><strong>;</strong></span> 
     </span>
    </p>
   </div>
   <div class='ocr_carea' id='block_1_8' title="bbox 254 736 1840 821">
    <p class='ocr_par' dir='ltr' id='par_1_8' title="bbox 254 736 1840 821">
     <span class='ocr_line' id='line_1_8' title="bbox 254 736 1840 821; baseline -0.026 11"><span class='ocrx_word' id='word_1_39' title='bbox 254 748 330 821; x_wconf 64' lang='grc' dir='ltr'><strong>’μὴ</strong></span> <span class='ocrx_word' id='word_1_40' title='bbox 350 746 457 821; x_wconf 63' lang='grc' dir='ltr'><strong>ἄρα</strong></span> <span class='ocrx_word' id='word_1_41' title='bbox 480 746 576 799; x_wconf 59' lang='grc' dir='ltr'>καὶ</span> <span class='ocrx_word' id='word_1_42' title='bbox 600 746 630 797; x_wconf 72' lang='grc' dir='ltr'><strong><em>δ</em></strong></span> <span class='ocrx_word' id='word_1_43' title='bbox 657 744 837 817; x_wconf 83' lang='grc' dir='ltr'>γέρων</span> <span class='ocrx_word' id='word_1_44' title='bbox 871 743 989 816; x_wconf 87' lang='grc' dir='ltr'>μεθ’</span> <span class='ocrx_word' id='word_1_45' title='bbox 1012 742 1165 814; x_wconf 77' lang='grc' dir='ltr'>ὑμῶν</span> <span class='ocrx_word' id='word_1_46' title='bbox 1190 741 1397 806; x_wconf 73' lang='grc' dir='ltr'>ἐσθίεις</span> <span class='ocrx_word' id='word_1_47' title='bbox 1424 741 1535 793; x_wconf 76' lang='grc' dir='ltr'><strong>Καὶ</strong></span> <span class='ocrx_word' id='word_1_48' title='bbox 1562 736 1714 793; x_wconf 73' lang='grc' dir='ltr'>εἶπεν</span> <span class='ocrx_word' id='word_1_49' title='bbox 1742 740 1840 793; x_wconf 82' lang='grc' dir='ltr'><strong>αὐ-</strong></span> 
     </span>
    </p>
   </div>
   <div class='ocr_carea' id='block_1_9' title="bbox 264 829 1839 907">
    <p class='ocr_par' dir='ltr' id='par_1_9' title="bbox 264 829 1839 907">
     <span class='ocr_line' id='line_1_9' title="bbox 264 829 1839 907; baseline -0.008 -13"><span class='ocrx_word' id='word_1_50' title='bbox 264 843 361 904; x_wconf 81' lang='grc' dir='ltr'>τοῖς</span> <span class='ocrx_word' id='word_1_51' title='bbox 388 841 416 892; x_wconf 98' lang='lat'><strong>6</strong></span> <span class='ocrx_word' id='word_1_52' title='bbox 469 837 727 907; x_wconf 82' lang='grc' dir='ltr'><strong>ἁδελφός·</strong></span> <span class='ocrx_word' id='word_1_53' title='bbox 789 836 917 890; x_wconf 89' lang='grc' dir='ltr'><strong>Ναί.</strong></span> <span class='ocrx_word' id='word_1_54' title='bbox 979 834 1254 907; x_wconf 77' lang='grc' dir='ltr'><strong>Ἤρξαντο</strong></span> <span class='ocrx_word' id='word_1_55' title='bbox 1282 829 1377 886; x_wconf 78' lang='grc' dir='ltr'><strong>οὖν</strong></span> <span class='ocrx_word' id='word_1_56' title='bbox 1408 830 1710 894; x_wconf 77' lang='grc' dir='ltr'>θλίϐεσθαι,</span> <span class='ocrx_word' id='word_1_57' title='bbox 1744 830 1839 883; x_wconf 71' lang='grc' dir='ltr'><strong>καὶ</strong></span> 
     </span>
    </p>
   </div>
   <div class='ocr_carea' id='block_1_10' title="bbox 263 922 1839 1001">
    <p class='ocr_par' dir='ltr' id='par_1_10' title="bbox 263 922 1839 1001">
     <span class='ocr_line' id='line_1_10' title="bbox 263 922 1839 1001; baseline -0.007 -16"><span class='ocrx_word' id='word_1_58' title='bbox 263 932 457 1001; x_wconf 81' lang='grc' dir='ltr'>λέγειν·</span> <span class='ocrx_word' id='word_1_59' title='bbox 499 931 836 1000; x_wconf 78' lang='grc' dir='ltr'>Συγχωρήση</span> <span class='ocrx_word' id='word_1_60' title='bbox 883 928 1012 998; x_wconf 81' lang='grc' dir='ltr'>ὑμῖν</span> <span class='ocrx_word' id='word_1_61' title='bbox 1061 927 1092 979; x_wconf 90' lang='lat'><strong>6</strong></span> <span class='ocrx_word' id='word_1_62' title='bbox 1127 925 1281 988; x_wconf 78' lang='grc' dir='ltr'>Θεὸς,</span> <span class='ocrx_word' id='word_1_63' title='bbox 1331 924 1414 978; x_wconf 83' lang='grc' dir='ltr'><strong>ὅτι</strong></span> <span class='ocrx_word' id='word_1_64' title='bbox 1464 922 1556 977; x_wconf 78' lang='grc' dir='ltr'><strong>τὸν</strong></span> <span class='ocrx_word' id='word_1_65' title='bbox 1607 922 1839 993; x_wconf 84' lang='grc' dir='ltr'>γέροντα</span> 
     </span>
    </p>
   </div>
   <div class='ocr_carea' id='block_1_11' title="bbox 264 1013 1839 1095">
    <p class='ocr_par' dir='ltr' id='par_1_11' title="bbox 264 1013 1839 1095">
     <span class='ocr_line' id='line_1_11' title="bbox 264 1013 1839 1095; baseline -0.008 -16"><span class='ocrx_word' id='word_1_66' title='bbox 264 1026 501 1095; x_wconf 76' lang='grc' dir='ltr'><strong>ἀφήκατε</strong></span> <span class='ocrx_word' id='word_1_67' title='bbox 535 1024 729 1092; x_wconf 82' lang='grc' dir='ltr'><strong>φαγεῖν</strong></span> <span class='ocrx_word' id='word_1_68' title='bbox 782 1021 927 1091; x_wconf 80' lang='grc' dir='ltr'>ἄρτι.</span> <span class='ocrx_word' id='word_1_69' title='bbox 963 1020 1032 1071; x_wconf 83' lang='grc' dir='ltr'><strong>Ἦ</strong></span> <span class='ocrx_word' id='word_1_70' title='bbox 1070 1019 1171 1070; x_wconf 84' lang='grc' dir='ltr'><strong>οὐκ</strong></span> <span class='ocrx_word' id='word_1_71' title='bbox 1198 1016 1376 1069; x_wconf 75' lang='grc' dir='ltr'>οἴδατε</span> <span class='ocrx_word' id='word_1_72' title='bbox 1401 1016 1483 1069; x_wconf 82' lang='grc' dir='ltr'><strong>ὅτι</strong></span> <span class='ocrx_word' id='word_1_73' title='bbox 1512 1015 1605 1067; x_wconf 72' lang='grc' dir='ltr'><strong>ἐπὶ</strong></span> <span class='ocrx_word' id='word_1_74' title='bbox 1638 1013 1839 1077; x_wconf 86' lang='grc' dir='ltr'>πολλὰς</span> 
     </span>
    </p>
   </div>
   <div class='ocr_carea' id='block_1_12' title="bbox 263 1105 1836 1188">
    <p class='ocr_par' dir='ltr' id='par_1_12' title="bbox 263 1105 1836 1188">
     <span class='ocr_line' id='line_1_12' title="bbox 263 1105 1836 1188; baseline -0.007 -19"><span class='ocrx_word' id='word_1_75' title='bbox 263 1115 458 1188; x_wconf 76' lang='grc' dir='ltr'>ἡμέρας</span> <span class='ocrx_word' id='word_1_76' title='bbox 482 1114 593 1184; x_wconf 75' lang='grc' dir='ltr'>ἔχει</span> <span class='ocrx_word' id='word_1_77' title='bbox 609 1115 654 1145; x_wconf 80' lang='grc'>¹⁶</span> <span class='ocrx_word' id='word_1_78' title='bbox 671 1112 931 1166; x_wconf 88' lang='grc' dir='ltr'>κοπιάσαι</span> <span class='ocrx_word' id='word_1_79' title='bbox 948 1126 963 1175; x_wconf 90' lang='lat'><strong>;</strong></span> <span class='ocrx_word' id='word_1_80' title='bbox 982 1110 1091 1163; x_wconf 73' lang='grc' dir='ltr'><strong>Καὶ</strong></span> <span class='ocrx_word' id='word_1_81' title='bbox 1109 1109 1341 1179; x_wconf 76' lang='grc' dir='ltr'>ἡκουσεν</span> <span class='ocrx_word' id='word_1_82' title='bbox 1364 1107 1544 1160; x_wconf 80' lang='grc' dir='ltr'>αὐτῶν</span> <span class='ocrx_word' id='word_1_83' title='bbox 1563 1108 1593 1160; x_wconf 92' lang='lat'><strong>6</strong></span> <span class='ocrx_word' id='word_1_84' title='bbox 1611 1105 1836 1159; x_wconf 85' lang='grc' dir='ltr'>ἐπίσκο-</span> 
     </span>
    </p>
   </div>
   <div class='ocr_carea' id='block_1_13' title="bbox 263 1194 1839 1276">
    <p class='ocr_par' dir='ltr' id='par_1_13' title="bbox 263 1194 1839 1276">
     <span class='ocr_line' id='line_1_13' title="bbox 263 1194 1839 1276; baseline -0.008 -14"><span class='ocrx_word' id='word_1_85' title='bbox 263 1225 369 1272; x_wconf 84' lang='grc' dir='ltr'>πος,</span> <span class='ocrx_word' id='word_1_86' title='bbox 401 1208 496 1261; x_wconf 82' lang='grc' dir='ltr'><strong>καὶ</strong></span> <span class='ocrx_word' id='word_1_87' title='bbox 516 1205 679 1260; x_wconf 76' lang='grc' dir='ltr'>ἔϐαλε</span> <span class='ocrx_word' id='word_1_88' title='bbox 719 1203 1008 1276; x_wconf 85' lang='grc' dir='ltr'>μετάνοιαν</span> <span class='ocrx_word' id='word_1_89' title='bbox 1028 1202 1107 1272; x_wconf 82' lang='grc' dir='ltr'>τῷ</span> <span class='ocrx_word' id='word_1_90' title='bbox 1128 1201 1365 1272; x_wconf 85' lang='grc' dir='ltr'>γέροντι,</span> <span class='ocrx_word' id='word_1_91' title='bbox 1387 1199 1561 1269; x_wconf 88' lang='grc' dir='ltr'>λέγων</span> <span class='ocrx_word' id='word_1_92' title='bbox 1578 1216 1592 1230; x_wconf 88' lang='grc'>·</span> <span class='ocrx_word' id='word_1_93' title='bbox 1625 1194 1839 1268; x_wconf 81' lang='grc' dir='ltr'>Συγχώ-</span> 
     </span>
    </p>
   </div>
   <div class='ocr_carea' id='block_1_14' title="bbox 264 1290 1835 1373">
    <p class='ocr_par' dir='ltr' id='par_1_14' title="bbox 264 1290 1835 1373">
     <span class='ocr_line' id='line_1_14' title="bbox 264 1290 1835 1373; baseline -0.007 -20"><span class='ocrx_word' id='word_1_94' title='bbox 264 1300 414 1373; x_wconf 87' lang='grc' dir='ltr'>ρησόν</span> <span class='ocrx_word' id='word_1_95' title='bbox 444 1316 554 1370; x_wconf 85' lang='grc' dir='ltr'>μοι,</span> <span class='ocrx_word' id='word_1_96' title='bbox 585 1297 749 1359; x_wconf 71' lang='grc' dir='ltr'>ἀδεᾶ,</span> <span class='ocrx_word' id='word_1_97' title='bbox 780 1296 863 1349; x_wconf 81' lang='grc' dir='ltr'><strong>ὅτι</strong></span> <span class='ocrx_word' id='word_1_98' title='bbox 903 1292 1243 1367; x_wconf 84' lang='grc' dir='ltr'>ἀνθρώπινόν</span> <span class='ocrx_word' id='word_1_99' title='bbox 1281 1308 1334 1345; x_wconf 88' lang='grc' dir='ltr'><strong>τι</strong></span> <span class='ocrx_word' id='word_1_100' title='bbox 1362 1290 1724 1361; x_wconf 75' lang='grc' dir='ltr'>ἐλογισάμηνο</span> <span class='ocrx_word' id='word_1_101' title='bbox 1770 1290 1835 1342; x_wconf 80' lang='grc' dir='ltr'><strong>σὺ</strong></span> 
     </span>
    </p>
   </div>
   <div class='ocr_carea' id='block_1_15' title="bbox 259 1378 1839 1456">
    <p class='ocr_par' dir='ltr' id='par_1_15' title="bbox 259 1378 1839 1456">
     <span class='ocr_line' id='line_1_15' title="bbox 259 1378 1839 1456; baseline -0.006 -15"><span class='ocrx_word' id='word_1_102' title='bbox 259 1388 307 1441; x_wconf 81' lang='grc' dir='ltr'>δὲ</span> <span class='ocrx_word' id='word_1_103' title='bbox 326 1388 385 1440; x_wconf 83' lang='grc' dir='ltr'>τὸ</span> <span class='ocrx_word' id='word_1_104' title='bbox 411 1387 508 1441; x_wconf 80' lang='grc' dir='ltr'><strong>τοῦ</strong></span> <span class='ocrx_word' id='word_1_105' title='bbox 537 1385 674 1440; x_wconf 79' lang='grc' dir='ltr'>Θεοῦ</span> <span class='ocrx_word' id='word_1_106' title='bbox 702 1384 983 1456; x_wconf 84' lang='grc' dir='ltr'>ἐποίησας.</span> <span class='ocrx_word' id='word_1_107' title='bbox 1016 1382 1124 1437; x_wconf 75' lang='grc' dir='ltr'><strong>Καὶ</strong></span> <span class='ocrx_word' id='word_1_108' title='bbox 1149 1381 1297 1451; x_wconf 81' lang='grc' dir='ltr'><strong>λέγει</strong></span> <span class='ocrx_word' id='word_1_109' title='bbox 1324 1381 1474 1453; x_wconf 80' lang='grc' dir='ltr'>αὐτῷ</span> <span class='ocrx_word' id='word_1_110' title='bbox 1501 1382 1530 1435; x_wconf 90' lang='grc' dir='ltr'>ὁ</span> <span class='ocrx_word' id='word_1_111' title='bbox 1554 1379 1728 1443; x_wconf 77' lang='grc' dir='ltr'>ἀϐϐἄς</span> <span class='ocrx_word' id='word_1_112' title='bbox 1749 1378 1839 1432; x_wconf 84' lang='grc' dir='ltr'><strong>Σι-</strong></span> 
     </span>
    </p>
   </div>
   <div class='ocr_carea' id='block_1_16' title="bbox 263 1470 1838 1551">
    <p class='ocr_par' dir='ltr' id='par_1_16' title="bbox 263 1470 1838 1551">
     <span class='ocr_line' id='line_1_16' title="bbox 263 1470 1838 1551; baseline -0.006 -18"><span class='ocrx_word' id='word_1_113' title='bbox 263 1480 407 1551; x_wconf 83' lang='grc' dir='ltr'>σόης·</span> <span class='ocrx_word' id='word_1_114' title='bbox 448 1479 574 1533; x_wconf 77' lang='grc' dir='ltr'><strong>Ἐὰν</strong></span> <span class='ocrx_word' id='word_1_115' title='bbox 607 1478 683 1551; x_wconf 81' lang='grc' dir='ltr'><strong>μὴ</strong></span> <span class='ocrx_word' id='word_1_116' title='bbox 711 1480 739 1531; x_wconf 97' lang='lat'><strong>6</strong></span> <span class='ocrx_word' id='word_1_117' title='bbox 766 1476 900 1541; x_wconf 83' lang='grc' dir='ltr'><strong>Θεὸς</strong></span> <span class='ocrx_word' id='word_1_118' title='bbox 930 1476 1131 1549; x_wconf 82' lang='grc' dir='ltr'>δοξάσῃ</span> <span class='ocrx_word' id='word_1_119' title='bbox 1165 1474 1471 1543; x_wconf 76' lang='grc' dir='ltr'>ἄνθρωπον,</span> <span class='ocrx_word' id='word_1_120' title='bbox 1509 1474 1543 1544; x_wconf 83' lang='grc' dir='ltr'><strong>ή</strong></span> <span class='ocrx_word' id='word_1_121' title='bbox 1577 1471 1705 1539; x_wconf 84' lang='grc' dir='ltr'><strong>δόξα</strong></span> <span class='ocrx_word' id='word_1_122' title='bbox 1726 1470 1838 1525; x_wconf 85' lang='grc' dir='ltr'>τῶν</span> 
     </span>
    </p>
   </div>
   <div class='ocr_carea' id='block_1_17' title="bbox 261 1568 931 1641">
    <p class='ocr_par' dir='ltr' id='par_1_17' title="bbox 261 1568 931 1641">
     <span class='ocr_line' id='line_1_17' title="bbox 261 1568 931 1641; baseline -0.004 -18"><span class='ocrx_word' id='word_1_123' title='bbox 261 1569 551 1641; x_wconf 80' lang='grc' dir='ltr'>ἀνθρώπων</span> <span class='ocrx_word' id='word_1_124' title='bbox 584 1568 736 1623; x_wconf 78' lang='grc' dir='ltr'>οὐδέν</span> <span class='ocrx_word' id='word_1_125' title='bbox 762 1570 931 1621; x_wconf 85' lang='grc' dir='ltr'>ἐστιν.</span> 
     </span>
    </p>
   </div>
   <div class='ocr_carea' id='block_1_18' title="bbox 324 1653 1837 1731">
    <p class='ocr_par' dir='ltr' id='par_1_18' title="bbox 324 1653 1837 1731">
     <span class='ocr_line' id='line_1_18' title="bbox 324 1653 1837 1731; baseline -0.005 -17"><span class='ocrx_word' id='word_1_126' title='bbox 324 1669 415 1726; x_wconf 79' lang='grc' dir='ltr'>ις’.</span> <span class='ocrx_word' id='word_1_127' title='bbox 436 1660 749 1731; x_wconf 78' lang='grc' dir='ltr'><strong>Παρὲὅαλόν</strong></span> <span class='ocrx_word' id='word_1_128' title='bbox 763 1676 907 1722; x_wconf 82' lang='grc' dir='ltr'>τινες</span> <span class='ocrx_word' id='word_1_129' title='bbox 925 1658 965 1690; x_wconf 86' lang='grc'><strong>¹⁷</strong></span> <span class='ocrx_word' id='word_1_130' title='bbox 985 1656 1123 1730; x_wconf 82' lang='grc' dir='ltr'>πρὸς</span> <span class='ocrx_word' id='word_1_131' title='bbox 1140 1657 1231 1710; x_wconf 79' lang='grc' dir='ltr'>τὸν</span> <span class='ocrx_word' id='word_1_132' title='bbox 1255 1653 1429 1709; x_wconf 80' lang='grc' dir='ltr'><strong>άὸϐἇν</strong></span> <span class='ocrx_word' id='word_1_133' title='bbox 1453 1653 1647 1724; x_wconf 83' lang='grc' dir='ltr'>Σισόην</span> <span class='ocrx_word' id='word_1_134' title='bbox 1667 1653 1837 1707; x_wconf 82' lang='grc' dir='ltr'>ἀκοῦ-</span> 
     </span>
    </p>
   </div>
   <div class='ocr_carea' id='block_1_19' title="bbox 261 1745 1835 1823">
    <p class='ocr_par' dir='ltr' id='par_1_19' title="bbox 261 1745 1835 1823">
     <span class='ocr_line' id='line_1_19' title="bbox 261 1745 1835 1823; baseline -0.005 -18"><span class='ocrx_word' id='word_1_135' title='bbox 261 1769 341 1805; x_wconf 82' lang='grc' dir='ltr'><strong>σαι</strong></span> <span class='ocrx_word' id='word_1_136' title='bbox 366 1751 491 1823; x_wconf 82' lang='grc' dir='ltr'>παρ’</span> <span class='ocrx_word' id='word_1_137' title='bbox 516 1749 681 1804; x_wconf 76' lang='grc' dir='ltr'>αὐτοῦ</span> <span class='ocrx_word' id='word_1_138' title='bbox 704 1749 879 1817; x_wconf 84' lang='grc' dir='ltr'>λόγον,</span> <span class='ocrx_word' id='word_1_139' title='bbox 908 1750 999 1804; x_wconf 68' lang='grc' dir='ltr'><strong>καὶ</strong></span> <span class='ocrx_word' id='word_1_140' title='bbox 1024 1748 1177 1801; x_wconf 82' lang='grc' dir='ltr'>οὐδὲν</span> <span class='ocrx_word' id='word_1_141' title='bbox 1209 1747 1392 1809; x_wconf 80' lang='grc' dir='ltr'>αὐτοῖς</span> <span class='ocrx_word' id='word_1_142' title='bbox 1411 1745 1642 1816; x_wconf 83' lang='grc' dir='ltr'>ἑλάλησε</span> <span class='ocrx_word' id='word_1_143' title='bbox 1658 1759 1671 1773; x_wconf 90' lang='grc'><strong>·</strong></span> <span class='ocrx_word' id='word_1_144' title='bbox 1694 1745 1835 1799; x_wconf 89' lang='grc' dir='ltr'>πάν-</span> 
     </span>
    </p>
   </div>
   <div class='ocr_carea' id='block_1_20' title="bbox 1950 553 3526 627">
    <p class='ocr_par' dir='ltr' id='par_1_20' title="bbox 1950 553 3526 627">
     <span class='ocr_line' id='line_1_20' title="bbox 1950 553 3526 627; baseline -0.001 -14"><span class='ocrx_word' id='word_1_145' title='bbox 1950 572 2076 613; x_wconf 89' lang='lat' dir='ltr'><strong>eum</strong></span> <span class='ocrx_word' id='word_1_146' title='bbox 2102 573 2291 623; x_wconf 82' lang='lat' dir='ltr'><strong>senex,</strong></span> <span class='ocrx_word' id='word_1_147' title='bbox 2322 556 2709 627; x_wconf 75' lang='lat' dir='ltr'><strong>mandavitque</strong></span> <span class='ocrx_word' id='word_1_148' title='bbox 2739 556 2896 612; x_wconf 83' lang='lat' dir='ltr'><strong>fratri</strong></span> <span class='ocrx_word' id='word_1_149' title='bbox 2929 577 2940 613; x_wconf 90' lang='lat'>:</span> <span class='ocrx_word' id='word_1_150' title='bbox 2975 555 3147 621; x_wconf 81' lang='lat' dir='ltr'><strong>Vade,</strong></span> <span class='ocrx_word' id='word_1_151' title='bbox 3183 556 3252 611; x_wconf 92' lang='lat' dir='ltr'><strong>da</strong></span> <span class='ocrx_word' id='word_1_152' title='bbox 3284 556 3414 612; x_wconf 87' lang='lat' dir='ltr'><strong>illis.</strong></span> <span class='ocrx_word' id='word_1_153' title='bbox 3451 553 3526 614; x_wconf 84' lang='lat' dir='ltr'><strong>Ut</strong></span> 
     </span>
    </p>
   </div>
   <div class='ocr_carea' id='block_1_21' title="bbox 1944 649 3524 721">
    <p class='ocr_par' dir='ltr' id='par_1_21' title="bbox 1944 649 3524 721">
     <span class='ocr_line' id='line_1_21' title="bbox 1944 649 3524 721; baseline 0.001 -18"><span class='ocrx_word' id='word_1_154' title='bbox 1944 664 2076 721; x_wconf 89' lang='lat' dir='ltr'><strong>ergo</strong></span> <span class='ocrx_word' id='word_1_155' title='bbox 2113 657 2522 719; x_wconf 84' lang='lat' dir='ltr'><strong>conspexerunt</strong></span> <span class='ocrx_word' id='word_1_156' title='bbox 2570 650 2803 720; x_wconf 84' lang='lat' dir='ltr'><strong>pultem,</strong></span> <span class='ocrx_word' id='word_1_157' title='bbox 2850 651 2926 705; x_wconf 91' lang='lat' dir='ltr'><strong>ita</strong></span> <span class='ocrx_word' id='word_1_158' title='bbox 2959 649 3127 705; x_wconf 90' lang='lat' dir='ltr'><strong>locuti</strong></span> <span class='ocrx_word' id='word_1_159' title='bbox 3175 656 3305 705; x_wconf 84' lang='lat' dir='ltr'><strong>sunt</strong></span> <span class='ocrx_word' id='word_1_160' title='bbox 3344 650 3524 706; x_wconf 84' lang='lat' dir='ltr'><strong>:Num</strong></span> 
     </span>
    </p>
   </div>
   <div class='ocr_carea' id='block_1_22' title="bbox 1953 739 3521 811">
    <p class='ocr_par' dir='ltr' id='par_1_22' title="bbox 1953 739 3521 811">
     <span class='ocr_line' id='line_1_22' title="bbox 1953 739 3521 811; baseline 0.002 -17"><span class='ocrx_word' id='word_1_161' title='bbox 1953 740 2196 811; x_wconf 84' lang='lat' dir='ltr'><strong>hospites</strong></span> <span class='ocrx_word' id='word_1_162' title='bbox 2236 741 2486 796; x_wconf 83' lang='lat' dir='ltr'><strong>habetis?</strong></span> <span class='ocrx_word' id='word_1_163' title='bbox 2519 739 2656 795; x_wconf 86' lang='lat' dir='ltr'><strong>Num</strong></span> <span class='ocrx_word' id='word_1_164' title='bbox 2691 748 2747 797; x_wconf 90' lang='lat' dir='ltr'><strong>et</strong></span> <span class='ocrx_word' id='word_1_165' title='bbox 2793 756 2958 797; x_wconf 80' lang='lat' dir='ltr'><strong>senex</strong></span> <span class='ocrx_word' id='word_1_166' title='bbox 3000 741 3286 797; x_wconf 84' lang='lat' dir='ltr'><strong>vobiscum</strong></span> <span class='ocrx_word' id='word_1_167' title='bbox 3332 757 3521 798; x_wconf 89' lang='lat' dir='ltr'><strong>come-</strong></span> 
     </span>
    </p>
   </div>
   <div class='ocr_carea' id='block_1_23' title="bbox 1943 830 3528 903">
    <p class='ocr_par' dir='ltr' id='par_1_23' title="bbox 1943 830 3528 903">
     <span class='ocr_line' id='line_1_23' title="bbox 1943 830 3528 903; baseline 0 -16"><span class='ocrx_word' id='word_1_168' title='bbox 1943 831 2062 887; x_wconf 86' lang='lat' dir='ltr'><strong>dit?</strong></span> <span class='ocrx_word' id='word_1_169' title='bbox 2093 830 2395 903; x_wconf 83' lang='lat' dir='ltr'><strong>Respondit</strong></span> <span class='ocrx_word' id='word_1_170' title='bbox 2430 830 2603 887; x_wconf 77' lang='lat' dir='ltr'><strong>frater</strong></span> <span class='ocrx_word' id='word_1_171' title='bbox 2632 851 2645 885; x_wconf 89' lang='lat'><strong>:</strong></span> <span class='ocrx_word' id='word_1_172' title='bbox 2688 831 2885 887; x_wconf 82' lang='lat' dir='ltr'><strong>Etiam.</strong></span> <span class='ocrx_word' id='word_1_173' title='bbox 2936 830 3208 899; x_wconf 86' lang='lat' dir='ltr'><strong>Quocirca</strong></span> <span class='ocrx_word' id='word_1_174' title='bbox 3241 840 3528 903; x_wconf 84' lang='lat' dir='ltr'><strong>coeperunt</strong></span> 
     </span>
    </p>
   </div>
   <div class='ocr_carea' id='block_1_24' title="bbox 1942 923 3527 997">
    <p class='ocr_par' dir='ltr' id='par_1_24' title="bbox 1942 923 3527 997">
     <span class='ocr_line' id='line_1_24' title="bbox 1942 923 3527 997; baseline 0.002 -19"><span class='ocrx_word' id='word_1_175' title='bbox 1942 924 2125 997; x_wconf 77' lang='lat' dir='ltr'><strong>afﬂigi,</strong></span> <span class='ocrx_word' id='word_1_176' title='bbox 2162 940 2227 980; x_wconf 87' lang='lat' dir='ltr'><strong>ac</strong></span> <span class='ocrx_word' id='word_1_177' title='bbox 2266 925 2449 981; x_wconf 87' lang='lat' dir='ltr'><strong>dicere</strong></span> <span class='ocrx_word' id='word_1_178' title='bbox 2483 923 2777 995; x_wconf 86' lang='lat' dir='ltr'><strong>:Ignoscat</strong></span> <span class='ocrx_word' id='word_1_179' title='bbox 2807 924 2963 981; x_wconf 86' lang='lat' dir='ltr'><strong>vobis</strong></span> <span class='ocrx_word' id='word_1_180' title='bbox 3023 924 3189 990; x_wconf 91' lang='lat' dir='ltr'><strong>Deus,</strong></span> <span class='ocrx_word' id='word_1_181' title='bbox 3241 925 3390 995; x_wconf 91' lang='lat' dir='ltr'><strong>quod</strong></span> <span class='ocrx_word' id='word_1_182' title='bbox 3438 941 3527 981; x_wconf 88' lang='lat' dir='ltr'><strong>se-</strong></span> 
     </span>
    </p>
   </div>
   <div class='ocr_carea' id='block_1_25' title="bbox 1940 1016 3523 1082">
    <p class='ocr_par' dir='ltr' id='par_1_25' title="bbox 1940 1016 3523 1082">
     <span class='ocr_line' id='line_1_25' title="bbox 1940 1016 3523 1082; baseline 0.001 -10"><span class='ocrx_word' id='word_1_183' title='bbox 1940 1033 2065 1072; x_wconf 90' lang='lat' dir='ltr'><strong>nem</strong></span> <span class='ocrx_word' id='word_1_184' title='bbox 2113 1016 2353 1074; x_wconf 89' lang='lat' dir='ltr'><strong>siveritis</strong></span> <span class='ocrx_word' id='word_1_185' title='bbox 2404 1017 2568 1073; x_wconf 92' lang='lat' dir='ltr'><strong>modo</strong></span> <span class='ocrx_word' id='word_1_186' title='bbox 2608 1017 2793 1073; x_wconf 86' lang='lat' dir='ltr'><strong>cibum</strong></span> <span class='ocrx_word' id='word_1_187' title='bbox 2843 1032 3081 1074; x_wconf 88' lang='lat' dir='ltr'><strong>sumere.</strong></span> <span class='ocrx_word' id='word_1_188' title='bbox 3118 1016 3314 1074; x_wconf 84' lang='lat' dir='ltr'><strong>Nonne</strong></span> <span class='ocrx_word' id='word_1_189' title='bbox 3346 1018 3523 1082; x_wconf 87' lang='lat' dir='ltr'><strong>scitis,</strong></span> 
     </span>
    </p>
   </div>
   <div class='ocr_carea' id='block_1_26' title="bbox 1941 1110 3523 1179">
    <p class='ocr_par' dir='ltr' id='par_1_26' title="bbox 1941 1110 3523 1179">
     <span class='ocr_line' id='line_1_26' title="bbox 1941 1110 3523 1179; baseline -0.001 -16"><span class='ocrx_word' id='word_1_190' title='bbox 1941 1124 2038 1179; x_wconf 90' lang='lat' dir='ltr'><strong>per</strong></span> <span class='ocrx_word' id='word_1_191' title='bbox 2062 1111 2263 1166; x_wconf 88' lang='lat' dir='ltr'><strong>multos</strong></span> <span class='ocrx_word' id='word_1_192' title='bbox 2304 1110 2421 1167; x_wconf 87' lang='lat' dir='ltr'><strong>dies</strong></span> <span class='ocrx_word' id='word_1_193' title='bbox 2465 1119 2870 1165; x_wconf 89' lang='lat' dir='ltr'><strong>maceraturum</strong></span> <span class='ocrx_word' id='word_1_194' title='bbox 2905 1125 3029 1167; x_wconf 86' lang='lat' dir='ltr'><strong>esse</strong></span> <span class='ocrx_word' id='word_1_195' title='bbox 3075 1112 3174 1167; x_wconf 87' lang='lat' dir='ltr'><strong>se?</strong></span> <span class='ocrx_word' id='word_1_196' title='bbox 3201 1111 3353 1178; x_wconf 87' lang='lat' dir='ltr'><strong>Quos</strong></span> <span class='ocrx_word' id='word_1_197' title='bbox 3399 1125 3523 1166; x_wconf 92' lang='lat' dir='ltr'><strong>cum</strong></span> 
     </span>
    </p>
   </div>
   <div class='ocr_carea' id='block_1_27' title="bbox 1940 1201 3519 1274">
    <p class='ocr_par' dir='ltr' id='par_1_27' title="bbox 1940 1201 3519 1274">
     <span class='ocr_line' id='line_1_27' title="bbox 1940 1201 3519 1274; baseline 0.001 -17"><span class='ocrx_word' id='word_1_198' title='bbox 1940 1203 2207 1260; x_wconf 90' lang='lat' dir='ltr'><strong>audiisset</strong></span> <span class='ocrx_word' id='word_1_199' title='bbox 2236 1203 2553 1274; x_wconf 90' lang='lat' dir='ltr'><strong>episcopus,</strong></span> <span class='ocrx_word' id='word_1_200' title='bbox 2592 1201 2877 1258; x_wconf 85' lang='lat' dir='ltr'><strong>inclinavit</strong></span> <span class='ocrx_word' id='word_1_201' title='bbox 2906 1219 2966 1258; x_wconf 90' lang='lat' dir='ltr'><strong>se</strong></span> <span class='ocrx_word' id='word_1_202' title='bbox 3017 1218 3204 1258; x_wconf 91' lang='lat' dir='ltr'><strong>coram</strong></span> <span class='ocrx_word' id='word_1_203' title='bbox 3237 1219 3387 1268; x_wconf 90' lang='lat' dir='ltr'><strong>sene,</strong></span> <span class='ocrx_word' id='word_1_204' title='bbox 3433 1203 3519 1258; x_wconf 84' lang='lat' dir='ltr'><strong>in-</strong></span> 
     </span>
    </p>
   </div>
   <div class='ocr_carea' id='block_1_28' title="bbox 1939 1291 3525 1366">
    <p class='ocr_par' dir='ltr' id='par_1_28' title="bbox 1939 1291 3525 1366">
     <span class='ocr_line' id='line_1_28' title="bbox 1939 1291 3525 1366; baseline -0.003 -17"><span class='ocrx_word' id='word_1_205' title='bbox 1939 1295 2137 1366; x_wconf 85' lang='lat' dir='ltr'><strong>quiens</strong></span> <span class='ocrx_word' id='word_1_206' title='bbox 2167 1315 2180 1350; x_wconf 89' lang='lat'><strong>:</strong></span> <span class='ocrx_word' id='word_1_207' title='bbox 2215 1293 2442 1366; x_wconf 86' lang='lat' dir='ltr'><strong>Ignosce</strong></span> <span class='ocrx_word' id='word_1_208' title='bbox 2487 1294 2642 1361; x_wconf 90' lang='lat' dir='ltr'><strong>mihi,</strong></span> <span class='ocrx_word' id='word_1_209' title='bbox 2677 1293 2839 1359; x_wconf 90' lang='lat' dir='ltr'><strong>abba,</strong></span> <span class='ocrx_word' id='word_1_210' title='bbox 2884 1291 3016 1365; x_wconf 84' lang='lat' dir='ltr'><strong>quia</strong></span> <span class='ocrx_word' id='word_1_211' title='bbox 3051 1294 3350 1347; x_wconf 87' lang='lat' dir='ltr'><strong>humanum</strong></span> <span class='ocrx_word' id='word_1_212' title='bbox 3393 1292 3525 1362; x_wconf 86' lang='lat' dir='ltr'><strong>quid</strong></span> 
     </span>
    </p>
   </div>
   <div class='ocr_carea' id='block_1_29' title="bbox 1939 1381 3524 1456">
    <p class='ocr_par' dir='ltr' id='par_1_29' title="bbox 1939 1381 3524 1456">
     <span class='ocr_line' id='line_1_29' title="bbox 1939 1381 3524 1456; baseline -0.001 -17"><span class='ocrx_word' id='word_1_213' title='bbox 1939 1387 2218 1456; x_wconf 84' lang='lat' dir='ltr'><strong>reputavi;</strong></span> <span class='ocrx_word' id='word_1_214' title='bbox 2269 1392 2331 1440; x_wconf 87' lang='lat' dir='ltr'><strong>tu</strong></span> <span class='ocrx_word' id='word_1_215' title='bbox 2380 1399 2509 1441; x_wconf 88' lang='lat' dir='ltr'><strong>vero</strong></span> <span class='ocrx_word' id='word_1_216' title='bbox 2559 1384 2706 1453; x_wconf 89' lang='lat' dir='ltr'><strong>quod</strong></span> <span class='ocrx_word' id='word_1_217' title='bbox 2750 1383 2843 1438; x_wconf 92' lang='lat' dir='ltr'><strong>Dei</strong></span> <span class='ocrx_word' id='word_1_218' title='bbox 2887 1392 2972 1440; x_wconf 90' lang='lat' dir='ltr'><strong>est</strong></span> <span class='ocrx_word' id='word_1_219' title='bbox 3020 1381 3219 1439; x_wconf 77' lang='lat' dir='ltr'><strong>fecisti.</strong></span> <span class='ocrx_word' id='word_1_220' title='bbox 3277 1383 3416 1437; x_wconf 90' lang='lat' dir='ltr'><strong>Tum</strong></span> <span class='ocrx_word' id='word_1_221' title='bbox 3472 1383 3524 1438; x_wconf 90' lang='lat' dir='ltr'><strong>ei</strong></span> 
     </span>
    </p>
   </div>
   <div class='ocr_carea' id='block_1_30' title="bbox 1946 1474 3518 1545">
    <p class='ocr_par' dir='ltr' id='par_1_30' title="bbox 1946 1474 3518 1545">
     <span class='ocr_line' id='line_1_30' title="bbox 1946 1474 3518 1545; baseline -0.001 -15"><span class='ocrx_word' id='word_1_222' title='bbox 1946 1476 2117 1533; x_wconf 84' lang='lat' dir='ltr'><strong>abbas</strong></span> <span class='ocrx_word' id='word_1_223' title='bbox 2158 1476 2344 1533; x_wconf 85' lang='lat' dir='ltr'><strong>Sisocs</strong></span> <span class='ocrx_word' id='word_1_224' title='bbox 2385 1494 2399 1531; x_wconf 90' lang='lat'><strong>:</strong></span> <span class='ocrx_word' id='word_1_225' title='bbox 2432 1474 2549 1531; x_wconf 90' lang='lat' dir='ltr'><strong>Nisi</strong></span> <span class='ocrx_word' id='word_1_226' title='bbox 2604 1474 2744 1531; x_wconf 89' lang='lat' dir='ltr'><strong>Deus</strong></span> <span class='ocrx_word' id='word_1_227' title='bbox 2789 1475 3177 1545; x_wconf 81' lang='lat' dir='ltr'><strong>glorificaverit</strong></span> <span class='ocrx_word' id='word_1_228' title='bbox 3219 1475 3518 1535; x_wconf 89' lang='lat' dir='ltr'><strong>hominem.</strong></span> 
     </span>
    </p>
   </div>
   <div class='ocr_carea' id='block_1_31' title="bbox 1938 1566 2730 1637">
    <p class='ocr_par' dir='ltr' id='par_1_31' title="bbox 1938 1566 2730 1637">
     <span class='ocr_line' id='line_1_31' title="bbox 1938 1566 2730 1637; baseline -0.004 -15"><span class='ocrx_word' id='word_1_229' title='bbox 1938 1566 2220 1622; x_wconf 89' lang='lat' dir='ltr'><strong>hominum</strong></span> <span class='ocrx_word' id='word_1_230' title='bbox 2249 1566 2423 1637; x_wconf 86' lang='lat' dir='ltr'><strong>gloria</strong></span> <span class='ocrx_word' id='word_1_231' title='bbox 2451 1566 2590 1621; x_wconf 88' lang='lat' dir='ltr'><strong>nihil</strong></span> <span class='ocrx_word' id='word_1_232' title='bbox 2624 1573 2730 1621; x_wconf 87' lang='lat' dir='ltr'><strong>est.</strong></span> 
     </span>
    </p>
   </div>
   <div class='ocr_carea' id='block_1_32' title="bbox 2010 1653 3528 1728">
    <p class='ocr_par' dir='ltr' id='par_1_32' title="bbox 2010 1653 3528 1728">
     <span class='ocr_line' id='line_1_32' title="bbox 2010 1653 3528 1728; baseline -0.003 -17"><span class='ocrx_word' id='word_1_233' title='bbox 2010 1657 2097 1711; x_wconf 80' lang='lat' dir='ltr'><strong>I6.</strong></span> <span class='ocrx_word' id='word_1_234' title='bbox 2141 1657 2252 1728; x_wconf 70' lang='grc'><strong>(47)</strong></span> <span class='ocrx_word' id='word_1_235' title='bbox 2273 1654 2553 1713; x_wconf 86' lang='lat' dir='ltr'><strong>Venerunt</strong></span> <span class='ocrx_word' id='word_1_236' title='bbox 2577 1655 2798 1727; x_wconf 87' lang='lat' dir='ltr'><strong>quidam</strong></span> <span class='ocrx_word' id='word_1_237' title='bbox 2824 1653 2891 1708; x_wconf 90' lang='lat' dir='ltr'><strong>ad</strong></span> <span class='ocrx_word' id='word_1_238' title='bbox 2922 1654 3172 1710; x_wconf 87' lang='lat' dir='ltr'><strong>abbatem</strong></span> <span class='ocrx_word' id='word_1_239' title='bbox 3197 1653 3436 1719; x_wconf 89' lang='lat' dir='ltr'><strong>Sisoem,</strong></span> <span class='ocrx_word' id='word_1_240' title='bbox 3465 1662 3528 1709; x_wconf 92' lang='lat' dir='ltr'><strong>ut</strong></span> 
     </span>
    </p>
   </div>
   <div class='ocr_carea' id='block_1_33' title="bbox 1941 1747 3528 1817">
    <p class='ocr_par' dir='ltr' id='par_1_33' title="bbox 1941 1747 3528 1817">
     <span class='ocr_line' id='line_1_33' title="bbox 1941 1747 3528 1817; baseline -0.001 -13"><span class='ocrx_word' id='word_1_241' title='bbox 1941 1749 2188 1805; x_wconf 87' lang='lat' dir='ltr'><strong>audirent</strong></span> <span class='ocrx_word' id='word_1_242' title='bbox 2207 1751 2278 1806; x_wconf 87' lang='lat' dir='ltr'><strong>ab</strong></span> <span class='ocrx_word' id='word_1_243' title='bbox 2299 1765 2364 1805; x_wconf 92' lang='lat' dir='ltr'><strong>eo</strong></span> <span class='ocrx_word' id='word_1_244' title='bbox 2383 1764 2727 1817; x_wconf 87' lang='lat' dir='ltr'><strong>sermonem;</strong></span> <span class='ocrx_word' id='word_1_245' title='bbox 2749 1764 2851 1803; x_wconf 88' lang='lat' dir='ltr'><strong>nec</strong></span> <span class='ocrx_word' id='word_1_246' title='bbox 2869 1747 3168 1817; x_wconf 85' lang='lat' dir='ltr'><strong>quidquam</strong></span> <span class='ocrx_word' id='word_1_247' title='bbox 3196 1748 3416 1802; x_wconf 90' lang='lat' dir='ltr'><strong>locutus</strong></span> <span class='ocrx_word' id='word_1_248' title='bbox 3441 1756 3528 1803; x_wconf 87' lang='lat' dir='ltr'><strong>est</strong></span> 
     </span>
    </p>
   </div>
   <div class='ocr_carea' id='block_1_34' title="bbox 259 1833 1847 1915">
    <p class='ocr_par' dir='ltr' id='par_1_34' title="bbox 259 1833 1839 1912">
     <span class='ocr_line' id='line_1_34' title="bbox 259 1833 1839 1912; baseline -0.004 -17"><span class='ocrx_word' id='word_1_249' title='bbox 259 1861 320 1896; x_wconf 88' lang='grc' dir='ltr'>τα</span> <span class='ocrx_word' id='word_1_250' title='bbox 338 1847 380 1877; x_wconf 71' lang='grc'>³⁸</span> <span class='ocrx_word' id='word_1_251' title='bbox 412 1844 467 1897; x_wconf 84' lang='grc' dir='ltr'><strong>δὲ</strong></span> <span class='ocrx_word' id='word_1_252' title='bbox 498 1843 681 1912; x_wconf 80' lang='grc' dir='ltr'>ἔλεγε·</span> <span class='ocrx_word' id='word_1_253' title='bbox 726 1839 1128 1912; x_wconf 82' lang='grc' dir='ltr'>Συγχωρήσατέ</span> <span class='ocrx_word' id='word_1_254' title='bbox 1171 1847 1284 1911; x_wconf 79' lang='grc' dir='ltr'>μοι.</span> <span class='ocrx_word' id='word_1_255' title='bbox 1326 1838 1546 1900; x_wconf 67' lang='grc' dir='ltr'>Ἰδόντες</span> <span class='ocrx_word' id='word_1_256' title='bbox 1586 1836 1644 1890; x_wconf 84' lang='grc' dir='ltr'><strong>δὲ</strong></span> <span class='ocrx_word' id='word_1_257' title='bbox 1672 1833 1839 1890; x_wconf 79' lang='grc' dir='ltr'>αὑτοῦ</span> 
     </span>
    </p>
   </div>
   <div class='ocr_carea' id='block_1_35' title="bbox 1952 1833 3528 1915">
    <p class='ocr_par' dir='ltr' id='par_1_35' title="bbox 1952 1838 3528 1915">
     <span class='ocr_line' id='line_1_35' title="bbox 1952 1838 3528 1915; baseline -0.001 -19"><span class='ocrx_word' id='word_1_258' title='bbox 1952 1842 2030 1896; x_wconf 84' lang='lat' dir='ltr'><strong>eis</strong></span> <span class='ocrx_word' id='word_1_259' title='bbox 2053 1886 2068 1910; x_wconf 91' lang='lat'><strong>,</strong></span> <span class='ocrx_word' id='word_1_260' title='bbox 2102 1842 2198 1899; x_wconf 78' lang='lat' dir='ltr'><strong>sed</strong></span> <span class='ocrx_word' id='word_1_261' title='bbox 2232 1859 2448 1915; x_wconf 86' lang='lat' dir='ltr'><strong>semper</strong></span> <span class='ocrx_word' id='word_1_262' title='bbox 2477 1842 2658 1899; x_wconf 91' lang='lat' dir='ltr'><strong>aiebat</strong></span> <span class='ocrx_word' id='word_1_263' title='bbox 2690 1861 2702 1897; x_wconf 92' lang='lat'>:</span> <span class='ocrx_word' id='word_1_264' title='bbox 2732 1840 3003 1912; x_wconf 79' lang='lat' dir='ltr'><strong>Ignoscite</strong></span> <span class='ocrx_word' id='word_1_265' title='bbox 3029 1840 3184 1894; x_wconf 87' lang='lat' dir='ltr'><strong>mihi.</strong></span> <span class='ocrx_word' id='word_1_266' title='bbox 3219 1838 3528 1895; x_wconf 83' lang='lat' dir='ltr'><strong>Cernentes</strong></span> 
     </span>
    </p>
   </div>
   <div class='ocr_carea' id='block_1_36' title="bbox 258 1927 1837 2007">
    <p class='ocr_par' dir='ltr' id='par_1_36' title="bbox 258 1927 1837 2007">
     <span class='ocr_line' id='line_1_36' title="bbox 258 1927 1837 2007; baseline -0.005 -19"><span class='ocrx_word' id='word_1_267' title='bbox 258 1936 321 1989; x_wconf 82' lang='grc' dir='ltr'><strong>τὰ</strong></span> <span class='ocrx_word' id='word_1_268' title='bbox 346 1935 619 2007; x_wconf 86' lang='grc' dir='ltr'>σπυρίδια,</span> <span class='ocrx_word' id='word_1_269' title='bbox 654 1929 807 1987; x_wconf 75' lang='grc' dir='ltr'>εἶπον</span> <span class='ocrx_word' id='word_1_270' title='bbox 838 1932 917 2004; x_wconf 78' lang='grc' dir='ltr'>τῷ</span> <span class='ocrx_word' id='word_1_271' title='bbox 967 1931 1182 2003; x_wconf 83' lang='grc' dir='ltr'><strong>μαθητῇ</strong></span> <span class='ocrx_word' id='word_1_272' title='bbox 1220 1928 1387 1983; x_wconf 80' lang='grc' dir='ltr'>αὐτοῦ</span> <span class='ocrx_word' id='word_1_273' title='bbox 1435 1928 1687 1999; x_wconf 82' lang='grc' dir='ltr'>Ἀϐραάμ</span> <span class='ocrx_word' id='word_1_274' title='bbox 1711 1944 1725 1958; x_wconf 76' lang='grc' dir='ltr'><strong>ο</strong></span> <span class='ocrx_word' id='word_1_275' title='bbox 1773 1927 1837 1981; x_wconf 93' lang='grc' dir='ltr'><strong>Τί</strong></span> 
     </span>
    </p>
   </div>
   <div class='ocr_carea' id='block_1_37' title="bbox 260 2016 1842 2099">
    <p class='ocr_par' dir='ltr' id='par_1_37' title="bbox 260 2016 1842 2099">
     <span class='ocr_line' id='line_1_37' title="bbox 260 2016 1842 2099; baseline -0.005 -16"><span class='ocrx_word' id='word_1_276' title='bbox 260 2032 459 2083; x_wconf 85' lang='grc' dir='ltr'><strong>ποιεῖτε</strong></span> <span class='ocrx_word' id='word_1_277' title='bbox 493 2028 564 2082; x_wconf 82' lang='grc' dir='ltr'>τὰ</span> <span class='ocrx_word' id='word_1_278' title='bbox 597 2028 853 2099; x_wconf 83' lang='grc' dir='ltr'>σπυρίδια</span> <span class='ocrx_word' id='word_1_279' title='bbox 881 2025 1089 2090; x_wconf 82' lang='grc' dir='ltr'>ταῦτα;</span> <span class='ocrx_word' id='word_1_280' title='bbox 1130 2025 1190 2077; x_wconf 81' lang='lat'><strong>&#39;0</strong></span> <span class='ocrx_word' id='word_1_281' title='bbox 1216 2024 1273 2076; x_wconf 83' lang='grc' dir='ltr'><strong>δὲ</strong></span> <span class='ocrx_word' id='word_1_282' title='bbox 1304 2019 1459 2076; x_wconf 77' lang='grc' dir='ltr'>εἶπεν</span> <span class='ocrx_word' id='word_1_283' title='bbox 1480 2039 1492 2053; x_wconf 75' lang='grc' dir='ltr'><strong><em>σ</em></strong></span> <span class='ocrx_word' id='word_1_284' title='bbox 1515 2016 1645 2074; x_wconf 81' lang='grc' dir='ltr'><strong>Ὧδε</strong></span> <span class='ocrx_word' id='word_1_285' title='bbox 1680 2021 1842 2075; x_wconf 82' lang='grc' dir='ltr'>κάκεῖ</span> 
     </span>
    </p>
   </div>
   <div class='ocr_carea' id='block_1_38' title="bbox 259 2108 1842 2192">
    <p class='ocr_par' dir='ltr' id='par_1_38' title="bbox 259 2108 1842 2192">
     <span class='ocr_line' id='line_1_38' title="bbox 259 2108 1842 2192; baseline -0.005 -18"><span class='ocrx_word' id='word_1_286' title='bbox 259 2121 613 2192; x_wconf 83' lang='grc' dir='ltr'>ἀναλίσκομεν</span> <span class='ocrx_word' id='word_1_287' title='bbox 639 2120 798 2174; x_wconf 75' lang='grc' dir='ltr'>αὑτά.</span> <span class='ocrx_word' id='word_1_288' title='bbox 857 2116 1121 2180; x_wconf 79' lang='grc' dir='ltr'>Ἀκούσας</span> <span class='ocrx_word' id='word_1_289' title='bbox 1155 2116 1213 2170; x_wconf 86' lang='grc' dir='ltr'><strong>δέ</strong></span> <span class='ocrx_word' id='word_1_290' title='bbox 1254 2117 1282 2169; x_wconf 92' lang='lat'><strong>6</strong></span> <span class='ocrx_word' id='word_1_291' title='bbox 1313 2115 1516 2186; x_wconf 83' lang='grc' dir='ltr'>γέρων,</span> <span class='ocrx_word' id='word_1_292' title='bbox 1546 2108 1698 2167; x_wconf 85' lang='grc' dir='ltr'>εἷπε·</span> <span class='ocrx_word' id='word_1_293' title='bbox 1730 2114 1842 2168; x_wconf 76' lang='grc' dir='ltr'><strong>Καὶ</strong></span> 
     </span>
    </p>
   </div>
   <div class='ocr_carea' id='block_1_39' title="bbox 259 2206 1842 2286">
    <p class='ocr_par' dir='ltr' id='par_1_39' title="bbox 259 2206 1842 2286">
     <span class='ocr_line' id='line_1_39' title="bbox 259 2206 1842 2286; baseline -0.006 -18"><span class='ocrx_word' id='word_1_294' title='bbox 259 2215 446 2286; x_wconf 82' lang='grc' dir='ltr'>Σισόης</span> <span class='ocrx_word' id='word_1_295' title='bbox 474 2214 626 2268; x_wconf 84' lang='grc' dir='ltr'>ἔνθεν</span> <span class='ocrx_word' id='word_1_296' title='bbox 654 2211 910 2267; x_wconf 80' lang='grc' dir='ltr'>κάκεῖθεν</span> <span class='ocrx_word' id='word_1_297' title='bbox 937 2209 1128 2262; x_wconf 84' lang='grc' dir='ltr'>ἐσθίει.</span> <span class='ocrx_word' id='word_1_298' title='bbox 1153 2209 1216 2261; x_wconf 86' lang='grc' dir='ltr'>Οί</span> <span class='ocrx_word' id='word_1_299' title='bbox 1247 2207 1303 2261; x_wconf 83' lang='grc' dir='ltr'><strong>δὲ</strong></span> <span class='ocrx_word' id='word_1_300' title='bbox 1329 2206 1682 2274; x_wconf 84' lang='grc' dir='ltr'>ἀκούσαντες,</span> <span class='ocrx_word' id='word_1_301' title='bbox 1701 2206 1842 2260; x_wconf 87' lang='grc' dir='ltr'>πάνυ</span> 
     </span>
    </p>
   </div>
   <div class='ocr_carea' id='block_1_40' title="bbox 258 2296 1844 2376">
    <p class='ocr_par' dir='ltr' id='par_1_40' title="bbox 258 2296 1844 2376">
     <span class='ocr_line' id='line_1_40' title="bbox 258 2296 1844 2376; baseline -0.004 -19"><span class='ocrx_word' id='word_1_302' title='bbox 258 2304 616 2376; x_wconf 75' lang='grc' dir='ltr'><strong>ὠφελήθησαν</strong></span> <span class='ocrx_word' id='word_1_303' title='bbox 633 2318 647 2332; x_wconf 86' lang='lat'>&#39;</span> <span class='ocrx_word' id='word_1_304' title='bbox 674 2303 769 2357; x_wconf 76' lang='grc' dir='ltr'>καὶ</span> <span class='ocrx_word' id='word_1_305' title='bbox 796 2298 1038 2372; x_wconf 83' lang='grc' dir='ltr'>ἀπῆλθον</span> <span class='ocrx_word' id='word_1_306' title='bbox 1073 2299 1210 2369; x_wconf 84' lang='grc' dir='ltr'>μετὰ</span> <span class='ocrx_word' id='word_1_307' title='bbox 1233 2300 1430 2371; x_wconf 80' lang='grc' dir='ltr'>χαρᾶς,</span> <span class='ocrx_word' id='word_1_308' title='bbox 1461 2296 1844 2370; x_wconf 80' lang='grc' dir='ltr'>οἰκοδομηθέν-</span> 
     </span>
    </p>
   </div>
   <div class='ocr_carea' id='block_1_41' title="bbox 258 2388 1157 2467">
    <p class='ocr_par' dir='ltr' id='par_1_41' title="bbox 258 2388 1157 2467">
     <span class='ocr_line' id='line_1_41' title="bbox 258 2388 1157 2467; baseline -0.007 -18"><span class='ocrx_word' id='word_1_309' title='bbox 258 2413 345 2460; x_wconf 90' lang='grc' dir='ltr'>τες</span> <span class='ocrx_word' id='word_1_310' title='bbox 365 2398 447 2459; x_wconf 76' lang='grc' dir='ltr'><strong>εἰς</strong></span> <span class='ocrx_word' id='word_1_311' title='bbox 476 2395 578 2467; x_wconf 77' lang='grc' dir='ltr'>τὴν</span> <span class='ocrx_word' id='word_1_312' title='bbox 611 2392 942 2450; x_wconf 79' lang='grc' dir='ltr'>ταπείνωσιν</span> <span class='ocrx_word' id='word_1_313' title='bbox 970 2388 1157 2444; x_wconf 77' lang='grc' dir='ltr'>αὐτοῦ.</span> 
     </span>
    </p>
   </div>
   <div class='ocr_carea' id='block_1_42' title="bbox 248 2562 1845 2645">
    <p class='ocr_par' dir='ltr' id='par_1_42' title="bbox 248 2562 1845 2645">
     <span class='ocr_line' id='line_1_42' title="bbox 248 2562 1845 2645; baseline -0.008 -16"><span class='ocrx_word' id='word_1_314' title='bbox 248 2584 253 2588; x_wconf 82' lang='grc'><em>”</em></span> <span class='ocrx_word' id='word_1_315' title='bbox 327 2576 411 2640; x_wconf 74' lang='grc' dir='ltr'>ις’.</span> <span class='ocrx_word' id='word_1_316' title='bbox 454 2564 771 2645; x_wconf 83' lang='grc' dir='ltr'>Ἦρώτησεν</span> <span class='ocrx_word' id='word_1_317' title='bbox 799 2571 829 2623; x_wconf 89' lang='lat'><strong>6</strong></span> <span class='ocrx_word' id='word_1_318' title='bbox 862 2569 1036 2633; x_wconf 80' lang='grc' dir='ltr'><strong>ἀὸϐἄς</strong></span> <span class='ocrx_word' id='word_1_319' title='bbox 1067 2566 1293 2640; x_wconf 82' lang='grc' dir='ltr'><strong>Ἀμμὼν</strong></span> <span class='ocrx_word' id='word_1_320' title='bbox 1318 2567 1347 2620; x_wconf 86' lang='lat'><strong>6</strong></span> <span class='ocrx_word' id='word_1_321' title='bbox 1377 2566 1475 2636; x_wconf 86' lang='grc' dir='ltr'>τῆς</span> <span class='ocrx_word' id='word_1_322' title='bbox 1508 2562 1726 2618; x_wconf 82' lang='grc' dir='ltr'>Ῥαῖθοῦ</span> <span class='ocrx_word' id='word_1_323' title='bbox 1755 2562 1845 2616; x_wconf 86' lang='grc' dir='ltr'>τὸν</span> 
     </span>
    </p>
   </div>
   <div class='ocr_carea' id='block_1_43' title="bbox 258 2655 1849 2737">
    <p class='ocr_par' dir='ltr' id='par_1_43' title="bbox 258 2655 1849 2737">
     <span class='ocr_line' id='line_1_43' title="bbox 258 2655 1849 2737; baseline -0.009 -16"><span class='ocrx_word' id='word_1_324' title='bbox 258 2667 430 2721; x_wconf 75' lang='grc' dir='ltr'>ἀϐὄᾶν</span> <span class='ocrx_word' id='word_1_325' title='bbox 469 2665 697 2735; x_wconf 84' lang='grc' dir='ltr'>Σισόην·</span> <span class='ocrx_word' id='word_1_326' title='bbox 766 2663 934 2717; x_wconf 80' lang='grc' dir='ltr'>Ὅταν</span> <span class='ocrx_word' id='word_1_327' title='bbox 980 2660 1344 2731; x_wconf 80' lang='grc' dir='ltr'>ἀναγινώσκω</span> <span class='ocrx_word' id='word_1_328' title='bbox 1381 2657 1625 2730; x_wconf 80' lang='grc' dir='ltr'>Γραφὴν,</span> <span class='ocrx_word' id='word_1_329' title='bbox 1653 2655 1849 2737; x_wconf 26' lang='grc' dir='ltr'>θέλεινὸ</span> 
     </span>
    </p>
   </div>
   <div class='ocr_carea' id='block_1_44' title="bbox 258 2744 1848 2830">
    <p class='ocr_par' dir='ltr' id='par_1_44' title="bbox 258 2744 1848 2830">
     <span class='ocr_line' id='line_1_44' title="bbox 258 2744 1848 2830; baseline -0.008 -19"><span class='ocrx_word' id='word_1_330' title='bbox 258 2758 517 2830; x_wconf 79' lang='grc' dir='ltr'>λογισμός</span> <span class='ocrx_word' id='word_1_331' title='bbox 554 2773 652 2829; x_wconf 89' lang='grc' dir='ltr'>μου</span> <span class='ocrx_word' id='word_1_332' title='bbox 680 2754 1036 2827; x_wconf 85' lang='grc' dir='ltr'>φιλοκαλῆσαι</span> <span class='ocrx_word' id='word_1_333' title='bbox 1069 2752 1249 2821; x_wconf 87' lang='grc' dir='ltr'>λόγον,</span> <span class='ocrx_word' id='word_1_334' title='bbox 1281 2751 1368 2805; x_wconf 78' lang='grc' dir='ltr'>ἵνα</span> <span class='ocrx_word' id='word_1_335' title='bbox 1397 2750 1506 2821; x_wconf 82' lang='grc' dir='ltr'><strong>ἐχω</strong></span> <span class='ocrx_word' id='word_1_336' title='bbox 1533 2749 1613 2813; x_wconf 86' lang='grc' dir='ltr'><strong>είς</strong></span> <span class='ocrx_word' id='word_1_337' title='bbox 1635 2744 1848 2817; x_wconf 78' lang='grc' dir='ltr'>ἐπερώ-</span> 
     </span>
    </p>
   </div>
   <div class='ocr_carea' id='block_1_45' title="bbox 258 2839 1849 2922">
    <p class='ocr_par' dir='ltr' id='par_1_45' title="bbox 258 2839 1849 2922">
     <span class='ocr_line' id='line_1_45' title="bbox 258 2839 1849 2922; baseline -0.006 -19"><span class='ocrx_word' id='word_1_338' title='bbox 258 2868 321 2922; x_wconf 87' lang='grc' dir='ltr'><strong>τη</strong></span> <span class='ocrx_word' id='word_1_339' title='bbox 331 2870 427 2922; x_wconf 80' lang='grc' dir='ltr'><strong>μα.</strong></span> <span class='ocrx_word' id='word_1_340' title='bbox 471 2850 634 2919; x_wconf 86' lang='grc' dir='ltr'>Λέγει</span> <span class='ocrx_word' id='word_1_341' title='bbox 676 2850 827 2920; x_wconf 79' lang='grc' dir='ltr'>αὐτῷ</span> <span class='ocrx_word' id='word_1_342' title='bbox 862 2852 891 2903; x_wconf 92' lang='lat'><strong>6</strong></span> <span class='ocrx_word' id='word_1_343' title='bbox 934 2848 1114 2919; x_wconf 83' lang='grc' dir='ltr'>γέρων</span> <span class='ocrx_word' id='word_1_344' title='bbox 1137 2861 1151 2876; x_wconf 76' lang='grc'><strong><em>⁸</em></strong></span> <span class='ocrx_word' id='word_1_345' title='bbox 1202 2845 1317 2898; x_wconf 80' lang='grc' dir='ltr'>Οὐκ</span> <span class='ocrx_word' id='word_1_346' title='bbox 1344 2842 1459 2897; x_wconf 78' lang='grc' dir='ltr'>ἐστι</span> <span class='ocrx_word' id='word_1_347' title='bbox 1485 2842 1646 2914; x_wconf 84' lang='grc' dir='ltr'>χρεία</span> <span class='ocrx_word' id='word_1_348' title='bbox 1670 2858 1685 2872; x_wconf 94' lang='grc'><strong>·</strong></span> <span class='ocrx_word' id='word_1_349' title='bbox 1712 2839 1849 2917; x_wconf 78' lang='grc' dir='ltr'><strong>ἀλλά</strong></span> 
     </span>
    </p>
   </div>
   <div class='ocr_carea' id='block_1_46' title="bbox 262 2930 1848 3012">
    <p class='ocr_par' dir='ltr' id='par_1_46' title="bbox 262 2930 1848 3012">
     <span class='ocr_line' id='line_1_46' title="bbox 262 2930 1848 3012; baseline -0.007 -17"><span class='ocrx_word' id='word_1_350' title='bbox 262 2943 464 3012; x_wconf 78' lang='grc' dir='ltr'>μᾶλλον</span> <span class='ocrx_word' id='word_1_351' title='bbox 498 2943 564 2994; x_wconf 83' lang='grc' dir='ltr'><strong>ἐκ</strong></span> <span class='ocrx_word' id='word_1_352' title='bbox 590 2939 692 3010; x_wconf 83' lang='grc' dir='ltr'><strong>τῆς</strong></span> <span class='ocrx_word' id='word_1_353' title='bbox 721 2939 1098 3010; x_wconf 85' lang='grc' dir='ltr'>καθαρότητος</span> <span class='ocrx_word' id='word_1_354' title='bbox 1130 2935 1224 2990; x_wconf 77' lang='grc' dir='ltr'><strong>τοῦ</strong></span> <span class='ocrx_word' id='word_1_355' title='bbox 1249 2934 1371 2999; x_wconf 70' lang='grc' dir='ltr'>νοὸς</span> <span class='ocrx_word' id='word_1_356' title='bbox 1402 2933 1603 3005; x_wconf 81' lang='grc' dir='ltr'>κτῆσαι</span> <span class='ocrx_word' id='word_1_357' title='bbox 1635 2930 1848 3004; x_wconf 82' lang='grc' dir='ltr'>σεαυτῷ</span> 
     </span>
    </p>
   </div>
   <div class='ocr_carea' id='block_1_47' title="bbox 259 3032 1244 3106">
    <p class='ocr_par' dir='ltr' id='par_1_47' title="bbox 259 3032 1244 3106">
     <span class='ocr_line' id='line_1_47' title="bbox 259 3032 1244 3106; baseline -0.003 -17"><span class='ocrx_word' id='word_1_358' title='bbox 259 3041 353 3093; x_wconf 78' lang='grc' dir='ltr'><strong>καὶ</strong></span> <span class='ocrx_word' id='word_1_359' title='bbox 380 3036 440 3089; x_wconf 84' lang='grc' dir='ltr'>τὸ</span> <span class='ocrx_word' id='word_1_360' title='bbox 472 3036 802 3106; x_wconf 81' lang='grc' dir='ltr'>ἀμεριμνεῖν</span> <span class='ocrx_word' id='word_1_361' title='bbox 836 3035 930 3105; x_wconf 74' lang='grc' dir='ltr'>καὶ</span> <span class='ocrx_word' id='word_1_362' title='bbox 949 3033 1010 3087; x_wconf 78' lang='grc' dir='ltr'>τὸ</span> <span class='ocrx_word' id='word_1_363' title='bbox 1039 3032 1244 3102; x_wconf 86' lang='grc' dir='ltr'>λέγειν.</span> 
     </span>
    </p>
   </div>
   <div class='ocr_carea' id='block_1_48' title="bbox 334 3118 1849 3201">
    <p class='ocr_par' dir='ltr' id='par_1_48' title="bbox 334 3118 1849 3201">
     <span class='ocr_line' id='line_1_48' title="bbox 334 3118 1849 3201; baseline -0.007 -19"><span class='ocrx_word' id='word_1_364' title='bbox 334 3134 426 3201; x_wconf 83' lang='grc' dir='ltr'>ιη’.</span> <span class='ocrx_word' id='word_1_365' title='bbox 480 3124 765 3197; x_wconf 77' lang='grc' dir='ltr'>Παρέὸαλέ</span> <span class='ocrx_word' id='word_1_366' title='bbox 796 3142 927 3178; x_wconf 89' lang='grc' dir='ltr'>ποτε</span> <span class='ocrx_word' id='word_1_367' title='bbox 957 3123 1219 3195; x_wconf 82' lang='grc' dir='ltr'>κοσμικὸς</span> <span class='ocrx_word' id='word_1_368' title='bbox 1258 3120 1396 3192; x_wconf 74' lang='grc' dir='ltr'>ἔχων</span> <span class='ocrx_word' id='word_1_369' title='bbox 1427 3121 1519 3174; x_wconf 82' lang='grc' dir='ltr'>τὸν</span> <span class='ocrx_word' id='word_1_370' title='bbox 1545 3119 1660 3174; x_wconf 79' lang='grc' dir='ltr'>υἱὸν</span> <span class='ocrx_word' id='word_1_371' title='bbox 1684 3118 1849 3172; x_wconf 72' lang='grc' dir='ltr'>αὐτοῦ</span> 
     </span>
    </p>
   </div>
   <div class='ocr_carea' id='block_1_49' title="bbox 259 3212 1848 3292">
    <p class='ocr_par' dir='ltr' id='par_1_49' title="bbox 259 3212 1848 3292">
     <span class='ocr_line' id='line_1_49' title="bbox 259 3212 1848 3292; baseline -0.007 -16"><span class='ocrx_word' id='word_1_372' title='bbox 259 3225 399 3292; x_wconf 71' lang='grc' dir='ltr'>πρὸς</span> <span class='ocrx_word' id='word_1_373' title='bbox 448 3220 542 3273; x_wconf 83' lang='grc' dir='ltr'><strong>τὸν</strong></span> <span class='ocrx_word' id='word_1_374' title='bbox 587 3218 763 3272; x_wconf 74' lang='grc' dir='ltr'><strong>ἀὸϐἄν</strong></span> <span class='ocrx_word' id='word_1_375' title='bbox 806 3217 1020 3288; x_wconf 86' lang='grc' dir='ltr'>Σισὸην,</span> <span class='ocrx_word' id='word_1_376' title='bbox 1059 3218 1139 3280; x_wconf 87' lang='grc' dir='ltr'><strong>είς</strong></span> <span class='ocrx_word' id='word_1_377' title='bbox 1167 3214 1228 3269; x_wconf 83' lang='grc' dir='ltr'><strong>τὸ</strong></span> <span class='ocrx_word' id='word_1_378' title='bbox 1260 3214 1386 3286; x_wconf 80' lang='grc' dir='ltr'>ὅρος</span> <span class='ocrx_word' id='word_1_379' title='bbox 1418 3212 1513 3267; x_wconf 80' lang='grc' dir='ltr'>τοῦ</span> <span class='ocrx_word' id='word_1_380' title='bbox 1546 3212 1691 3267; x_wconf 76' lang='grc' dir='ltr'><strong>ἀϐϐᾶ</strong></span> <span class='ocrx_word' id='word_1_381' title='bbox 1727 3214 1848 3266; x_wconf 87' lang='grc' dir='ltr'><strong>Ἀν-</strong></span> 
     </span>
    </p>
   </div>
   <div class='ocr_carea' id='block_1_50' title="bbox 254 3305 1850 3383">
    <p class='ocr_par' dir='ltr' id='par_1_50' title="bbox 254 3305 1850 3383">
     <span class='ocr_line' id='line_1_50' title="bbox 254 3305 1850 3383; baseline -0.006 -16"><span class='ocrx_word' id='word_1_382' title='bbox 254 3314 488 3368; x_wconf 60' lang='lat' dir='ltr'><strong>smilion“</strong></span> <span class='ocrx_word' id='word_1_383' title='bbox 522 3313 619 3366; x_wconf 73' lang='grc' dir='ltr'>καὶ</span> <span class='ocrx_word' id='word_1_384' title='bbox 646 3311 787 3366; x_wconf 83' lang='grc' dir='ltr'>κατὰ</span> <span class='ocrx_word' id='word_1_385' title='bbox 814 3311 915 3383; x_wconf 85' lang='grc' dir='ltr'><strong>τὴν</strong></span> <span class='ocrx_word' id='word_1_386' title='bbox 941 3311 1060 3365; x_wconf 82' lang='grc' dir='ltr'>ὁδὸν</span> <span class='ocrx_word' id='word_1_387' title='bbox 1087 3307 1284 3379; x_wconf 77' lang='grc' dir='ltr'>συνέϐη</span> <span class='ocrx_word' id='word_1_388' title='bbox 1303 3306 1594 3361; x_wconf 82' lang='grc' dir='ltr'>ἀποθανεῖν</span> <span class='ocrx_word' id='word_1_389' title='bbox 1622 3308 1713 3360; x_wconf 85' lang='grc' dir='ltr'><strong>τὸν</strong></span> <span class='ocrx_word' id='word_1_390' title='bbox 1736 3305 1850 3359; x_wconf 78' lang='grc' dir='ltr'>υἱὸν</span> 
     </span>
    </p>
   </div>
   <div class='ocr_carea' id='block_1_51' title="bbox 258 3397 1850 3476">
    <p class='ocr_par' dir='ltr' id='par_1_51' title="bbox 258 3397 1850 3476">
     <span class='ocr_line' id='line_1_51' title="bbox 258 3397 1850 3476; baseline -0.005 -18"><span class='ocrx_word' id='word_1_391' title='bbox 258 3406 432 3459; x_wconf 77' lang='grc' dir='ltr'>αὐτοῦ</span> <span class='ocrx_word' id='word_1_392' title='bbox 454 3422 467 3435; x_wconf 90' lang='grc'><strong>·</strong></span> <span class='ocrx_word' id='word_1_393' title='bbox 505 3405 600 3458; x_wconf 72' lang='grc' dir='ltr'>καὶ</span> <span class='ocrx_word' id='word_1_394' title='bbox 627 3403 726 3458; x_wconf 84' lang='grc' dir='ltr'><strong>οὐκ</strong></span> <span class='ocrx_word' id='word_1_395' title='bbox 753 3401 1050 3476; x_wconf 85' lang='grc' dir='ltr'><strong>ἐταράχθη,</strong></span> <span class='ocrx_word' id='word_1_396' title='bbox 1074 3401 1187 3455; x_wconf 86' lang='grc' dir='ltr'>ἀλλ’</span> <span class='ocrx_word' id='word_1_397' title='bbox 1212 3399 1400 3453; x_wconf 79' lang='grc' dir='ltr'>ἔλαϐεν</span> <span class='ocrx_word' id='word_1_398' title='bbox 1424 3398 1585 3452; x_wconf 79' lang='grc' dir='ltr'>αὐτὸν</span> <span class='ocrx_word' id='word_1_399' title='bbox 1606 3397 1743 3469; x_wconf 78' lang='grc' dir='ltr'>πρὸς</span> <span class='ocrx_word' id='word_1_400' title='bbox 1760 3397 1850 3450; x_wconf 77' lang='grc' dir='ltr'>τὸν</span> 
     </span>
    </p>
   </div>
   <div class='ocr_carea' id='block_1_52' title="bbox 258 3487 1852 3569">
    <p class='ocr_par' dir='ltr' id='par_1_52' title="bbox 258 3487 1852 3569">
     <span class='ocr_line' id='line_1_52' title="bbox 258 3487 1852 3569; baseline -0.008 -18"><span class='ocrx_word' id='word_1_401' title='bbox 258 3498 498 3569; x_wconf 79' lang='grc' dir='ltr'>γέροντα</span> <span class='ocrx_word' id='word_1_402' title='bbox 525 3496 730 3559; x_wconf 88' lang='grc' dir='ltr'>πίστει,</span> <span class='ocrx_word' id='word_1_403' title='bbox 762 3495 855 3547; x_wconf 70' lang='grc' dir='ltr'>καὶ</span> <span class='ocrx_word' id='word_1_404' title='bbox 884 3493 1189 3559; x_wconf 83' lang='grc' dir='ltr'>προσέπεσε</span> <span class='ocrx_word' id='word_1_405' title='bbox 1221 3490 1356 3562; x_wconf 73' lang='grc' dir='ltr'>μετὰ</span> <span class='ocrx_word' id='word_1_406' title='bbox 1383 3487 1477 3541; x_wconf 81' lang='grc' dir='ltr'><strong>τοῦ</strong></span> <span class='ocrx_word' id='word_1_407' title='bbox 1505 3487 1621 3541; x_wconf 78' lang='grc' dir='ltr'>υἱοῦ</span> <span class='ocrx_word' id='word_1_408' title='bbox 1651 3487 1727 3550; x_wconf 82' lang='grc' dir='ltr'><strong>ὡς</strong></span> <span class='ocrx_word' id='word_1_409' title='bbox 1758 3503 1852 3558; x_wconf 88' lang='grc' dir='ltr'><strong>με-</strong></span> 
     </span>
    </p>
   </div>
   <div class='ocr_carea' id='block_1_53' title="bbox 258 3577 1847 3654">
    <p class='ocr_par' dir='ltr' id='par_1_53' title="bbox 258 3577 1847 3654">
     <span class='ocr_line' id='line_1_53' title="bbox 258 3577 1847 3654; baseline -0.008 -11"><span class='ocrx_word' id='word_1_410' title='bbox 258 3590 482 3643; x_wconf 81' lang='grc' dir='ltr'>τάνοιαν</span> <span class='ocrx_word' id='word_1_411' title='bbox 512 3586 702 3652; x_wconf 86' lang='grc' dir='ltr'>ποιῶν,</span> <span class='ocrx_word' id='word_1_412' title='bbox 726 3585 868 3639; x_wconf 83' lang='grc' dir='ltr'>ὥστε</span> <span class='ocrx_word' id='word_1_413' title='bbox 890 3584 1250 3654; x_wconf 59' lang='grc' dir='ltr'>εὐλογηθῖψαι</span> <span class='ocrx_word' id='word_1_414' title='bbox 1277 3580 1430 3652; x_wconf 89' lang='grc' dir='ltr'>παρὰ</span> <span class='ocrx_word' id='word_1_415' title='bbox 1453 3577 1546 3633; x_wconf 82' lang='grc' dir='ltr'>τοῦ</span> <span class='ocrx_word' id='word_1_416' title='bbox 1578 3577 1847 3650; x_wconf 87' lang='grc' dir='ltr'>γέροντος.</span> 
     </span>
    </p>
   </div>
   <div class='ocr_carea' id='block_1_54' title="bbox 258 3670 1853 3750">
    <p class='ocr_par' dir='ltr' id='par_1_54' title="bbox 258 3670 1853 3750">
     <span class='ocr_line' id='line_1_54' title="bbox 258 3670 1853 3750; baseline -0.01 -12"><span class='ocrx_word' id='word_1_417' title='bbox 258 3683 375 3737; x_wconf 74' lang='grc' dir='ltr'><strong>Καὶ</strong></span> <span class='ocrx_word' id='word_1_418' title='bbox 401 3680 644 3745; x_wconf 79' lang='grc' dir='ltr'>ἀναστὰς</span> <span class='ocrx_word' id='word_1_419' title='bbox 676 3681 705 3733; x_wconf 86' lang='grc' dir='ltr'>ὁ</span> <span class='ocrx_word' id='word_1_420' title='bbox 732 3679 916 3750; x_wconf 85' lang='grc' dir='ltr'>πατὴρ</span> <span class='ocrx_word' id='word_1_421' title='bbox 946 3677 1201 3732; x_wconf 86' lang='grc' dir='ltr'>κατέλιπε</span> <span class='ocrx_word' id='word_1_422' title='bbox 1227 3676 1287 3729; x_wconf 75' lang='grc' dir='ltr'>τὸ</span> <span class='ocrx_word' id='word_1_423' title='bbox 1319 3673 1527 3728; x_wconf 78' lang='grc' dir='ltr'>παιδίον</span> <span class='ocrx_word' id='word_1_424' title='bbox 1565 3671 1700 3741; x_wconf 82' lang='grc' dir='ltr'>πρὸς</span> <span class='ocrx_word' id='word_1_425' title='bbox 1729 3670 1853 3732; x_wconf 78' lang='grc' dir='ltr'>τοὺς</span> 
     </span>
    </p>
   </div>
   <div class='ocr_carea' id='block_1_55' title="bbox 260 3760 1850 3849">
    <p class='ocr_par' dir='ltr' id='par_1_55' title="bbox 260 3760 1850 3849">
     <span class='ocr_line' id='line_1_55' title="bbox 260 3760 1850 3849; baseline -0.011 -20"><span class='ocrx_word' id='word_1_426' title='bbox 260 3775 433 3849; x_wconf 77' lang='grc' dir='ltr'>πόδας</span> <span class='ocrx_word' id='word_1_427' title='bbox 458 3772 555 3826; x_wconf 85' lang='grc' dir='ltr'>τοῦ</span> <span class='ocrx_word' id='word_1_428' title='bbox 579 3760 854 3843; x_wconf 81' lang='grc' dir='ltr'>γέροντός,</span> <span class='ocrx_word' id='word_1_429' title='bbox 890 3770 984 3823; x_wconf 72' lang='grc' dir='ltr'><strong>καὶ</strong></span> <span class='ocrx_word' id='word_1_430' title='bbox 1005 3767 1226 3839; x_wconf 81' lang='grc' dir='ltr'>ἐξῆλθεν</span> <span class='ocrx_word' id='word_1_431' title='bbox 1253 3765 1357 3830; x_wconf 79' lang='grc' dir='ltr'><strong>ἔξω</strong></span> <span class='ocrx_word' id='word_1_432' title='bbox 1379 3765 1443 3817; x_wconf 84' lang='grc'><strong>¹⁹.</strong></span> <span class='ocrx_word' id='word_1_433' title='bbox 1478 3763 1538 3816; x_wconf 86' lang='lat'><strong>&#39;0</strong></span> <span class='ocrx_word' id='word_1_434' title='bbox 1565 3761 1623 3813; x_wconf 85' lang='grc' dir='ltr'>δὲ</span> <span class='ocrx_word' id='word_1_435' title='bbox 1652 3760 1850 3849; x_wconf 70' lang='grc' dir='ltr'>γέρων,</span> 
     </span>
    </p>
   </div>
   <div class='ocr_carea' id='block_1_56' title="bbox 258 3845 1850 3935">
    <p class='ocr_par' dir='ltr' id='par_1_56' title="bbox 258 3845 1850 3935">
     <span class='ocr_line' id='line_1_56' title="bbox 258 3845 1850 3935; baseline -0.012 -18"><span class='ocrx_word' id='word_1_436' title='bbox 258 3845 503 3935; x_wconf 77' lang='grc' dir='ltr'>νομίζων</span> <span class='ocrx_word' id='word_1_437' title='bbox 545 3862 627 3915; x_wconf 82' lang='grc' dir='ltr'><strong>ὅτι</strong></span> <span class='ocrx_word' id='word_1_438' title='bbox 684 3861 971 3931; x_wconf 87' lang='grc' dir='ltr'>μετάνοιαν</span> <span class='ocrx_word' id='word_1_439' title='bbox 1023 3855 1175 3927; x_wconf 79' lang='grc' dir='ltr'>αὐτῷ</span> <span class='ocrx_word' id='word_1_440' title='bbox 1227 3853 1430 3924; x_wconf 83' lang='grc' dir='ltr'><strong>βάλλει,</strong></span> <span class='ocrx_word' id='word_1_441' title='bbox 1487 3849 1634 3919; x_wconf 84' lang='grc' dir='ltr'>λέγει</span> <span class='ocrx_word' id='word_1_442' title='bbox 1670 3845 1850 3918; x_wconf 76' lang='grc' dir='ltr'><strong>αὑτῷ-</strong></span> 
     </span>
    </p>
   </div>
   <div class='ocr_carea' id='block_1_57' title="bbox 272 3940 1856 4020">
    <p class='ocr_par' dir='ltr' id='par_1_57' title="bbox 272 3940 1856 4020">
     <span class='ocr_line' id='line_1_57' title="bbox 272 3940 1856 4020; baseline -0.013 -9"><span class='ocrx_word' id='word_1_443' title='bbox 272 3957 538 4020; x_wconf 74' lang='grc' dir='ltr'>Ἀνάστα,</span> <span class='ocrx_word' id='word_1_444' title='bbox 576 3953 758 4019; x_wconf 74' lang='grc' dir='ltr'>ἔξελθε</span> <span class='ocrx_word' id='word_1_445' title='bbox 784 3951 889 4019; x_wconf 75' lang='grc' dir='ltr'>ἔξω</span> <span class='ocrx_word' id='word_1_446' title='bbox 910 3967 924 3983; x_wconf 77' lang='grc' dir='ltr'><strong>ο</strong></span> <span class='ocrx_word' id='word_1_447' title='bbox 968 3950 1030 4003; x_wconf 81' lang='grc' dir='ltr'><strong>οὐ</strong></span> <span class='ocrx_word' id='word_1_448' title='bbox 1058 3947 1167 4019; x_wconf 81' lang='grc' dir='ltr'>γὰρ</span> <span class='ocrx_word' id='word_1_449' title='bbox 1195 3947 1313 4018; x_wconf 75' lang='grc' dir='ltr'>ᾔδει</span> <span class='ocrx_word' id='word_1_450' title='bbox 1346 3946 1428 3998; x_wconf 84' lang='grc' dir='ltr'>ὅτι</span> <span class='ocrx_word' id='word_1_451' title='bbox 1457 3941 1713 3996; x_wconf 87' lang='grc' dir='ltr'>ἀπέθανε.</span> <span class='ocrx_word' id='word_1_452' title='bbox 1744 3940 1856 3993; x_wconf 75' lang='grc' dir='ltr'><strong>Καὶ</strong></span> 
     </span>
    </p>
   </div>
   <div class='ocr_carea' id='block_1_58' title="bbox 258 4031 1855 4120">
    <p class='ocr_par' dir='ltr' id='par_1_58' title="bbox 258 4031 1855 4120">
     <span class='ocr_line' id='line_1_58' title="bbox 258 4031 1855 4120; baseline -0.012 -17"><span class='ocrx_word' id='word_1_453' title='bbox 258 4048 611 4120; x_wconf 79' lang='grc' dir='ltr'>παραχρῆμα</span> <span class='ocrx_word' id='word_1_454' title='bbox 626 4069 641 4103; x_wconf 84' lang='lat'><strong>,-.</strong></span> <span class='ocrx_word' id='word_1_455' title='bbox 657 4043 858 4114; x_wconf 84' lang='grc' dir='ltr'>ἀνέστη</span> <span class='ocrx_word' id='word_1_456' title='bbox 887 4041 982 4096; x_wconf 72' lang='grc' dir='ltr'>καὶ</span> <span class='ocrx_word' id='word_1_457' title='bbox 1030 4039 1243 4110; x_wconf 81' lang='grc' dir='ltr'>ἐξῆλθε.</span> <span class='ocrx_word' id='word_1_458' title='bbox 1302 4036 1413 4090; x_wconf 78' lang='grc' dir='ltr'><strong>Καὶ</strong></span> <span class='ocrx_word' id='word_1_459' title='bbox 1464 4033 1595 4088; x_wconf 83' lang='grc' dir='ltr'>ἰδὼν</span> <span class='ocrx_word' id='word_1_460' title='bbox 1629 4032 1791 4087; x_wconf 80' lang='grc' dir='ltr'>αὑτὸν</span> <span class='ocrx_word' id='word_1_461' title='bbox 1826 4031 1855 4084; x_wconf 90' lang='grc' dir='ltr'>ὁ</span> 
     </span>
    </p>
   </div>
   <div class='ocr_carea' id='block_1_59' title="bbox 261 4123 1855 4213">
    <p class='ocr_par' dir='ltr' id='par_1_59' title="bbox 261 4123 1855 4213">
     <span class='ocr_line' id='line_1_59' title="bbox 261 4123 1855 4213; baseline -0.014 -16"><span class='ocrx_word' id='word_1_462' title='bbox 261 4142 451 4213; x_wconf 78' lang='grc' dir='ltr'>πατὴρ</span> <span class='ocrx_word' id='word_1_463' title='bbox 481 4138 671 4202; x_wconf 81' lang='grc' dir='ltr'>αὐτοῦ,</span> <span class='ocrx_word' id='word_1_464' title='bbox 691 4134 914 4206; x_wconf 78' lang='grc' dir='ltr'>ἐξέστηο</span> <span class='ocrx_word' id='word_1_465' title='bbox 958 4133 1051 4188; x_wconf 75' lang='grc' dir='ltr'>καὶ</span> <span class='ocrx_word' id='word_1_466' title='bbox 1079 4128 1333 4185; x_wconf 79' lang='grc' dir='ltr'>εἰσελθὼν</span> <span class='ocrx_word' id='word_1_467' title='bbox 1373 4124 1748 4199; x_wconf 84' lang='grc' dir='ltr'>προσεκύνησε</span> <span class='ocrx_word' id='word_1_468' title='bbox 1776 4123 1855 4193; x_wconf 83' lang='grc' dir='ltr'><strong>τῷ</strong></span> 
     </span>
    </p>
   </div>
   <div class='ocr_carea' id='block_1_60' title="bbox 257 4214 1855 4306">
    <p class='ocr_par' dir='ltr' id='par_1_60' title="bbox 257 4214 1855 4306">
     <span class='ocr_line' id='line_1_60' title="bbox 257 4214 1855 4306; baseline -0.014 -17"><span class='ocrx_word' id='word_1_469' title='bbox 257 4235 486 4306; x_wconf 75' lang='grc' dir='ltr'>γέροντι</span> <span class='ocrx_word' id='word_1_470' title='bbox 512 4272 528 4300; x_wconf 91' lang='grc'><strong>,</strong></span> <span class='ocrx_word' id='word_1_471' title='bbox 563 4230 658 4284; x_wconf 75' lang='grc' dir='ltr'><strong>καὶ</strong></span> <span class='ocrx_word' id='word_1_472' title='bbox 689 4224 1010 4298; x_wconf 81' lang='grc' dir='ltr'>ἀνήγγειλεν</span> <span class='ocrx_word' id='word_1_473' title='bbox 1035 4220 1182 4292; x_wconf 80' lang='grc' dir='ltr'>αὐτῷ</span> <span class='ocrx_word' id='word_1_474' title='bbox 1201 4220 1262 4273; x_wconf 85' lang='grc' dir='ltr'>τὸ</span> <span class='ocrx_word' id='word_1_475' title='bbox 1299 4221 1549 4290; x_wconf 81' lang='grc' dir='ltr'>πρᾶγμα.</span> <span class='ocrx_word' id='word_1_476' title='bbox 1590 4214 1855 4278; x_wconf 82' lang='grc' dir='ltr'>Ἀκούσας</span> 
     </span>
    </p>
   </div>
   <div class='ocr_carea' id='block_1_61' title="bbox 256 4306 1853 4395">
    <p class='ocr_par' dir='ltr' id='par_1_61' title="bbox 256 4306 1853 4395">
     <span class='ocr_line' id='line_1_61' title="bbox 256 4306 1853 4395; baseline -0.014 -15"><span class='ocrx_word' id='word_1_477' title='bbox 256 4326 320 4380; x_wconf 77' lang='grc' dir='ltr'><strong>δὲ</strong></span> <span class='ocrx_word' id='word_1_478' title='bbox 351 4327 379 4378; x_wconf 88' lang='lat'><strong>6</strong></span> <span class='ocrx_word' id='word_1_479' title='bbox 404 4323 607 4395; x_wconf 84' lang='grc' dir='ltr'>γέρων,</span> <span class='ocrx_word' id='word_1_480' title='bbox 643 4318 889 4389; x_wconf 82' lang='grc' dir='ltr'>ἐλυπήθη</span> <span class='ocrx_word' id='word_1_481' title='bbox 909 4333 922 4347; x_wconf 93' lang='grc'><strong>·</strong></span> <span class='ocrx_word' id='word_1_482' title='bbox 959 4316 1020 4369; x_wconf 82' lang='grc' dir='ltr'><strong>οὐ</strong></span> <span class='ocrx_word' id='word_1_483' title='bbox 1055 4314 1165 4385; x_wconf 84' lang='grc' dir='ltr'>γὰρ</span> <span class='ocrx_word' id='word_1_484' title='bbox 1198 4311 1355 4382; x_wconf 72' lang='grc' dir='ltr'>ἤθελε</span> <span class='ocrx_word' id='word_1_485' title='bbox 1388 4310 1546 4364; x_wconf 81' lang='grc' dir='ltr'>τοῦτο</span> <span class='ocrx_word' id='word_1_486' title='bbox 1579 4306 1853 4379; x_wconf 84' lang='grc' dir='ltr'>γενέσθαι.</span> 
     </span>
    </p>
   </div>
   <div class='ocr_carea' id='block_1_62' title="bbox 257 4399 1854 4488">
    <p class='ocr_par' dir='ltr' id='par_1_62' title="bbox 257 4399 1854 4488">
     <span class='ocr_line' id='line_1_62' title="bbox 257 4399 1854 4488; baseline -0.014 -17"><span class='ocrx_word' id='word_1_487' title='bbox 257 4413 617 4488; x_wconf 83' lang='grc' dir='ltr'>Παρήγγειλε</span> <span class='ocrx_word' id='word_1_488' title='bbox 643 4412 699 4465; x_wconf 83' lang='grc' dir='ltr'><strong>δὲ</strong></span> <span class='ocrx_word' id='word_1_489' title='bbox 727 4407 877 4478; x_wconf 82' lang='grc' dir='ltr'><strong>αὑτῴ</strong></span> <span class='ocrx_word' id='word_1_490' title='bbox 902 4409 931 4460; x_wconf 89' lang='grc' dir='ltr'>ὁ</span> <span class='ocrx_word' id='word_1_491' title='bbox 961 4405 1205 4478; x_wconf 74' lang='grc' dir='ltr'>μαθητὴς</span> <span class='ocrx_word' id='word_1_492' title='bbox 1232 4402 1417 4466; x_wconf 79' lang='grc' dir='ltr'>αὐτοῦ,</span> <span class='ocrx_word' id='word_1_493' title='bbox 1452 4399 1638 4471; x_wconf 65' lang='grc' dir='ltr'>μηδενὶ</span> <span class='ocrx_word' id='word_1_494' title='bbox 1663 4400 1854 4460; x_wconf 81' lang='grc' dir='ltr'>εἰπεῖν,</span> 
     </span>
    </p>
   </div>
   <div class='ocr_carea' id='block_1_63' title="bbox 259 4498 1218 4578">
    <p class='ocr_par' dir='ltr' id='par_1_63' title="bbox 259 4498 1218 4578">
     <span class='ocr_line' id='line_1_63' title="bbox 259 4498 1218 4578; baseline -0.014 -16"><span class='ocrx_word' id='word_1_495' title='bbox 259 4508 375 4571; x_wconf 74' lang='grc' dir='ltr'>ἓως</span> <span class='ocrx_word' id='word_1_496' title='bbox 400 4508 500 4578; x_wconf 78' lang='grc' dir='ltr'>τῆς</span> <span class='ocrx_word' id='word_1_497' title='bbox 532 4503 793 4571; x_wconf 80' lang='grc' dir='ltr'>τελευτῆς</span> <span class='ocrx_word' id='word_1_498' title='bbox 816 4501 912 4554; x_wconf 79' lang='grc' dir='ltr'>τοῦ</span> <span class='ocrx_word' id='word_1_499' title='bbox 946 4498 1218 4571; x_wconf 84' lang='grc' dir='ltr'>γέροντος.</span> 
     </span>
    </p>
   </div>
   <div class='ocr_carea' id='block_1_64' title="bbox 343 4579 1853 4665">
    <p class='ocr_par' dir='ltr' id='par_1_64' title="bbox 343 4579 1853 4665">
     <span class='ocr_line' id='line_1_64' title="bbox 343 4579 1853 4665; baseline -0.012 -16"><span class='ocrx_word' id='word_1_500' title='bbox 343 4596 427 4650; x_wconf 86' lang='grc' dir='ltr'>ιθ’.</span> <span class='ocrx_word' id='word_1_501' title='bbox 465 4595 629 4665; x_wconf 85' lang='grc' dir='ltr'>Τρεῖς</span> <span class='ocrx_word' id='word_1_502' title='bbox 670 4591 926 4661; x_wconf 81' lang='grc' dir='ltr'>γέροντες</span> <span class='ocrx_word' id='word_1_503' title='bbox 979 4585 1287 4657; x_wconf 83' lang='grc' dir='ltr'>παρέϐαλον</span> <span class='ocrx_word' id='word_1_504' title='bbox 1341 4583 1417 4652; x_wconf 80' lang='grc' dir='ltr'><strong>τῷ</strong></span> <span class='ocrx_word' id='word_1_505' title='bbox 1473 4582 1617 4653; x_wconf 66' lang='grc' dir='ltr'><strong>ὰθϐᾷ</strong></span> <span class='ocrx_word' id='word_1_506' title='bbox 1669 4579 1853 4650; x_wconf 83' lang='grc' dir='ltr'>Σισόῃ,</span> 
     </span>
    </p>
   </div>
   <div class='ocr_carea' id='block_1_65' title="bbox 262 4670 1851 4753">
    <p class='ocr_par' dir='ltr' id='par_1_65' title="bbox 262 4670 1851 4753">
     <span class='ocr_line' id='line_1_65' title="bbox 262 4670 1851 4753; baseline -0.013 -11"><span class='ocrx_word' id='word_1_507' title='bbox 262 4687 602 4747; x_wconf 78' lang='grc' dir='ltr'>ἀκούσαντες</span> <span class='ocrx_word' id='word_1_508' title='bbox 628 4682 697 4737; x_wconf 75' lang='grc' dir='ltr'>τὰ</span> <span class='ocrx_word' id='word_1_509' title='bbox 719 4681 847 4753; x_wconf 76' lang='grc' dir='ltr'>περὶ</span> <span class='ocrx_word' id='word_1_510' title='bbox 867 4678 1051 4733; x_wconf 82' lang='grc' dir='ltr'>αὐτοῦ.</span> <span class='ocrx_word' id='word_1_511' title='bbox 1076 4675 1189 4731; x_wconf 72' lang='lat' dir='ltr'><strong>Kal</strong></span> <span class='ocrx_word' id='word_1_512' title='bbox 1215 4674 1366 4743; x_wconf 84' lang='grc' dir='ltr'>λέγει</span> <span class='ocrx_word' id='word_1_513' title='bbox 1398 4672 1545 4744; x_wconf 81' lang='grc' dir='ltr'><strong>αὑτῷ</strong></span> <span class='ocrx_word' id='word_1_514' title='bbox 1565 4674 1593 4726; x_wconf 92' lang='lat'><strong>6</strong></span> <span class='ocrx_word' id='word_1_515' title='bbox 1614 4670 1851 4743; x_wconf 85' lang='grc' dir='ltr'>πρῶτος·</span> 
     </span>
    </p>
   </div>
   <div class='ocr_carea' id='block_1_66' title="bbox 264 4763 1855 4851">
    <p class='ocr_par' dir='ltr' id='par_1_66' title="bbox 264 4763 1855 4851">
     <span class='ocr_line' id='line_1_66' title="bbox 264 4763 1855 4851; baseline -0.013 -18"><span class='ocrx_word' id='word_1_516' title='bbox 264 4780 473 4851; x_wconf 88' lang='grc' dir='ltr'>Πάτερ,</span> <span class='ocrx_word' id='word_1_517' title='bbox 505 4777 625 4839; x_wconf 81' lang='grc' dir='ltr'>πῶς</span> <span class='ocrx_word' id='word_1_518' title='bbox 649 4774 884 4844; x_wconf 80' lang='grc' dir='ltr'>δύναμαι</span> <span class='ocrx_word' id='word_1_519' title='bbox 918 4769 1158 4840; x_wconf 82' lang='grc' dir='ltr'>σωθῆναι</span> <span class='ocrx_word' id='word_1_520' title='bbox 1180 4767 1289 4820; x_wconf 82' lang='grc' dir='ltr'><strong>ἀπὸ</strong></span> <span class='ocrx_word' id='word_1_521' title='bbox 1309 4765 1401 4819; x_wconf 75' lang='grc' dir='ltr'><strong>τοῦ</strong></span> <span class='ocrx_word' id='word_1_522' title='bbox 1432 4763 1656 4835; x_wconf 81' lang='grc' dir='ltr'>πυρίνου</span> <span class='ocrx_word' id='word_1_523' title='bbox 1689 4778 1855 4815; x_wconf 82' lang='grc' dir='ltr'>ποτα-</span> 
     </span>
    </p>
   </div>
   <div class='ocr_carea' id='block_1_67' title="bbox 272 4853 1853 4938">
    <p class='ocr_par' dir='ltr' id='par_1_67' title="bbox 272 4853 1853 4938">
     <span class='ocr_line' id='line_1_67' title="bbox 272 4853 1853 4938; baseline -0.013 -14"><span class='ocrx_word' id='word_1_524' title='bbox 272 4869 413 4938; x_wconf 82' lang='grc' dir='ltr'><strong>μοῦ;</strong></span> <span class='ocrx_word' id='word_1_525' title='bbox 464 4869 524 4922; x_wconf 92' lang='lat'><strong>&#39;0</strong></span> <span class='ocrx_word' id='word_1_526' title='bbox 551 4867 608 4921; x_wconf 83' lang='grc' dir='ltr'><strong>δὲ</strong></span> <span class='ocrx_word' id='word_1_527' title='bbox 640 4866 741 4919; x_wconf 76' lang='grc' dir='ltr'><strong>οὐκ</strong></span> <span class='ocrx_word' id='word_1_528' title='bbox 773 4860 1044 4933; x_wconf 85' lang='grc' dir='ltr'>ἀπεκρίθη</span> <span class='ocrx_word' id='word_1_529' title='bbox 1084 4859 1254 4928; x_wconf 85' lang='grc' dir='ltr'>αὐτῷ.</span> <span class='ocrx_word' id='word_1_530' title='bbox 1312 4856 1473 4922; x_wconf 86' lang='grc' dir='ltr'>Λέγει</span> <span class='ocrx_word' id='word_1_531' title='bbox 1507 4854 1655 4924; x_wconf 77' lang='grc' dir='ltr'>αὐτῷ</span> <span class='ocrx_word' id='word_1_532' title='bbox 1675 4854 1705 4905; x_wconf 90' lang='lat'><strong>6</strong></span> <span class='ocrx_word' id='word_1_533' title='bbox 1733 4853 1853 4907; x_wconf 83' lang='grc' dir='ltr'>δεύ-</span> 
     </span>
    </p>
   </div>
   <div class='ocr_carea' id='block_1_68' title="bbox 268 4941 1854 5028">
    <p class='ocr_par' dir='ltr' id='par_1_68' title="bbox 268 4941 1854 5028">
     <span class='ocr_line' id='line_1_68' title="bbox 268 4941 1854 5028; baseline -0.008 -20"><span class='ocrx_word' id='word_1_534' title='bbox 268 4974 425 5028; x_wconf 85' lang='grc' dir='ltr'>τερος</span> <span class='ocrx_word' id='word_1_535' title='bbox 450 4975 464 4989; x_wconf 74' lang='lat'>&#39;</span> <span class='ocrx_word' id='word_1_536' title='bbox 504 4957 711 5024; x_wconf 87' lang='grc' dir='ltr'>Πάτερ,</span> <span class='ocrx_word' id='word_1_537' title='bbox 748 4951 867 5015; x_wconf 82' lang='grc' dir='ltr'><strong>πῶς</strong></span> <span class='ocrx_word' id='word_1_538' title='bbox 892 4949 1128 5018; x_wconf 85' lang='grc' dir='ltr'>δύναμαι</span> <span class='ocrx_word' id='word_1_539' title='bbox 1163 4946 1399 5017; x_wconf 81' lang='grc' dir='ltr'>σωθῆναι</span> <span class='ocrx_word' id='word_1_540' title='bbox 1434 4942 1541 4996; x_wconf 83' lang='grc' dir='ltr'><strong>ἀπὸ</strong></span> <span class='ocrx_word' id='word_1_541' title='bbox 1580 4942 1675 4996; x_wconf 77' lang='grc' dir='ltr'>τοῦ</span> <span class='ocrx_word' id='word_1_542' title='bbox 1721 4941 1854 5012; x_wconf 80' lang='grc' dir='ltr'><strong>βρυ⁶</strong></span> 
     </span>
    </p>
   </div>
   <div class='ocr_carea' id='block_1_69' title="bbox 273 5034 1858 5118">
    <p class='ocr_par' dir='ltr' id='par_1_69' title="bbox 273 5034 1858 5118">
     <span class='ocr_line' id='line_1_69' title="bbox 273 5034 1858 5118; baseline -0.013 -15"><span class='ocrx_word' id='word_1_543' title='bbox 273 5048 414 5118; x_wconf 79' lang='grc' dir='ltr'>γμοῦ</span> <span class='ocrx_word' id='word_1_544' title='bbox 441 5047 551 5102; x_wconf 86' lang='grc' dir='ltr'>τῶν</span> <span class='ocrx_word' id='word_1_545' title='bbox 578 5047 828 5109; x_wconf 80' lang='grc' dir='ltr'>ὀδόντων,</span> <span class='ocrx_word' id='word_1_546' title='bbox 855 5043 951 5097; x_wconf 69' lang='grc' dir='ltr'><strong>καλ⁴</strong></span> <span class='ocrx_word' id='word_1_547' title='bbox 979 5043 1042 5094; x_wconf 85' lang='grc' dir='ltr'><strong>ἐκ</strong></span> <span class='ocrx_word' id='word_1_548' title='bbox 1073 5038 1164 5092; x_wconf 76' lang='grc' dir='ltr'>τοῦ</span> <span class='ocrx_word' id='word_1_549' title='bbox 1190 5035 1473 5106; x_wconf 82' lang='grc' dir='ltr'>σκώληκος</span> <span class='ocrx_word' id='word_1_550' title='bbox 1498 5034 1592 5086; x_wconf 81' lang='grc' dir='ltr'><strong>τοῦ</strong></span> <span class='ocrx_word' id='word_1_551' title='bbox 1623 5034 1858 5103; x_wconf 83' lang='grc' dir='ltr'>ἀκοιμή-</span> 
     </span>
    </p>
   </div>
   <div class='ocr_carea' id='block_1_70' title="bbox 275 5131 1853 5211">
    <p class='ocr_par' dir='ltr' id='par_1_70' title="bbox 275 5131 1853 5211">
     <span class='ocr_line' id='line_1_70' title="bbox 275 5131 1853 5211; baseline -0.008 -17"><span class='ocrx_word' id='word_1_552' title='bbox 275 5158 397 5207; x_wconf 87' lang='grc' dir='ltr'>του;</span> <span class='ocrx_word' id='word_1_553' title='bbox 428 5144 592 5211; x_wconf 85' lang='grc' dir='ltr'>Λέγει</span> <span class='ocrx_word' id='word_1_554' title='bbox 620 5141 770 5211; x_wconf 72' lang='grc' dir='ltr'>αὐτῷ</span> <span class='ocrx_word' id='word_1_555' title='bbox 801 5142 830 5193; x_wconf 82' lang='lat'><strong>6</strong></span> <span class='ocrx_word' id='word_1_556' title='bbox 860 5138 1043 5210; x_wconf 84' lang='grc' dir='ltr'>τρίτος</span> <span class='ocrx_word' id='word_1_557' title='bbox 1064 5151 1077 5165; x_wconf 92' lang='grc'><strong>·</strong></span> <span class='ocrx_word' id='word_1_558' title='bbox 1113 5134 1316 5204; x_wconf 87' lang='grc' dir='ltr'>Πάτερ,</span> <span class='ocrx_word' id='word_1_559' title='bbox 1356 5131 1408 5184; x_wconf 87' lang='grc' dir='ltr'><strong>τί</strong></span> <span class='ocrx_word' id='word_1_560' title='bbox 1441 5133 1674 5202; x_wconf 75' lang='grc' dir='ltr'>ποιήσω,</span> <span class='ocrx_word' id='word_1_561' title='bbox 1709 5131 1791 5183; x_wconf 82' lang='grc' dir='ltr'><strong>ὅτι</strong></span> <span class='ocrx_word' id='word_1_562' title='bbox 1820 5133 1853 5200; x_wconf 80' lang='grc' dir='ltr'>ἡ</span> 
     </span>
    </p>
   </div>
   <div class='ocr_carea' id='block_1_71' title="bbox 283 5224 1856 5306">
    <p class='ocr_par' dir='ltr' id='par_1_71' title="bbox 283 5224 1856 5306">
     <span class='ocr_line' id='line_1_71' title="bbox 283 5224 1856 5306; baseline -0.01 -16"><span class='ocrx_word' id='word_1_563' title='bbox 283 5236 464 5306; x_wconf 79' lang='grc' dir='ltr'>μνήμη</span> <span class='ocrx_word' id='word_1_564' title='bbox 492 5234 585 5289; x_wconf 72' lang='grc' dir='ltr'>τοῦ</span> <span class='ocrx_word' id='word_1_565' title='bbox 619 5233 887 5303; x_wconf 80' lang='grc' dir='ltr'>ἐξωτέρου</span> <span class='ocrx_word' id='word_1_566' title='bbox 937 5229 1161 5290; x_wconf 86' lang='grc' dir='ltr'>σκότους</span> <span class='ocrx_word' id='word_1_567' title='bbox 1195 5225 1408 5292; x_wconf 81' lang='grc' dir='ltr'>φονεύει</span> <span class='ocrx_word' id='word_1_568' title='bbox 1443 5240 1541 5295; x_wconf 87' lang='grc' dir='ltr'><strong>με;</strong></span> <span class='ocrx_word' id='word_1_569' title='bbox 1605 5224 1856 5294; x_wconf 85' lang='grc' dir='ltr'>Ἀποκρι-</span> 
     </span>
    </p>
   </div>
   <div class='ocr_carea' id='block_1_72' title="bbox 282 5314 1858 5398">
    <p class='ocr_par' dir='ltr' id='par_1_72' title="bbox 282 5314 1858 5398">
     <span class='ocr_line' id='line_1_72' title="bbox 282 5314 1858 5398; baseline -0.005 -23"><span class='ocrx_word' id='word_1_570' title='bbox 282 5323 391 5379; x_wconf 75' lang='grc' dir='ltr'>θεὶς</span> <span class='ocrx_word' id='word_1_571' title='bbox 426 5328 481 5380; x_wconf 81' lang='grc' dir='ltr'>δὲ</span> <span class='ocrx_word' id='word_1_572' title='bbox 511 5330 540 5379; x_wconf 89' lang='lat'><strong>6</strong></span> <span class='ocrx_word' id='word_1_573' title='bbox 563 5326 746 5398; x_wconf 80' lang='grc' dir='ltr'>γέρων</span> <span class='ocrx_word' id='word_1_574' title='bbox 788 5319 941 5375; x_wconf 79' lang='grc' dir='ltr'>εἶπεν</span> <span class='ocrx_word' id='word_1_575' title='bbox 971 5322 1181 5383; x_wconf 84' lang='grc' dir='ltr'>αὐτοῖς·</span> <span class='ocrx_word' id='word_1_576' title='bbox 1226 5318 1370 5387; x_wconf 84' lang='grc' dir='ltr'>Ἐγὼ</span> <span class='ocrx_word' id='word_1_577' title='bbox 1411 5316 1626 5380; x_wconf 82' lang='grc' dir='ltr'>οὐδενὸς</span> <span class='ocrx_word' id='word_1_578' title='bbox 1653 5314 1858 5369; x_wconf 79' lang='grc' dir='ltr'>τούτων</span> 
     </span>
    </p>
   </div>
   <div class='ocr_carea' id='block_1_73' title="bbox 287 5406 1858 5490">
    <p class='ocr_par' dir='ltr' id='par_1_73' title="bbox 287 5406 1858 5490">
     <span class='ocr_line' id='line_1_73' title="bbox 287 5406 1858 5490; baseline -0.006 -21"><span class='ocrx_word' id='word_1_579' title='bbox 287 5416 591 5490; x_wconf 80' lang='grc' dir='ltr'>μέμνημαι·</span> <span class='ocrx_word' id='word_1_580' title='bbox 645 5413 1112 5486; x_wconf 79' lang='grc' dir='ltr'>φιλεύσπλαγχνος</span> <span class='ocrx_word' id='word_1_581' title='bbox 1152 5410 1257 5481; x_wconf 81' lang='grc' dir='ltr'>γὰρ</span> <span class='ocrx_word' id='word_1_582' title='bbox 1306 5409 1382 5461; x_wconf 82' lang='grc' dir='ltr'>ὣν</span> <span class='ocrx_word' id='word_1_583' title='bbox 1416 5408 1444 5459; x_wconf 82' lang='lat'><strong>6</strong></span> <span class='ocrx_word' id='word_1_584' title='bbox 1470 5407 1621 5470; x_wconf 76' lang='grc' dir='ltr'>Θεὸς,</span> <span class='ocrx_word' id='word_1_585' title='bbox 1654 5406 1858 5469; x_wconf 78' lang='grc' dir='ltr'>ἐλπίζω</span> 
     </span>
    </p>
   </div>
   <div class='ocr_carea' id='block_1_74' title="bbox 351 5565 1302 5641">
    <p class='ocr_par' dir='ltr' id='par_1_74' title="bbox 351 5565 1302 5641">
     <span class='ocr_line' id='line_1_74' title="bbox 351 5565 1302 5641; baseline -0.009 -15"><span class='ocrx_word' id='word_1_586' title='bbox 351 5573 395 5604; x_wconf 76' lang='grc'>⁸⁸</span> <span class='ocrx_word' id='word_1_587' title='bbox 417 5572 704 5641; x_wconf 77' lang='grc' dir='ltr'><strong>Α1.ἕχετε.</strong></span> <span class='ocrx_word' id='word_1_588' title='bbox 784 5566 829 5598; x_wconf 73' lang='grc'><strong>⁸⁷</strong></span> <span class='ocrx_word' id='word_1_589' title='bbox 865 5567 949 5621; x_wconf 92' lang='lat' dir='ltr'><strong>Al.</strong></span> <span class='ocrx_word' id='word_1_590' title='bbox 982 5566 1087 5620; x_wconf 88' lang='lat' dir='ltr'><strong>ius.</strong></span> <span class='ocrx_word' id='word_1_591' title='bbox 1131 5565 1302 5619; x_wconf 72' lang='grc' dir='ltr'>ἄλλοι.</span> 
     </span>
    </p>
   </div>
   <div class='ocr_carea' id='block_1_75' title="bbox 369 5720 1067 5793">
    <p class='ocr_par' dir='ltr' id='par_1_75' title="bbox 369 5720 1067 5793">
     <span class='ocr_line' id='line_1_75' title="bbox 369 5720 1067 5793; baseline -0.013 -11"><span class='ocrx_word' id='word_1_592' title='bbox 369 5727 456 5793; x_wconf 75' lang='grc' dir='ltr'><strong>Π)</strong></span> <span class='ocrx_word' id='word_1_593' title='bbox 508 5725 613 5779; x_wconf 80' lang='lat' dir='ltr'><strong>Vit.</strong></span> <span class='ocrx_word' id='word_1_594' title='bbox 662 5725 818 5781; x_wconf 80' lang='lat' dir='ltr'><strong>Patr.</strong></span> <span class='ocrx_word' id='word_1_595' title='bbox 854 5738 943 5783; x_wconf 75' lang='lat' dir='ltr'><strong>xv,</strong></span> <span class='ocrx_word' id='word_1_596' title='bbox 976 5720 1067 5793; x_wconf 64' lang='lat' dir='ltr'><strong>4Q.</strong></span> 
     </span>
    </p>
   </div>
   <div class='ocr_carea' id='block_1_76' title="bbox 345 5728 1077 5871">
    <p class='ocr_par' dir='ltr' id='par_1_76' title="bbox 345 5728 1077 5871">
     <span class='ocr_line' id='line_1_76' title="bbox 369 5728 1067 5793; baseline -0.014 -11"><span class='ocrx_word' id='word_1_597' title='bbox 369 5728 456 5793; x_wconf 76' lang='grc' dir='ltr'><strong>Π)</strong></span> <span class='ocrx_word' id='word_1_598' title='bbox 508 5728 613 5779; x_wconf 84' lang='lat' dir='ltr'><strong>Vit.</strong></span> <span class='ocrx_word' id='word_1_599' title='bbox 662 5728 818 5781; x_wconf 81' lang='lat' dir='ltr'><strong>Patr.</strong></span> <span class='ocrx_word' id='word_1_600' title='bbox 854 5738 943 5783; x_wconf 82' lang='lat' dir='ltr'><strong>xv,</strong></span> <span class='ocrx_word' id='word_1_601' title='bbox 976 5728 1067 5773; x_wconf 73' lang='grc'><strong>46.</strong></span> 
     </span>
     <span class='ocr_line' id='line_1_77' title="bbox 345 5728 1077 5871; baseline -0.019 -15"><span class='ocrx_word' id='word_1_602' title='bbox 345 5728 457 5871; x_wconf 53' lang='grc' dir='ltr'><strong>ἓιδ)</strong></span> <span class='ocrx_word' id='word_1_603' title='bbox 504 5795 617 5853; x_wconf 56' lang='lat' dir='ltr'><strong>Vita</strong></span> <span class='ocrx_word' id='word_1_604' title='bbox 650 5795 810 5850; x_wconf 84' lang='lat' dir='ltr'><strong>Patr.</strong></span> <span class='ocrx_word' id='word_1_605' title='bbox 841 5806 965 5857; x_wconf 76' lang='lat' dir='ltr'><strong>Vttl,</strong></span> <span class='ocrx_word' id='word_1_606' title='bbox 996 5789 1077 5846; x_wconf 74' lang='grc'><strong>16.</strong></span> 
     </span>
    </p>
   </div>
   <div class='ocr_carea' id='block_1_77' title="bbox 1944 1931 3531 2006">
    <p class='ocr_par' dir='ltr' id='par_1_77' title="bbox 1944 1931 3531 2006">
     <span class='ocr_line' id='line_1_78' title="bbox 1944 1931 3531 2006; baseline -0.001 -19"><span class='ocrx_word' id='word_1_607' title='bbox 1944 1940 2123 1989; x_wconf 89' lang='lat' dir='ltr'><strong>autem</strong></span> <span class='ocrx_word' id='word_1_608' title='bbox 2188 1935 2461 2005; x_wconf 85' lang='lat' dir='ltr'><strong>sportulas</strong></span> <span class='ocrx_word' id='word_1_609' title='bbox 2524 1934 2677 2006; x_wconf 81' lang='lat' dir='ltr'><strong>ejus,</strong></span> <span class='ocrx_word' id='word_1_610' title='bbox 2734 1932 2996 1988; x_wconf 86' lang='lat' dir='ltr'><strong>dixerunt</strong></span> <span class='ocrx_word' id='word_1_611' title='bbox 3048 1932 3196 1988; x_wconf 90' lang='lat' dir='ltr'><strong>illius</strong></span> <span class='ocrx_word' id='word_1_612' title='bbox 3256 1931 3531 2003; x_wconf 86' lang='lat' dir='ltr'><strong>discipulo</strong></span> 
     </span>
    </p>
   </div>
   <div class='ocr_carea' id='block_1_78' title="bbox 1941 2023 3532 2095">
    <p class='ocr_par' dir='ltr' id='par_1_78' title="bbox 1941 2023 3532 2095">
     <span class='ocr_line' id='line_1_79' title="bbox 1941 2023 3532 2095; baseline 0 -16"><span class='ocrx_word' id='word_1_613' title='bbox 1941 2025 2255 2082; x_wconf 83' lang='lat' dir='ltr'><strong>Abrahamo</strong></span> <span class='ocrx_word' id='word_1_614' title='bbox 2283 2045 2296 2081; x_wconf 93' lang='lat'><strong>:</strong></span> <span class='ocrx_word' id='word_1_615' title='bbox 2325 2024 2471 2093; x_wconf 88' lang='lat' dir='ltr'><strong>Quid</strong></span> <span class='ocrx_word' id='word_1_616' title='bbox 2501 2025 2684 2081; x_wconf 89' lang='lat' dir='ltr'><strong>facitis</strong></span> <span class='ocrx_word' id='word_1_617' title='bbox 2713 2024 2780 2080; x_wconf 90' lang='lat' dir='ltr'><strong>de</strong></span> <span class='ocrx_word' id='word_1_618' title='bbox 2830 2025 3099 2095; x_wconf 88' lang='lat' dir='ltr'><strong>sportulis</strong></span> <span class='ocrx_word' id='word_1_619' title='bbox 3132 2025 3256 2080; x_wconf 87' lang='lat' dir='ltr'><strong>his?</strong></span> <span class='ocrx_word' id='word_1_620' title='bbox 3281 2023 3532 2095; x_wconf 82' lang='lat' dir='ltr'><strong>Respon-</strong></span> 
     </span>
    </p>
   </div>
   <div class='ocr_carea' id='block_1_79' title="bbox 1942 2116 3533 2190">
    <p class='ocr_par' dir='ltr' id='par_1_79' title="bbox 1942 2116 3533 2190">
     <span class='ocr_line' id='line_1_80' title="bbox 1942 2116 3533 2190; baseline -0.001 -17"><span class='ocrx_word' id='word_1_621' title='bbox 1942 2117 2024 2173; x_wconf 87' lang='lat' dir='ltr'><strong>dit</strong></span> <span class='ocrx_word' id='word_1_622' title='bbox 2052 2136 2066 2174; x_wconf 88' lang='lat'><strong>:</strong></span> <span class='ocrx_word' id='word_1_623' title='bbox 2094 2116 2215 2174; x_wconf 83' lang='lat' dir='ltr'><strong>Huc</strong></span> <span class='ocrx_word' id='word_1_624' title='bbox 2239 2125 2294 2174; x_wconf 92' lang='lat' dir='ltr'><strong>et</strong></span> <span class='ocrx_word' id='word_1_625' title='bbox 2327 2118 2459 2174; x_wconf 87' lang='lat' dir='ltr'><strong>illuc</strong></span> <span class='ocrx_word' id='word_1_626' title='bbox 2501 2118 2872 2190; x_wconf 88' lang='lat' dir='ltr'><strong>impendimus</strong></span> <span class='ocrx_word' id='word_1_627' title='bbox 2904 2134 3021 2175; x_wconf 89' lang='lat' dir='ltr'><strong>eas.</strong></span> <span class='ocrx_word' id='word_1_628' title='bbox 3060 2117 3180 2184; x_wconf 90' lang='lat' dir='ltr'><strong>Quo</strong></span> <span class='ocrx_word' id='word_1_629' title='bbox 3219 2118 3407 2173; x_wconf 89' lang='lat' dir='ltr'><strong>audito</strong></span> <span class='ocrx_word' id='word_1_630' title='bbox 3438 2133 3533 2173; x_wconf 91' lang='lat' dir='ltr'><strong>se-</strong></span> 
     </span>
    </p>
   </div>
   <div class='ocr_carea' id='block_1_80' title="bbox 1943 2207 3533 2266">
    <p class='ocr_par' dir='ltr' id='par_1_80' title="bbox 1943 2207 3533 2266">
     <span class='ocr_line' id='line_1_81' title="bbox 1943 2207 3533 2266; baseline 0 -3"><span class='ocrx_word' id='word_1_631' title='bbox 1943 2224 2047 2264; x_wconf 85' lang='lat' dir='ltr'><strong>nex</strong></span> <span class='ocrx_word' id='word_1_632' title='bbox 2090 2209 2203 2264; x_wconf 87' lang='lat' dir='ltr'><strong>ait:</strong></span> <span class='ocrx_word' id='word_1_633' title='bbox 2235 2207 2411 2263; x_wconf 87' lang='lat' dir='ltr'><strong>Etiam</strong></span> <span class='ocrx_word' id='word_1_634' title='bbox 2438 2207 2627 2266; x_wconf 89' lang='lat' dir='ltr'><strong>Sisocs</strong></span> <span class='ocrx_word' id='word_1_635' title='bbox 2657 2210 2789 2265; x_wconf 90' lang='lat' dir='ltr'><strong>hinc</strong></span> <span class='ocrx_word' id='word_1_636' title='bbox 2837 2218 2892 2264; x_wconf 90' lang='lat' dir='ltr'><strong>et</strong></span> <span class='ocrx_word' id='word_1_637' title='bbox 2929 2209 3057 2264; x_wconf 91' lang='lat' dir='ltr'><strong>inde</strong></span> <span class='ocrx_word' id='word_1_638' title='bbox 3098 2208 3416 2264; x_wconf 83' lang='lat' dir='ltr'><strong>manducat.</strong></span> <span class='ocrx_word' id='word_1_639' title='bbox 3450 2208 3533 2263; x_wconf 91' lang='lat' dir='ltr'><strong>Illi</strong></span> 
     </span>
    </p>
   </div>
   <div class='ocr_carea' id='block_1_81' title="bbox 1928 2301 3535 2369">
    <p class='ocr_par' dir='ltr' id='par_1_81' title="bbox 1928 2301 3535 2369">
     <span class='ocr_line' id='line_1_82' title="bbox 1928 2301 3535 2369; baseline -0.001 -14"><span class='ocrx_word' id='word_1_640' title='bbox 1928 2316 2074 2357; x_wconf 73' lang='lat' dir='ltr'><strong>vero</strong></span> <span class='ocrx_word' id='word_1_641' title='bbox 2102 2301 2408 2369; x_wconf 86' lang='lat' dir='ltr'><strong>audientes,</strong></span> <span class='ocrx_word' id='word_1_642' title='bbox 2450 2303 2682 2357; x_wconf 87' lang='lat' dir='ltr'><strong>multum</strong></span> <span class='ocrx_word' id='word_1_643' title='bbox 2708 2301 2905 2357; x_wconf 75' lang='lat' dir='ltr'><strong>animae</strong></span> <span class='ocrx_word' id='word_1_644' title='bbox 2939 2301 3157 2356; x_wconf 91' lang='lat' dir='ltr'><strong>lucrum</strong></span> <span class='ocrx_word' id='word_1_645' title='bbox 3190 2301 3406 2367; x_wconf 89' lang='lat' dir='ltr'><strong>fecere;</strong></span> <span class='ocrx_word' id='word_1_646' title='bbox 3445 2308 3535 2355; x_wconf 79' lang='lat' dir='ltr'><strong>at-</strong></span> 
     </span>
    </p>
   </div>
   <div class='ocr_carea' id='block_1_82' title="bbox 1946 2390 3533 2465">
    <p class='ocr_par' dir='ltr' id='par_1_82' title="bbox 1946 2390 3533 2465">
     <span class='ocr_line' id='line_1_83' title="bbox 1946 2390 3533 2465; baseline -0.001 -16"><span class='ocrx_word' id='word_1_647' title='bbox 1946 2409 2054 2463; x_wconf 91' lang='lat' dir='ltr'><strong>que</strong></span> <span class='ocrx_word' id='word_1_648' title='bbox 2094 2394 2342 2450; x_wconf 86' lang='lat' dir='ltr'><strong>abierunt</strong></span> <span class='ocrx_word' id='word_1_649' title='bbox 2376 2408 2501 2449; x_wconf 88' lang='lat' dir='ltr'><strong>cum</strong></span> <span class='ocrx_word' id='word_1_650' title='bbox 2546 2392 2767 2465; x_wconf 85' lang='lat' dir='ltr'><strong>gaudio,</strong></span> <span class='ocrx_word' id='word_1_651' title='bbox 2805 2390 3058 2448; x_wconf 84' lang='lat' dir='ltr'><strong>aedificati</strong></span> <span class='ocrx_word' id='word_1_652' title='bbox 3114 2391 3170 2446; x_wconf 92' lang='lat' dir='ltr'><strong>in</strong></span> <span class='ocrx_word' id='word_1_653' title='bbox 3219 2390 3533 2447; x_wconf 73' lang='lat' dir='ltr'><strong>humilitate</strong></span> 
     </span>
    </p>
   </div>
   <div class='ocr_carea' id='block_1_83' title="bbox 1949 2486 2141 2556">
    <p class='ocr_par' dir='ltr' id='par_1_83' title="bbox 1949 2486 2141 2556">
     <span class='ocr_line' id='line_1_84' title="bbox 1949 2486 2141 2556; baseline 0 -17"><span class='ocrx_word' id='word_1_654' title='bbox 1949 2486 2141 2556; x_wconf 90' lang='lat' dir='ltr'><strong>ipsius.</strong></span> 
     </span>
    </p>
   </div>
   <div class='ocr_carea' id='block_1_84' title="bbox 2021 2573 3536 2648">
    <p class='ocr_par' dir='ltr' id='par_1_84' title="bbox 2021 2573 3536 2648">
     <span class='ocr_line' id='line_1_85' title="bbox 2021 2573 3536 2648; baseline -0.001 -18"><span class='ocrx_word' id='word_1_655' title='bbox 2021 2576 2108 2630; x_wconf 83' lang='lat' dir='ltr'><strong>I7.</strong></span> <span class='ocrx_word' id='word_1_656' title='bbox 2152 2574 2267 2648; x_wconf 73' lang='grc'><strong>(48)</strong></span> <span class='ocrx_word' id='word_1_657' title='bbox 2287 2574 2616 2632; x_wconf 91' lang='lat' dir='ltr'><strong>Sciscitatus</strong></span> <span class='ocrx_word' id='word_1_658' title='bbox 2645 2582 2731 2630; x_wconf 90' lang='lat' dir='ltr'><strong>est</strong></span> <span class='ocrx_word' id='word_1_659' title='bbox 2758 2573 2931 2631; x_wconf 87' lang='lat' dir='ltr'><strong>abbas</strong></span> <span class='ocrx_word' id='word_1_660' title='bbox 2962 2574 3197 2630; x_wconf 85' lang='lat' dir='ltr'><strong>Ammon</strong></span> <span class='ocrx_word' id='word_1_661' title='bbox 3230 2573 3536 2629; x_wconf 77' lang='lat' dir='ltr'><strong>Ilhaithen-</strong></span> 
     </span>
    </p>
   </div>
   <div class='ocr_carea' id='block_1_85' title="bbox 1951 2666 3537 2738">
    <p class='ocr_par' dir='ltr' id='par_1_85' title="bbox 1951 2666 3537 2738">
     <span class='ocr_line' id='line_1_86' title="bbox 1951 2666 3537 2738; baseline -0.003 -13"><span class='ocrx_word' id='word_1_662' title='bbox 1951 2669 2028 2725; x_wconf 91' lang='lat' dir='ltr'><strong>sis</strong></span> <span class='ocrx_word' id='word_1_663' title='bbox 2068 2667 2318 2724; x_wconf 88' lang='lat' dir='ltr'><strong>abbatem</strong></span> <span class='ocrx_word' id='word_1_664' title='bbox 2350 2667 2561 2724; x_wconf 91' lang='lat' dir='ltr'><strong>Sisoem</strong></span> <span class='ocrx_word' id='word_1_665' title='bbox 2593 2687 2607 2724; x_wconf 88' lang='lat'><strong>:</strong></span> <span class='ocrx_word' id='word_1_666' title='bbox 2637 2667 2870 2736; x_wconf 81' lang='lat' dir='ltr'><strong>Quando</strong></span> <span class='ocrx_word' id='word_1_667' title='bbox 2897 2669 3020 2738; x_wconf 84' lang='lat' dir='ltr'><strong>lego</strong></span> <span class='ocrx_word' id='word_1_668' title='bbox 3066 2666 3408 2738; x_wconf 88' lang='lat' dir='ltr'><strong>Scripturam</strong></span> <span class='ocrx_word' id='word_1_669' title='bbox 3447 2682 3537 2723; x_wconf 90' lang='lat' dir='ltr'><strong>sa-</strong></span> 
     </span>
    </p>
   </div>
   <div class='ocr_carea' id='block_1_86' title="bbox 1950 2757 3534 2830">
    <p class='ocr_par' dir='ltr' id='par_1_86' title="bbox 1950 2757 3534 2830">
     <span class='ocr_line' id='line_1_87' title="bbox 1950 2757 3534 2830; baseline 0 -18"><span class='ocrx_word' id='word_1_670' title='bbox 1950 2772 2124 2824; x_wconf 88' lang='lat' dir='ltr'><strong>cram,</strong></span> <span class='ocrx_word' id='word_1_671' title='bbox 2147 2757 2263 2813; x_wconf 87' lang='lat' dir='ltr'><strong>vult</strong></span> <span class='ocrx_word' id='word_1_672' title='bbox 2290 2759 2507 2815; x_wconf 92' lang='lat' dir='ltr'><strong>animus</strong></span> <span class='ocrx_word' id='word_1_673' title='bbox 2534 2770 2808 2830; x_wconf 86' lang='lat' dir='ltr'><strong>apparare</strong></span> <span class='ocrx_word' id='word_1_674' title='bbox 2835 2773 3167 2825; x_wconf 91' lang='lat' dir='ltr'><strong>sermonem,</strong></span> <span class='ocrx_word' id='word_1_675' title='bbox 3194 2765 3255 2813; x_wconf 91' lang='lat' dir='ltr'><strong>ut</strong></span> <span class='ocrx_word' id='word_1_676' title='bbox 3278 2758 3534 2824; x_wconf 89' lang='lat' dir='ltr'><strong>habeam,</strong></span> 
     </span>
    </p>
   </div>
   <div class='ocr_carea' id='block_1_87' title="bbox 1952 2850 3539 2922">
    <p class='ocr_par' dir='ltr' id='par_1_87' title="bbox 1952 2850 3539 2922">
     <span class='ocr_line' id='line_1_88' title="bbox 1952 2850 3539 2922; baseline 0.001 -17"><span class='ocrx_word' id='word_1_677' title='bbox 1952 2850 2018 2905; x_wconf 90' lang='lat' dir='ltr'><strong>ad</strong></span> <span class='ocrx_word' id='word_1_678' title='bbox 2052 2851 2566 2921; x_wconf 82' lang='lat' dir='ltr'><strong>interrogationem.</strong></span> <span class='ocrx_word' id='word_1_679' title='bbox 2591 2851 2683 2906; x_wconf 88' lang='lat' dir='ltr'><strong>Ait</strong></span> <span class='ocrx_word' id='word_1_680' title='bbox 2722 2850 2799 2905; x_wconf 88' lang='lat' dir='ltr'><strong>illi</strong></span> <span class='ocrx_word' id='word_1_681' title='bbox 2833 2866 3000 2907; x_wconf 86' lang='lat' dir='ltr'><strong>senex</strong></span> <span class='ocrx_word' id='word_1_682' title='bbox 3034 2869 3050 2907; x_wconf 89' lang='lat'><strong>:</strong></span> <span class='ocrx_word' id='word_1_683' title='bbox 3086 2850 3202 2906; x_wconf 86' lang='lat' dir='ltr'><strong>Non</strong></span> <span class='ocrx_word' id='word_1_684' title='bbox 3233 2857 3319 2906; x_wconf 87' lang='lat' dir='ltr'><strong>est</strong></span> <span class='ocrx_word' id='word_1_685' title='bbox 3355 2865 3539 2922; x_wconf 69' lang='lat' dir='ltr'><strong>operte</strong></span> 
     </span>
    </p>
   </div>
   <div class='ocr_carea' id='block_1_88' title="bbox 1951 2939 3534 3013">
    <p class='ocr_par' dir='ltr' id='par_1_88' title="bbox 1951 2939 3534 3013">
     <span class='ocr_line' id='line_1_89' title="bbox 1951 2939 3534 3013; baseline 0.001 -21"><span class='ocrx_word' id='word_1_686' title='bbox 1951 2939 2187 3010; x_wconf 84' lang='lat' dir='ltr'><strong>pretium</strong></span> <span class='ocrx_word' id='word_1_687' title='bbox 2216 2959 2230 2995; x_wconf 86' lang='lat'><strong>:</strong></span> <span class='ocrx_word' id='word_1_688' title='bbox 2265 2939 2362 2996; x_wconf 92' lang='lat' dir='ltr'><strong>sed</strong></span> <span class='ocrx_word' id='word_1_689' title='bbox 2393 2942 2580 3011; x_wconf 88' lang='lat' dir='ltr'><strong>potius</strong></span> <span class='ocrx_word' id='word_1_690' title='bbox 2606 2956 2636 2997; x_wconf 89' lang='lat' dir='ltr'><strong>e</strong></span> <span class='ocrx_word' id='word_1_691' title='bbox 2668 2943 2905 3012; x_wconf 86' lang='lat' dir='ltr'><strong>puritate</strong></span> <span class='ocrx_word' id='word_1_692' title='bbox 2945 2941 3149 2997; x_wconf 80' lang='lat' dir='ltr'><strong>utentis</strong></span> <span class='ocrx_word' id='word_1_693' title='bbox 3175 2941 3400 3013; x_wconf 88' lang='lat' dir='ltr'><strong>acquire</strong></span> <span class='ocrx_word' id='word_1_694' title='bbox 3430 2940 3534 2995; x_wconf 90' lang='lat' dir='ltr'><strong>tibi</strong></span> 
     </span>
    </p>
   </div>
   <div class='ocr_carea' id='block_1_89' title="bbox 1953 3030 3060 3104">
    <p class='ocr_par' dir='ltr' id='par_1_89' title="bbox 1953 3030 3060 3104">
     <span class='ocr_line' id='line_1_90' title="bbox 1953 3030 3060 3104; baseline 0.004 -22"><span class='ocrx_word' id='word_1_695' title='bbox 1953 3038 2069 3083; x_wconf 89' lang='lat' dir='ltr'><strong>tttm</strong></span> <span class='ocrx_word' id='word_1_696' title='bbox 2099 3030 2469 3088; x_wconf 80' lang='lat' dir='ltr'><strong>sollicitudine</strong></span> <span class='ocrx_word' id='word_1_697' title='bbox 2496 3046 2708 3099; x_wconf 86' lang='lat' dir='ltr'><strong>carere,</strong></span> <span class='ocrx_word' id='word_1_698' title='bbox 2740 3039 2854 3087; x_wconf 90' lang='lat' dir='ltr'><strong>tum</strong></span> <span class='ocrx_word' id='word_1_699' title='bbox 2886 3032 3060 3104; x_wconf 93' lang='lat' dir='ltr'><strong>loqui.</strong></span> 
     </span>
    </p>
   </div>
   <div class='ocr_carea' id='block_1_90' title="bbox 2024 3122 3542 3196">
    <p class='ocr_par' dir='ltr' id='par_1_90' title="bbox 2024 3122 3542 3196">
     <span class='ocr_line' id='line_1_91' title="bbox 2024 3122 3542 3196; baseline 0.001 -19"><span class='ocrx_word' id='word_1_700' title='bbox 2024 3123 2112 3179; x_wconf 74' lang='grc'><strong>18.</strong></span> <span class='ocrx_word' id='word_1_701' title='bbox 2159 3123 2271 3195; x_wconf 72' lang='grc' dir='ltr'><strong>(ιθ)</strong></span> <span class='ocrx_word' id='word_1_702' title='bbox 2302 3122 2552 3181; x_wconf 87' lang='lat' dir='ltr'><strong>Accessit</strong></span> <span class='ocrx_word' id='word_1_703' title='bbox 2598 3124 2893 3196; x_wconf 79' lang='lat' dir='ltr'><strong>aliquando</strong></span> <span class='ocrx_word' id='word_1_704' title='bbox 2925 3125 3111 3182; x_wconf 78' lang='lat' dir='ltr'><strong>szeculi</strong></span> <span class='ocrx_word' id='word_1_705' title='bbox 3153 3125 3237 3180; x_wconf 88' lang='lat' dir='ltr'><strong>vir</strong></span> <span class='ocrx_word' id='word_1_706' title='bbox 3268 3140 3395 3181; x_wconf 91' lang='lat' dir='ltr'><strong>cum</strong></span> <span class='ocrx_word' id='word_1_707' title='bbox 3430 3124 3542 3180; x_wconf 88' lang='lat' dir='ltr'><strong>filio</strong></span> 
     </span>
    </p>
   </div>
   <div class='ocr_carea' id='block_1_91' title="bbox 1957 3214 3543 3283">
    <p class='ocr_par' dir='ltr' id='par_1_91' title="bbox 1957 3214 3543 3283">
     <span class='ocr_line' id='line_1_92' title="bbox 1957 3214 3543 3283; baseline 0 -12"><span class='ocrx_word' id='word_1_708' title='bbox 1957 3229 2058 3271; x_wconf 89' lang='lat' dir='ltr'><strong>suo</strong></span> <span class='ocrx_word' id='word_1_709' title='bbox 2085 3214 2152 3270; x_wconf 91' lang='lat' dir='ltr'><strong>ad</strong></span> <span class='ocrx_word' id='word_1_710' title='bbox 2183 3216 2437 3273; x_wconf 86' lang='lat' dir='ltr'><strong>abbatem</strong></span> <span class='ocrx_word' id='word_1_711' title='bbox 2468 3216 2704 3283; x_wconf 91' lang='lat' dir='ltr'><strong>Sisoem,</strong></span> <span class='ocrx_word' id='word_1_712' title='bbox 2745 3217 2801 3273; x_wconf 91' lang='lat' dir='ltr'><strong>in</strong></span> <span class='ocrx_word' id='word_1_713' title='bbox 2841 3224 3086 3273; x_wconf 89' lang='lat' dir='ltr'><strong>montem</strong></span> <span class='ocrx_word' id='word_1_714' title='bbox 3131 3217 3346 3273; x_wconf 88' lang='lat' dir='ltr'><strong>abbatis</strong></span> <span class='ocrx_word' id='word_1_715' title='bbox 3375 3216 3543 3271; x_wconf 86' lang='lat' dir='ltr'><strong>Anto-</strong></span> 
     </span>
    </p>
   </div>
   <div class='ocr_carea' id='block_1_92' title="bbox 1959 3305 3541 3379">
    <p class='ocr_par' dir='ltr' id='par_1_92' title="bbox 1959 3305 3541 3379">
     <span class='ocr_line' id='line_1_93' title="bbox 1959 3305 3541 3379; baseline 0.002 -20"><span class='ocrx_word' id='word_1_716' title='bbox 1959 3305 2071 3372; x_wconf 88' lang='lat' dir='ltr'><strong>nii;</strong></span> <span class='ocrx_word' id='word_1_717' title='bbox 2099 3314 2263 3377; x_wconf 88' lang='lat' dir='ltr'><strong>atque</strong></span> <span class='ocrx_word' id='word_1_718' title='bbox 2294 3307 2350 3361; x_wconf 91' lang='lat' dir='ltr'><strong>in</strong></span> <span class='ocrx_word' id='word_1_719' title='bbox 2377 3306 2464 3361; x_wconf 86' lang='lat' dir='ltr'><strong>via</strong></span> <span class='ocrx_word' id='word_1_720' title='bbox 2488 3307 2721 3379; x_wconf 78' lang='lat' dir='ltr'><strong>contigit</strong></span> <span class='ocrx_word' id='word_1_721' title='bbox 2747 3309 2887 3364; x_wconf 89' lang='lat' dir='ltr'><strong>mori</strong></span> <span class='ocrx_word' id='word_1_722' title='bbox 2918 3308 3129 3373; x_wconf 84' lang='lat' dir='ltr'><strong>lilium;</strong></span> <span class='ocrx_word' id='word_1_723' title='bbox 3158 3322 3260 3363; x_wconf 89' lang='lat' dir='ltr'><strong>nec</strong></span> <span class='ocrx_word' id='word_1_724' title='bbox 3288 3308 3541 3363; x_wconf 84' lang='lat' dir='ltr'><strong>turbatus</strong></span> 
     </span>
    </p>
   </div>
   <div class='ocr_carea' id='block_1_93' title="bbox 1959 3396 3541 3471">
    <p class='ocr_par' dir='ltr' id='par_1_93' title="bbox 1959 3396 3541 3471">
     <span class='ocr_line' id='line_1_94' title="bbox 1959 3396 3541 3471; baseline 0.003 -20"><span class='ocrx_word' id='word_1_725' title='bbox 1959 3404 2044 3452; x_wconf 90' lang='lat' dir='ltr'><strong>est</strong></span> <span class='ocrx_word' id='word_1_726' title='bbox 2076 3405 2259 3466; x_wconf 89' lang='lat' dir='ltr'><strong>pater,</strong></span> <span class='ocrx_word' id='word_1_727' title='bbox 2290 3396 2386 3454; x_wconf 90' lang='lat' dir='ltr'><strong>sed</strong></span> <span class='ocrx_word' id='word_1_728' title='bbox 2421 3397 2546 3454; x_wconf 86' lang='lat' dir='ltr'><strong>fidei</strong></span> <span class='ocrx_word' id='word_1_729' title='bbox 2572 3399 2767 3469; x_wconf 90' lang='lat' dir='ltr'><strong>plenus</strong></span> <span class='ocrx_word' id='word_1_730' title='bbox 2795 3399 3037 3471; x_wconf 83' lang='lat' dir='ltr'><strong>portavit</strong></span> <span class='ocrx_word' id='word_1_731' title='bbox 3066 3414 3190 3456; x_wconf 89' lang='lat' dir='ltr'><strong>eum</strong></span> <span class='ocrx_word' id='word_1_732' title='bbox 3225 3399 3295 3454; x_wconf 90' lang='lat' dir='ltr'><strong>ad</strong></span> <span class='ocrx_word' id='word_1_733' title='bbox 3324 3413 3541 3455; x_wconf 91' lang='lat' dir='ltr'><strong>senem.</strong></span> 
     </span>
    </p>
   </div>
   <div class='ocr_carea' id='block_1_94' title="bbox 1961 3486 3542 3564">
    <p class='ocr_par' dir='ltr' id='par_1_94' title="bbox 1961 3486 3542 3564">
     <span class='ocr_line' id='line_1_95' title="bbox 1961 3486 3542 3564; baseline 0.003 -23"><span class='ocrx_word' id='word_1_734' title='bbox 1961 3486 2178 3543; x_wconf 90' lang='lat' dir='ltr'><strong>Etcum</strong></span> <span class='ocrx_word' id='word_1_735' title='bbox 2231 3489 2342 3545; x_wconf 85' lang='lat' dir='ltr'><strong>filio</strong></span> <span class='ocrx_word' id='word_1_736' title='bbox 2380 3493 2681 3561; x_wconf 91' lang='lat' dir='ltr'><strong>prostravit</strong></span> <span class='ocrx_word' id='word_1_737' title='bbox 2729 3507 2809 3561; x_wconf 89' lang='lat' dir='ltr'><strong>se,</strong></span> <span class='ocrx_word' id='word_1_738' title='bbox 2856 3492 3019 3564; x_wconf 89' lang='lat' dir='ltr'><strong>quasi</strong></span> <span class='ocrx_word' id='word_1_739' title='bbox 3055 3491 3341 3548; x_wconf 89' lang='lat' dir='ltr'><strong>humiliter</strong></span> <span class='ocrx_word' id='word_1_740' title='bbox 3389 3492 3542 3548; x_wconf 88' lang='lat' dir='ltr'><strong>salu-</strong></span> 
     </span>
    </p>
   </div>
   <div class='ocr_carea' id='block_1_95' title="bbox 1962 3580 3545 3652">
    <p class='ocr_par' dir='ltr' id='par_1_95' title="bbox 1962 3580 3545 3652">
     <span class='ocr_line' id='line_1_96' title="bbox 1962 3580 3545 3652; baseline 0.003 -18"><span class='ocrx_word' id='word_1_741' title='bbox 1962 3588 2110 3647; x_wconf 85' lang='lat' dir='ltr'><strong>tans,</strong></span> <span class='ocrx_word' id='word_1_742' title='bbox 2139 3581 2205 3636; x_wconf 89' lang='lat' dir='ltr'><strong>ad</strong></span> <span class='ocrx_word' id='word_1_743' title='bbox 2233 3581 2611 3652; x_wconf 87' lang='lat' dir='ltr'><strong>accipiendam</strong></span> <span class='ocrx_word' id='word_1_744' title='bbox 2635 3599 2665 3637; x_wconf 90' lang='lat' dir='ltr'><strong>a</strong></span> <span class='ocrx_word' id='word_1_745' title='bbox 2694 3599 2825 3639; x_wconf 91' lang='lat' dir='ltr'><strong>sene</strong></span> <span class='ocrx_word' id='word_1_746' title='bbox 2846 3583 3307 3639; x_wconf 89' lang='lat' dir='ltr'><strong>benedictionem.</strong></span> <span class='ocrx_word' id='word_1_747' title='bbox 3334 3580 3545 3639; x_wconf 89' lang='lat' dir='ltr'><strong>Deinde</strong></span> 
     </span>
    </p>
   </div>
   <div class='ocr_carea' id='block_1_96' title="bbox 1961 3672 3546 3745">
    <p class='ocr_par' dir='ltr' id='par_1_96' title="bbox 1961 3672 3546 3745">
     <span class='ocr_line' id='line_1_97' title="bbox 1961 3672 3546 3745; baseline 0.003 -19"><span class='ocrx_word' id='word_1_748' title='bbox 1961 3686 2212 3743; x_wconf 86' lang='lat' dir='ltr'><strong>surgens,</strong></span> <span class='ocrx_word' id='word_1_749' title='bbox 2242 3672 2464 3743; x_wconf 88' lang='lat' dir='ltr'><strong>reliquit</strong></span> <span class='ocrx_word' id='word_1_750' title='bbox 2492 3690 2722 3744; x_wconf 86' lang='lat' dir='ltr'><strong>puerum</strong></span> <span class='ocrx_word' id='word_1_751' title='bbox 2750 3674 2819 3729; x_wconf 91' lang='lat' dir='ltr'><strong>ad</strong></span> <span class='ocrx_word' id='word_1_752' title='bbox 2858 3675 3023 3745; x_wconf 89' lang='lat' dir='ltr'><strong>pedes</strong></span> <span class='ocrx_word' id='word_1_753' title='bbox 3063 3675 3235 3739; x_wconf 85' lang='lat' dir='ltr'><strong>senis,</strong></span> <span class='ocrx_word' id='word_1_754' title='bbox 3265 3688 3330 3728; x_wconf 91' lang='lat' dir='ltr'><strong>ac</strong></span> <span class='ocrx_word' id='word_1_755' title='bbox 3360 3688 3546 3745; x_wconf 82' lang='lat' dir='ltr'><strong>egres-</strong></span> 
     </span>
    </p>
   </div>
   <div class='ocr_carea' id='block_1_97' title="bbox 1962 3766 3545 3838">
    <p class='ocr_par' dir='ltr' id='par_1_97' title="bbox 1962 3766 3545 3838">
     <span class='ocr_line' id='line_1_98' title="bbox 1962 3766 3545 3838; baseline 0 -17"><span class='ocrx_word' id='word_1_756' title='bbox 1962 3781 2058 3821; x_wconf 85' lang='lat' dir='ltr'><strong>sus</strong></span> <span class='ocrx_word' id='word_1_757' title='bbox 2086 3775 2187 3822; x_wconf 90' lang='lat' dir='ltr'><strong>est.</strong></span> <span class='ocrx_word' id='word_1_758' title='bbox 2214 3767 2285 3820; x_wconf 85' lang='lat' dir='ltr'><strong>At</strong></span> <span class='ocrx_word' id='word_1_759' title='bbox 2311 3781 2500 3832; x_wconf 82' lang='lat' dir='ltr'><strong>senex,</strong></span> <span class='ocrx_word' id='word_1_760' title='bbox 2529 3768 2625 3838; x_wconf 85' lang='lat' dir='ltr'><strong>qui</strong></span> <span class='ocrx_word' id='word_1_761' title='bbox 2661 3768 3012 3823; x_wconf 84' lang='lat' dir='ltr'><strong>existimabat</strong></span> <span class='ocrx_word' id='word_1_762' title='bbox 3046 3766 3194 3837; x_wconf 91' lang='lat' dir='ltr'><strong>quod</strong></span> <span class='ocrx_word' id='word_1_763' title='bbox 3226 3766 3293 3821; x_wconf 88' lang='lat' dir='ltr'><strong>ad</strong></span> <span class='ocrx_word' id='word_1_764' title='bbox 3332 3770 3545 3824; x_wconf 53' lang='lat' dir='ltr'><strong>saluta-</strong></span> 
     </span>
    </p>
   </div>
   <div class='ocr_carea' id='block_1_98' title="bbox 1961 3853 3547 3927">
    <p class='ocr_par' dir='ltr' id='par_1_98' title="bbox 1961 3853 3547 3927">
     <span class='ocr_line' id='line_1_99' title="bbox 1961 3853 3547 3927; baseline 0.002 -19"><span class='ocrx_word' id='word_1_765' title='bbox 1961 3855 2166 3910; x_wconf 88' lang='lat' dir='ltr'><strong>tionem</strong></span> <span class='ocrx_word' id='word_1_766' title='bbox 2201 3863 2578 3925; x_wconf 86' lang='lat' dir='ltr'><strong>prosterneret</strong></span> <span class='ocrx_word' id='word_1_767' title='bbox 2609 3872 2689 3922; x_wconf 90' lang='lat' dir='ltr'><strong>se,</strong></span> <span class='ocrx_word' id='word_1_768' title='bbox 2722 3857 2797 3911; x_wconf 90' lang='lat' dir='ltr'><strong>ait</strong></span> <span class='ocrx_word' id='word_1_769' title='bbox 2826 3857 2903 3911; x_wconf 88' lang='lat' dir='ltr'><strong>illi</strong></span> <span class='ocrx_word' id='word_1_770' title='bbox 2939 3853 3175 3927; x_wconf 81' lang='lat' dir='ltr'><strong>:Surge,</strong></span> <span class='ocrx_word' id='word_1_771' title='bbox 3219 3856 3306 3911; x_wconf 87' lang='lat' dir='ltr'><strong>exi</strong></span> <span class='ocrx_word' id='word_1_772' title='bbox 3334 3872 3401 3911; x_wconf 87' lang='lat' dir='ltr'><strong>ex</strong></span> <span class='ocrx_word' id='word_1_773' title='bbox 3439 3856 3547 3911; x_wconf 89' lang='lat' dir='ltr'><strong>hoc</strong></span> 
     </span>
    </p>
   </div>
   <div class='ocr_carea' id='block_1_99' title="bbox 1964 3945 3543 4010">
    <p class='ocr_par' dir='ltr' id='par_1_99' title="bbox 1964 3945 3543 4010">
     <span class='ocr_line' id='line_1_100' title="bbox 1964 3945 3543 4010; baseline 0.003 -11"><span class='ocrx_word' id='word_1_774' title='bbox 1964 3945 2124 4010; x_wconf 91' lang='lat' dir='ltr'><strong>loco;</strong></span> <span class='ocrx_word' id='word_1_775' title='bbox 2156 3946 2439 4002; x_wconf 88' lang='lat' dir='ltr'><strong>nesciebat</strong></span> <span class='ocrx_word' id='word_1_776' title='bbox 2463 3947 2608 4002; x_wconf 91' lang='lat' dir='ltr'><strong>enim</strong></span> <span class='ocrx_word' id='word_1_777' title='bbox 2641 3958 2920 4002; x_wconf 88' lang='lat' dir='ltr'><strong>mortuum</strong></span> <span class='ocrx_word' id='word_1_778' title='bbox 2965 3963 3109 4005; x_wconf 89' lang='lat' dir='ltr'><strong>esse.</strong></span> <span class='ocrx_word' id='word_1_779' title='bbox 3152 3948 3219 4001; x_wconf 88' lang='lat' dir='ltr'><strong>Et</strong></span> <span class='ocrx_word' id='word_1_780' title='bbox 3247 3948 3543 4004; x_wconf 84' lang='lat' dir='ltr'><strong>confestim</strong></span> 
     </span>
    </p>
   </div>
   <div class='ocr_carea' id='block_1_100' title="bbox 1964 4032 3546 4108">
    <p class='ocr_par' dir='ltr' id='par_1_100' title="bbox 1964 4032 3546 4108">
     <span class='ocr_line' id='line_1_101' title="bbox 1964 4032 3546 4108; baseline 0.001 -17"><span class='ocrx_word' id='word_1_781' title='bbox 1964 4037 2224 4101; x_wconf 79' lang='lat' dir='ltr'><strong>surrexit,</strong></span> <span class='ocrx_word' id='word_1_782' title='bbox 2278 4044 2443 4107; x_wconf 90' lang='lat' dir='ltr'><strong>atque</strong></span> <span class='ocrx_word' id='word_1_783' title='bbox 2469 4037 2625 4093; x_wconf 90' lang='lat' dir='ltr'><strong>abiit.</strong></span> <span class='ocrx_word' id='word_1_784' title='bbox 2663 4032 2835 4104; x_wconf 85' lang='lat' dir='ltr'><strong>Quem</strong></span> <span class='ocrx_word' id='word_1_785' title='bbox 2870 4053 3105 4094; x_wconf 89' lang='lat' dir='ltr'><strong>cernens</strong></span> <span class='ocrx_word' id='word_1_786' title='bbox 3138 4046 3311 4108; x_wconf 87' lang='lat' dir='ltr'><strong>pater,</strong></span> <span class='ocrx_word' id='word_1_787' title='bbox 3353 4039 3546 4094; x_wconf 91' lang='lat' dir='ltr'><strong>obstu-</strong></span> 
     </span>
    </p>
   </div>
   <div class='ocr_carea' id='block_1_101' title="bbox 1962 4127 3548 4198">
    <p class='ocr_par' dir='ltr' id='par_1_101' title="bbox 1962 4127 3548 4198">
     <span class='ocr_line' id='line_1_102' title="bbox 1962 4127 3548 4198; baseline 0.002 -18"><span class='ocrx_word' id='word_1_788' title='bbox 1962 4128 2081 4197; x_wconf 88' lang='lat' dir='ltr'><strong>puit</strong></span> <span class='ocrx_word' id='word_1_789' title='bbox 2113 4147 2124 4181; x_wconf 97' lang='lat'>:</span> <span class='ocrx_word' id='word_1_790' title='bbox 2159 4127 2388 4198; x_wconf 91' lang='lat' dir='ltr'><strong>proinde</strong></span> <span class='ocrx_word' id='word_1_791' title='bbox 2428 4127 2666 4191; x_wconf 88' lang='lat' dir='ltr'><strong>intrans,</strong></span> <span class='ocrx_word' id='word_1_792' title='bbox 2714 4143 2839 4182; x_wconf 92' lang='lat' dir='ltr'><strong>cum</strong></span> <span class='ocrx_word' id='word_1_793' title='bbox 2887 4129 3240 4184; x_wconf 87' lang='lat' dir='ltr'><strong>veneratione</strong></span> <span class='ocrx_word' id='word_1_794' title='bbox 3283 4128 3548 4184; x_wconf 89' lang='lat' dir='ltr'><strong>salutavit</strong></span> 
     </span>
    </p>
   </div>
   <div class='ocr_carea' id='block_1_102' title="bbox 1965 4217 3544 4289">
    <p class='ocr_par' dir='ltr' id='par_1_102' title="bbox 1965 4217 3544 4289">
     <span class='ocr_line' id='line_1_103' title="bbox 1965 4217 3544 4289; baseline -0.001 -14"><span class='ocrx_word' id='word_1_795' title='bbox 1965 4233 2173 4284; x_wconf 88' lang='lat' dir='ltr'><strong>senem,</strong></span> <span class='ocrx_word' id='word_1_796' title='bbox 2205 4232 2430 4289; x_wconf 87' lang='lat' dir='ltr'><strong>remque</strong></span> <span class='ocrx_word' id='word_1_797' title='bbox 2473 4219 2525 4274; x_wconf 90' lang='lat' dir='ltr'><strong>ei</strong></span> <span class='ocrx_word' id='word_1_798' title='bbox 2570 4219 2863 4273; x_wconf 89' lang='lat' dir='ltr'><strong>nuntiavit.</strong></span> <span class='ocrx_word' id='word_1_799' title='bbox 2901 4217 3077 4275; x_wconf 87' lang='lat' dir='ltr'><strong>Senex</strong></span> <span class='ocrx_word' id='word_1_800' title='bbox 3123 4234 3256 4275; x_wconf 88' lang='lat' dir='ltr'><strong>vero</strong></span> <span class='ocrx_word' id='word_1_801' title='bbox 3290 4218 3544 4285; x_wconf 88' lang='lat' dir='ltr'><strong>audiens,</strong></span> 
     </span>
    </p>
   </div>
   <div class='ocr_carea' id='block_1_103' title="bbox 1964 4307 3547 4379">
    <p class='ocr_par' dir='ltr' id='par_1_103' title="bbox 1964 4307 3547 4379">
     <span class='ocr_line' id='line_1_104' title="bbox 1964 4307 3547 4379; baseline -0.001 -14"><span class='ocrx_word' id='word_1_802' title='bbox 1964 4311 2190 4367; x_wconf 89' lang='lat' dir='ltr'><strong>tristitia</strong></span> <span class='ocrx_word' id='word_1_803' title='bbox 2229 4310 2459 4366; x_wconf 75' lang='lat' dir='ltr'><strong>affectus</strong></span> <span class='ocrx_word' id='word_1_804' title='bbox 2500 4318 2618 4379; x_wconf 87' lang='lat' dir='ltr'><strong>est;</strong></span> <span class='ocrx_word' id='word_1_805' title='bbox 2654 4325 2764 4366; x_wconf 93' lang='lat' dir='ltr'><strong>non</strong></span> <span class='ocrx_word' id='word_1_806' title='bbox 2811 4310 2958 4366; x_wconf 91' lang='lat' dir='ltr'><strong>enim</strong></span> <span class='ocrx_word' id='word_1_807' title='bbox 3004 4309 3272 4365; x_wconf 89' lang='lat' dir='ltr'><strong>voluisset</strong></span> <span class='ocrx_word' id='word_1_808' title='bbox 3293 4307 3346 4363; x_wconf 88' lang='lat' dir='ltr'><strong>id</strong></span> <span class='ocrx_word' id='word_1_809' title='bbox 3393 4309 3547 4365; x_wconf 88' lang='lat' dir='ltr'><strong>acci-</strong></span> 
     </span>
    </p>
   </div>
   <div class='ocr_carea' id='block_1_104' title="bbox 1964 4397 3543 4470">
    <p class='ocr_par' dir='ltr' id='par_1_104' title="bbox 1964 4397 3543 4470">
     <span class='ocr_line' id='line_1_105' title="bbox 1964 4397 3543 4470; baseline 0.001 -15"><span class='ocrx_word' id='word_1_810' title='bbox 1964 4399 2130 4456; x_wconf 86' lang='lat' dir='ltr'><strong>disse.</strong></span> <span class='ocrx_word' id='word_1_811' title='bbox 2167 4400 2518 4456; x_wconf 89' lang='lat' dir='ltr'><strong>Denuntiavit</strong></span> <span class='ocrx_word' id='word_1_812' title='bbox 2557 4409 2740 4463; x_wconf 89' lang='lat' dir='ltr'><strong>autem</strong></span> <span class='ocrx_word' id='word_1_813' title='bbox 2772 4399 2981 4455; x_wconf 89' lang='lat' dir='ltr'><strong>homini</strong></span> <span class='ocrx_word' id='word_1_814' title='bbox 3013 4399 3322 4470; x_wconf 86' lang='lat' dir='ltr'><strong>discipulus</strong></span> <span class='ocrx_word' id='word_1_815' title='bbox 3345 4397 3543 4465; x_wconf 88' lang='lat' dir='ltr'><strong>Sisois,</strong></span> 
     </span>
    </p>
   </div>
   <div class='ocr_carea' id='block_1_105' title="bbox 1966 4492 3325 4563">
    <p class='ocr_par' dir='ltr' id='par_1_105' title="bbox 1966 4492 3325 4563">
     <span class='ocr_line' id='line_1_106' title="bbox 1966 4492 3325 4563; baseline 0.002 -18"><span class='ocrx_word' id='word_1_816' title='bbox 1966 4508 2034 4548; x_wconf 89' lang='lat' dir='ltr'><strong>ne</strong></span> <span class='ocrx_word' id='word_1_817' title='bbox 2056 4494 2312 4563; x_wconf 89' lang='lat' dir='ltr'><strong>cuiquam</strong></span> <span class='ocrx_word' id='word_1_818' title='bbox 2341 4493 2567 4557; x_wconf 87' lang='lat' dir='ltr'><strong>diceret,</strong></span> <span class='ocrx_word' id='word_1_819' title='bbox 2594 4509 2770 4563; x_wconf 86' lang='lat' dir='ltr'><strong>usque</strong></span> <span class='ocrx_word' id='word_1_820' title='bbox 2794 4493 2862 4548; x_wconf 92' lang='lat' dir='ltr'><strong>ad</strong></span> <span class='ocrx_word' id='word_1_821' title='bbox 2887 4500 3117 4549; x_wconf 90' lang='lat' dir='ltr'><strong>mortem</strong></span> <span class='ocrx_word' id='word_1_822' title='bbox 3152 4492 3325 4550; x_wconf 89' lang='lat' dir='ltr'><strong>senis.</strong></span> 
     </span>
    </p>
   </div>
   <div class='ocr_carea' id='block_1_106' title="bbox 2034 4583 3543 4652">
    <p class='ocr_par' dir='ltr' id='par_1_106' title="bbox 2034 4583 3543 4652">
     <span class='ocr_line' id='line_1_107' title="bbox 2034 4583 3543 4652; baseline 0.003 -16"><span class='ocrx_word' id='word_1_823' title='bbox 2034 4583 2122 4637; x_wconf 80' lang='grc'><strong>19.</strong></span> <span class='ocrx_word' id='word_1_824' title='bbox 2162 4583 2299 4641; x_wconf 90' lang='lat' dir='ltr'><strong>Tres</strong></span> <span class='ocrx_word' id='word_1_825' title='bbox 2326 4600 2489 4642; x_wconf 88' lang='lat' dir='ltr'><strong>senes</strong></span> <span class='ocrx_word' id='word_1_826' title='bbox 2519 4585 2771 4641; x_wconf 87' lang='lat' dir='ltr'><strong>adierunt</strong></span> <span class='ocrx_word' id='word_1_827' title='bbox 2791 4586 3041 4641; x_wconf 88' lang='lat' dir='ltr'><strong>abbatem</strong></span> <span class='ocrx_word' id='word_1_828' title='bbox 3070 4584 3308 4652; x_wconf 90' lang='lat' dir='ltr'><strong>Sisoem,</strong></span> <span class='ocrx_word' id='word_1_829' title='bbox 3338 4586 3543 4641; x_wconf 87' lang='lat' dir='ltr'><strong>auditis</strong></span> 
     </span>
    </p>
   </div>
   <div class='ocr_carea' id='block_1_107' title="bbox 1962 4672 3541 4745">
    <p class='ocr_par' dir='ltr' id='par_1_107' title="bbox 1962 4672 3541 4745">
     <span class='ocr_line' id='line_1_108' title="bbox 1962 4672 3541 4745; baseline 0.003 -19"><span class='ocrx_word' id='word_1_830' title='bbox 1962 4687 2084 4743; x_wconf 86' lang='lat' dir='ltr'><strong>quae</strong></span> <span class='ocrx_word' id='word_1_831' title='bbox 2122 4672 2189 4727; x_wconf 87' lang='lat' dir='ltr'><strong>ad</strong></span> <span class='ocrx_word' id='word_1_832' title='bbox 2223 4687 2347 4728; x_wconf 91' lang='lat' dir='ltr'><strong>eum</strong></span> <span class='ocrx_word' id='word_1_833' title='bbox 2379 4674 2744 4744; x_wconf 88' lang='lat' dir='ltr'><strong>pertinebant.</strong></span> <span class='ocrx_word' id='word_1_834' title='bbox 2784 4672 2848 4728; x_wconf 92' lang='lat' dir='ltr'><strong>Et</strong></span> <span class='ocrx_word' id='word_1_835' title='bbox 2876 4675 2952 4729; x_wconf 89' lang='lat' dir='ltr'><strong>ait</strong></span> <span class='ocrx_word' id='word_1_836' title='bbox 2979 4675 3055 4729; x_wconf 92' lang='lat' dir='ltr'><strong>illi</strong></span> <span class='ocrx_word' id='word_1_837' title='bbox 3084 4676 3333 4745; x_wconf 91' lang='lat' dir='ltr'><strong>primus:</strong></span> <span class='ocrx_word' id='word_1_838' title='bbox 3360 4675 3541 4743; x_wconf 88' lang='lat' dir='ltr'><strong>Pater,</strong></span> 
     </span>
    </p>
   </div>
   <div class='ocr_carea' id='block_1_108' title="bbox 1960 4764 3546 4838">
    <p class='ocr_par' dir='ltr' id='par_1_108' title="bbox 1960 4764 3546 4838">
     <span class='ocr_line' id='line_1_109' title="bbox 1960 4764 3546 4838; baseline 0.006 -22"><span class='ocrx_word' id='word_1_839' title='bbox 1960 4778 2070 4832; x_wconf 91' lang='lat' dir='ltr'><strong>quo</strong></span> <span class='ocrx_word' id='word_1_840' title='bbox 2118 4764 2278 4819; x_wconf 91' lang='lat' dir='ltr'><strong>modo</strong></span> <span class='ocrx_word' id='word_1_841' title='bbox 2331 4779 2557 4835; x_wconf 91' lang='lat' dir='ltr'><strong>possum</strong></span> <span class='ocrx_word' id='word_1_842' title='bbox 2607 4766 2838 4823; x_wconf 85' lang='lat' dir='ltr'><strong>evadere</strong></span> <span class='ocrx_word' id='word_1_843' title='bbox 2887 4767 3104 4838; x_wconf 85' lang='lat' dir='ltr'><strong>igneum</strong></span> <span class='ocrx_word' id='word_1_844' title='bbox 3158 4766 3403 4825; x_wconf 81' lang='lat' dir='ltr'><strong>flumen?</strong></span> <span class='ocrx_word' id='word_1_845' title='bbox 3448 4768 3546 4825; x_wconf 91' lang='lat' dir='ltr'><strong>Ille</strong></span> 
     </span>
    </p>
   </div>
   <div class='ocr_carea' id='block_1_109' title="bbox 1958 4856 3543 4926">
    <p class='ocr_par' dir='ltr' id='par_1_109' title="bbox 1958 4856 3543 4926">
     <span class='ocr_line' id='line_1_110' title="bbox 1958 4856 3543 4926; baseline 0.004 -18"><span class='ocrx_word' id='word_1_846' title='bbox 1958 4869 2091 4909; x_wconf 89' lang='lat' dir='ltr'><strong>vero</strong></span> <span class='ocrx_word' id='word_1_847' title='bbox 2139 4870 2249 4910; x_wconf 90' lang='lat' dir='ltr'><strong>non</strong></span> <span class='ocrx_word' id='word_1_848' title='bbox 2313 4856 2618 4926; x_wconf 88' lang='lat' dir='ltr'><strong>respondit.</strong></span> <span class='ocrx_word' id='word_1_849' title='bbox 2681 4856 2821 4913; x_wconf 87' lang='lat' dir='ltr'><strong>Dicit</strong></span> <span class='ocrx_word' id='word_1_850' title='bbox 2868 4859 2919 4913; x_wconf 82' lang='lat' dir='ltr'><strong>ei</strong></span> <span class='ocrx_word' id='word_1_851' title='bbox 2965 4860 3243 4915; x_wconf 89' lang='lat' dir='ltr'><strong>secundus</strong></span> <span class='ocrx_word' id='word_1_852' title='bbox 3297 4878 3310 4915; x_wconf 91' lang='lat'><strong>:</strong></span> <span class='ocrx_word' id='word_1_853' title='bbox 3362 4861 3543 4924; x_wconf 86' lang='lat' dir='ltr'><strong>Pater,</strong></span> 
     </span>
    </p>
   </div>
   <div class='ocr_carea' id='block_1_110' title="bbox 1957 4945 3547 5020">
    <p class='ocr_par' dir='ltr' id='par_1_110' title="bbox 1957 4945 3547 5020">
     <span class='ocr_line' id='line_1_111' title="bbox 1957 4945 3547 5020; baseline 0.005 -21"><span class='ocrx_word' id='word_1_854' title='bbox 1957 4961 2066 5015; x_wconf 87' lang='lat' dir='ltr'><strong>qua</strong></span> <span class='ocrx_word' id='word_1_855' title='bbox 2110 4947 2320 5001; x_wconf 86' lang='lat' dir='ltr'><strong>ratione</strong></span> <span class='ocrx_word' id='word_1_856' title='bbox 2353 4945 2593 5019; x_wconf 78' lang='lat' dir='ltr'><strong>etlugere</strong></span> <span class='ocrx_word' id='word_1_857' title='bbox 2636 4956 2830 5020; x_wconf 89' lang='lat' dir='ltr'><strong>potero</strong></span> <span class='ocrx_word' id='word_1_858' title='bbox 2876 4950 3165 5007; x_wconf 88' lang='lat' dir='ltr'><strong>stridorem</strong></span> <span class='ocrx_word' id='word_1_859' title='bbox 3208 4951 3452 5007; x_wconf 90' lang='lat' dir='ltr'><strong>dentium</strong></span> <span class='ocrx_word' id='word_1_860' title='bbox 3491 4963 3547 5007; x_wconf 89' lang='lat' dir='ltr'><strong>et</strong></span> 
     </span>
    </p>
   </div>
   <div class='ocr_carea' id='block_1_111' title="bbox 1958 5039 3543 5112">
    <p class='ocr_par' dir='ltr' id='par_1_111' title="bbox 1958 5039 3543 5112">
     <span class='ocr_line' id='line_1_112' title="bbox 1958 5039 3543 5112; baseline 0.002 -22"><span class='ocrx_word' id='word_1_861' title='bbox 1958 5053 2200 5094; x_wconf 90' lang='lat' dir='ltr'><strong>vermem</strong></span> <span class='ocrx_word' id='word_1_862' title='bbox 2235 5040 2329 5110; x_wconf 91' lang='lat' dir='ltr'><strong>qui</strong></span> <span class='ocrx_word' id='word_1_863' title='bbox 2376 5054 2654 5110; x_wconf 86' lang='lat' dir='ltr'><strong>nunquam</strong></span> <span class='ocrx_word' id='word_1_864' title='bbox 2699 5040 2933 5096; x_wconf 88' lang='lat' dir='ltr'><strong>dormit?</strong></span> <span class='ocrx_word' id='word_1_865' title='bbox 2964 5039 3179 5097; x_wconf 91' lang='lat' dir='ltr'><strong>Tertius</strong></span> <span class='ocrx_word' id='word_1_866' title='bbox 3220 5041 3426 5112; x_wconf 88' lang='lat' dir='ltr'><strong>pariter</strong></span> <span class='ocrx_word' id='word_1_867' title='bbox 3456 5041 3543 5093; x_wconf 86' lang='lat' dir='ltr'><strong>in-</strong></span> 
     </span>
    </p>
   </div>
   <div class='ocr_carea' id='block_1_112' title="bbox 1963 5129 3544 5202">
    <p class='ocr_par' dir='ltr' id='par_1_112' title="bbox 1963 5129 3544 5202">
     <span class='ocr_line' id='line_1_113' title="bbox 1963 5129 3544 5202; baseline 0.001 -21"><span class='ocrx_word' id='word_1_868' title='bbox 1963 5135 2205 5200; x_wconf 81' lang='lat' dir='ltr'><strong>terrogat</strong></span> <span class='ocrx_word' id='word_1_869' title='bbox 2233 5148 2246 5184; x_wconf 90' lang='lat'>:</span> <span class='ocrx_word' id='word_1_870' title='bbox 2270 5129 2451 5199; x_wconf 89' lang='lat' dir='ltr'><strong>Pater,</strong></span> <span class='ocrx_word' id='word_1_871' title='bbox 2476 5131 2609 5202; x_wconf 82' lang='lat' dir='ltr'><strong>quid</strong></span> <span class='ocrx_word' id='word_1_872' title='bbox 2644 5130 2883 5187; x_wconf 83' lang='lat' dir='ltr'><strong>faciam?</strong></span> <span class='ocrx_word' id='word_1_873' title='bbox 2914 5132 3177 5187; x_wconf 89' lang='lat' dir='ltr'><strong>memoria</strong></span> <span class='ocrx_word' id='word_1_874' title='bbox 3210 5132 3544 5187; x_wconf 77' lang='lat' dir='ltr'><strong>exteriorum</strong></span> 
     </span>
    </p>
   </div>
   <div class='ocr_carea' id='block_1_113' title="bbox 1962 5223 3544 5294">
    <p class='ocr_par' dir='ltr' id='par_1_113' title="bbox 1962 5223 3544 5294">
     <span class='ocr_line' id='line_1_114' title="bbox 1962 5223 3544 5294; baseline 0 -18"><span class='ocrx_word' id='word_1_875' title='bbox 1962 5223 2312 5278; x_wconf 88' lang='lat' dir='ltr'><strong>tenebrarum</strong></span> <span class='ocrx_word' id='word_1_876' title='bbox 2362 5236 2554 5279; x_wconf 83' lang='lat' dir='ltr'><strong>enecat</strong></span> <span class='ocrx_word' id='word_1_877' title='bbox 2600 5240 2706 5280; x_wconf 91' lang='lat' dir='ltr'><strong>me.</strong></span> <span class='ocrx_word' id='word_1_878' title='bbox 2748 5223 3108 5294; x_wconf 77' lang='lat' dir='ltr'><strong>Respondens</strong></span> <span class='ocrx_word' id='word_1_879' title='bbox 3156 5234 3334 5281; x_wconf 90' lang='lat' dir='ltr'><strong>autem</strong></span> <span class='ocrx_word' id='word_1_880' title='bbox 3377 5239 3544 5279; x_wconf 83' lang='lat' dir='ltr'><strong>senex</strong></span> 
     </span>
    </p>
   </div>
   <div class='ocr_carea' id='block_1_114' title="bbox 1963 5313 3537 5387">
    <p class='ocr_par' dir='ltr' id='par_1_114' title="bbox 1963 5313 3537 5387">
     <span class='ocr_line' id='line_1_115' title="bbox 1963 5313 3537 5387; baseline -0.002 -18"><span class='ocrx_word' id='word_1_881' title='bbox 1963 5314 2100 5369; x_wconf 88' lang='lat' dir='ltr'><strong>dixit</strong></span> <span class='ocrx_word' id='word_1_882' title='bbox 2128 5317 2210 5371; x_wconf 90' lang='lat' dir='ltr'><strong>eis</strong></span> <span class='ocrx_word' id='word_1_883' title='bbox 2242 5336 2254 5370; x_wconf 89' lang='lat'><strong>:</strong></span> <span class='ocrx_word' id='word_1_884' title='bbox 2291 5315 2401 5387; x_wconf 81' lang='lat' dir='ltr'><strong>Ego</strong></span> <span class='ocrx_word' id='word_1_885' title='bbox 2430 5318 2625 5372; x_wconf 89' lang='lat' dir='ltr'><strong>horum</strong></span> <span class='ocrx_word' id='word_1_886' title='bbox 2658 5317 2864 5371; x_wconf 90' lang='lat' dir='ltr'><strong>nullius</strong></span> <span class='ocrx_word' id='word_1_887' title='bbox 2898 5316 3179 5371; x_wconf 90' lang='lat' dir='ltr'><strong>recordor.</strong></span> <span class='ocrx_word' id='word_1_888' title='bbox 3215 5315 3352 5368; x_wconf 76' lang='lat' dir='ltr'><strong>Cum</strong></span> <span class='ocrx_word' id='word_1_889' title='bbox 3388 5313 3537 5369; x_wconf 89' lang='lat' dir='ltr'><strong>enim</strong></span> 
     </span>
    </p>
   </div>
   <div class='ocr_carea' id='block_1_115' title="bbox 1966 5404 3544 5477">
    <p class='ocr_par' dir='ltr' id='par_1_115' title="bbox 1966 5404 3544 5477">
     <span class='ocr_line' id='line_1_116' title="bbox 1966 5404 3544 5477; baseline -0.001 -17"><span class='ocrx_word' id='word_1_890' title='bbox 1966 5406 2109 5461; x_wconf 90' lang='lat' dir='ltr'><strong>Deus</strong></span> <span class='ocrx_word' id='word_1_891' title='bbox 2152 5409 2468 5463; x_wconf 85' lang='lat' dir='ltr'><strong>misericors</strong></span> <span class='ocrx_word' id='word_1_892' title='bbox 2519 5409 2611 5471; x_wconf 89' lang='lat' dir='ltr'><strong>sit,</strong></span> <span class='ocrx_word' id='word_1_893' title='bbox 2645 5423 2804 5477; x_wconf 87' lang='lat' dir='ltr'><strong>spero</strong></span> <span class='ocrx_word' id='word_1_894' title='bbox 2834 5408 2977 5477; x_wconf 86' lang='lat' dir='ltr'><strong>quod</strong></span> <span class='ocrx_word' id='word_1_895' title='bbox 3026 5422 3238 5462; x_wconf 88' lang='lat' dir='ltr'><strong>mecum</strong></span> <span class='ocrx_word' id='word_1_896' title='bbox 3294 5404 3544 5459; x_wconf 88' lang='lat' dir='ltr'><strong>facturus</strong></span> 
     </span>
    </p>
   </div>
   <div class='ocr_carea' id='block_1_116' title="bbox 1383 5562 2473 5619">
    <p class='ocr_par' dir='ltr' id='par_1_116' title="bbox 1383 5562 2473 5619">
     <span class='ocr_line' id='line_1_117' title="bbox 1383 5562 2473 5619; baseline 0.003 -3"><span class='ocrx_word' id='word_1_897' title='bbox 1383 5564 1425 5595; x_wconf 73' lang='grc'><strong>¹⁸</strong></span> <span class='ocrx_word' id='word_1_898' title='bbox 1450 5562 1534 5616; x_wconf 80' lang='lat' dir='ltr'><strong>Al.</strong></span> <span class='ocrx_word' id='word_1_899' title='bbox 1576 5562 1829 5616; x_wconf 84' lang='grc' dir='ltr'>πάντοτε.</span> <span class='ocrx_word' id='word_1_900' title='bbox 1910 5565 1951 5596; x_wconf 81' lang='grc'><strong>¹⁹</strong></span> <span class='ocrx_word' id='word_1_901' title='bbox 1988 5563 2070 5617; x_wconf 86' lang='grc' dir='ltr'><strong>ΑΙ.</strong></span> <span class='ocrx_word' id='word_1_902' title='bbox 2108 5565 2202 5618; x_wconf 86' lang='grc' dir='ltr'><strong>τοῦ</strong></span> <span class='ocrx_word' id='word_1_903' title='bbox 2237 5563 2473 5619; x_wconf 84' lang='grc' dir='ltr'>κελλίου.</span> 
     </span>
    </p>
   </div>
   <div class='ocr_carea' id='block_1_117' title="bbox 2036 5713 2711 5781">
    <p class='ocr_par' dir='ltr' id='par_1_117' title="bbox 2036 5713 2711 5781">
     <span class='ocr_line' id='line_1_118' title="bbox 2036 5713 2711 5781; baseline 0.003 -12"><span class='ocrx_word' id='word_1_904' title='bbox 2036 5716 2145 5780; x_wconf 70' lang='lat' dir='ltr'><strong>(in</strong></span> <span class='ocrx_word' id='word_1_905' title='bbox 2190 5714 2294 5770; x_wconf 79' lang='lat' dir='ltr'><strong>l&#39;it.</strong></span> <span class='ocrx_word' id='word_1_906' title='bbox 2329 5713 2482 5771; x_wconf 85' lang='lat' dir='ltr'><strong>Patr.</strong></span> <span class='ocrx_word' id='word_1_907' title='bbox 2522 5732 2582 5781; x_wconf 89' lang='lat' dir='ltr'><strong>tt,</strong></span> <span class='ocrx_word' id='word_1_908' title='bbox 2624 5715 2711 5771; x_wconf 78' lang='lat' dir='ltr'><strong>I5.</strong></span> 
     </span>
    </p>
   </div>
  </div>
