4062 6332
266 450 359 511 ιοι

1353 472 1962 534 ΑΡΟΡΗΤΙΙΕΟΜΛΤΑ
2007 473 2311 542 PATRUM".

3395 502 3502 554 409.

262 570 337 634 εις
358 570 458 642 τὴν
483 572 711 646 ἔρημον,
747 578 927 645 οὕτως
958 586 1240 656 γηράσαςς
1287 589 1345 643 '0
1368 591 1426 644 δὲ
1458 592 1634 664 γέρων
1671 611 1801 667 προσ

1905 646 1909 656 .
1938 598 2233 658 solitudine
2273 603 2471 671 facere,
2511 607 2607 677 qui
2643 608 2709 662 ad
2745 616 2950 665 tantam
2997 614 3309 681 perveneris
3345 630 3502 674 sene-

261 657 411 732 ἐσχεν
434 663 585 735 αὐτῴ
613 668 751 737 μετὰ
794 673 1148 745 στυφότητος,
1181 678 1353 749 λέγων
1373 698 1387 714 ο
1412 657 1480 737 'l’f
1514 657 1603 755 μοι
1634 657 1832 755 λέγεις,

272 750 497 823 ’Δμοῦν;
549 757 650 811 οὐκ
700 760 864 831 ήρκει
906 765 1017 838 γάρ
1062 785 1153 840 μοι
1192 773 1226 842 ἡ
1258 750 1540 847 ἐλευθερία
1569 750 1831 850 μόνηί

259 843 512 920 λογισμοῦ
544 868 647 923 μου
672 855 732 909 ὲν
763 859 834 928 τῇ
864 858 1085 935 ὲρήμῳ;

323 1020 421 1086 κζ’.
469 1023 736 1098 Ἑκάθητό
764 1047 899 1083 ποτε
941 1034 970 1086 6
994 1034 1168 1099 ἀσσᾶς
1199 1037 1391 1111 Σισάης
1423 1043 1482 1097 ὲν
1527 1043 1605 1117 τῷ
1634 1045 1829 1119 κελλιῳ

256 1113 445 1167 αὐτοῦ’
481 1117 577 1171 καὶ
605 1119 941 1191 κρούσαντος
984 1126 1077 1181 τοῦ
1112 1128 1355 1202 μαθητοῦ
1382 1113 1827 1209 αὐτοῦξέκραξεν

257 1204 285 1255 6
301 1205 494 1277 γέρων,
521 1208 697 1279 λέγων
714 1213 897 1304 “re
927 1217 994 1282 ³⁵,
1013 1217 1281 1293 Ἀϐραὰμ,
1310 1224 1385 1297 μὴ
1411 1204 1679 1303 εἰσέλθῃς,
1700 1204 1827 1304 ἄρτι

255 1295 313 1349 οὐ
344 1299 593 1368 σχολάζει
617 1302 687 1358 τὰ
712 1298 840 1361 ὧδε.

325 1396 431 1461 κη’.
476 1392 727 1464 Ἀδελφὸς
745 1396 999 1471 ἠρώτησε
1028 1400 1121 1457 τὸν
1151 1403 1327 1460 ἀόὃᾶν
1352 1390 1577 1480 Σισύην,
1620 1411 1820 1483 λέγων·

253 1481 368 1545 Πῶς
396 1483 690 1550 κατέλιπες
731 1487 830 1559 τὴν
860 1490 1066 1561 Σκῆτιν
1112 1494 1252 1566 μετὰ
1282 1497 1379 1552 τοῦ
1425 1500 1569 1555 ὰδὸᾱ
1599 1481 1700 1576 Ὦρ
1723 1503 1821 1573 ὢν,

252 1574 339 1626 καὶ
371 1570 537 1646 ἦλθες
575 1578 671 1633 καὶ
694 1579 955 1648 ἑκάθισας
985 1577 1088 1640 ὧδε
1114 1603 1129 1654 ;
1174 1588 1339 1659 Λέγει
1371 1592 1519 1665 αὐτῷ
1550 1597 1580 1651 ὁ
1608 1570 1824 1677 γέρωνί

260 1665 346 1718 Ἑν
370 1665 449 1737 τῷ
468 1666 738 1740 ἄρξασθαι
768 1672 1141 1745 πληθύνεσθαι
1162 1680 1262 1752 τὴν
1283 1682 1501 1754 Σκῆτιν,
1536 1665 1632 1742 και
1658 1665 1821 1744 ἀκούΣ

251 1773 344 1819 σας
370 1758 482 1827 ἐγὼ
516 1760 599 1854 ὅτι
642 1764 915 1837 ἐκοιμήθη
950 1767 981 1821 6
1021 1770 1194 1837 ἀόσᾶς
1248 1774 1550 1843 Ἀντώνιος,
1588 1781 1822 1854 ἀνέστην

248 1846 339 1899 καὶ
364 1844 527 1919 ἦλθον
546 1845 651 1905 ὦδε
676 1853 757 1918 εἰς
787 1854 847 1909 τὸ
873 1855 998 1929 ὅρος
1021 1875 1034 1890 ’
1076 1862 1169 1914 καὶ
1194 1862 1369 1935 εὑρὼν
1393 1866 1462 1921 τὰ
1481 1860 1584 1922 ὧδε
1612 1844 1820 1943 ἡσυχά-

244 1936 422 2004 ζοντα,
442 1942 638 2013 μικρὸν
660 1943 892 2032 ἐκάθισα
907 1928 1128 2020 χρόνον.
1155 1928 1318 2024 Λέγει
1341 1957 1490 2029 αὐτῴ
1512 1961 1542 2014 ό
1566 1928 1810 2032 ἀδέλφ’ξςς.
1848 1928 1891 1982 Β

244 2028 411 2083 Πόσον
437 2032 628 2104 χρόνον
663 2033 809 2108 εχεις
836 2031 939 2093 ὧδε
962 2057 978 2108 ;
1000 2042 1162 2112 Λέγει
1191 2045 1341 2117 αὐτῷ
1360 2047 1389 2100 6
1409 2028 1616 2120 γέρωνσ
1659 2028 1811 2109 Εἰσὶν

252 2120 715 2192 ἑϐδομηκονταδύο
735 2128 803 2182 ³⁸.

307 2211 412 2268 κθ’.
444 2210 612 2269 Εἶπεν
634 2219 663 2271 6
686 2217 860 2285 ἀὸϐἄς
885 2222 1079 2295 Σισόης
1094 2241 1109 2258 ·
1136 2227 1304 2282 Ὅταν
1327 2227 1363 2301 ᾖ
1397 2230 1684 2305 ἄνθρωπος
1708 2238 1808 2310 τὴν

239 2304 490 2374 φροντίδα
515 2324 612 2362 σου
647 2312 989 2384 ποιούμενος,
1022 2316 1084 2372 οὐ
1115 2317 1199 2371 δεῖ
1221 2336 1281 2373 σε
1309 2304 1579 2390 διατάξαι,

299 2395 365 2451 λ’.
399 2397 650 2469 ’Δδελφὸς
662 2402 915 2476 ἠρώτησε
931 2406 1021 2461 τὸν
1038 2408 1215 2464 ἁὸὄᾶν
1232 2412 1426 2484 Σισόην
1440 2415 1613 2485 λέγων
1631 2435 1645 2450 ο
1684 2418 1807 2474 Ἐὰν

239 2489 628 2563 περιπατῶμεν
667 2494 727 2547 ἐν
765 2495 890 2567 ὁδῷ,
929 2497 1026 2551 καὶ
1056 2500 1309 2577 πλανηθῇ
1333 2506 1362 2560 6
1395 2506 1605 2579 ὁδηγῶν
1635 2512 1804 2581 ἡμᾶς,

231 2580 388 2651 χρεία
418 2584 593 2639 εἰπεῖν
618 2585 803 2658 «me;
826 2589 992 2659 Λέγει
1016 2592 1165 2665 αὐτῷ
1184 2598 1214 2650 6
1240 2598 1434 2668 γέρωνο
1459 2603 1612 2674 οὐχί.
1643 2580 1805 2674 Ᾰέγει

228 2668 321 2724 οὖν
354 2674 384 2725 ό
409 2672 671 2745 ἀδελφός·
712 2677 854 2733 Ἀλλ’
878 2682 1108 2753 ἀφῶμεν
1133 2686 1296 2743 αὑτὸν
1329 2668 1604 2764 πλανῆσαι
1623 2668 1802 2768 indic;

231 2761 390 2830 Λέγει
405 2764 556 2836 αὐτῷ
584 2767 827 2839 όγὲρων·
848 2771 915 2825 Τί
942 2768 1066 2842 οὖν;
1087 2775 1272 2832 λαϐεῖν
1299 2780 1444 2852 ἔχεις
1470 2761 1675 2855 ῥάϐδον.
1692 2761 1802 2842 δεῗξ

221 2872 317 2923 ραι
341 2857 541 2925 αὑτόν;
563 2860 706 2931 Ἐγὼ
735 2859 853 2918 οῖδα
877 2866 1139 2937 ἀδελφοὺς
1165 2871 1245 2925 ὅτι
1281 2877 1667 2946 περιεπάτουν,
1708 2885 1803 2936 καί¹

211 2943 240 2993 ό
280 2949 495 3020 ὁδηγῶν
537 2952 733 3020 αὐτοὺς
762 2958 1041 3031 ἐπλανήθη
1064 2963 1164 3034 τὴν
1195 2943 1394 3022 νύκτα·
1440 2966 1584 3042 ἦσαν
1613 2973 1670 3027 δὲ
1696 2975 1799 3029 δὼ-

220 3037 371 3101 ὅεκα,
400 3043 495 3096 καὶ
530 3045 730 3112 πάντες
753 3048 972 3121 ᾔδεισαν
996 3057 1077 3110 ὅτι
1101 3057 1409 3115 ἐπλανῶντο
1428 3080 1441 3092 °
1487 3065 1578 3118 καὶ
1604 3068 1800 3137 ἠγωνί-

221 3147 387 3185 σαντο
406 3133 634 3202 ἕκαστος
657 3141 751 3194 τοῦ
778 3144 852 3215 μὴ
877 3147 1070 3202 εἰπεῖν.
1107 3150 1349 3222 Ἡμέρας
1388 3154 1445 3207 δὲ
1475 3133 1798 3233 γενομένης,

1935 694 2183 747 ctutem?
2214 694 2284 749 At
2322 711 2488 753 senex
2516 698 2708 753 oculos
2739 701 2792 754 in
2822 716 2946 756 eum
2992 703 3225 758 intendit
3252 721 3375 761 cum
3404 709 3502 763 tri-

1931 766 2112 848 stitia',
2151 783 2399 854 dixitque
2433 805 2447 842 :
2482 786 2623 853 Quid
2654 790 2785 845 mihi
2808 791 3046 861 profers,
3075 792 3290 850 Amun?
3312 796 3503 857 Nonne

1930 873 2076 929 enim
2105 873 2240 929 mihi
2277 874 2578 934 suﬂiciebat
2627 881 2741 936 sola
2790 883 2990 940 mentis
3031 900 3165 941 meae
3193 885 3415 944 libertas
3445 888 3499 942 in

1929 976 2116 1017 eremo
2129 964 2155 1017 Ἰ

1999 1052 2092 1108 27.
2136 1052 2374 1111 Sedebat
2397 1057 2697 1129 aliquando
2710 1060 2880 1117 abbas
2908 1063 3094 1120 Sisoes
3125 1065 3177 1119 in
3204 1066 3338 1121 cella
3361 1082 3458 1123 sua
3481 1080 3497 1120 :

1927 1159 2163 1216 cumque
2190 1146 2471 1216 pulsasset
2497 1147 2803 1218 discipulus
2833 1151 2977 1221 ejus,
3010 1154 3265 1212 clamavit
3292 1172 3457 1211 senex
3482 1175 3496 1210 :

1930 1234 2103 1306 Fuge,
2132 1237 2525 1307 Abraham,ne
2554 1240 2912 1310 ingrediaris:
2942 1245 3053 1314 jam
3089 1261 3207 1316 quae
3236 1245 3327 1301 bie
3351 1253 3496 1311 sunt,

1926 1326 2040 1383 otio
2067 1335 2278 1384 carent.
2866 1424 2873 1425 γ
3472 1413 3484 1425 ⁸

1991 1419 2084 1476 28.
2111 1419 2306 1476 Frater
2331 1422 2585 1480 abbatem
2617 1422 2832 1481 Sisocm
2862 1424 3218 1496 interrogavit
3247 1427 3349 1483 hac
3372 1419 3497 1482 ora;

1925 1511 2115 1569 tione:
2149 1511 2435 1580 Quomodo
2470 1515 2673 1572 Scetim
2719 1516 3013 1588 reliquisti,
3047 1532 3171 1572 cum
3202 1518 3398 1574 abbate
3422 1517 3499 1575 Οι-

1921 1603 2269 1673 consistens,
2306 1612 2361 1660 et
2402 1605 2602 1663 venisti
2633 1613 2695 1663 ut
2714 1606 2936 1664 sederes
2961 1607 3089 1663 hic?
3123 1606 3421 1678 Respondit
3447 1610 3495 1664 ei

1924 1705 2097 1747 senex
2127 1710 2143 1747 :
2174 1691 2313 1748 Cum
2347 1692 2617 1765 inciperet
2646 1695 2824 1752 Sectis
2862 1694 3231 1767 frequentari,
3264 1711 3497 1768 cumque

1927 1780 2233 1839 audiissem
2273 1791 2550 1840 mortuum
2575 1800 2700 1842 esse
2732 1786 2980 1842 abbatem
3022 1787 3337 1852 Antonium,
3374 1802 3498 1841 sur-

1931 1872 2074 1939 rexi,
2106 1880 2160 1929 et
2188 1872 2468 1945 profectus
2506 1890 2626 1931 sum
2665 1876 2772 1932 huc
2816 1876 2872 1931 in
2900 1884 3172 1943 montem;
3206 1885 3367 1946 atque
3412 1877 3498 1930 in-

1920 1964 2141 2019 veniens
2167 1965 2276 2021 ista
2304 1966 2425 2022 loca
2447 1966 2650 2038 quieta,
2679 1968 2745 2023 ad
2776 1983 3008 2039 paucum
3034 1976 3251 2040 tempus
3292 1969 3492 2024 resedi.

1922 2054 2014 2108 Ait
2043 2054 2125 2108 illi
2155 2054 2328 2112 frater
2351 2055 2532 2124 :Quot
2570 2072 2746 2115 annos
2770 2057 2859 2113 hic
2895 2056 3246 2129 transcgisti?
3274 2055 3447 2114 Senex
3478 2077 3491 2111 :

1915 2143 2275 2217 Septuaginta
2307 2147 2469 2205 duos.

1991 2236 2087 2291 29.
2125 2236 2274 2293 Dixit
2311 2240 2480 2295 abbas
2513 2239 2699 2296 Sisoes
2728 2259 2741 2294 :
2771 2239 3002 2308 Quando
3030 2239 3188 2297 adest
3214 2239 3380 2295 homo
3412 2241 3495 2296 tui

1918 2342 2107 2383 curam
2136 2329 2370 2397 habens,
2404 2346 2513 2385 non
2551 2339 2770 2403 Oportet
2799 2339 2859 2387 ut
2886 2331 3190 2403 praecipias.

1979 2419 2074 2473 ‘50.
2110 2418 2304 2476 Frater
2327 2420 2644 2479 sciscitatus
2671 2431 2755 2478 est
2787 2423 3038 2479 abbatem
3073 2422 3284 2478 Sisocm
3311 2440 3324 2478 :
3353 2421 3410 2477 Si
3434 2423 3521 2477 in-

1908 2506 1996 2561 via
2045 2508 2531 2575 ambulaverimus,
2581 2519 2636 2566 et
2685 2512 2898 2568 itineris
2948 2511 3057 2567 dux
3108 2513 3484 2576 aberraverit,

1907 2605 2191 2666 oportctne
2233 2601 2281 2656 ei
2328 2600 2652 2657 declarare?
2726 2601 3031 2674 Respondit
3089 2617 3256 2660 senex
3293 2618 3309 2657 :
3341 2601 3483 2658 Non.

1909 2689 2202 2760 Subjunxit
2244 2690 2454 2748 frater:
2488 2690 2594 2748 Sed
2642 2694 2887 2752 sinemus
2926 2705 2984 2750 ut
3012 2710 3114 2750 nos
3146 2710 3177 2749 a
3208 2694 3296 2749 via
3331 2708 3485 2748 aver-

1906 2782 2023 2835 tat?
2051 2780 2190 2836 Tum
2218 2783 2271 2838 ei
2299 2799 2466 2839 senex
2498 2801 2513 2838 :
2547 2784 2691 2851 Quid
2744 2785 2932 2857 igitur,
2972 2786 3282 2858 accipiesne
3313 2785 3486 2839 bacu-

1906 2873 2016 2927 lum
2054 2890 2166 2944 qno
2201 2875 2355 2929 illum
2384 2876 2676 2933 verberes?
2704 2876 2820 2949 Ego
2854 2878 2981 2933 novi
3014 2877 3246 2945 fratres,
3282 2876 3486 2949 quibus

1905 2963 2008 3019 iter
2033 2967 2349 3037 agentibus,
2376 2975 2541 3022 noctu
2567 2968 2843 3024 aberravit
2857 2984 3047 3025 eorum
3073 2968 3304 3036 ductor;
3326 2976 3484 3023 erant

1903 3061 2086 3109 autem
2129 3056 2445 3125 duodecim,
2487 3074 2792 3131 omnesque
2842 3059 3089 3116 sciebant
3134 3059 3355 3131 evagari
3383 3073 3477 3124 se;

1899 3153 1954 3200 et
2002 3150 2379 3222 unusquisque
2412 3167 2600 3208 secum
2652 3152 2938 3208 contendit
2988 3168 3058 3208 ne
3104 3152 3332 3208 diceret.
3384 3149 3482 3205 Die

221 3223 412 3290 μαθὼν
442 3228 471 3281 6
511 3228 723 3301 ὁδηγῶν
753 3234 946 3302 αὐτοὺς
973 3240 1056 3293 ὅτι
1100 3242 1484 3317 ἐπλανήθησαν
1527 3223 1628 3321 τὴν

1905 3246 2081 3294 autem
2118 3249 2341 3308 exorto,
2373 3244 2719 3314 comperiens
2749 3245 2850 3300 viae
2892 3245 3000 3299 dux
3045 3244 3190 3316 quod
3230 3244 3478 3299 deerras-

217 3311 369 3382 λὲγει
394 3315 607 3382 αὐτοῖς·
634 3320 1037 3396 Συγχωρήσατέ
1073 3345 1186 3398 μοι,
1216 3311 1302 3385 ὅτι
1327 3311 1658 3409 ἐπλανήθην.
1688 3311 1796 3394 Καί

214 3398 370 3459 εἷπον
395 3408 623 3473 πάντες·
661 3414 769 3467 Καὶ
789 3417 949 3487 ἡμεῖς
977 3419 1219 3491 ᾔδειμεν,
1247 3424 1363 3479 ἀλλ’
1384 3398 1790 3503 ἐσιωπήσαμεν.

227 3494 288 3547 '0
316 3496 375 3550 δὲ
418 3498 660 3566 ἀκούσας
703 3504 1003 3577 ἐθαύμασε,
1049 3512 1244 3581 λέγων,
1282 3517 1363 3570 ὅτι
1393 3518 1538 3584 Ἕως
1566 3494 1794 3577 θανόιτου

215 3586 640 3659 ἐγκρατεύονται
673 3595 721 3647 οἱ
752 3596 970 3665 ἀδελφοὶ
987 3601 1081 3654 τοῦ
1109 3603 1184 3674 μὴ
1215 3603 1415 3660 λαλεῖν.
1445 3609 1554 3662 Καὶ
1578 3610 1794 3677 ὲδόξασε

213 3676 304 3729 τὸν
348 3679 502 3734 Θεόν.
568 3682 643 3736 T6
686 3685 744 3739 δὲ
782 3687 959 3759 μῆκος
1008 3691 1107 3764 τῆς
1135 3694 1256 3749 ὁδοῦ
1292 3691 1361 3770 ἦς
1389 3699 1791 3775 ἐπλανήθησαν,

216 3767 368 3834 μίλια
386 3770 616 3829 δώδεκα.

279 3947 382 4004 λα’.
415 3946 618 4007 Ἦλθόν
646 3972 777 4010 ποτε
810 3959 1137 4034 Σαρακηνοὶ,
1172 3968 1265 4022 καὶ
1301 3969 1559 4038 ἐξέδυσαν
1585 3975 1675 4031 τὸν
1701 3979 1793 4047 γέα

211 4058 377 4111 ροντα
411 4045 506 4099 καὶ
533 4046 627 4101 τὸν
656 4049 882 4121 ἀδελφὸν
913 4056 1101 4112 αὐτοῦ.
1131 4059 1240 4113 Καὶ
1268 4061 1593 4128 ἐξελθόντων
1615 4045 1793 4125 αὐτῶν

209 4132 288 4194 εις
313 4132 412 4205 τὴν
441 4135 649 4207 ἔρημον
682 4138 768 4195 ἵνα
804 4142 1005 4215 εὕρωσι
1034 4165 1088 4202 τι
1123 4149 1419 4224 βρώσιμον,
1455 4150 1615 4229 εὗρεν
1644 4161 1674 4214 6
1703 4163 1794 4232 γέ-

212 4241 320 4292 ρων
346 4226 567 4297 βόλόιτα
599 4234 880 4304 καμήλων,
913 4239 1008 4293 καὶ
1051 4240 1255 4309 κλάσας
1285 4239 1414 4318 εὗρε
1443 4226 1638 4306 κοκκία
1667 4226 1791 4326 κρι-

210 4312 318 4369 θῶν
340 4332 355 4346 ·
385 4316 595 4389 ἔτρωγε
626 4321 684 4376 δὲ
717 4323 774 4376 ἒν
808 4328 1016 4392 κοκκὶν,
1047 4333 1140 4386 καὶ
1185 4334 1247 4388 τὸ
1294 4312 1366 4390 ἓν-
1397 4339 1477 4403 εἰς
1510 4340 1609 4412 τὴν
1635 4312 1791 4413 χεξρα

208 4407 372 4463 αὑτοῦ
406 4411 594 4467 ἐτίθει.
643 4415 842 4471 Ἐλθὼν
867 4419 925 4473 δὲ
969 4423 999 4475 6
1035 4423 1258 4496 ἀδελφὸς
1292 4430 1478 4499 αὐτοῦ,
1508 4407 1668 4504 εὗρεν
1695 4407 1792 4489 αὑ-

207 4498 298 4552 τδν
324 4501 594 4569 ἐσθίοντα,
626 4507 721 4560 καὶ
750 4507 896 4577 λέγει
935 4514 1116 4586 αὐτῷ’
1146 4517 1296 4590 Αὕτη
1335 4521 1482 4577 ἐστὶν
1510 4525 1543 4595 ή
1574 4498 1787 4598 αγάπη,

1897 3336 2041 3397 sent,
2072 3331 2150 3385 ait
2176 3332 2286 3390 illis
2318 3351 2333 3389 :
2364 3333 2635 3407 Ignoscite
2664 3336 2820 3404 mihi,
2861 3334 3056 3393 deﬂexi
3088 3334 3157 3391 de
3188 3333 3295 3390 via.
3327 3333 3479 3391 Cun-

1895 3421 2079 3493 ctique
2117 3434 2500 3497 exceperunt:
2541 3426 2653 3484 Nos
2696 3443 2916 3500 quoque
2964 3443 3327 3495 noveramus,
3379 3426 3477 3482 sed

1896 3515 2244 3573 reticuimus.
2286 3517 2407 3585 Quo
2448 3519 2541 3575 ille
2573 3520 2796 3589 audito,
2828 3520 3128 3577 demiratus
3159 3523 3279 3586 est,
3309 3517 3476 3574 dixit-

1894 3622 2041 3676 que:
2075 3606 2160 3662 Ad
2214 3618 2450 3665 mortem
2488 3626 2685 3683 usque-
2712 3612 2912 3669 fratres
2961 3611 3237 3668 abstinent
3284 3614 3316 3666 a
3355 3626 3477 3667 ser-

1894 3712 2076 3754 mone.
2108 3698 2186 3753 Ac
2228 3698 2400 3756 Deum
2445 3701 2702 3759 laudibus
2729 3704 3043 3760 celebravit.
3075 3702 3339 3759 Distantia
3372 3716 3473 3757 au-

1896 3797 2001 3843 tem
2056 3791 2159 3847 via:
2203 3807 2238 3846 a
2283 3806 2390 3864 qua
2442 3793 2665 3850 abducti
2718 3794 2962 3858 fuerant,
3014 3793 3304 3850 duodecim
3354 3802 3474 3849 erat

1893 3879 2232 3939 milliarium.

1964 3972 2054 4028 51.
2096 3971 2376 4031 Venerunt
2403 3976 2638 4047 quodam
2666 3984 2908 4049 tempore
2937 3977 3229 4043 Saraceni,
3256 3987 3310 4033 et
3338 3994 3465 4048 spo-

1894 4062 2164 4120 liaverunt
2213 4081 2400 4123 senem
2459 4067 2745 4140 ipsiusque
2803 4070 3049 4125 fratrem.
3107 4069 3353 4140 Cumque
3411 4072 3466 4124 hi

1892 4155 2155 4212 exiissent
2201 4158 2256 4212 in
2312 4158 2698 4227 solitudinem,
2763 4169 2823 4218 ut
2873 4161 3076 4233 aliquid
3124 4163 3463 4219 eseulentmn

1894 4247 2231 4317 invenirent,
2292 4250 2497 4323 reperit
2563 4267 2727 4309 senex
2789 4259 3034 4309 stercora
3088 4253 3456 4319 camelorum;

1893 4340 2095 4409 quibus
2124 4339 2316 4398 fractis
2344 4350 2540 4401 nactus
2568 4352 2653 4400 est
2674 4359 2848 4415 grana
2875 4345 3082 4403 hordei.
3114 4345 3462 4401 Manducavit

1892 4439 2073 4486 autem
2105 4448 2274 4488 unum
2310 4449 2566 4506 granum,
2597 4444 2652 4492 et
2689 4437 2923 4493 alterum
2958 4437 3014 4493 in
3050 4453 3212 4493 manu
3241 4452 3341 4493 sua
3365 4451 3463 4508 po-

1896 4522 2028 4576 suit.
2058 4520 2298 4579 Veniens
2327 4540 2456 4580 vero
2477 4524 2644 4582 frater
2672 4526 2867 4597 ipsius,
2897 4525 3119 4583 offendit
3137 4543 3261 4583 eum
3284 4541 3464 4583 come-

208 4588 284 4641 ὅτι
316 4586 476 4663 εὗρες
506 4593 802 4668 βρώσιμον,
834 4603 924 4656 καὶ
953 4605 1111 4675 μόνος
1144 4586 1363 4677 ἐσθίεις,
1395 4615 1491 4668 καὶ
1515 4586 1782 4688 οὐκνὲφὼί

1905 4613 2102 4670 lentem
2127 4655 2143 4682 ,
2168 4625 2223 4672 et
2255 4618 2333 4672 ait
2371 4640 2383 4674 :
2432 4617 2685 4676 Haeccinc
2735 4630 2816 4677 est
2858 4621 3134 4687 eharitas,
3179 4622 3326 4693 quod
3372 4622 3459 4676 in»

208 4682 372 4750 νησάς
404 4702 472 4754 με
494 4702 509 4749 ;
544 4687 709 4757 Λέγει
735 4691 883 4763 αὐτῷ
905 4697 936 4748 6
963 4697 1136 4762 ἀσϐᾶς
1163 4701 1383 4774 Σισόης’
1411 4707 1525 4760 Οὐκ
1550 4682 1786 4780 ἠδίκησά

210 4788 284 4834 σε,
305 4774 503 4834 ἀδελφέ
526 4793 539 4806 ⁸
572 4777 681 4833 ἰδοὺ
717 4782 779 4835 τὸ
816 4784 981 4856 μέρος
1010 4806 1102 4843 σου
1142 4793 1199 4845 ἐν
1239 4797 1305 4865 τῇ
1355 4799 1497 4870 χειρί
1530 4774 1632 4870 μου
1661 4774 1783 4873 ἐτή-

213 4877 271 4933 ρη
278 4881 360 4919 σα.

270 5040 363 5112 λβ¹.
400 5043 631 5114 Ἔλεγον
660 5048 786 5117 περὶ
809 5049 903 5103 τοῦ
931 5052 1075 5107 ἀὸὃᾶ
1099 5056 1261 5130 Σισόη
1282 5060 1375 5113 τοῦ
1404 5064 1662 5134 Θηϐαίου,
1698 5072 1780 5124 ὅτι

215 5128 408 5199 ἔμεινεν
456 5137 541 5202 εις
590 5136 684 5192 τὸν
733 5141 1051 5212 Καλαμῶνα
1112 5148 1205 5202 τοῦ
1251 5128 1660 5222 ”Αρσενοῖτου”
1688 5166 1781 5217 καὶ

213 5220 353 5288 ἄλλος
376 5227 556 5298 γέρων
596 5229 812 5299 ἠσθένει
853 5236 933 5297 εἰς
971 5235 1069 5307 τήν
1106 5239 1271 5311 ἄλλην
1296 5220 1520 5318 λαύραν.
1556 5252 1665 5306 Καὶ
1702 5254 1779 5318 ὡς

213 5311 459 5411 fimum,
489 5318 700 5392 ὲθλίῦη.
750 5323 968 5397 Ἐπειδὴ
1007 5327 1063 5381 δὲ
1108 5330 1200 5385 δύο
1240 5334 1333 5389 δύο
1373 5311 1648 5411 ἐνήστευε,
1685 5311 1779 5400 καὶ

214 5394 324 5504 lvii]
360 5409 544 5481 ἡμέρα
581 5412 641 5465 ὲν
687 5407 721 5487 ᾗ
757 5415 856 5469 οὐκ
887 5394 1074 5488 ἤσθιε·
1112 5424 1204 5477 καὶ
1245 5425 1335 5479 ὅτε
1374 5394 1778 5505 ήκόυσε,λέγει

213 5492 278 5562 τῷ
304 5496 577 5573 λογισμῷ·
614 5503 680 5558 Τί
708 5507 951 5578 ποιήσω;
981 5510 1076 5565 ἐὰν
1113 5514 1350 5584 ἀπέλθω,
1380 5492 1775 5597 μήπωέάναίγ-

213 5583 398 5644 κάσωσί
426 5611 495 5663 με
522 5596 572 5648 οἱ
605 5596 825 5663 ἀδελφοὶ
851 5603 1042 5668 φαγεῖν
1063 5619 1077 5633 ⁸
1110 5606 1202 5659 καὶ
1229 5583 1671 5683 ἐὰνπαραμείνω
1695 5583 1774 5685 ei;

211 5678 293 5749 τὴν
338 5685 547 5759 αὔριον,
605 5690 817 5759 μήποτε
862 5693 1175 5771 τελευτήσῃ.
1224 5702 1367 5776 Πλὴν
1410 5708 1564 5763 τοῦτο
1619 5714 1768 5779 ποιῶ,

248 5857 285 5889 ’⁸
323 5865 401 5923 Al.
440 5867 633 5939 φεῦγε.
712 5869 755 5902 ²⁵
779 5870 868 5927 Al.
902 5874 1028 5929 add.
1061 5876 1175 5951 ἔτη,

1891 4715 2053 4762 vento
2094 4710 2398 4778 esculento,
2445 4712 2599 4768 solus
2635 4714 2895 4780 vesceris,
2944 4728 3046 4769 nec
3083 4714 3290 4770 vocasti
3328 4715 3460 4769 me?

1888 4799 2193 4870 Respondit
2244 4804 2413 4862 abbas
2464 4804 2653 4863 Sisocs
2686 4825 2700 4862 :
2732 4806 2852 4863 Non
2898 4809 2993 4864 tibi
3027 4808 3128 4863 feci
3160 4807 3414 4879 injuriam
3437 4848 3453 4871 ,

1888 4891 2057 4948 frater
2104 4910 2119 4948 :
2170 4910 2337 4962 ecce,
2390 4906 2597 4967 partem
2656 4908 2805 4956 tuam
2851 4901 2907 4957 in
2956 4916 3122 4957 manu
3169 4916 3289 4958 mea
3336 4918 3456 4958 ser-

1886 4986 2030 5039 vavi.

1957 5076 2047 5132 32.
2102 5077 2408 5137 Narrabant
2448 5084 2516 5166 de
2571 5085 2766 5143 abbate
2804 5085 2960 5143 Sisoe
2997 5086 3258 5153 Thebaeo,
3308 5090 3459 5166 quod

1888 5174 2135 5222 maneret
2184 5169 2241 5224 in
2291 5160 2589 5230 Calamone
2620 5175 2958 5242 Arsenoitze;
2997 5182 3052 5230 et
3101 5174 3242 5231 alius
3283 5188 3453 5230 senex

1886 5258 2187 5327 aegrotabat
2229 5261 2283 5315 in
2326 5262 2431 5317 alia
2476 5266 2647 5321 laura.
2704 5264 2884 5337 thue
2924 5266 3162 5331 audivit,
3214 5269 3454 5338 graviter

1887 5349 2029 5405 tulit.
2055 5350 2192 5418 Quia
2218 5369 2346 5410 vero
2370 5371 2467 5427 per
2487 5357 2732 5427 singulos
2756 5359 2896 5417 duos
2919 5359 3037 5416 dies
3052 5358 3262 5415 solebat
3283 5359 3450 5414 semel

1879 5450 2090 5499 tantum
2132 5448 2444 5514 comedere,
2489 5460 2715 5522 eratque
2757 5453 2876 5510 dies
2915 5470 3026 5525 quo
3071 5454 3376 5511 abstinebat
3418 5471 3451 5508 a

1878 5535 2036 5602 cibo;
2069 5537 2162 5591 ubi
2209 5553 2323 5595 rem
2359 5542 2584 5608 didicit,
2617 5544 2756 5599 dixit
2807 5547 2861 5601 in
2908 5548 3092 5604 animo
3138 5563 3278 5605 suo:
3309 5548 3450 5615 Quid

1878 5624 2115 5685 faciam?
2146 5627 2203 5683 Si
2245 5631 2431 5689 abiero
2461 5675 2476 5702 ,
2512 5651 2579 5692 ne
2606 5635 2747 5692 forte
2779 5646 2975 5710 cogant
3016 5656 3101 5696 me
3132 5641 3331 5698 fratres
3374 5643 3451 5696 οἱ·

1877 5719 2005 5774 bum
2037 5736 2280 5782 sumere:
2314 5726 2359 5781 si
2388 5737 2773 5796 exspectavcro
2799 5730 2864 5785 ad
2900 5731 3196 5787 crastinam
3239 5734 3412 5789 lucem
3434 5774 3450 5801 ,
