4062 6332
436 347 539 407 60⁸1

1536 356 1880 414 ΛΡΡΕΝΒῘΧ
1916 360 2008 413 ΑΙ)
2046 360 2470 422 PALLADIUM.

3604 372 3711 429 408

432 469 564 527 bum
600 467 860 526 inciderit
889 487 904 537 ;
944 470 1262 527 sedentibus
1310 483 1491 527 autem
1526 471 1674 534 circa
1704 489 1829 529 eum
1863 474 2014 530 seni-

2131 479 2214 534 ιιαὶ
2235 480 2563 553 καθημένων
2591 484 2861 555 γερόντων
2892 487 2935 518 ’⁸
2962 484 3098 556 πρὸς
3124 484 3284 540 αὑτὸν
3312 482 3542 555 ἐλάλησέ
3575 492 3708 542 τισὶ.

432 562 562 628 bus,
601 562 929 633 loquebatur
969 578 1093 618 eum
1134 562 1489 633 quihusdam.
1530 564 1700 620 Aiunt
1741 566 1790 622 ei
1823 583 1837 620 :
1873 566 2016 634 Quid

433 652 611 718 vides,
648 655 825 709 abba?
861 653 1003 709 Dicit
1038 654 1147 711 illis
1181 673 1192 708 :
1229 653 1410 711 Cerno
1443 656 1710 727 quosdam
1736 658 2018 714 venientes

434 760 603 814 super
630 762 736 812 me,
774 760 913 816 quos
944 760 1094 816 rogo,
1124 752 1183 800 ut
1212 746 1397 801 sinant
1422 762 1511 803 me
1538 748 1819 818 paululum
1840 749 2018 820 paeni—

433 837 663 891 tentiam
699 851 878 907 agere.
915 834 1072 892 Tunc
1112 836 1179 892 ad
1221 852 1345 893 eum
1394 839 1620 909 quidam
1660 855 1691 895 ο
1738 841 1966 897 senibus
1999 860 2012 896 :

435 931 492 986 Si
528 931 902 1001 permiserint,
945 931 1106 987 modo
1138 940 1365 1003 potesne
1400 934 1612 989 utiliter
1654 948 1856 989 vacare
1896 949 2015 1005 poe-

390 1024 725 1081 uiitentiae?
768 1023 1074 1095 Respondit
1134 1042 1300 1082 senex
1348 1043 1364 1081 :
1412 1024 1677 1092 Quamvis
1723 1041 2013 1097 nequeam,

430 1124 616 1170 tamen
662 1131 961 1187 parumper
1004 1115 1309 1188 ingemiseo
1340 1132 1508 1189 super
1531 1117 1712 1172 anima
1754 1133 1896 1183 mea,
1929 1117 2013 1174 id-

430 1226 539 1282 que
564 1210 765 1266 sullicit
793 1211 947 1266 mihi.

502 1300 592 1357 50.
652 1299 728 1357 De
785 1302 983 1357 abbate
1049 1300 1206 1359 Sisoe
1265 1303 1807 1371 commemorabam,
1866 1305 2013 1377 quod

431 1396 654 1464 quando
691 1394 842 1449 venit
871 1395 926 1449 in
958 1393 1209 1467 Clysma,
1256 1395 1571 1468 argrotavit;
1602 1404 1657 1451 et
1691 1395 1912 1452 sedente
1949 1410 2016 1451 eo

431 1488 490 1541 in
536 1485 673 1541 cella
717 1501 843 1542 cum
881 1487 1153 1558 discipulo
1191 1503 1313 1556 suo,
1357 1503 1486 1545 ecce
1512 1488 1697 1543 audita
1728 1488 2016 1558 estjanuze

431 1576 719 1648 pulsatio:
754 1591 921 1647 quam
952 1578 1263 1648 percipiens
1285 1592 1474 1646 senex,
1504 1578 1579 1632 ait
1607 1577 1882 1647 discipulo
1911 1592 2013 1633 suo

431 1670 782 1727 Abrahamo:
809 1669 909 1727 Dic
932 1671 980 1726 ei
1006 1671 1097 1742 qui
1131 1671 1311 1741 pulsat
1338 1689 1352 1726 :
1380 1669 1494 1743 Ego
1513 1669 1700 1726 Sisocs
1724 1670 1777 1725 in
1804 1678 2011 1735 monte,

430 1779 534 1836 ego
565 1762 754 1850 Sisocs
781 1765 835 1817 in
867 1770 1055 1818 matta.
1089 1762 1181 1820 llle
1202 1779 1332 1819 vero
1363 1764 1616 1830 audiens,
1641 1764 1885 1819 evanuit.

505 1947 595 2003 5|.
637 1944 784 2002 Dixit
813 1945 989 2001 abbas
1022 1944 1213 2002 Sisocs
1246 1945 1517 2001 Thebaeus
1546 1944 1821 2015 discipulo
1854 1958 1957 1998 suo
1994 1942 2008 1993 έ

432 2038 707 2112 Eloquere
741 2039 875 2093 mihi
911 2038 1045 2110 quid
1081 2038 1137 2093 in
1178 2054 1264 2094 me
1299 2053 1592 2110 agnoscas,
1622 2045 1676 2092 et
1704 2052 1807 2108 ego
1852 2036 2015 2091 vicis-

433 2130 539 2186 sim
576 2130 674 2185 tibi
704 2128 981 2200 proferam
1015 2128 1159 2198 quod
1185 2127 1241 2183 in
1272 2138 1323 2184 te
1349 2142 1611 2199 agnosco.
1634 2127 1724 2180 Ait
1752 2127 1828 2181 illi
1847 2126 2015 2181 disci-

432 2219 599 2291 pulus
634 2238 648 2275 :
689 2218 770 2274 Tu
799 2220 978 2276 bonus
1004 2219 1212 2286 animo,
1254 2219 1349 2276 sed
1394 2220 1560 2290 paulo
1584 2218 1798 2274 durior.
1825 2218 1892 2272 Et
1931 2233 2016 2275 sc-

434 2325 539 2366 uex
565 2330 578 2365 .
603 2309 684 2365 'fu
702 2324 853 2376 vero,
874 2310 1075 2381 inquit,
1095 2310 1276 2365 bonus
1310 2325 1391 2373 es,
1420 2310 1518 2368 sed
1549 2310 1733 2366 animo
1754 2309 2012 2365 molliori.

506 2402 597 2458 52.
638 2402 888 2458 Relatum
920 2412 1008 2459 est
1045 2402 1114 2459 de
1147 2403 1344 2459 abbate
1385 2402 1545 2459 Sisoe
1571 2402 1830 2466 Thebaao,
1865 2401 2015 2472 quod

434 2512 630 2569 panem
667 2511 776 2552 non
809 2495 1141 2552 comederet.
1184 2494 1252 2549 Et
1280 2496 1335 2551 in
1370 2494 1511 2551 festo
1540 2494 1791 2560 Paschae,
1819 2494 2016 2549 fratres

432 2596 764 2661 rogaverunt
805 2604 930 2645 eum
974 2588 1272 2660 supplices,
1323 2596 1386 2643 ut
1418 2604 1545 2643 cum
1593 2588 1728 2659 ipsis
1775 2594 2018 2644 sumeret

434 2680 640 2738 cibum.
662 2679 967 2752 Respondit
986 2680 1353 2737 :Alterutrum
1373 2679 1624 2736 facturus
1651 2695 1795 2745 sum,
1816 2680 1900 2734 vel
1919 2694 2017 2750 pa-

434 2785 560 2825 nem
601 2785 839 2839 sumam,
862 2769 947 2827 vel
989 2784 1112 2841 qua:
1142 2768 1466 2826 confecistis
1500 2768 1705 2825 edulia.
1741 2768 1825 2823 llli
1866 2769 2020 2823 dixe-

433 2870 607 2918 runt:
642 2859 831 2918 Solum
862 2878 1057 2934 panem
1084 2861 1376 2918 manduca.
1410 2863 1589 2932 Atque
1620 2861 1694 2917 ita
1723 2859 1870 2916 fecit.

948 2998 1024 3054 De
1050 2999 1241 3054 abbate
1273 2997 1514 3054 Silvano.

509 3111 562 3167 1.
607 3109 720 3183 (58)
752 3111 1118 3167 Accesserunt
1141 3108 1439 3180 aliquando
1470 3107 1643 3163 abbas
1670 3105 1927 3162 Silvanus
1968 3116 2022 3162 et

435 3201 738 3260 Zacharias
772 3203 1079 3273 discipulus
1131 3203 1254 3272 ejus
1302 3202 1370 3257 ad
1411 3200 1689 3272 quoddam
1742 3206 2017 3255 monaste-
2045 3188 2089 3246 C

434 3299 620 3364 rium,
663 3296 757 3353 ubi
807 3296 985 3352 adacti
1028 3303 1159 3352 sunt
1202 3294 1269 3350 ad
1316 3293 1651 3365 parum'cibi
1693 3293 2020 3348 sumendum

436 3398 732 3462 antequam
793 3388 1302 3461 proﬁciscerentur.
1369 3387 1507 3443 Cum
1567 3394 1751 3441 autem
1809 3384 2018 3457 egressi

436 3484 697 3550 fuissent,
723 3482 1031 3553 discipulus
1060 3481 1181 3552 ejus
1210 3481 1268 3535 in
1295 3479 1379 3534 via
1399 3494 1597 3550 aquam
1629 3477 1853 3549 reperit,
1880 3478 2022 3533 vole-

435 3578 639 3647 batque
682 3576 888 3632 bibere.
922 3576 1013 3629 Ait
1056 3574 1135 3629 illi
1177 3588 1345 3630 senex
1375 3595 1391 3635 ;
1423 3571 1709 3636 Zacharia,
1747 3570 1908 3627 hodie
1939 3571 2023 3641 je-

434 3666 649 3735 junium
692 3673 797 3721 est.
840 3664 933 3720 llle
975 3663 1191 3735 excepit
1224 3682 1239 3719 :
1269 3662 1464 3718 Nonne
1495 3662 1860 3725 comedimus,
1917 3661 2021 3715 Pa-

436 3757 567 3814 ter?
630 3754 935 3828 Respondit
992 3771 1161 3812 senex
1213 3770 1228 3808 :
1272 3756 1368 3812 Illa
1408 3756 1678 3812 comeStio
1730 3755 2022 3811 charitatis

437 3851 572 3919 fuit;
615 3866 717 3906 nos
747 3857 927 3905 autem
964 3849 1237 3921 jejunium
1279 3854 1531 3905 nostrum
1577 3855 1888 3913 teneamus,
1922 3846 2018 3903 ﬁli.

505 3942 562 3998 2.
609 3942 719 4014 (5⁸))
761 3941 930 4009 Idem,
978 3941 1180 3999 sedens
1225 3941 1529 4013 aliquando
1565 3955 1694 3997 cum
1730 3940 2020 4005 fratribus,

436 4037 495 4092 in
538 4037 801 4092 cxstasim
835 4022 1116 4107 abreptus,
1155 4034 1359 4092 cecidit
1403 4035 1461 4090 in
1503 4033 1737 4102 faciem;
1765 4041 1821 4090 et
1849 4035 2024 4105 multo

436 4136 563 4201 post
614 4144 847 4201 surgens
887 4129 1159 4200 plorabat.
1209 4127 1563 4199 Rogaverunt
1616 4141 1745 4183 eum
1795 4124 2020 4191 fratres,

436 4223 687 4279 dicentes
720 4241 732 4277 :
775 4221 917 4289 Quid
952 4223 1146 4290 habes,
1178 4221 1381 4276 Pater?
1421 4220 1516 4276 Ille
1551 4236 1683 4275 vero
1724 4219 1941 4274 tacebat
1969 4227 2024 4274 et

437 4316 709 4387 plorabat.
735 4314 984 4385 Cumque
1004 4321 1265 4385 cogerent
1284 4327 1410 4369 cum
1435 4312 1584 4383 loqui
1609 4331 1625 4367 :
1651 4311 1785 4382 Ego,
1820 4311 2021 4381 inquit,

437 4407 506 4463 ad
551 4408 821 4477 judicium
873 4415 1066 4477 raptus
1106 4420 1269 4471 sum;
1308 4404 1685 4475 conspexique
1728 4402 1932 4458 multos
1957 4401 2025 4459 de

2119 569 2383 640 Λέγουσιν
2411 571 2591 644 αὐτῷ’
2616 574 2681 627 Τί
2704 573 2941 644 βλέπεις,
2976 575 3154 642 esse;
3184 574 3296 629 Kal.
3326 573 3474 642 λέγει
3503 575 3710 640 αὐτοῖς·

2131 662 2274 735 ’0ρῶ
2299 682 2451 729 τινας
2473 665 2725 732 ἐλθόντας
2763 668 2850 720 ἐπ’
2888 668 3009 739 ἐμὲ,
3044 668 3137 722 καὶ
3180 666 3485 740 παρακαλῶ
3514 668 3713 732 αὐτοὺς

2120 755 2209 809 ἵνα
2242 755 2446 810 ἐάσωσι
2487 774 2554 829 με
2590 758 2785 830 μικρὸν
2829 761 3179 832 μετανοῆσαι.
3225 760 3389 828 Λέγει
3435 759 3584 831 αὐτῷ
3628 754 3712 824 εἷς

2117 846 2228 902 τῶν
2272 849 2574 922 γερόντωνο
2612 851 2724 905 Kal.
2756 851 2850 905 ἐὰν
2886 851 3089 907 ὲάσωσί
3132 868 3211 916 σε,
3238 851 3445 922 ἀπάρτι
3484 850 3712 905 δύνασαι

2117 941 2485 1014 χρησιμεῦσαι
2521 945 2601 1009 εἰς
2641 944 2973 1016 μετάνοιαν;
3019 943 3184 1015 Λέγει
3230 943 3380 1015 αὐτῷ
3417 945 3447 996 6
3490 943 3669 1016 γέρων
3693 962 3708 977 ·

2116 1034 2182 1087 Εἰ
2212 1033 2268 1087 δὲ
2292 1036 2354 1088 οὐ
2388 1035 2623 1107 δύναμαι
2651 1037 2894 1108 ποιῆσαι,
2918 1035 3057 1090 ἀλλὰ
3106 1035 3348 1101 στενάζω
3391 1036 3577 1092 ἐπάνω
3611 1036 3713 1107 τῆς

2116 1125 2296 1198 ψυχῆς
2329 1145 2429 1198 μου
2456 1130 2672 1200 μικρὸν,
2707 1129 2801 1184 καὶ
2826 1130 2986 1201 ἀρκεῖ
3015 1146 3128 1201 μοι.

2187 1310 2250 1357 ν’.
2281 1304 2507 1374 Ἔλεγον
2541 1305 2672 1376 περὶ
2693 1304 2788 1359 τοῦ
2819 1305 2965 1360 esse
2992 1305 3178 1378 Σισόη,
3206 1304 3287 1359 ὅτι
3314 1305 3404 1359 ὅτε
3442 1300 3606 1375 ἦλθεν
3631 1307 3715 1370 εἱς

2116 1397 2177 1450 τὸ
2218 1396 2475 1469 Κλύσμα,
2524 1397 2821 1470 ἠσθένησε·
2862 1399 2957 1453 καὶ
2998 1397 3306 1470 καθημένου
3358 1398 3526 1452 αὑτοῦ
3574 1398 3717 1469 μετὰ

2115 1488 2209 1543 τοῦ
2254 1488 2498 1561 μαθητοῦ
2547 1489 2712 1543 αὐτοῦ
2763 1491 2844 1554 είς
2895 1489 2996 1562 τὴν
3046 1489 3260 1555 κέλλαν,
3306 1490 3415 1544 ἰδοὺ
3459 1489 3717 1562 κροῦσμα

2117 1579 2340 1649 γέγονεν
2383 1581 2463 1645 εἰς
2499 1579 2599 1653 τὴν
2638 1579 2829 1654 θύραν.
2877 1582 2986 1635 Kal.
3015 1583 3211 1652 νοήσας
3253 1583 3282 1635 6
3319 1580 3519 1652 γέρων,
3564 1580 3717 1650 λέγει

2115 1671 2194 1743 τῷ
2248 1671 2463 1744 μαθητῇ
2513 1672 2678 1727 αὐτοῦ
2735 1672 3004 1745 ’Λϐραάμ’
3059 1674 3194 1726 Εἰπὲ
3248 1672 3328 1742 τῷ
3381 1674 3711 1745 κρούσαντι·

2130 1763 2273 1832 Ἐγὼ
2298 1764 2491 1836 Σισόης
2528 1767 2607 1829 εἰς
2657 1765 2718 1819 τὸ
2765 1765 2907 1837 ὅρος,
2937 1764 3049 1835 ἐγὼ
3083 1764 3277 1835 Σισόης
3318 1766 3397 1828 εἰς
3438 1763 3498 1817 τὸ
3542 1765 3718 1835 χαρά-

2047 1825 2089 1883 B
2116 1825 2285 1929 δριον.
2321 1858 2382 1913 '0
2416 1825 2486 1912 δέ
2510 1825 2755 1923 ἀκούσας
3022 1825 3259 1927 ἐγένετο.

2188 1956 2287 2004 ναν.
2328 1945 2494 2004 Εἶπεν
2524 1953 2553 2005 6
2580 1950 2754 2015 ἁϐϐᾶς
2793 1951 2988 2022 Σισὸης
3035 1951 3063 2003 6
3107 1949 3340 2023 Θηϐαῖος
3380 1948 3459 2019 τῷ
3498 1948 3717 2020 μαθητῇ

2119 2040 2283 2095 αὐτοῦ
2305 2059 2317 2071 ·
2352 2041 2490 2096 Εἰπέ
2521 2060 2611 2115 μοι
2644 2042 2695 2096 τί
2728 2043 2947 2113 βλέπεις
2976 2044 3055 2107 εἰς
3094 2042 3213 2114 ἐμὲ,
3254 2041 3409 2111 κάγώ
3443 2058 3525 2096 σοι
3573 2041 3721 2108 λέγω

2117 2132 2171 2186 τί
2200 2133 2382 2205 βλέπω
2412 2136 2491 2199 είς
2520 2136 2598 2191 σέ.
2633 2135 2798 2204 Λέγει
2837 2134 2989 2206 αὐτῷ
3031 2136 3060 2188 6
3113 2133 3360 2205 μαθητὴς
3401 2130 3599 2186 αὑτοῦ·
3641 2131 3718 2184 Σὺ

2119 2225 2283 2291 καλὸς
2313 2226 2392 2298 τῷ
2418 2225 2516 2297 νῷ,
2551 2227 2646 2280 καὶ
2672 2227 2905 2297 σκληρὸς
2937 2225 3151 2297 μικρόν.
3177 2225 3340 2294 Λέγει
3382 2223 3532 2295 αὐτῷ
3561 2223 3589 2276 6
3617 2222 3721 2291 γέ-

2121 2334 2258 2390 ρωνο
2287 2318 2360 2373 Σὺ
2395 2317 2558 2383 καλὸς
2582 2315 2653 2383 εἶ,
2681 2317 2819 2372 ἀλλὰ
2842 2317 3039 2389 χαῦνος
3068 2316 3147 2389 τῷ
3178 2315 3276 2389 νῷ.

2190 2410 2290 2481 νβ’.
2321 2409 2547 2480 Ἔλεγον
2570 2410 2698 2483 περὶ
2724 2409 2819 2464 τοῦ
2848 2409 2993 2464 esse
3025 2409 3185 2480 Σισόη
3214 2408 3307 2462 τοῦ
3342 2407 3596 2479 Θηϐαίου,
3635 2408 3722 2461 ὃτι

2122 2504 2220 2558 οὐκ
2239 2503 2425 2576 ἢσθιεν
2445 2504 2626 2574 ἄρτον.
2652 2505 2763 2558 Kal
2781 2506 2858 2568 εἰς
2880 2503 2975 2575 τὴν
2998 2504 3190 2574 ἑορτὴν
3208 2502 3299 2557 τοῦ
3319 2502 3511 2573 Πάσχα
3526 2502 3723 2555 ἔϐαλον

2120 2596 2270 2669 αὐτῷ
2322 2597 2611 2669 μετάνοιαν
2654 2598 2705 2650 οἱ
2751 2588 2993 2666 ἀδελφοὶ,
3034 2596 3121 2650 ἵνα
3158 2596 3302 2666 φάγῃ
3355 2597 3472 2665 μετ’
3512 2595 3717 2648 αὐτῶν.

2121 2691 2232 2744 Kal
2270 2688 2592 2761 ἀποκριθεὶς
2634 2685 2787 2744 εἶπεν
2832 2690 3049 2753 αὐτοῖς·
3088 2688 3185 2742 Ἐν
3219 2689 3328 2760 ἔχω
3375 2687 3632 2759 ποιῆσαιο
3682 2689 3721 2757 ἢ

2121 2782 2285 2853 ἄρτον
2310 2780 2416 2851 ἔχω
2443 2780 2795 2852 μεταλαϐεῖν,
2814 2781 2848 2851 ἢ
2882 2782 2982 2835 ὅσα
3014 2781 3304 2851 ἐποιήσατε
3343 2781 3535 2849 φαγία.
3571 2782 3635 2833 Οἱ
3661 2779 3725 2834 δὲ

2122 2868 2273 2926 εἷπον
2295 2872 2463 2945 αὐτῷ’
2487 2874 2687 2944 ’Ἄρτον
2712 2873 2869 2945 μόνον
2896 2873 3058 2945 φάγε.
3091 2874 3146 2927 Ὁ
3168 2874 3225 2926 δε
3250 2873 3504 2945 ἐποίησεν
3524 2872 3719 2935 οὕτως.

2500 3007 2638 3076 Περὶ
2671 3007 2780 3062 τοῦ
2813 3008 2963 3063 ἀὸϐᾶ
2990 3007 3328 3063 Σιλουανοῦ
3349 3040 3365 3056 .

2194 3129 2261 3177 α’.
2289 3120 2571 3193 Παρέϐαλέ
2605 3137 2735 3173 ποτε
2763 3121 2791 3172 6
2828 3119 3003 3182 ἁϐϐἄς
3027 3096 3312 3182 Σιλουᾶνὸς
3344 3119 3437 3172 καὶ
3483 3119 3513 3172 6
3545 3116 3729 3188 μαθη-

2122 3214 2222 3284 τὴς
2249 3212 2413 3266 αὐτοῦ
2441 3210 2716 3283 Ζαχαρίας
2756 3211 2837 3273 εἰς
2887 3212 3284 3282 μοναστήριονο
3328 3209 3422 3262 καὶ
3457 3208 3726 3276 ἐποίησαν

2124 3305 2321 3369 αὐτοὺς
2348 3304 2648 3373 γεύσασθαι
2683 3303 2877 3374 μικρὸν
2902 3303 3006 3374 πρὸ
3035 3297 3130 3355 τοῦ
3165 3300 3400 3355 ὁδεῦσαι.
3434 3301 3543 3354 Kal.
3571 3298 3725 3368 ἐξελ-

2126 3398 2325 3451 θόντων
2356 3396 2554 3461 αὐτῶν,
2597 3388 2756 3467 εῦρεν
2791 3398 2821 3449 6
2869 3394 3116 3468 μαθητὴς
3166 3393 3330 3447 αὐτοῦ
3377 3392 3522 3464 ὕδωρ
3555 3394 3613 3445 ὲν
3652 3394 3723 3463 τῇ

2124 3489 2246 3562 ὁδῷ,
2276 3490 2369 3543 καὶ
2397 3488 2556 3561 ἤθελε
2583 3490 2745 3542 πιεῖν.
2791 3488 2903 3542 Kal.
2944 3486 3093 3556 λέγει
3135 3484 3281 3555 αὐ,τῷ
3312 3485 3341 3537 6
3372 3483 3547 3554 γέρων
3566 3498 3581 3512 θ
3611 3484 3724 3534 Ζα-

2124 3585 2310 3656 χαρία,
2335 3580 2557 3655 νηστεία
2592 3582 2830 3654 σήμερον
2863 3579 2999 3651 (60).
3046 3579 3104 3631 '0
3137 3577 3193 3630 δὲ
3225 3576 3403 3645 λέγει·
3438 3575 3552 3628 Οὐκ
3582 3573 3727 3643 ἐφά-

2125 3692 2316 3746 γομεν,
2349 3675 2573 3746 Πάτερ;
2618 3673 2781 3742 Λέγει
2831 3674 2861 3726 6
2909 3670 3122 3740 γέρων·
3171 3668 3378 3721 Ἐκεῖνο
3405 3666 3484 3731 τὸ,
3516 3665 3725 3734 ἐφάγο-

2130 3785 2228 3839 μεν
2244 3767 2308 3831 ³⁰,
2340 3766 2438 3837 τῆς
2460 3766 2685 3837 ἀγάπης
2713 3760 2781 3835 ἦν
2800 3780 2813 3794 °
2839 3764 3003 3834 ἡμεῖς
3029 3761 3086 3815 δὲ
3110 3760 3210 3831 τὴν
3232 3758 3439 3814 ἑαυτῶν
3469 3757 3727 3829 νηστείαν

2127 3860 2508 3931 κρατήσωμεν,
2538 3856 2749 3911 τέκνον.

2197 3949 2263 4019 β’.
2305 3950 2363 4001 Ὀ
2389 3946 2554 4010 αὐτὸς
2583 3943 2947 4015 καθεζόμενός
2976 3959 3108 3996 ποτε
3139 3940 3276 4013 μετὰ
3305 3938 3570 4009 ἀδελφῶν,
3605 3938 3727 4009 ἐγέ-

2125 4056 2246 4112 νετο
2266 4040 2324 4091 ὲν
2351 4037 2626 4102 ἐκστάσει,
2649 4035 2744 4089 καὶ
2776 4033 2964 4088 πίπτει
2993 4033 3086 4087 ἐπὶ
3112 4032 3431 4103 πρόσωπον·
3462 4030 3557 4082 καὶ
3582 4028 3726 4099 μετὰ

2127 4129 2263 4182 πολὺ
2314 4125 2552 4190 ἀναστὰς
2604 4123 2807 4177 ἔκλαιε.
2863 4122 2975 4176 Kal.
3029 4120 3407 4192 παρεκάλεσαν
3456 4117 3618 4172 αὐτὸν
3670 4120 3724 4171 οἱ

2126 4220 2364 4288 ἀδελφοὶ,
2409 4218 2691 4286 λέγοντεςο
2732 4214 2799 4268 Τί
2837 4213 3001 4285 ἔχεις,
3050 4212 3267 4283 Πάτερ;
3318 4212 3376 4266 '0
3406 4208 3463 4263 δὲ
3506 4206 3727 4264 ἐσιώπα

2127 4307 2221 4361 καὶ
2251 4306 2486 4361 ἔκλαιεν.
2528 4304 2967 4375 Ἀναγκαζὸντων
3004 4303 3061 4356 δὲ
3099 4300 3279 4357 αὐτῶν
3312 4302 3507 4366 εἰπεῖν,
3531 4296 3686 4354 εἶπεν
3705 4317 3720 4332 ·

2140 4397 2281 4468 Ἐγὼ
2308 4400 2387 4463 είς
2414 4398 2511 4470 τὴν
2542 4398 2721 4469 κρίσιν
2749 4396 3037 4469 ἡρπάγην·
3070 4397 3165 4450 καὶ
3198 4390 3338 4449 εἶδον
3368 4393 3595 4456 πολλοὺς
3622 4391 3725 4447 τοῦ

436 4514 639 4570 genere
660 4505 855 4553 nostro
890 4506 1085 4553 euntes
1119 4496 1188 4551 ad
1210 4495 1565 4566 supplicium,
1605 4495 1807 4549 multos
1839 4501 2020 4549 autem

2131 4493 2316 4562 γένους
2344 4492 2501 4564 ἡμῶν
2533 4492 2942 4562 ἀπερχομένους
2977 4491 3057 4552 είς
3090 4488 3331 4553 κόλασιν,
3363 4488 3460 4540 καὶ
3491 4485 3725 4552 πολλοὺς

436 4608 468 4648 e
491 4591 856 4647 saecularibus
882 4598 1077 4646 euntes
1102 4588 1170 4644 ad
1201 4602 1452 4659 regnum.
1488 4586 1554 4639 Et
1579 4587 1801 4657 lugebat
1828 4600 2018 4650 senex,

439 4700 504 4742 ac
533 4683 754 4740 nolebat
777 4682 929 4739 exire
956 4698 988 4738 e
1023 4682 1160 4737 cella
1190 4696 1311 4737 sua.
1338 4679 1496 4747 Quod
1533 4680 1580 4735 si
1612 4679 1765 4734 exire
1797 4692 2024 4747 cogere—

438 4788 552 4842 tur,
592 4778 878 4849 operiebat
919 4777 1136 4833 cuculla
1177 4775 1372 4832 faciem
1420 4791 1601 4838 suam,
1647 4772 2018 4843 dicebatque:

438 4872 581 4938 Quid
633 4870 853 4942 cupiam
903 4871 1088 4926 videre
1122 4868 1304 4925 lumen
1362 4867 1467 4924 hoc
1521 4864 1840 4937 temporale,
1875 4862 2022 4934 quod

439 4962 508 5018 ad
531 4962 669 5018 nihil
700 4962 834 5018 utile
863 4960 995 5018 est?

2127 4585 2238 4639 τῶν
2263 4584 2543 4651 κωμικῶν
2567 4582 2973 4654 ἀπερχομένους
3002 4583 3080 4645 είς
3103 4579 3396 4650 βασιλείαν.
3425 4578 3537 4633 Kal
3562 4577 3728 4632 ἐπέν-

2134 4676 2217 4729 θει
2248 4678 2277 4729 6
2305 4676 2507 4746 γέρων,
2545 4675 2639 4728 καὶ
2667 4675 2768 4727 οὐκ
2796 4673 2985 4744 ἢθελεν
3011 4669 3245 4735 ἐξελθεῖν
3278 4671 3343 4724 ὲκ
3372 4669 3468 4724 τοῦ
3505 4668 3724 4724 κελλεου

2132 4767 2320 4822 αὐτοῦ.
2361 4769 2426 4821 Εἰ
2466 4767 2523 4821 δὲ
2554 4767 2649 4820 καὶ
2674 4763 3016 4837 ἠναγκάζετο
3043 4763 3277 4832 ἐξελθεῖν
3297 4763 3365 4828 ³¹,
3397 4761 3596 4817 ἔσκεπε
3641 4762 3727 4834 τῷ

2133 4860 2431 4931 κουκουλίῳ
2459 4859 2571 4930 (61)
2603 4858 2664 4912 τὸ
2693 4857 2982 4930 πρόσωπον
3020 4856 3218 4921 αὐτοῦ,
3250 4855 3453 4924 λέγων’
3488 4854 3554 4907 Τί
3581 4854 3726 4910 θέλω

2136 4952 2263 5005 ἰδεῖν
2307 4951 2368 5006 τὸ
2408 4951 2524 5021 φῶς
2568 4950 2727 5005 τοῦτο
2775 4949 2834 5003 τὸ
2880 4949 3234 5020 πρόσκαιρον,
3279 4948 3375 5001 καὶ
3405 4946 3556 5003 οὐδὲν
3595 4947 3725 5019 ἔχον

2132 5043 2323 5113 ὄφελος
2341 5059 2355 5110 ;

504 5172 557 5204 ¹⁹
594 5168 685 5225 Al.
708 5163 992 5239 Πατέρων.
1069 5164 1115 5195 ⁸⁸
1138 5162 1225 5216 Al.
1252 5163 1466 5231 φαγεῖν.
1542 5159 1584 5191 ³⁸
1613 5160 1700 5213 Al.
1735 5157 1863 5215 add.
1894 5159 1958 5211 ἐκ
1987 5174 2021 5210 τ‹

2131 5156 2329 5211 ιελλίου
2360 5156 2544 5210 αὐτοῦ.

512 5308 626 5382 (58)
677 5305 783 5382 git.
812 5304 968 5382 ρων.
1006 5316 1091 5364 ιιι,

507 5371 624 5450 (511)
677 5376 780 5431 Vit.
810 5375 961 5450 Patr.
997 5392 1079 5450 ιιι,
1112 5371 1196 5425 15.

507 5386 601 5450 (511
677 5386 780 5431 Vit.
810 5386 961 5429 Patr.
997 5392 1079 5436 ιιι,
1112 5386 1196 5425 ID.

506 5386 624 5522 (60;
666 5449 885 5504 Ἤθελε
912 5443 1139 5522 πιεῖν...
1179 5440 1447 5522 ,νηστεία
1481 5437 1770 5521 σήμερον.
1817 5437 2030 5522 Sipqst

433 5509 680 5577 sentinam
709 5528 868 5575 noctu
889 5513 1233 5585 evigilaverit,
1273 5521 1421 5574 oret;
1451 5511 1498 5564 si
1521 5510 1677 5585 sitire
1696 5509 1923 5585 cmperit,
1947 5509 2033 5585 je:

438 5593 574 5656 iunii
600 5600 775 5644 autem
802 5578 1120 5648 instat'dies,
1157 5583 1327 5637 bibere
1361 5599 1464 5635 non
1486 5579 1722 5635 audebit.
1751 5578 2030 5635 Pachomii

443 5661 639 5728 Regula
675 5658 918 5727 capitulo
950 5658 1040 5728 8'7.

510 5720 623 5787 (vlli)
668 5720 933 5782 Ἔὸνιεπε
978 5726 1059 5790 τῷ
1109 5724 1467 5787 κευκουλίῳ.
1506 5720 1781 5775 Enimvero
1811 5720 2029 5790 quidam

442 5809 741 5852 uictorum
793 5795 1040 5864 Patrum,
1083 5795 1168 5848 ubi
1218 5794 1351 5851 cella
1383 5793 1639 5864 prodiret,
1678 5801 2029 5862 tegumentum

2128 5295 2289 5364 capiti
2318 5293 2637 5362 imponebat,
2662 5308 2724 5346 ne
2746 5292 3001 5364 aciemin
3030 5289 3158 5364 solis
3182 5291 3348 5364 jnbar
3371 5290 3663 5345 intenderet
3698 5308 3718 5347 :

2127 5359 2444 5433 causaqu
2468 5371 2683 5433 rogatus
2716 5362 2984 5431 respondit
3009 5377 3047 5433 εγ
3061 5359 3265 5431 Ecquid
3291 5370 3369 5416 est
3392 5376 3487 5413 cur
3518 5372 3720 5430 tempe-
3818 5368 3829 5377 ‘

2132 5435 2339 5491 rarium
2359 5432 2553 5487 lumen
2588 5434 2760 5488 videre
2792 5433 2984 5488 uelim?
3012 5432 3200 5488 Greece
3232 5447 3296 5486 ex
3332 5447 3463 5487 mss.
3491 5448 3504 5482 :
3538 5433 3718 5500 Καίγε

2132 5522 2217 5568 τις
2242 5504 2354 5559 τῶν
2381 5503 2552 5572 ἁγίων
2588 5503 2884 5574 Πατέρων.
2919 5503 3084 5573 ἡνίκα
3136 5500 3240 5571 τῆς
3258 5500 3481 5574 ,κέλλης
3500 5501 3714 5574 προῄει,

2136 5522 2217 5568 τις
2242 5521 2354 5559 των
2381 5519 2552 5572 αγιων
2605 5519 2884 5574 ιιατερων,
2919 5519 3084 5573 ηνικα
3136 5519 3240 5571 της
3270 5519 3466 5571 κεΑΑης
3500 5519 3714 5625 agona,

2136 5577 2399 5646 κάλυμμα
2430 5574 2524 5628 ἐπὶ
2545 5573 2644 5696 την
2679 5573 2921 5659 κεφαλὴν
2955 5574 3144 5660 ετίθει,
3175 5571 3311 5651 πρὸς
3331 5571 3393 5624 τὸ
3426 5572 3505 5694 alia
3576 5573 3715 5625 τενί-

2136 5664 2220 5696 σαι
2248 5649 2356 5696 (Al.
2399 5649 2586 5696 ὲνατεν
2614 5649 2727 5696 σαι1
2768 5661 2869 5696 την
2914 5644 3090 5696 at:th
3121 5658 3217 5694 του
3249 5641 3422 5696 ἡλίου.
3510 5643 3569 5695 al.
3614 5644 3708 5695 ἑπ-

2132 5664 2220 5702 σαι
2248 5641 2356 5718 (ΛῘ.
2399 5641 2727 5718 ὲνατενίσαι)
2750 5641 3090 5718 ςτὴνίαύγὴν
3121 5641 3217 5694 τοῦ
3249 5641 3569 5718 ἡλίρψῌΚαὶ
3614 5644 3708 5718 ξπ-

2129 5711 2480 5788 ερωτώμενος
2506 5715 2604 5788 τὴν
2648 5711 2842 5788 αἰτίαν
2882 5711 3523 5788 angina-“Tceo...
3553 5712 3714 5788 τοῦτο

2127 5781 2187 5842 τὸ
2207 5781 2407 5858 φῶςτὸ
2438 5781 2769 5858 πρόσκαιρον
2805 5786 2964 5855 ἰδεῖν,
2995 5781 3197 5841 ΤἸιεοιιε
3240 5781 3458 5838 Studita
3480 5792 3591 5840 cat.
3626 5784 3712 5839 18.
