4062 6332
299 383 397 481 ‘09.

1399 371 2017 433 APOPHTHEGMATA
2056 370 2368 431 PATRUM.

3445 371 3553 431 410

362 505 431 567 γ’.
464 495 690 550 Ἀλλοτε
723 492 969 564 είσῆλθεν
1008 492 1038 546 6
1080 490 1327 563 μαθητὴς
1371 490 1534 545 αὐτοῦ
1578 491 1875 564 Ζαχαρίας,

2052 490 2108 546 5.
2151 487 2297 560 (62)
2326 485 2450 543 Alio
2498 491 2745 557 tempore
2789 484 3072 555 ingressus
3121 488 3206 539 est
3252 481 3556 553 discipulus

302 591 388 645 καὶ
417 580 577 663 εὗρεν
607 586 770 642 αὐτὸν
790 586 849 640 ἐν
881 584 1157 650 ἐκστάσει,
1188 583 1285 639 καὶ
1309 583 1366 637 ai
1399 585 1578 655 χεῖρες
1604 582 1769 639 αὐτοῦ
1796 583 1876 646 είς

299 682 384 737 τὸν
414 680 641 752 οὐρανὸν
669 677 1011 750 ήπλωμέναι.
1053 675 1167 731 Kal
1210 673 1430 739 κλείσας
1467 675 1567 747 τὴν
1597 673 1767 746 θύραν
1783 672 1876 740 ἐξ-

298 772 446 845 ῆλθε.
464 771 577 826 Καὶ
605 769 777 824 ἐλθὼν
805 770 932 841 περὶ
952 767 1102 841 ὥραν
1130 765 1296 838 ἕκτην
1326 764 1421 820 καὶ
1449 764 1697 834 ἐννάτην,
1719 756 1876 835 εὗρεν

303 864 456 919 αὐτὸν
482 862 675 926 οὕτως.
725 861 837 915 Καὶ
868 859 997 931 περὶ
1039 857 1188 930 ὤραν
1215 857 1450 929 δεκάτην
1484 854 1708 927 ἔκρουσε
1726 869 1743 887 ·
1780 853 1877 907 καὶ

299 952 568 1018 εἰσελθὼν,
594 945 753 1025 εὗρεν
786 950 946 1005 αὑτὸν
980 947 1342 1022 ἡσυχάζοντα,
1374 946 1470 1001 καλ⁸
1509 945 1656 1015 λέγει
1695 943 1876 1016 αὐτῷ·

300 1043 361 1097 Τί
400 1042 545 1114 ἔχεις
588 1042 850 1113 σήμερον,
884 1039 1106 1110 Πάτερ;
1152 1038 1213 1094 ’0
1254 1038 1312 1092 δὲ
1355 1034 1543 1093 εῐπεν⁶
1572 1035 1878 1105 Ἦσθένησα

303 1132 552 1205 σήμερον,
573 1130 783 1185 τέκνον.
819 1130 877 1184 '0
908 1128 967 1183 δὲ
1002 1130 1281 1203 κρατήσας
1323 1128 1451 1192 τοὺς
1485 1125 1655 1189 πόδας
1686 1123 1875 1190 αὐτοῦ,

299 1221 510 1291 ἔλεγεν·
537 1218 722 1293 Ού’μὴ
748 1237 809 1274 σε
841 1220 1004 1285 ἐάσω,
1043 1218 1139 1274 ἐὰν
1176 1218 1251 1292 μὴ
1289 1221 1449 1291 εἴπῃς
1476 1235 1565 1290 μοι
1615 1217 1671 1271 τί
1712 1211 1876 1282 εἶδες.

300 1314 458 1383 Λέγει
490 1313 637 1385 αὐτῷ
660 1313 689 1366 6
710 1312 887 1383 γέρων
904 1328 921 1345 ⁸
960 1309 1101 1381 Ἐγὼ
1122 1311 1204 1376 είς
1228 1310 1320 1365 τὸν
1343 1310 1570 1384 οὐρανὸν
1599 1308 1877 1382 ἡρπάγην,

299 1406 391 1460 καὶ
417 1402 558 1461 εἶδον
584 1406 681 1477 τὴν
702 1404 862 1471 δόξαν
888 1402 983 1459 τοῦ
1026 1402 1185 1469 Θεοῦ,
1224 1403 1320 1457 καὶ
1358 1404 1477 1459 ἐκεῖ
1519 1400 1751 1473 ἱστάμην
1773 1399 1880 1466 ἕως

298 1500 443 1571 ἄρτι,
468 1499 563 1555 καὶ
589 1498 684 1555 νῦν
714 1497 1009 1570 άπελύθην.

361 1688 445 1751 δν.
471 1696 851 1768 Καθεζομένου
891 1698 1020 1751 ποτὲ
1068 1697 1163 1752 τοῦ
1198 1696 1344 1752 άὸϐἄ
1383 1693 1668 1751 Σιλουανοῦ
1711 1694 1791 1759 εἰς
1819 1691 1882 1748 τὸ

296 1787 418 1859 όρος
449 1787 509 1841 τὸ
552 1787 703 1855 Σινὰ,
748 1787 991 1858 ἀπῆλθεν
1033 1789 1062 1842 6
1109 1787 1357 1861 μαθητὴς
1398 1787 1562 1842 αὑτοῦ
1605 1785 1881 1859 Ζαχαρίας

1977 579 2099 651 ejus
2130 578 2428 635 Zacharias
2448 618 2464 644 ,
2492 583 2550 633 et
2583 575 2792 633 invenit
2826 589 2951 631 eum
2982 575 3037 629 in
3066 573 3271 630 exstasi
3289 613 3304 640 ,
3331 587 3558 631 manus-

1976 685 2086 742 que
2117 669 2240 741 eius
2278 669 2339 724 in
2374 668 2576 724 calum
2614 674 2855 724 extensae
2888 673 3066 722 erant.
3109 664 3388 720 Clandens
3426 678 3558 735 ergo

1975 761 2229 833 ianuam,
2262 750 2422 816 exiit.
2441 757 2644 813 Postea
2670 756 2905 814 veniens
2937 754 3089 810 circa
3110 753 3314 807 horam
3347 759 3557 807 sextam

1979 860 2036 909 et
2060 865 2289 919 nonam,
2314 849 2518 919 reperit
2538 847 2692 902 illum
2720 847 2772 901 in
2795 844 2986 903 eodem
3017 849 3187 899 statu.
3220 842 3381 898 Circa
3403 842 3556 898 deci-

1977 957 2126 1001 mam
2158 955 2291 998 vero
2343 939 2535 995 horam
2579 934 2860 1008 pulsavit,
2911 947 2975 988 ac
3010 933 3223 987 intrans
3250 938 3446 985 nactus
3474 936 3562 986 est

1977 1036 2353 1107 quiescentem
2389 1070 2405 1097 ,
2446 1030 2632 1100 aitque
2665 1028 2746 1083 illi
2780 1045 2794 1080 :
2825 1025 2965 1093 Quid
2996 1024 3158 1080 hodie
3201 1023 3299 1078 tibi
3325 1029 3430 1086 est,
3459 1020 3556 1076 Pa-

1977 1129 2097 1185 ter?
2129 1123 2475 1198 Respondit:
2502 1121 2679 1178 Hodie
2712 1117 2967 1175 inﬁrmus
2992 1116 3090 1184 fui,
3116 1114 3212 1169 fili.
3244 1115 3313 1168 At
3336 1114 3426 1168 ille
3459 1126 3560 1183 ap—

1978 1217 2271 1292 prehensis
2313 1214 2549 1287 pedibus
2604 1213 2750 1282 ejus,
2790 1208 2974 1264 dixit:
3004 1205 3125 1262 Non
3163 1216 3217 1261 te
3259 1202 3556 1271 dimittam,

1979 1311 2092 1369 nisi
2145 1308 2280 1365 mihi
2328 1304 2665 1363 iudicaveris
2703 1299 2966 1373 quidnam
3005 1296 3359 1367 conspexisti.
3405 1292 3563 1350 Tunc

1979 1419 2152 1461 senex
2180 1402 2251 1458 ad
2269 1415 2398 1458 eum
2443 1414 2458 1452 :
2489 1397 2604 1470 Ego
2632 1397 2689 1453 in
2720 1393 2921 1451 caelum
2956 1398 3171 1462 raptus,
3191 1388 3302 1444 vidi
3333 1386 3561 1458 gloriam

1979 1496 2101 1562 Dei,
2138 1494 2362 1565 illicque
2394 1489 2524 1547 steti
2555 1489 2844 1550 hactenus,
2894 1490 3062 1553 atque
3106 1478 3271 1535 modo
3301 1476 3563 1532 dimissus

2049 1700 2106 1756 4.
2131 1697 2263 1770 (65)
2301 1692 2599 1752 Residente
2643 1686 2940 1761 aliquando
2995 1686 3193 1741 abbate
3236 1681 3460 1738 Silvano
3507 1679 3565 1735 in

1984 1800 2168 1847 monte
2199 1788 2354 1856 Sina,
2378 1785 2515 1841 abiit
2539 1780 2849 1854 discipulus
2878 1778 2999 1849 ejus
3031 1774 3330 1831 Zacharias
3356 1771 3424 1826 ad
3460 1771 3565 1825 mi-

295 1880 373 1943 είς
418 1877 714 1943 διακονίαν,
760 1880 855 1934 καὶ
906 1880 1053 1950 λέγει
1089 1878 1170 1951 τῷ
1211 1879 1426 1952 γέροντι
1446 1895 1461 1910 ο
1495 1877 1788 1932 Ἀπόλυσον
1819 1874 1882 1931 τὸ

1989 1882 2289 1947 nisterium,
2319 1887 2374 1936 et
2398 1879 2476 1935 ait
2506 1875 2626 1933 seni
2657 1891 2671 1928 :
2701 1871 2925 1927 Dimitte
2977 1883 3202 1941 aquam,
3235 1874 3403 1936 atque
3449 1862 3567 1934 riga

295 1969 457 2040 ὕδωρ.
485 1971 581 2024 καὶ
607 1970 827 2025 πάιισον
864 1970 956 2025 τὸν
987 1971 1182 2042 κῆπον.
1217 1970 1277 2025 Ὀ
1318 1970 1377 2024 δὲ
1416 1967 1647 2035 ἐξελθὼν
1678 1966 1881 2022 ἐσκεπε

293 2061 389 2134 τὴν
428 2062 555 2132 ὄψιν
603 2062 773 2116 αὑτοῦ
820 2062 899 2134 τῷ
947 2062 1267 2134 κουκουλίῳ,
1317 2062 1411 2117 καὶ
1447 2061 1611 2133 μόνον
1645 2060 1714 2116 τὰ
1761 2059 1881 2131 ἴχνη

293 2153 460 2208 αὐτοῦ
494 2154 709 2210 ἔϐλεπε.
734 2154 1023 2225 Παρέὸαλε
1053 2155 1111 2209 δὲ
1135 2155 1359 2224 ἀδελφὸς
1393 2154 1438 2186 ³⁸
1469 2153 1606 2225 αὐτῇ
1633 2155 1700 2224 τῇ
1730 2151 1882 2224 ὥρᾳ·

293 2247 384 2301 καὶ
424 2246 551 2300 ἰδὼν
575 2246 736 2301 αὐτὸν
765 2247 875 2300 ἀπὸ
904 2248 1199 2319 μακρόθεν,
1238 2247 1485 2301 κατενόει
1517 2245 1570 2299 τί
1603 2245 1882 2316 ἐποίησεν.

293 2338 566 2394 Εἰσελθὼν
592 2340 650 2394 δέ
673 2341 703 2393 6
729 2339 957 2409 ἀδελφὸς
989 2340 1127 2412 πρὸς
1155 2338 1338 2404 αὐτὸν,
1379 2332 1533 2391 εἶπεν
1550 2350 1568 2369 ο
1596 2333 1733 2389 Είπέ
1769 2351 1881 2405 μοι,

297 2432 461 2497 assa,
485 2431 539 2484 τί
573 2431 635 2485 τὸ
661 2430 951 2503 πρόσωπόν
978 2448 1071 2484 σου
1091 2429 1509 2490 κατεσκέπασας
1543 2425 1624 2498 τῷ
1653 2442 1886 2480 κουκου-

295 2524 412 2595 λίῳ,
465 2524 559 2577 καὶ
593 2523 766 2588 οὕτως
802 2523 893 2577 τὸν
943 2523 1117 2593 κῆπον
1155 2518 1427 2586 ἐπότιζεςς
1477 2516 1639 2586 Λέγει
1674 2516 1824 2587 αύτῷ
1853 2516 1886 2571 6

294 2614 500 2685 γέρων·
537 2613 758 2679 Τέκνον,
794 2612 883 2667 ἵνα
930 2612 1004 2683 μὴ
1049 2612 1229 2665 ἴδωσιν
1274 2611 1327 2663 οἱ
1359 2606 1629 2680 ὀφθαλμοί
1673 2623 1776 2679 μου
1815 2604 1887 2661 τὰ

293 2704 507 2777 δένδρα,
533 2705 629 2759 καὶ
656 2703 1006 2775 άπασχοληθῇ
1030 2705 1059 2757 6
1086 2704 1211 2767 νοῦς
1239 2720 1339 2775 μου
1370 2701 1479 2756 άπὸ
1500 2700 1600 2772 τῆς
1622 2699 1886 2772 ἐργασίας

294 2796 465 2851 αὑτοῦ
494 2797 576 2860 είς
602 2796 760 2853 αὐτὰ.

356 2921 419 2969 ε’.
476 2913 760 2985 Παρέϐαλέ
798 2929 883 2975 τις
920 2910 1145 2979 ἁδελφὸς
1185 2907 1262 2980 τῷ
1302 2908 1446 2980 ἀ66ᾄ
1488 2905 1761 2978 Σιλουανῷ
1804 2908 1883 2970 εἰς

294 3008 351 3062 τὺ
383 3008 520 3081 ὅρος
556 3008 618 3062 τὸ
644 3008 801 3063 Σινάο
844 3008 936 3060 καὶ
971 3004 1093 3059 ίδὼν
1119 3004 1246 3067 τοὺς
1283 3003 1540 3077 ἀδελφοὺς
1570 3000 1887 3074 ἐργαζομέ-

1984 1977 2226 2032 hortum.
2271 1972 2372 2027 ille
2407 1978 2591 2026 autem
2636 1966 2850 2031 exiens,
2902 1962 3120 2034 tegebat
3162 1960 3357 2015 faciem
3411 1969 3567 2012 suam

1984 2067 2227 2133 cuculla,
2253 2071 2583 2133 tantumque
2605 2057 2826 2115 videbat
2854 2055 2920 2112 ad
2948 2052 3117 2126 pedes
3143 2067 3297 2109 suos.
3325 2045 3569 2103 Accessit

1983 2158 2174 2215 eadem
2219 2155 2359 2210 hora
2401 2152 2631 2223 quidam
2665 2147 2875 2214 frater;
2916 2145 3012 2217 qui
3044 2141 3280 2199 intuitus
3317 2153 3348 2194 a
3386 2138 3565 2205 longe,

1985 2246 2301 2304 attendebat
2324 2243 2457 2316 quid
2478 2242 2704 2298 faceret.
2721 2239 2775 2295 ls
2795 2239 2967 2294 frater
2995 2235 3063 2291 ad
3089 2234 3241 2290 illum
3262 2232 3566 2301 ingressus,

1986 2343 2126 2399 dixit
2160 2357 2177 2395 :
2212 2339 2390 2405 Abba,
2417 2335 2583 2394 eﬂare
2610 2333 2766 2398 mihi,
2801 2347 2905 2388 cur
2946 2329 3143 2384 faciem
3172 2335 3321 2379 tuam
3354 2319 3572 2377 cuculla

1985 2432 2269 2505 obtexisti,
2319 2436 2485 2499 atque
2525 2427 2601 2483 ita
2648 2424 2918 2496 irrigabas
2964 2415 3234 2475 hortum?
3270 2410 3573 2483 Respondit

1988 2543 2155 2585 senex
2184 2544 2197 2581 :
2228 2522 2354 2588 Fili,
2386 2536 2456 2578 ne
2482 2520 2629 2577 oculi
2662 2517 2770 2574 mei
2811 2514 3063 2571 viderent
3103 2511 3352 2573 arbores,
3385 2519 3569 2561 mens-

1985 2635 2093 2691 que
2141 2623 2471 2674 avocaretur
2518 2613 2588 2669 ab
2628 2607 2949 2682 operatione
2997 2619 3129 2677 sua,
3188 2606 3454 2670 occupata
3512 2595 3570 2650 in

1987 2711 2122 2767 illis.

2063 2909 2117 2964 5.
2161 2905 2276 2979 (64)
2317 2900 2554 2972 Quidam
2614 2901 2784 2956 frater
2845 2897 2913 2954 ad
2978 2896 3232 2951 abbatem
3292 2889 3569 2945 Silvanum

1989 2996 2139 3053 venit
2164 2996 2221 3050 in
2250 3000 2490 3050 montem
2511 2990 2679 3057 Sina;
2715 2997 2770 3043 et
2804 2986 2999 3041 videns
3026 2982 3227 3037 fratres
3259 2983 3570 3050 operantes,

294 3069 440 3166 voug;
485 3069 609 3154 εἷπε
647 3099 726 3170 τῷ
767 3099 1002 3170 γέροντι’
1062 3097 1148 3170 Μὴ
1194 3069 1657 3167 ἐργάζεσθετὴν
1684 3069 1887 3167 βρῶσιν

1990 3088 2127 3145 dixit
2151 3087 2269 3144 seni
2308 3106 2320 3141 :
2354 3083 2435 3139 Ne
2473 3080 2774 3154 operamini
2819 3079 3005 3134 cibum
3035 3075 3129 3145 qui
3161 3072 3301 3144 perit
3335 3070 3401 3126 ³⁵.
3452 3069 3575 3122 Ma-

292 3158 850 3262 τὴνηὰπολλυμένηνί
898 3188 1084 3260 Μαρία
1272 3158 1392 3257 ’τήν
1440 3158 1648 3257 ἀγαθήν
1684 3158 1887 3257 *μερίδα

1993 3181 2077 3235 ria
2105 3179 2250 3236 enim
2279 3177 2540 3249 optimam
2570 3180 2778 3244 partem
2819 3169 2983 3240 elegit
3014 3169 3082 3222 ³⁸.
3150 3165 3240 3219 Ait
3288 3177 3454 3219 senex
3491 3158 3577 3214 di-

293 3252 599 3351 ἐέελὲξατο.
651 3252 812 3352 Λέγει
848 3283 877 3335 6
908 3252 1086 3351 γέρων
1123 3252 1455 3350 ’τῷ-μαθητῇ
1487 3252 1651 3332 αὐτοῦ
1671 3252 1887 3349 ⁸⁷Ζαχα-

1993 3271 2205 3342 scipulo
2250 3284 2381 3326 suo:
2422 3264 2709 3329 Zacharia,
2739 3264 2806 3319 da
2833 3262 3033 3317 librum
3081 3258 3258 3323 fratri,
3296 3264 3351 3311 et
3391 3252 3576 3310 ducito

302 3344 407 3447 ρία,
550 3371 629 3444 τῷ
648 3344 862 3443 ἁδελφῷ
887 3344 1108 3442 βιϐλίον,
1127 3344 1221 3423 καὶ
1243 3344 1555 3439 galea-616v
1579 3369 1658 3432 εἰς
1680 3344 1887 3422 κελλίον

1993 3379 2121 3420 eum
2153 3363 2208 3419 in
2235 3361 2430 3418 cellam
2471 3359 2525 3414 in
2567 3370 2674 3428 qua
2714 3355 2852 3410 nihil
2890 3349 2995 3410 sit.
3023 3351 3159 3407 Cum
3191 3363 3322 3419 ergo
3360 3344 3579 3400 advenit

304 3436 469 3540 μηδὲν
510 3436 659 3537 ἕχον,
694 3436 846 3518 "Ott-:-
871 3436 962 3517 οὖν
1005 3462 1221 3531 ἐγένετο
1246 3436 1293 3532 Ἵὴ
1340 3460 1458 3532 ὥρα
1502 3460 1604 3531 τῆς
1642 3460 1887 3532 ἐννάτης,

1994 3456 2131 3511 hora
2176 3467 2346 3518 nona,
2391 3448 2727 3521 respiciebat
2771 3460 2869 3517 per
2912 3443 3139 3504 Ostium,
3186 3454 3253 3493 an
3299 3436 3579 3490 mitterent

305 3530 653 3630 προσεῖχε-τῇ
680 3554 837 3626 θύρᾳ,
864 3555 913 3607 εί
941 3530 1055 3624 ἄρα
1078 3530 1353 3623 πέμπούσι
1379 3530 1603 3604 καλέσαι
1629 3551 1790 3605 αὐτὸν
1813 3530 1887 3614 εἰς

1995 3549 2089 3620 qui
2138 3537 2362 3601 vocarét
2396 3557 2523 3599 eum
2568 3540 2637 3597 ad
2686 3535 3149 3594 manducandum.
3198 3530 3379 3601 thue
3417 3541 3578 3582 neruo

306 3619 365 3704 τό
406 3619 763 3721 quieti/:30;-
791 3619 858 3697 ’δὲ
909 3619 1081 3707 οὐδεὶς
1126 3619 1383 3696 ἐκάλεσεν
1427 3639 1610 3706 αὐτὸν,
1658 3639 1887 3703 ἀναστὰς

1997 3619 2233 3704 vocavit,
2295 3650 2532 3707 surgens
2584 3632 2866 3704 profectus
2904 3637 2989 3686 est
3040 3626 3107 3682 ad
3154 3638 3358 3680 senem.
3403 3619 3574 3687 Quem

303 3710 431 3813 ἦλθε
457 3710 601 3811 πρὸς
634 3735 725 3789 τὸν
750 3734 1000 3806 γέροντα,
1030 3732 1124 3787 καὶ
1160 3731 1310 3800 λέγει
1344 3728 1492 3800 αύτῷ
1510 3746 1523 3759 ·
1549 3729 1663 3784 Οὐκ
1694 3728 1887 3800 ἔφαγον

1999 3732 2297 3799 interrogat
2338 3727 2419 3782 sic
2463 3724 2675 3789 :Abba,
2720 3739 2827 3778 non
2881 3720 3239 3777 comederunt
3273 3713 3439 3768 hodie
3471 3710 3581 3764 fra-

308 3831 353 3883 oi
383 3829 611 3896 ἀδελφοὶ
639 3827 898 3898 σήμερον,
925 3824 1099 3890 esse;
1123 3824 1287 3893 Λέγει
1307 3824 1456 3896 αὐτῷ
1481 3824 1511 3876 6
1531 3825 1708 3896 γέρων
1727 3842 1740 3855 ·
1764 3824 1893 3882 Ναί.

311 3917 445 3975 Εἷπε
494 3917 594 3974 δέ·
625 3917 778 3970 Διατί
834 3917 934 3970 οὐκ
985 3915 1281 3969 ἐκαλέσατέ
1335 3932 1433 3986 με;
1488 3914 1650 3984 Λέγει
1693 3913 1842 3985 αὐτῷ
1870 3917 1898 3968 ὁ

309 4014 486 4086 γέρων
506 4028 523 4045 ⁸
568 4008 786 4079 Ἐπειδὴ
829 4008 1114 4079 ἄνθρωπος
1164 4007 1529 4078 πνευματικὸς
1574 4000 1644 4071 εἴ,
1691 4007 1785 4061 καὶ
1836 4007 1897 4059 ού

308 4104 499 4176 χρείαν
528 4101 672 4173 ἔχεις
707 4100 809 4170 τῆς
839 4098 1093 4171 βρώσεως
1124 4099 1357 4171 ταύτης·
1395 4101 1553 4170 ἡμεῖς
1603 4098 1661 4151 δὲ
1711 4114 1900 4168 σαρκι-

312 4197 395 4251 uol
421 4197 583 4259 ὄντες
612 4194 841 4264 θέλομεν
869 4196 1083 4261 φαγεῖν,
1112 4193 1206 4247 καὶ
1226 4193 1318 4246 διὰ
1339 4191 1498 4247 τοῦτο
1521 4188 1866 4263 ἐργαζόμεθα
1883 4209 1896 4223 ·

313 4288 375 4341 σὺ
406 4289 468 4343 δέ
492 4288 597 4360 τὴν
626 4287 798 4359 καλὴν
841 4287 1031 4358 μερίδα
1074 4285 1322 4351 ἐξελέξω,
1349 4268 1754 4353 ἀναγινώσκων
1773 4282 1900 4353 ὅλην

312 4381 406 4453 τὴν
432 4381 674 4454 ἡμέραν,
699 4379 791 4433 καὶ
826 4379 887 4432 οὐ
928 4378 1103 4442 θέλεις
1147 4381 1341 4447 φαγεῖν
1372 4375 1639 4448 σαρκικὴν
1675 4374 1899 4445 βρῶσιν.

2000 3818 2156 3874 tres?
2198 3812 2507 3884 Respondit
2556 3826 2726 3868 senex
2773 3828 2787 3863 :
2842 3809 3042 3869 Etiam,
3083 3803 3459 3860 comederunt.
3511 3799 3582 3853 Et

2000 3925 2191 3980 quare.
2225 3907 2428 3977 inquit,
2463 3919 2575 3960 non
2606 3899 2979 3965 arcessivistis
3010 3897 3139 3952 me?
3183 3894 3324 3949 Tum
3369 3904 3577 3951 senex:

2001 4001 2142 4069 Quia
2176 3999 2344 4054 homo
2383 3995 2650 4065 spiritalis
2693 4010 2777 4060 es,
2810 4007 2911 4047 nec
2942 4005 3075 4061 eges
3125 3988 3248 4043 cibo
3294 3987 3433 4051 hoc;
3477 3996 3580 4036 nos

2004 4102 2186 4148 autem
2223 4097 2414 4161 utpote
2443 4087 2719 4150 carnales,
2744 4084 3080 4139 manducare
3104 4081 3380 4142 volumus,
3420 4082 3582 4143 atque

2004 4184 2131 4240 ideo
2170 4194 2501 4252 operamur;
2538 4185 2599 4232 tu
2624 4190 2758 4232 vero
2800 4175 3063 4245 optimam
3104 4177 3312 4241 partem
3344 4163 3579 4235 elegisti,

2005 4278 2098 4348 qui
2131 4276 2266 4343 legis
2326 4287 2425 4344 per
2466 4278 2641 4326 totum
2679 4267 2846 4331 diem,
2892 4279 2994 4320 nec
3025 4262 3107 4318 vis
3149 4273 3367 4317 sumere
3397 4257 3582 4311 cibum

2008 4347 2306 4422 carnalem.
2346 4362 2446 4418 His
2477 4359 2702 4423 auditis,
2752 4356 2944 4422 frater,
2980 4350 3316 4425 pmnitentiaa
3350 4347 3583 4402 inclina-

313 4435 424 4527 ιςὲιι
447 4435 526 4538 1.3;;
552 4435 755 4542 ἢκουσε
776 4467 970 4532 ταῦτα,
994 4435 1172 4522 ιεοὶλέ
1195 4435 1503 4540 μετάνοιαν,
1528 4435 1739 4535 λέῷωζμῖ
1767 4467 1887 4534 Συγηι

2010 4458 2161 4513 tione
2210 4455 2379 4521 facta,
2429 4452 2569 4509 dixit
2614 4470 2626 4505 :
2675 4449 2905 4520 ignosce
2944 4445 3100 4511 mihi,
3150 4443 3311 4498 abba.
3359 4435 3583 4507 Excepit

314 4564 566 4636 χώρησόν
611 4580 722 4633 μοι,
764 4561 925 4615 άὸὁᾶ.
958 4561 1122 4629 Λέγει
1165 4560 1314 4630 αὐτῷ
1356 4560 1386 4612 6
1424 4560 1625 4629 γέρων·
1680 4558 1904 4620 Πάντως

315 4656 504 4725 χρείαν
538 4655 654 4726 ἔχει
688 4653 783 4708 καὶ
825 4655 858 4724 ἡ
893 4652 1076 4722 Μαρία
1122 4651 1220 4722 τῆς
1266 4651 1525 4723 Μάρθαςο
1554 4649 1641 4704 διὰ
1664 4649 1771 4720 γὰρ
1808 4649 1904 4720 τῆς

317 4747 545 4820 Μάρθας
576 4748 672 4800 καὶ
699 4748 733 4816 ἡ
764 4745 949 4817 Μαρία
981 4742 1406 4816 ἐγκωμιάζεται.

385 4866 462 4925 ς’.
502 4856 827 4931 Ἦρώτησάν
861 4875 992 4912 ποτε
1022 4857 1113 4911 τὸν
1160 4855 1334 4912 ἀὸὅᾶν
1374 4854 1683 4919 Σιλουανδν,
1718 4853 1902 4921 λέγον-

318 4965 429 5014 τες’
452 4950 626 5005 Ποίαν
649 4949 930 5004 πολιτείαν
946 4950 993 5002 εί
1001 4948 1206 5021 ργάσω,
1223 4947 1405 5018 Πάτερ
1419 4947 1486 5011 ³³,
1509 4946 1599 5001 ἵνα
1622 4944 1794 5017 λάϐῃς
1811 4943 1912 5014 τὴν

325 5043 591 5115 φρόνησιν
613 5043 852 5114 ταύτην;
885 5042 995 5096 Καὶ
1016 5039 1308 5113 ἀπεκρίθη·
1333 5039 1602 5093 Οὐδέποτε
1624 5038 1813 5107 ἀφῆκα
1830 5037 1911 5099 είς

324 5131 419 5205 τὴν
442 5135 672 5207 καρδίαν
702 5152 804 5206 μου
834 5133 1093 5204 λογισμὸν
1128 5131 1531 5205 παροργίζοντα
1556 5130 1649 5186 τὸν
1679 5129 1834 5184 Θεόν.

2003 4565 2211 4605 senex:
2245 4547 2414 4603 Plane
2441 4554 2497 4601 et
2528 4542 2719 4599 Mariae
2764 4539 3083 4597 necessaria
3121 4546 3205 4593 est
3240 4533 3478 4591 Martha.
3504 4528 3585 4584 Ex

2005 4639 2220 4695 Martha
2249 4636 2397 4695 enim
2418 4636 2585 4691 etiam
2621 4631 2789 4687 Maria
2813 4628 3160 4703 praedicatur.

2079 4843 2138 4897 6.
2180 4840 2296 4911 (65)
2338 4838 2824 4907 interrogaverunt
2860 4826 3156 4900 aliquando
3185 4825 3439 4880 abbatem
3477 4819 3588 4877 Sil-

2007 4949 2209 4990 vanum
2255 4932 2338 4990 sic
2375 4949 2388 4985 :
2426 4930 2485 4984 In
2512 4926 2821 4999 cuiusmodi
2855 4925 2998 4979 bona
3031 4920 3250 4976 actione
3289 4914 3585 4973 exercuisti

2006 5031 2083 5088 te,
2114 5023 2298 5087 Pater,
2328 5031 2386 5076 ut
2428 5020 2573 5075 hanc
2603 5034 2714 5089 qua
2746 5010 3014 5087 praeditus
3048 5028 3130 5077 es,
3164 5006 3588 5080 consequereris

2006 5114 2395 5187 prudentiam?
2426 5114 2491 5168 Et
2523 5112 2812 5184 respondit
2845 5128 2858 5166 :
2902 5107 3194 5176 Nunquam
3214 5099 3438 5174 permisi
3468 5111 3587 5152 ma-

2006 5224 2137 5266 nere
2168 5209 2226 5264 in
2255 5206 2421 5264 corde
2447 5222 2570 5263 meo
2598 5203 2985 5277 cogitationem
3014 5213 3136 5272 qua:
3162 5196 3333 5254 Deum
3352 5192 3419 5249 ad
3446 5190 3584 5249 iram

2004 5309 2353 5372 provocaret.

408 5528 573 5583 "Al.
601 5529 770 5586 inscr.
800 5526 971 5598 αὐτῷ.
1051 5527 1095 5559 ³³
1119 5526 1289 5584 Abest
1312 5525 1495 5596 Πάτερ
1522 5523 1592 5580 ab
1625 5521 1694 5578 al.
1777 5523 1821 5564 ἰ
1851 5521 1887 5577 3η

2000 5563 2010 5576 .
2051 5534 2125 5585 Vl,
2163 5518 2253 5572 ‘27.
2335 5514 2536 5570 "Luc.
2570 5529 2624 5580 χ,
2654 5513 2742 5566 42.

569 5738 665 5795 Vit.
694 5738 848 5795 Patr.
886 5753 924 5804 ι,
963 5739 1012 5792 1.

405 5737 519 5874 (ϐἳζ
569 5738 665 5825 Vit.
694 5738 848 5795 Patr.
886 5753 924 5804 ι,
963 5739 1012 5792 1.

407 5807 497 5865 (63
570 5807 668 5866 Vat.
703 5811 860 5866 Patr.
886 5824 967 5876 xl,
1002 5806 1093 5864 28.

407 5807 497 5865 (63

2086 5727 2196 5799 (6.1)
2248 5726 2351 5799 ιζξι.
2385 5725 2533 5799 ζων.
2579 5738 2631 5788 x,
2663 5718 2750 5799 69;

2085 5790 2195 5868 (65)
2252 5794 2351 5851 Vit.
2384 5793 2537 5849 I’atr.
2574 5807 2656 5858 tu,
2696 5790 2833 5860 175;
2865 5802 2943 5856 ιι,
3000 5792 3089 5854 50.
