4062 6332
479 646 553 703 iis
601 647 671 703 ad
723 651 907 707 cibum
972 654 1165 722 utitur,
1198 656 1523 717 confecerit
1576 674 1798 724 centum
1852 670 2054 728 cribra.

1621 368 1964 430 APPENDIX
2005 373 2097 433 AD
2136 377 2556 444 PALLADIUM.

2161 696 2252 734 σεν
2292 683 2374 747 εἰς
2411 685 2551 739 αὐτά
2593 686 2753 759 ἔργον
2787 691 2981 748 ἑκατὸν
3030 695 3276 754 κόσκινα.
3327 702 3439 758 Καὶ
3487 707 3596 764 ἰδοὺ
3634 683 3733 767 αἱ.

481 737 623 795 Ecce
648 742 800 797 venit
836 743 1001 801 homo
1041 762 1109 802 ex
1138 746 1405 820 Egypto,
1441 752 1651 813 ducens
1681 759 1899 816 asinum
1924 777 2015 818 om

481 836 624 876 slum
677 834 1116 876 nanihne-nnnc
1172 844 1351 876 nam.“
1387 846 1452 876 ..Α
1503 849 1692 876 mm-..
1743 852 1857 876 -:--_
1934 869 2014 876 --η

2156 737 2374 842 θρωπος
2734 737 3041 854 ,Αίγύπτοω
3072 788 3211 861 ἔχων
3245 792 3364 848 ὄνον
3391 737 3596 868 μεστὸέ

477 836 625 885 stum
675 834 1119 907 panibuszquos
1172 844 1356 912 posuit
1385 846 1454 902 ad
1500 849 1693 904 cellam
1739 852 1880 924 ejus,
1928 869 2054 911 cum

476 921 772 988 pulsasset.
800 924 1037 985 Sumens
1065 945 1200 1004 ergo
1231 949 1403 993 senex
1430 939 1638 1009 cribra,
1672 921 1921 1001 oneravit
1942 947 2053 1005 asi-

472 1027 629 1080 num,
668 1023 833 1087 atque
863 1019 1140 1081 hominem
1172 1027 1403 1089 dimisit.

539 1103 596 1160 8.
638 1105 752 1178 (66)
791 1109 1028 1168 Aiebant
1060 1116 1128 1172 de
1154 1119 1354 1178 abbate
1390 1121 1636 1195 Silvano,
1677 1129 1824 1199 quod
1853 1131 2050 1188 exierit

467 1192 675 1264 absque
703 1196 825 1268 ipso
852 1200 1162 1274 discipulus
1198 1210 1319 1279 ejus
1345 1192 1641 1272 Zacharias
1660 1192 2046 1292 (assumptis-

463 1299 572 1354 que
606 1286 895 1359 fratribus,
932 1309 1117 1366 sepem
1149 1298 1295 1356 horti
1326 1303 1634 1374 inverterit,
1670 1286 2045 1383 maioremque

462 1390 587 1430 eum
624 1379 948 1440 reddiderit.
987 1386 1144 1453 Quod
1172 1400 1463 1465 postquam
1480 1413 1649 1456 senex
1682 1405 1923 1474 agnovit,
1949 1379 2045 1464 ac-

459 1467 607 1537 cepit
640 1471 879 1530 meloten
907 1490 1086 1545 suam,
1112 1490 1169 1536 et
1188 1498 1449 1554 egressus
1484 1498 1605 1559 est;
1643 1467 1828 1569 aitque
1856 1467 2041 1555 fratri-

458 1558 603 1617 bus:
632 1560 798 1622 Orate
826 1582 929 1638 pro
956 1585 1064 1626 me.
1090 1570 1171 1628 Illi
1196 1587 1488 1638 cernentes
1508 1558 1639 1653 quid
1670 1558 1872 1658 ageret,
1912 1606 2040 1661 pro-

455 1647 712 1708 ciderunt
735 1655 803 1710 ad
826 1659 993 1727 pedes
1021 1663 1164 1733 ejus,
1188 1680 1255 1723 ac
1291 1647 1551 1728 dixerunt
1580 1692 1596 1731 :
1621 1647 1791 1735 Nobis
1811 1647 2036 1753 eloque-

454 1752 538 1838 re,
578 1739 760 1842 Pater,
794 1748 928 1819 quid
963 1750 1190 1813 habeas.
1218 1756 1520 1833 Respondit
1551 1782 1567 1820 :
1598 1766 1718 1825 Non
1754 1739 2034 1842 regredior

2153 879 2290 918 των·
2323 868 2418 920 καὶ
2460 869 2697 939 κρούσας
2732 875 2814 937 εἰς
2843 876 2906 929 τὸ
2943 879 3155 935 κελλίον
3196 883 3360 939 αὐτοῦ
3398 887 3582 961 ἔθηκε.
3612 868 3728 963 Λαε-

2153 952 2263 1009 σὼν
2294 954 2388 1012 οὖν
2415 961 2445 1013 6
2480 961 2660 1033 γέρων
2685 964 2755 1019 τά
2784 967 3028 1038 κόσκινα,
3076 973 3300 1046 ἐγέμισε
3333 977 3424 1033 τὸν
3453 952 3593 1049 ὄνον,
3629 957 3727 1042 καλ.

2148 1046 2417 1104 ἀπέλυσεν
2441 1051 2622 1108 αὐτόν.

2224 1141 2288 1206 q'.
2333 1138 2556 1208 Ἔλεγον
2595 1145 2724 1216 περὶ
2752 1146 2847 1200 τοῦ
2874 1148 3019 1204 ἀόὅᾶ
3050 1152 3357 1222 Σιλουανοῦ,
3382 1160 3464 1225 ὅτι
3499 1162 3729 1234 ἐξῆλθεν

2145 1226 2174 1279 6
2206 1229 2455 1303 μαθητὴς
2479 1235 2644 1290 αὐτοῦ
2673 1239 2949 1312 Ζαχαρίας
2988 1245 3159 1317 χωρὶς
3190 1249 3386 1304 αὑτοῦ·
3420 1257 3514 1308 καὶ
3543 1226 3723 1313 λαϐὼν

2144 1320 2271 1383 τοὺς
2291 1321 2578 1394 ἀδελφοὺς,
2600 1327 2829 1402 ἔστρεψε
2862 1333 2953 1388 τὸν
2985 1339 3238 1409 φραγμὸν
3265 1341 3359 1396 τοῦ
3390 1345 3589 1417 κήπου,
3624 1351 3723 1406 καὶ

2145 1410 2367 1478 μείζονα
2407 1414 2571 1471 αὐτὸν
2602 1419 2847 1490 ἐποίησε.
2868 1425 3085 1481 Μαθὼν
3121 1426 3214 1484 οὖν
3241 1435 3269 1485 6
3315 1410 3513 1505 γέρων,
3557 1410 3721 1495 ἔλαϐε

2138 1499 2200 1553 τὸ
2239 1503 2584 1579 μηλωτάριον
2630 1513 2818 1581 αὐτοῦ,
2861 1518 2956 1573 καὶ
3004 1518 3215 1592 ἐξῆλθε,
3268 1499 3363 1579 καὶ
3386 1499 3556 1598 -λέγει
3604 1534 3723 1597 τοῖς

2138 1592 2417 1666 ἀδελφοῖς·
2452 1600 2695 1666 Εῠξασθε
2728 1607 2856 1679 περὶ
2882 1608 2928 1640 ³⁸
2961 1611 3117 1682 ἐμοῦ.
3152 1615 3213 1668 Οἱ
3261 1616 3315 1670 δέ
3364 1592 3564 1685 ἰδόντες
3613 1592 3719 1677 ad;

2135 1684 2248 1749 τὸν,
2288 1685 2483 1745 ἔπεσον
2514 1693 2596 1758 εἰς
2646 1696 2775 1761 τοὺς
2820 1698 2988 1764 πόδας
3038 1703 3224 1771 αὐτοῦ,
3261 1705 3508 1777 λέγοντες
3527 1684 3554 1746 ’ί
3578 1713 3716 1770 Εἰπὲ

2136 1777 2269 1847 ἡμῖν
2300 1779 2356 1832 τί
2391 1782 2540 1839 ἐστιν
2591 1784 2621 1838 ὃ
2665 1784 2830 1858 ἔχεις,
2884 1792 3088 1865 Πάτερ.
3127 1794 3185 1848 '0
3224 1794 3281 1850 δέ
3336 1799 3471 1870 πρὸς
3514 1803 3721 1869 αὐτοὺς

374 1889 381 1893 .
453 1825 511 1881 in
544 1830 761 1900 cellam,
795 1852 907 1894 non
940 1855 1085 1899 exuo
1110 1847 1369 1917 meloten,
1393 1852 1570 1911 donec
1598 1873 1782 1930 sepem
1808 1865 2013 1923 reduxe

450 1917 574 1965 ritis
603 1923 669 1965 ad
700 1926 938 1965 nrinrnm
973 1933 1152 1965 hum...
1212 1938 1290 1965 In:
1333 1958 1523 1965 ..--..___-
1570 1964 1609 1965 η

2143 1825 2260 1847 π---
2312 1825 2354 1832 --
2391 1825 2536 1839 --.η
2592 1825 2619 1838 ν
2665 1825 2830 1858 υνυς,
2884 1825 3088 1865 μυιυςρ.
3143 1825 3185 1848 υ
3224 1825 3281 1850 νε
3336 1825 3470 1870 προς
3514 1825 3710 1869 αυτους

2134 1864 2238 1938 ἔφη
2257 1884 2272 1899 ·
2308 1870 2421 1925 Οὐκ
2468 1874 2786 1949 εἰσέρχομαι
2834 1879 2962 1947 ἔσω,
2989 1883 3052 1937 οὐ
3084 1886 3400 1942 καταϐαίνει
3429 1890 3491 1943 τὸ
3521 1893 3710 1965 μηλω-

450 1917 574 1976 ritis
602 1923 670 1978 ad
699 1926 939 1996 priorem
972 1933 1177 1995 locum.
1212 1938 1293 1995 Illi
1331 1958 1526 2002 rursus
1561 1917 1744 2020 sepem
1783 1965 2033 2015 mutave-

449 2021 596 2079 runt,
633 2022 690 2071 et
715 2022 1124 2083 constituerunt
1157 2032 1234 2085 uti
1274 2043 1412 2092 erat.
1442 2037 1561 2105 Quo
1576 2055 1830 2113 peracto,
1859 2064 2027 2107 senex

446 2116 704 2166 reversus
719 2121 804 2168 est
829 2114 883 2169 in
913 2119 1111 2175 cellam
1144 2138 1324 2182 suam.

511 2285 566 2342 9.
612 2287 828 2348 Dictum
873 2304 960 2352 est
1014 2299 1083 2356 ab
1132 2303 1332 2362 abbate
1377 2306 1602 2367 Silvano
1639 2330 1657 2372 :
1691 2312 1805 2385 Ego
1831 2332 2025 2380 servus

437 2391 561 2433 sum
576 2419 592 2446 ,
627 2388 682 2436 et
704 2383 964 2444 dominus
992 2405 1148 2449 meus
1170 2394 1309 2450 dixit
1330 2398 1466 2454 mihi
1490 2416 1505 2455 :
1524 2401 1633 2460 Fac
1654 2383 1795 2477 opus
1815 2424 2018 2479 meum,

435 2472 713 2543 atqueego
748 2485 800 2531 te
833 2479 1109 2551 nutriam;
1157 2486 1303 2543 unde
1343 2499 1553 2561 autem,
1590 2472 1711 2551 noli
1744 2472 2020 2573 quaerere,

434 2557 552 2617 sive
578 2560 834 2634 habeam,
860 2570 977 2627 sive
1012 2572 1188 2643 furer,
1228 2580 1348 2637 sive
1385 2581 1645 2653 fmnerer,
1673 2596 1730 2644 tu
1768 2608 1838 2648 ne
1869 2610 2022 2665 quae-

431 2647 597 2708 sieris
631 2670 645 2707 :
681 2671 911 2726 operare
941 2662 1232 2735 duntaxat,
1263 2678 1318 2727 et
1350 2677 1536 2759 nutrio
1567 2647 1642 2737 te.
1673 2681 1795 2754 Ipse
1824 2647 2015 2759 igitur,

429 2740 478 2795 si
518 2754 779 2813 operatus
806 2748 984 2818 fuero,
1022 2770 1089 2811 ex
1122 2763 1375 2820 mercede
1402 2753 1530 2823 mea
1552 2774 1815 2844 comedo;
1837 2779 1883 2833 si
1918 2794 2019 2835 au-

429 2839 537 2887 tem
568 2849 678 2891 non
708 2839 861 2897 fuero
893 2855 1174 2917 operatus,
1201 2867 1409 2925 agapen
1436 2861 1729 2921 manduco.

499 2925 586 2982 £0.
629 2927 777 2985 Dixit
827 2934 1025 2992 iterum
1079 2956 1093 2993 :
1132 2940 1223 2998 Vae
1270 2945 1481 3005 homini
1518 2952 1621 3022 illi,
1666 2955 1763 3028 qui
1811 2975 2012 3020 nomen

424 3022 744 3088 operatione
775 3029 956 3100 majus
985 3047 1325 3097 consecutus
1359 3053 1463 3100 est.

497 3112 585 3167 II.
629 3114 745 3209 (6?)
783 3118 1143 3197 Interrogavit
1175 3131 1346 3189 abbas
1376 3134 1591 3209 Moyses
1613 3141 1864 3203 abbatem
1897 3148 1952 3204 Si

422 3299 706 3354 statuere?
732 3298 1048 3374 Respondit
1083 3325 1253 3370 senex
1299 3335 1313 3370 :
1353 3318 1410 3375 Si
1457 3298 1542 3378 est
1573 3329 1882 3398 operarius,
1911 3347 2011 3405 po-

421 3393 528 3443 test
555 3395 611 3443 et
642 3390 879 3464 singulis
914 3396 1089 3458 horis.

489 3479 578 3535 12.
621 3482 947 3545 Memoravit
976 3507 1008 3548 e
1036 3492 1296 3557 Patribus
1329 3502 1557 3574 aliquis,
1592 3512 1739 3579 quod
1778 3514 2006 3584 quidam

417 3582 752 3642 congressus
799 3578 1102 3651 aliquando
1138 3601 1265 3644 cum
1297 3592 1496 3652 abbate
1546 3578 2005 3668 Silvano,-acin-

417 3660 592 3718 tuitus
630 3667 842 3723 vultum
879 3672 1005 3742 'ejus
1027 3690 1338 3753 corpusque
1366 3686 1517 3743 velut
1556 3695 1738 3763 angeli
1771 3660 2000 3771 fulgere,

414 3752 677 3810 ceciderit
707 3758 764 3812 in
795 3758 1017 3823 faciem.
1058 3752 1308 3828 Addebat
1331 3775 1470 3835 alios
1503 3752 1730 3855 quoque

415 3840 496 3899 los
521 3844 829 3908 obtinuisse
860 3853 965 3912 hoc
990 3856 1217 3918 donum.

918 3970 1000 4027 De
1033 3974 1226 4033 abbate
1254 3978 1491 4040 Simone.

479 4069 534 4125 1.
557 4071 693 4163 ᾃ(68)
745 4076 901 4134 Venit
928 4082 1229 4155 aliquando
1261 4106 1465 4162 praeses
1486 4106 1555 4152 ut
1588 4099 1798 4159 videret
1830 4105 2000 4163 abba-

407 4167 516 4217 tem
547 4161 845 4225 Simonem.
880 4173 1003 4240 Quo
1046 4179 1140 4235 ille
1172 4161 1481 4255 comperto,
1524 4193 1761 4264 sumpsit
1801 4197 1999 4270 cingu-

406 4250 539 4319 lum,
570 4257 958 4333 profectusque
989 4271 1241 4327 ascendit
1274 4250 1329 4328 in
1364 4250 1620 4346 palmam,
1651 4250 1713 4336 ut
1738 4250 1999 4355 purgaret

400 4358 547 4402 eam.
580 4346 663 4403 Illi
713 4368 843 4408 vero
888 4361 1238 4430 accedentes,
1291 4367 1675 4427 elamaverunt
1718 4393 1731 4429 :
1788 4375 1992 4450 Senex,

403 4436 625 4495 ubinam
668 4442 819 4515 degit
868 4452 1251 4512 anachoreta!
1283 4457 1592 4530 Respondit
1631 4481 1643 4516 :
1682 4464 1874 4525 Nullus
1902 4436 1990 4527 hic

326 4565 333 4570 .
400 4529 753 4588 anachoreta.
791 4536 858 4590 Et
887 4539 1207 4609 audientes,
1234 4529 1627 4607 discesserunt.

467 4618 524 4675 2.
568 4621 682 4696 (69)
734 4627 855 4683 Alia
902 4631 1100 4688 iterum
1138 4637 1279 4703 vice,
1326 4656 1530 4710 prteses
1568 4646 1709 4703 alius
1742 4652 1888 4704 venit
1914 4652 1982 4708 ad

396 4708 691 4768 videndum
738 4732 885 4774 cum.
934 4720 1000 4775 Et
1047 4708 1418 4793 przecedentes
1462 4732 1647 4791 clerici
1696 4738 1973 4809 signiﬁca-

396 4810 595 4857 verunt
618 4821 636 4859 :
661 4806 837 4877 Abba,
859 4822 1084 4880 paratus
1101 4826 1244 4883 esto,
1262 4820 1390 4891 quia
1413 4838 1617 4893 praeses
1634 4806 1858 4900 accepta
1888 4832 1971 4889 tui

396 4888 564 4957 fama,
593 4897 808 4952 accedit
841 4909 901 4956 ut
930 4888 1295 4965 benedicatur?
1318 4927 1349 4966 a
1369 4888 1441 4969 te.
1474 4915 1563 4970 Ait
1592 4933 1606 4969 :
1642 4888 1843 4994 Etiam.
1876 4937 1975 4994 pa-

393 4981 530 5038 rabo
568 5000 673 5042 mc.
709 4989 877 5060 Igitur
922 5005 1145 5066 gestans
1174 5010 1462 5061 centonem
1502 5024 1688 5078 suum,
1741 4990 1804 5068 et.
1827 5015 1975 5071 acci-

1960 3150 2081 3244 l'c

352 3224 360 3230 ~
422 3216 649 3270 vanum,
687 3205 878 3267 dicens
916 3231 931 3268 :
968 3213 1230 3277 Potestne
1278 3205 1740 3302 homo'quotidie
1791 3237 2005 3297 initium
2035 3205 2081 3244 ι’
2110 3232 2354 3302 λουανὸνν

2131 1959 2319 2030 τάριον
2346 1963 2443 2016 ἀπ’
2470 1965 2627 2037 ἐμοῦ,
2667 1968 2773 2034 ἕως
2811 1965 2872 2024 οὗ
2903 1972 3162 2046 ἐνέγκητε
3200 1976 3292 2031 τὸν
3337 1959 3594 2052 φραγμὸν
3625 1987 3715 2050 εἰς

2129 2046 2224 2103 τὸν
2278 2051 2490 2122 πρῶτον
2530 2056 2697 2112 αὐτοῦ
2726 2060 2910 2116 τόπον.
2942 2066 3005 2117 Οἱ
3035 2064 3092 2119 δὲ
3120 2066 3283 2122 πάλιν
3322 2046 3588 2143 ἔστρεψαν
3616 2046 3710 2130 τὸν

2130 2141 2403 2225 φραγμρν,
2434 2146 2528 2200 καὶ
2564 2148 2825 2221 ἐποίησαν
2873 2154 3035 2209 αὐτὸν
3075 2156 3151 2219 ὼς
3185 2154 3274 2230 ἦν.
3320 2141 3432 2216 Καὶ.
3472 2141 3645 2232 οὕτως
3676 2169 3710 2222 6

2128 2230 2309 2303 γέρων
2327 2215 2649 2309 ’ὑπέστρεψε
2678 2215 2759 2305 είς
2794 2242 2857 2296 τὸ
2886 2245 3096 2302 κελλίον
3123 2215 3310 2305 αὐτοῦ.

2197 2321 2261 2378 θ’.
2307 2322 2479 2382 Εἶπεν
2517 2330 2547 2384 6
2579 2330 2753 2396 ἀὸὅᾶς
2789 2333 3099 2402 Σιλουανός·
3139 2337 3279 2409 Ἐγὼ
3320 2343 3504 2410 δοῦλός
3549 2350 3667 2419 εἰμι
3688 2390 3711 2416 ,

2125 2411 2219 2465 καὶ
2245 2413 2274 2465 ὁ
2305 2414 2494 2486 κύριός
2523 2436 2627 2490 μου
2652 2417 2772 2476 εῐπέ
2802 2441 2921 2494 μοι·
2955 2425 3216 2497 Ἐργάζου
3240 2430 3302 2483 τὸ
3325 2430 3483 2503 ἔργον
3510 2411 3704 2505 pce",

2123 2502 2279 2571 κάγώ
2311 2521 2370 2559 σε
2398 2507 2617 2579 τρέφω·
2645 2512 2811 2567 πόθεν
2848 2514 2926 2582 δὲ,
2948 2515 3023 2588 μὴ
3067 2518 3249 2591 ζήτει·
3285 2502 3397 2575 εἴτε
3425 2502 3555 2595 ἔχω,
3592 2502 3707 2584 εἴτε

2121 2591 2359 2661 κλέπτω,
2386 2597 2498 2652 εἴτε
2525 2599 2860 2672 δανείζομαι,
2893 2604 2959 2658 σὺ
2996 2605 3071 2678 μὴ
3101 2608 3256 2681 ζήτει
3275 2627 3290 2642 ·
3328 2591 3562 2683 ἐργάζου
3605 2620 3706 2687 μό-

2119 2700 2230 2749 νον,
2259 2687 2354 2740 καὶ
2380 2690 2568 2760 τρέφω
2599 2707 2679 2748 σε.
2718 2694 2858 2764 Ἐγὼ
2892 2691 2986 2751 οῦν
3021 2697 3116 2753 ἐὰν
3141 2700 3485 2776 ἐργάζωμαι,
3513 2711 3577 2762 ἐκ
3603 2710 3707 2763 τοῦ

2121 2775 2314 2844 μισθοῦ
2357 2796 2460 2850 μου
2505 2782 2706 2838 ἐσθίω·
2742 2786 2838 2842 ἐὰν
2883 2788 2940 2842 δέ
2971 2790 3047 2863 μὴ
3095 2775 3435 2867 ἐργάζωμαι,
3473 2799 3705 2872 ἀγάπην

2117 2865 2300 2924 ἐσθίω.
3320 2865 3328 2867 ἡ
3524 2865 3547 2940 ⁷,

2188 2964 2239 3013 ι’.
2283 2958 2419 3015 Εἷπε
2454 2964 2646 3020 πάλιν·
2677 2969 2815 3023 Οὐαὶ
2851 2970 2927 3043 τῷ
2958 2973 3230 3050 ἀνθρώπῳ
3262 2980 3478 3053 ἐκείνῳ,
3498 2983 3556 3050 ὃς
3580 2983 3705 3057 ἔχει

2112 3047 2174 3101 τὸ
2196 3049 2366 3122 ὄνομα
2392 3055 2556 3110 αὐτοῦ
2593 3059 2779 3129 μεῖζον
2807 3062 2904 3132 τῆς
2932 3047 3211 3137 ἐργασίας
3226 3071 3413 3127 αὑτοῦ.

2185 3147 2275 3197 ια’.
2328 3144 2640 3218 Ἠρώτησεν
2668 3152 2696 3204 6
2740 3152 2916 3219 esse;
2952 3157 3192 3232 Μωῦσῆς
3240 3163 3331 3217 τὸν
3383 3165 3559 3221 ἀσϐᾶν
3600 3169 3700 3223 Σι-

2414 3236 2588 3307 λέγων
2608 3256 2622 3270 ·
2677 3242 2913 3299 Δύναται
2964 3248 3252 3322 ἄνθρωπος
3312 3256 3434 3311 καθ’
3474 3259 3699 3333 ἡμέραν

2112 3324 2329 3395 βάλλειν
2367 3328 2571 3402 ἀρχήν;
2614 3335 2726 3388 Καὶ
2751 3330 2904 3392 εἶπεν
2935 3340 2963 3391 ὁ
3000 3340 3180 3414 γέρων
3199 3360 3214 3375 ·
3256 3346 3380 3402 Ἐάν
3409 3324 3558 3407 ἐστίν
3590 3324 3696 3426 ’ἐρ-

2108 3417 2281 3489 γάτης
2311 3419 2379 3486 ³⁵³,
2402 3420 2626 3478 δύναται
2651 3424 2697 3457 ³⁹
2728 3428 2825 3482 καὶ
2854 3429 2975 3483 καθ’
2997 3431 3148 3504 ὥραν
3178 3436 3392 3506 βάλλειν
3421 3441 3616 3515 ἀρχήν.

2182 3514 2266 3585 ιβ’.
2310 3514 2449 3582 Εῐπέ
2485 3535 2569 3583 τις
2603 3520 2713 3575 τῶν
2741 3523 3021 3595 Πατέρων,
3051 3527 3134 3582 ὅτι
3165 3533 3419 3605 συνέτυχέ
3448 3514 3574 3591 ποτέ
3600 3556 3690 3605 τις

2103 3602 2184 3675 τῷ
2237 3605 2382 3678 ἀ66ᾷ
2412 3608 2717 3682 Σιλωανῷ,
2751 3613 2848 3666 καὶ
2896 3615 3159 3687 ἑωρακὼς
3206 3602 3474 3679 αὐτοῦτὸ
3519 3602 3689 3697 πρόσζ

2104 3712 2254 3750 ωπον
2283 3697 2377 3751 καὶ
2417 3699 2478 3754 τὸ
2509 3700 2670 3773 σῶμα
2704 3702 2779 3766 ὡς
2814 3704 3047 3774 ἀγγέλου
3092 3708 3333 3782 λάμψαν,
3365 3713 3560 3772 ἔπεσεν
3589 3719 3688 3774 ἐπὶ

2104 3786 2414 3857 πρόσωπον.
2446 3790 2641 3861 Ἔλεγε
2688 3792 2747 3846 δὲ
2796 3795 2890 3847 καὶ
2934 3795 3128 3863 ἀλλους
3187 3802 3337 3866 τινὰς
3390 3805 3684 3877 ἐσχηκέναι

2102 3877 2260 3933 τοῦτο
2285 3880 2348 3935 τὸ
2383 3880 2649 3954 χάρισμα.

2496 3992 2638 4061 Περὶ
2667 3995 2776 4049 τοῦ
2805 3996 2956 4053 ἀϐϐᾶ
2993 3999 3279 4070 Σίμωνος.

2168 4108 2238 4156 α’.
2279 4096 2452 4157 Ἧλθέ
2490 4121 2622 4158 ποτε
2652 4106 2837 4179 ἄρχων
2862 4109 2989 4163 ἰδεῖν
3017 4110 3109 4166 τὸν
3139 4113 3312 4168 ἀ66ἄν
3344 4117 3579 4188 Σίμωνα.
3616 4122 3678 4175 '0

2096 4192 2151 4246 δὲ
2171 4192 2411 4257 ἀκούσας
2449 4195 2610 4251 ἔλαϐε
2644 4198 2742 4270 τὴν
2793 4198 2991 4273 ζώνην,
3042 4204 3138 4257 καὶ
3166 4205 3408 4277 ἀπῆλθεν
3436 4210 3548 4281 (70)
3595 4213 3676 4276 εἰς

2096 4285 2318 4353 φοίνικα
2356 4287 2652 4360 καθαρίσαι
2695 4292 2877 4348 αὐτόν.
2911 4296 2973 4350 Ol
3011 4295 3068 4349 δέ
3104 4297 3368 4363 ἐλθόντες,
3399 4301 3671 4374 ἔκραξαν·

2094 4377 2283 4451 Γέρον,
2315 4381 2420 4435 ποῦ
2465 4381 2612 4438 ἔστιν
2640 4386 2668 4438 6
2699 4386 3092 4460 ἀναχωρητής;
3141 4392 3199 4445 Ὀ
3230 4392 3287 4446 δέ
3326 4391 3509 4449 εἶπεν·
3556 4398 3681 4452 Οὐκ

2094 4467 2241 4523 ἔστιν
2274 4463 2376 4524 ὧδε
2425 4473 2804 4546 ἀναχωρητής.
2845 4478 2956 4531 Καὶ
3009 4478 3340 4547 ἀκούσαντες
3385 4485 3680 4558 ἀνεχώρη-

2092 4574 2213 4613 σαν.

2162 4645 2228 4716 β’.
2274 4646 2494 4701 Ἀλλοτε
2526 4650 2690 4706 πάλιν
2724 4645 2889 4723 ἦλθεν
2914 4653 3070 4720 ἀλλος
3101 4656 3284 4730 ἄρχων
3319 4660 3446 4714 ἰδεῖν
3482 4662 3673 4718 αὐτόν.

2088 4738 2199 4792 Καὶ
2253 4739 2616 4810 προλαϐόντες
2651 4744 2702 4796 οἱ
2753 4744 3006 4819 κληρικοὶ
3049 4744 3202 4803 εἷπον
3236 4750 3416 4822 αὐτῷ·
3460 4752 3666 4817 Ἀ66ἄ,

2081 4832 2395 4902 ἐτοίμασον,
2424 4835 2506 4888 ὅτι
2549 4836 2577 4887 ὁ
2616 4835 2800 4907 ἄρχων
2849 4840 3064 4895 ἀκούων
3108 4843 3238 4914 περὶ
3286 4844 3403 4910 σοῦ,
3448 4845 3666 4916 ἔρχεται

2081 4924 2443 4996 εὐλογηθῆναι
2486 4928 2640 4998 παρὰ
2671 4929 2791 4984 σοῦ.
2830 4933 2888 4986 '0
2918 4934 2977 4987 δὲ
3017 4930 3166 4989 εἶπε·
3202 4937 3332 5013 Ναὶ,
3365 4936 3476 5007 ἐγὼ
3523 4939 3665 4993 ἐτοι-

2082 5016 2243 5086 μάζω
2295 5019 2506 5074 ἑαυτόν.
2543 5022 2783 5092 Φορέσας
2823 5021 2917 5079 οῦν
2954 5026 3015 5080 τὸ
3044 5030 3314 5082 κεντόνιον
3346 5029 3533 5096 αὐτοῦ,
3569 5033 3665 5086 καὶ

392 5071 551 5142 piens
591 5076 649 5132 in
687 5094 884 5140 manus
924 5101 1119 5157 panem
1155 5105 1279 5147 cum
1324 5110 1508 5166 caseo,
1549 5115 1801 5172 surgens,
1829 5104 1971 5162 sedit

2110 5071 2255 5162 atva
2283 5071 2784 5186 dprovVicalvicupbv
2824 5118 2882 5171 ἐν
2928 5123 3048 5184 ταῖς
3091 5123 3278 5193 χερσὶν
3321 5124 3489 5179 αὐτοῦ
3519 5125 3660 5197 (71),

461 5188 505 5221 ³⁸
533 5190 622 5245 AI.
654 5191 815 5264 ὑπέρ.
892 5197 935 5229 ³⁷
966 5198 1054 5255 Al.
1078 5216 1195 5259 σου.
1276 5205 1321 5237 ³⁸
1359 5206 1444 5263 Al.
1482 5209 1611 5268 add.
1652 5212 1959 5283 ἄνθρωπος.

2115 5218 2200 5273 Al.
2253 5221 2423 5277 inser.
2462 5224 2557 5277 καὶ
2590 5225 2715 5279 καθ’
2743 5227 2975 5300 ἡμέραν.

458 5345 571 5420 (βξ)
619 5344 728 5420 _V_it.
760 5348 916 5420 Patr.
948 5371 1002 5420 v,
1044 5357 1097 5411 I.

367 5466 375 5475 .
456 5416 571 5491 (ii?)
619 5416 727 5491 [ἐι.
759 5417 914 5479 Patr.
948 5416 1023 5491 xi,
1046 5428 1135 5485 29.

767 5491 921 5565 Patr.
949 5487 1066 5565 vul,
1105 5499 1188 5555 I7.

482 5488 571 5555 68)
620 5488 730 5544 Vit.
767 5491 921 5549 Patr.
949 5488 1066 5565 VIII,
1105 5499 1188 5555 l7.

615 5556 725 5633 [ει.
762 5562 916 5620 Patr.
953 5584 1073 5633 vm,
1106 5570 1193 5625 I8.

457 5626 571 5716 ρῳ
610 5630 720 5716 καὶ
746 5633 1036 5716 ᾀπῆλθξῖν.
1060 5626 1138 5716 In
1160 5641 1292 5697 Vitis
1316 5646 1577 5702 Patrum:
1608 5659 1656 5703 ct
1704 5653 1961 5716 ascendit,

386 5693 637 5779 ἀνῇὶρξνε
663 5699 800 5779 [σξιο
824 5693 1046 5779 rectius.
1093 5693 1191 5765 Ms.
1698 5693 1958 5779 arborem:

454 5764 567 5831 (τι)
607 5768 815 5823 Λαϐὼν
862 5775 1043 5843 ἄρτον
1081 5764 1178 5835 καὶ
1226 5764 1959 5863 ξω..νεῖξάῂ-ωέξίκξέιῖ

2075 5375 2283 5431 αὐτοῦ.
2320 5375 2775 5454 Per_C|imacum,
2820 5399 3126 5454 suppresso
3152 5389 3374 5446 nomine
3410 5408 3424 5444 :
3477 5394 3538 5447 '0
3562 5395 3655 5449 τὸν

2074 5448 2239 5529 dimov
2264 5448 2359 5529 κα)
2383 5449 2663 5529 τὸντυρρν
2688 5450 2833 5529 μετά
2854 5448 3043 5529 χεῖρας
3068 5457 3529 5529 εζληφώςςϐνηάιι
3557 5448 3649 5519 25.

2078 5515 2139 5567 lit
2162 5534 2285 5570 mox
2316 5518 2385 5573 tle
2415 5515 2581 5603 alioz:
2598 5521 2657 5574 '0
2686 5515 3234 5603 τὴν-ἐᾶυτοῦέσθῇτα
3262 5515 3649 5603 ἐκδυσάμενος,

2072 5596 2178 5639 etc.
2214 5586 2313 5672 Ubi
2333 5588 2456 5672 duo
2494 5586 2823 5671 scltoliafﬂfi
2856 5603 2911 5672 et
2945 5596 3048 5672 '24,
3072 5586 3253 5672 priora
3287 5603 3450 5655 verba
3469 5586 3646 5672 caput

2074 5666 2209 5709 nuut
2239 5658 2305 5713 de
2333 5658 2652 5729 Serapione,
2683 5665 2989 5732 posteriora
3017 5658 3089 5720 de
3106 5666 3360 5723 Simone:
3394 5686 3518 5725 cum
3544 5658 3648 5727 bne

2070 5736 2317 5781 nostrum
2341 5741 2526 5798 caput,
2555 5733 2717 5786 etiam
2753 5734 2806 5787 in
2840 5732 2970 5787 Vitis
3004 5735 3249 5798 Patrum,
3280 5740 3345 5792 ad
3365 5740 3641 5797 Simonem

2071 5803 2358 5866 pertineat.
2397 5803 2665 5868 Quocirca
2714 5806 3201 5873 transpositioncm
3238 5810 3433 5865 factam
3473 5812 3643 5871 fuisse
