4062 6332
366 330 463 389 415

1487 331 2106 397 ΛΡΟΡΙΙἸἮΕΩΜΔΤΔ
2144 339 2457 401 PATRUM.

3515 350 3618 414 ιιι

362 440 593 538 άναστὰς
621 441 702 507 εἰς
731 442 822 538 τὸν
850 441 1070 499 πυλῶνα
1107 445 1361 501 ἐκάθισεν
1389 447 1606 503 ἐσθίων.
1635 449 1747 504 Καὶ
1770 450 1935 505 ἐλθὼν

2045 455 2113 511 ad
2136 458 2490 526 vestibulum,
2534 464 2703 531 atque
2732 461 3130 521 mandueabat.
3164 463 3401 522 Advenit
3423 481 3628 538 praess

361 532 389 585 6
418 531 600 603 ἄρχων
633 531 773 604 μετὰ
804 534 903 606 τῆς
929 533 1137 600 τάξεως
1169 535 1357 603 αὐτοῦ,
1388 537 1484 591 καὶ
1518 537 1717 601 ἰδόντες
1753 538 1939 607 αὑτὸν,

364 618 717 694 ἐξουθένησαν
745 622 929 692 αὐτὸν,
963 624 1246 695 λέγοντες·
1280 620 1450 693 Οὗτός
1475 630 1623 683 ἐστιν
1662 630 1691 681 6
1725 630 1940 701 ἁναχω⁴

364 712 529 786 ρητης
582 713 714 787 περὶ
762 709 823 771 οὗ
869 716 1224 790 ἠκούσαμενς
1279 719 1391 773 Καὶ
1441 719 1644 785 εὐθέως
1695 721 1941 793 ἀνέκαμ-

361 805 480 874 dav.

721 920 865 990 Περὶ
902 921 1010 976 τοῦ
1043 920 1196 988 ὰόϐᾶ
1231 921 1574 994 Σωπάτρου.

437 1030 721 1103 Ἦρώτησέ
753 1049 838 1097 τις
866 1033 958 1087 τὶν
986 1033 1162 1088 άὸϐἄν
1190 1034 1482 1108 Σώπατρον
1504 1034 1571 1104 ⁸ο,
1604 1035 1780 1106 λέγων
1800 1052 1813 1065 ⁸
1841 1036 1941 1101 Δός

359 1137 448 1192 μοι
476 1121 721 1194 ἐντολὴν,
751 1122 917 1191 άὸὅᾶ,
962 1125 1060 1180 καὶ
1098 1124 1320 1196 φυλάξω
1371 1126 1561 1198 αὐτήν.
1599 1126 1659 1181 '0
1696 1127 1752 1181 δὲ
1785 1122 1941 1185 εἶπεν

351 1213 500 1286 αὐτῷ
519 1232 533 1246 ’
563 1214 659 1286 Μὴ
696 1215 915 1289 εἰσέλθῃ
947 1218 1085 1289 γυνὴ
1113 1219 1195 1283 εἰς
1232 1218 1296 1272 τὸ
1326 1218 1539 1274 κελλίον
1580 1236 1695 1285 σου,
1729 1221 1826 1275 καὶ
1864 1220 1941 1293 μὴ

348 1304 674 1381 ἀναγνώστας
717 1308 1047 1385 ἀπόκρυφα’
1082 1311 1177 1364 καὶ
1206 1311 1283 1383 μὴ
1326 1313 1637 1385 ὲκζητήσῃς
1668 1312 1798 1384 περὶ
1841 1314 1943 1384 τῆς

348 1400 591 1464 εἰκόνος·
625 1400 789 1458 τοῦτο
836 1384 948 1477 γάρ
980 1405 1083 1459 οὐκ
1114 1404 1263 1460 ἐστιν
1291 1407 1527 1479 αἵρεσις,
1555 1384 1673 1462 ἀλλ’
1705 1407 1944 1462 ἰδιωτεια

348 1491 446 1545 καὶ
500 1492 809 1561 φιλονεικία
856 1496 1189 1570 ἀμφοτέρων
1240 1497 1351 1553 τῶν
1413 1498 1633 1570 μερῶν·
1680 1498 1944 1554 ἀδύνατον

347 1583 458 1656 γάρ
492 1585 912 1659 καταληφθῆναι
945 1588 1008 1643 τὸ
1036 1591 1272 1662 πρᾶγμα
1301 1589 1462 1645 τοῦτο
1490 1590 1596 1644 ὑπὸ
1627 1589 1809 1662 πάσης
1842 1591 1943 1661 τῆς

345 1676 599 1743 κτίσεως.

732 1797 874 1868 Περὶ
905 1799 1012 1855 τοῦ
1050 1797 1203 1856 ὰϐϐᾶ
1238 1799 1541 1871 Σαρματᾱ.

413 1913 485 1961 α’.
524 1905 692 1964 Εἶπεν
727 1911 756 1963 6
793 1911 967 1976 άὸὄᾶς
1009 1913 1305 1986 Σαρματᾶς
1336 1914 1413 1947 δ”
1446 1913 1597 1968 Θέλω
1646 1913 1930 1987 ἄνθρωπον

341 2000 763 2072 άμαρτήσαντα,
813 2005 862 2057 εἰ
909 2002 1049 2059 οἶδεν
1097 2007 1180 2060 ὅτι
1217 2007 1454 2079 ἥμαρτε,
1491 2007 1586 2061 καὶ
1644 2007 1928 2078 μετανοεῖ,

340 2093 485 2167 ὑπὲρ
513 2094 800 2167 ἄνθρωπον
834 2096 911 2169 μὴ
941 2098 1352 2172 άμαρτήσοντα,
1384 2101 1480 2155 καὶ
1505 2099 1696 2172 ἔχοντα
1739 2099 1930 2154 ἑαυτὸν

338 2183 418 2246 ὡς
457 2183 806 2258 δικαιοσύνην
834 2187 1112 2244 ποιοῦντα.

412 2274 485 2345 β’.
524 2277 752 2348 Ἔλεγον
786 2281 915 2351 περὶ
940 2279 1036 2335 τοῦ
1062 2281 1210 2336 ἁόϐἄ
1246 2284 1536 2355 Σαρματᾶ,
1557 2285 1640 2337 ὅτι
1672 2283 1931 2348 πολλάκις

337 2367 620 2438 ἐλάμϐανε
649 2373 1062 2443 τεσσαράκοντα
1104 2375 1317 2447 ἡμέρας
1346 2379 1413 2448 τῇ
1446 2376 1608 2447 βουλῇ
1650 2376 1744 2430 τοῦ
1788 2376 1933 2430 ά66ἄ

336 2458 639 2528 Ποιμένος’
687 2461 780 2515 καὶ
810 2462 886 2525 ὼς
909 2462 1065 2517 οὐδὲν
1104 2464 1442 2536 ἐπληροῦντο
1489 2466 1545 2519 αἱ
1588 2464 1793 2536 ἡμέραι
1843 2466 1932 2519 ὲν-

334 2548 515 2603 ὠπιον
543 2551 730 2606 αὐτοῦ.
756 2547 965 2608 τΗλθεν
993 2550 1089 2609 οὖν
1122 2557 1151 2608 6
1192 2556 1368 2621 assa;
1411 2556 1624 2628 Ποιμὴν
1668 2557 1803 2627 πρὸς
1836 2557 1933 2611 a6-

334 2643 456 2709 τὸν,
496 2643 590 2697 καὶ
638 2644 787 2714 λέγει
821 2645 1000 2717 αὐτῷ’
1037 2648 1174 2702 Εἰπὲ
1226 2667 1339 2719 μοι,
1374 2649 1427 2703 τί
1480 2648 1732 2722 ἑώρακας
1763 2650 1933 2704 ποιῶν

335 2731 430 2786 τὸν
468 2733 723 2790 τοσοῦτον
762 2736 964 2803 κόπον;
1000 2738 1059 2792 Ὁ
1096 2739 1153 2792 δὲ
1196 2739 1333 2811 πρὸς
1365 2740 1530 2795 αὐτὸν
1575 2740 1794 2810 ἐλεγενο
1831 2741 1934 2795 Οὑ-

334 2823 426 2880 δὲν
481 2825 665 2883 πλέον.
711 2828 879 2898 Λέγει
923 2829 1072 2902 αὑτῷ
1099 2832 1128 2884 6
1163 2830 1338 2896 ά66ἄς
1370 2834 1619 2905 Ποιμήνο
1661 2834 1776 2887 Οὐκ
1811 2833 1935 2904 άφῶ

337 2934 418 2982 σε,
461 2918 557 2973 ἐὰν
592 2920 667 2990 μή
708 2937 796 2992 μοι
822 2921 1001 2994 εἴπῃς.
1041 2924 1099 2977 Ὀ
1131 2923 1187 2977 δὲ
1213 2919 1397 2980 εἶπενο
1434 2926 1532 2979 Ἓν
1565 2925 1724 2997 μόνον
1753 2918 1932 2997 εὗρον,

331 3006 414 3061 ὃτι
470 3008 566 3062 ἐὰν
600 3010 742 3064 εἴπω
784 3010 863 3083 τῷ
911 3013 1087 3084 ὕπνῳ,
1117 3015 1362 3086 ’Ύπαγε,
1415 3017 1642 3087 ὑπάγει,
1695 3017 1791 3071 καὶ
1838 3018 1935 3071 ἐὰν

332 3102 502 3165 εἴπω,
545 3102 718 3172 Ἐλθὲ,
746 3103 988 3177 ἔρχεται.

400 3199 485 3262 γ’.
540 3193 792 3264 Ἀδελφδς
842 3196 1097 3270 ἠρώτησε
1136 3198 1229 3253 τὸν
1260 3200 1435 3255 άϐὅᾶν
1491 3203 1808 3274 Σαρματᾶν,
1843 3203 1935 3257 λέ-

334 3301 486 3354 γωνο
521 3287 586 3339 Οἱ
636 3287 889 3361 λογισμοὶ
938 3289 1157 3359 λέγουσί
1199 3309 1324 3363 μοι·
1372 3292 1465 3365 Μὴ
1518 3294 1766 3366 ἐργάσῃ,
1801 3294 1935 3348 ἀλλὰ

339 3380 519 3449 φάγε,
567 3380 679 3443 πίε,
715 3381 914 3452 κοιμῶ.
947 3384 1115 3453 Λέγει
1158 3384 1308 3455 αὐτῷ
1333 3388 1360 3439 6
1401 3385 1611 3457 γέρων·
1641 3387 1771 3439 Ὅτε
1812 3404 1935 3439 πει-

332 3474 472 3543 -νᾷς,
522 3473 697 3541 φάγε·
729 3475 817 3527 ὅτε
863 3475 1045 3547 διψᾷς,
1092 3477 1216 3529 πίε·
1251 3478 1340 3530 ὅτε
1393 3476 1699 3543 νυστάζεις,
1732 3478 1930 3548 κοιμῶ.

344 3563 544 3626 Ἄλλος
571 3562 628 3617 δὲ
661 3564 837 3634 γέρων
872 3568 993 3619 κατ’
1014 3567 1300 3637 εὐκαιρίαν
1328 3564 1460 3639 ἦλθε
1497 3569 1633 3638 πρὸς
1662 3570 1753 3624 τὸν
1783 3570 1935 3624 ἀδελ-

340 3659 471 3724 φόν-
514 3659 608 3711 καὶ
658 3653 814 3713 εἶπεν
862 3661 1015 3732 αὐτῷ
1064 3665 1092 3716 ὁ
1129 3662 1360 3731 ἀδελφὸς
1411 3662 1447 3716 ἃ
1493 3657 1647 3716 εἶπεν
1682 3665 1711 3716 6
1759 3662 1934 3727 ἀὸδᾶς

341 3752 657 3824 Σαρματᾶς.
698 3752 860 3821 Λέγει
902 3748 995 3807 οὖν
1033 3754 1185 3826 αὑτῷ
1218 3757 1247 3808 6
1278 3755 1486 3824 γερωνο
1523 3755 1695 3809 Τοῦτό
1726 3757 1875 3810 ἐστιν
1905 3758 1934 3811 ὃ

341 3839 462 3898 εἶπέ
496 3860 581 3897 σοι
613 3846 640 3897 6
668 3844 843 3909 ἀϐϐἄς
872 3847 1167 3919 Σαρματᾶς
1187 3864 1200 3878 ⁸
1233 3847 1399 3901 Ὅταν
1431 3849 1621 3919 πεινᾷς
1649 3848 1806 3919 τόνῳ,
1838 3852 1936 3903 καὶ

340 3936 581 4007 διψήσῃς
627 3936 733 4001 ἓως
781 3939 1002 4009 μηκέτι·
1024 3938 1290 4011 δυνηθῇς,
1332 3938 1473 4008 φάγε
1510 3939 1632 3992 τότε
1681 3939 1776 3993 καὶ
1808 3939 1932 3992 πίε·

342 4027 437 4081 καὶ
509 4027 641 4079 ὅταν
690 4027 1052 4100 άγρυπνήσῃς
1105 4029 1247 4083 πάνυ
1296 4028 1432 4082 πολὺ
1485 4030 1580 4083 καὶ
1630 4029 1933 4103 νυστάξῃς,

342 4119 549 4193 κοιμῶ.
579 4119 753 4173 Τοῦτό
781 4122 928 4175 εστιν
954 4120 982 4175 ὃ
1014 4120 1170 4191 ἔλεγὲ
1199 4138 1282 4191 σοι
1309 4121 1507 4193 γέρων.

411 4381 472 4436 δ’.
528 4381 813 4452 Ἠρὼτησε
855 4381 1016 4436 πάλιν
1059 4384 1088 4436 6
1128 4383 1294 4447 αὐτὸς
1341 4384 1567 4455 ἁδελφὸς
1617 4387 1708 4441 τὸν
1760 4388 1934 4444 άϐϐἄν

2045 563 2169 605 cum
2204 551 2382 608 ofﬁcio
2419 568 2543 609 suo.
2591 551 2701 609 Sed
2743 556 2838 613 ubi
2871 569 3277 629 conspexerunt
3325 558 3627 625 hominem,

2041 644 2320 711 aspernati
2366 651 2517 710 sunt,
2565 645 2973 719 dixeruntque:
3003 648 3182 706 lstene
3228 658 3314 707 est
3346 649 3631 708 solitarius

2041 735 2110 792 de
2133 750 2245 807 quo
2278 737 2633 807 accepimus?
2669 737 2737 793 Et
2766 741 2974 796 reversi
3002 750 3133 797 sunt
3165 742 3374 800 statim.

2539 917 2616 973 De
2660 918 2852 975 abbate
2878 918 3128 991 Sopatro.

2113 1033 2479 1095 Percontatus
2518 1041 2604 1090 est
2624 1034 2827 1104 aliquis
2863 1033 2931 1091 de
2967 1036 3166 1091 abbate
3201 1034 3457 1106 Sepatro,
3492 1035 3572 1093 sic
3606 1053 3625 1092 :

2047 1124 2123 1181 Da
2152 1125 2287 1181 mihi
2332 1124 2676 1190 mandatum,
2729 1124 2890 1190 abba,
2940 1131 2995 1181 et
3054 1125 3288 1181 servabo
3337 1125 3490 1180 illud.
3534 1123 3627 1181 Il-le

2042 1235 2176 1277 vero
2202 1219 2343 1274 dixit
2381 1219 2431 1275 ei
2475 1237 2490 1272 :
2546 1216 2666 1272 Non
2709 1217 2873 1273 intret
2902 1216 3099 1273 mulier
3133 1217 3189 1272 in
3211 1217 3404 1273 cellam
3442 1226 3624 1283 tuam;

2044 1329 2146 1369 nec
2190 1311 2391 1384 legeris
2423 1308 2760 1381 apocrypha.
2810 1307 2894 1364 Ad
2926 1308 3042 1364 haec
3076 1324 3147 1364 ne
3172 1309 3530 1379 disquisieris
3560 1309 3628 1364 de

2043 1406 2283 1477 imagine
2314 1404 2413 1459 Dei
2439 1404 2492 1458 in
2523 1402 2755 1457 homine.
2794 1400 2909 1456 Hoc
2943 1401 3090 1457 enim
3123 1415 3232 1455 non
3266 1410 3351 1456 est
3376 1400 3625 1466 hmresis,

2046 1499 2144 1556 sed
2200 1496 2495 1568 imperitia,
2549 1496 2949 1565 ambarumque
3007 1493 3243 1564 partium
3309 1492 3624 1560 contentio;

2044 1607 2173 1648 nam
2209 1590 2326 1647 fieri
2357 1588 2549 1661 nequit
2577 1594 2638 1645 ut
2672 1603 2762 1644 res
2788 1587 2904 1643 haec
2931 1602 2961 1641 a
2991 1593 3243 1642 creatura
3272 1585 3628 1656 comprehen-

2044 1686 2230 1742 datur.

2532 1795 2609 1850 De
2643 1794 2833 1849 abbate
2861 1791 3140 1849 Sarmata.

2105 1913 2159 1969 1.
2201 1911 2351 1968 Dixit
2404 1912 2575 1968 abbas
2617 1910 2901 1965 Sarmatas
2953 1923 2967 1961 :
3020 1906 3165 1962 Malo
3205 1905 3482 1961 hominem
3531 1905 3627 1976 qui

2033 2005 2365 2078 peccaverit,
2389 2002 2552 2058 modo
2574 2008 2839 2073 agnoscat
2871 2006 3159 2071 peccatum
3202 2012 3363 2053 suum
3400 2003 3457 2052 et
3505 2010 3626 2066 poe-

2031 2097 2262 2154 nitentia
2295 2096 2553 2161 ducatur,
2581 2110 2746 2166 quam
2781 2093 3060 2149 hominem
3091 2092 3184 2163 qui
3215 2106 3325 2146 non
3352 2104 3622 2163 peccave-

2032 2193 2122 2252 rit,
2152 2204 2218 2244 ac
2248 2180 2309 2244 se
2340 2194 2495 2260 putat
2525 2187 2759 2258 justum.

2102 2280 2158 2336 2.
2201 2280 2435 2335 Aiebant
2478 2279 2545 2336 de
2590 2280 2787 2335 abbate
2836 2278 3112 2343 Sarmata,
3156 2276 3302 2347 quod
3354 2290 3498 2345 saepe
3555 2273 3624 2328 de

2033 2371 2269 2428 consilio
2282 2370 2513 2425 abbatis
2538 2368 2817 2426 Pmmenis
2845 2368 2951 2424 sibi
2989 2372 3235 2424 sumeret
3257 2361 3625 2435 quadraginta

2033 2464 2186 2530 dies;
2234 2462 2330 2534 qui
2379 2463 2537 2533 quasi
2580 2462 2718 2516 nihil
2758 2459 3022 2531 temporis
3060 2460 3129 2514 ab
3179 2472 3247 2515 eo
3274 2454 3626 2526 compleban-

2035 2563 2147 2611 tur.
2175 2553 2337 2610 Venit
2392 2566 2526 2623 ergo
2571 2550 2639 2606 ad
2680 2550 2860 2622 ipsum
2892 2550 3063 2605 abbas
3104 2546 3352 2611 Pmmen,
3392 2545 3622 2614 aitque:

2037 2646 2136 2704 Dic
2195 2646 2328 2701 mihi
2368 2645 2501 2716 quid
2550 2635 2930 2714 conspexeris,
2986 2643 3115 2698 dum
3161 2651 3370 2696 tantum
3418 2637 3627 2693 laboris

2037 2740 2325 2797 sustines?
2356 2736 2663 2809 Respondit
2687 2736 2778 2792 ille
2811 2754 2824 2790 :
2853 2726 2999 2791 Nihil
3040 2735 3235 2807 magis.
3277 2732 3498 2803 Excepit
3527 2730 3625 2783 ah-

2036 2833 2134 2888 has
2173 2831 2399 2887 Pmmen
2447 2842 2466 2886 :'
2513 2828 2632 2885 Non
2677 2829 2951 2884 dimittam
2987 2834 3082 2892 te,
3122 2826 3256 2896 quin
3301 2820 3617 2894 protuleris.

2037 2923 2191 2979 Tunc
2224 2923 2316 2978 ille
2351 2940 2366 2977 :
2403 2920 2582 2976 Unum
2616 2914 2909 2975 duntaxat‘
2928 2918 3138 2988 reperi;
3171 2915 3319 2987 quod
3348 2915 3395 2969 si
3431 2913 3623 2968 dixero

2037 3031 2231 3072 somno
2263 3034 2278 3070 :
2309 3014 2543 3079 Recede,
2573 3011 2813 3079 recedit;
2848 3012 2893 3067 si
2921 3030 2934 3066 :
2958 3009 3116 3078 Veni,
3151 3008 3318 3065 venit.

2108 3196 2162 3251 5.
2201 3194 2396 3252 Frater
2435 3195 2519 3252 sic
2556 3191 2918 3263 interrogavit
2971 3152 3615 3246 abbatem.Sarmatam:

2036 3286 2411 3357 Cogitationes
2468 3283 2601 3339 mihi
2651 3290 2952 3355 suggerunt
3010 3298 3025 3335 :
3082 3280 3162 3336 Ne
3209 3278 3477 3350 opereris,
3524 3276 3620 3331 sed

2036 3380 2331 3443 manduca,
2363 3377 2509 3442 bibe,
2555 3377 2753 3432 dormi.
2785 3376 3091 3447 Respondit
3136 3388 3305 3430 senex
3336 3390 3350 3426 :
3389 3368 3619 3437 Quando

2035 3471 2322 3539 esurieris,
2361 3470 2609 3536 comede,
2659 3485 2784 3526 cum
2824 3469 3055 3534 sitieris,
3097 3467 3242 3531 bibe,
3276 3464 3491 3535 quoties
3520 3477 3618 3516 ca-

2037 3564 2183 3634 peris
2222 3578 2443 3634 sopore,
2491 3562 2692 3618 dormi.
2733 3561 2892 3617 Alius
2929 3577 3061 3617 vero
3115 3574 3283 3614 senex
3313 3563 3621 3628 opportune

2035 3674 2103 3715 ex
2131 3657 2425 3713 occasione
2457 3655 2696 3712 accessit
2729 3655 2798 3712 ad
2826 3654 3079 3709 fratrem.
3101 3652 3203 3707 Cui
3235 3650 3423 3705 retulit
3449 3647 3621 3703 frater

2037 3764 2349 3807 sermonem
2383 3748 2600 3805 abbatis
2630 3748 2927 3803 Sarmatae.
2956 3745 3136 3803 Senex
3155 3746 3320 3817 igitur
3352 3745 3418 3799 ad
3449 3756 3573 3797 eum
3601 3756 3617 3794 :

2035 3841 2193 3910 Quod
2235 3841 2336 3898 tibi
2383 3841 2553 3897 abbas
2593 3839 2879 3895 Sarmatas
2913 3837 3318 3910 pronuntiavit,
3355 3837 3457 3890 hoc
3484 3840 3615 3889 est:

2036 3934 2272 4001 Quando
2307 3934 2662 3989 vehementer
2701 3931 2990 3995 esurieris,
3023 3939 3183 3999 atque
3211 3931 3264 3982 in
3306 3935 3518 3983 tantum
3547 3925 3617 3982 si-

2037 4027 2195 4082 tiet-is
2241 4033 2303 4080 ut
2351 4040 2462 4079 non
2517 4025 2754 4095 amplius
2810 4023 3086 4077 sustinere
3140 4023 3346 4083 valeas,
3397 4019 3623 4075 comede

2036 4128 2170 4175 tunc
2199 4128 2255 4174 et
2283 4117 2409 4173 bibe
2444 4135 2457 4170 :
2490 4131 2727 4184 cumque
2772 4112 3238 4184 quamplurimum
3285 4110 3619 4180 vigilaveris,

2036 4228 2101 4267 ac
2129 4207 2359 4267 tentaris
2382 4221 2599 4271 somno,
2647 4205 2845 4260 dormi.
2894 4203 3010 4258 Hoc
3039 4211 3126 4258 est
3172 4202 3318 4272 quod
3342 4202 3439 4256 tibi
3471 4202 3645 4255 locu-.

2037 4313 2126 4359 tus
2147 4310 2234 4359 est
2262 4316 2451 4358 senex.

2109 4396 2162 4450 4.
2202 4393 2406 4449 lterum
2457 4389 2772 4447 sciscitatus
2822 4396 2904 4446 est
2951 4388 3095 4443 idem
3139 4386 3310 4442 frater
3370 4386 3620 4440 abbatem

343 4472 661 4544 Σαρματᾶν,
692 4473 870 4542 λέγων
890 4492 902 4505 ·
935 4476 998 4528 Οἱ
1033 4475 1286 4546 λογισμοὶ
1317 4475 1533 4546 λέγουσί
1567 4495 1690 4547 μοι·
1720 4480 1935 4550 ’Ύπαγε

2044 4486 2354 4542 Sarmatam
2390 4501 2404 4537 :
2452 4484 2704 4540 Subeunt
2752 4498 2839 4537 me
2880 4480 3244 4552 cogitationes
3285 4481 3434 4534 istae:
3473 4476 3621 4532 Vade

343 4564 466 4632 ἔξω,
518 4568 613 4621 καὶ
647 4567 935 4639 παράδαλε
981 4569 1093 4630 τοῖς
1125 4567 1395 4638 ἀδελφοῖς.
1441 4571 1551 4623 Καὶ
1587 4572 1734 4641 λέγει
1779 4575 1807 4626 6
1850 4573 1942 4642 γέ-

351 4673 487 4728 ρων*
536 4659 711 4713 Τοῦτο
765 4657 841 4730 μὴ
896 4659 1142 4732 ἀκούσῃς
1190 4661 1389 4725 αὐτῶν,
1444 4661 1560 4715 ἀλλ’
1598 4663 1757 4717 εἰπέο
1807 4665 1937 4719 Ἰδοὺ

349 4750 556 4820 ἤκουσά
602 4768 694 4805 σου
745 4751 808 4804 τὸ
849 4750 1087 4823 πρῶτον,
1134 4753 1294 4807 τοῦτο
1338 4753 1394 4806 δὲ
1447 4756 1508 4808 οὐ
1557 4755 1789 4828 δύναμαί
1846 4776 1937 4812 σου

349 4843 601 4898 ἀκοῦσαι.

683 4959 824 5028 Περὶ
863 4958 970 5013 τοῦ
1004 4959 1157 5015 ἀϐϐᾶ
1196 4962 1598 5028 Σεραπίωνος.

416 5077 486 5126 α’.
524 5068 695 5126 Ἦλθέ
749 5090 880 5127 ποτε
927 5074 955 5126 ὁ
984 5074 1158 5137 άϐϐἄς
1189 5075 1472 5146 Σεραπίων
1524 5076 1933 5147 παρερχόμενος

349 5158 433 5216 διὰ
474 5164 669 5236 κώμης
708 5166 855 5230 τινὸς
892 5166 995 5236 τῆς
1025 5167 1330 5233 Αἰγύπτου·
1365 5168 1458 5221 καὶ
1492 5165 1601 5221 εἷδὲ
1633 5186 1755 5222 τινα
1800 5171 1934 5242 πόρ-

2044 4581 2215 4647 foras,
2245 4587 2298 4635 et
2335 4580 2535 4636 fratres
2569 4578 2767 4634 invise.
2821 4575 3127 4646 Respondit
3167 4589 3376 4629 senex:
3424 4574 3482 4628 In
3516 4572 3620 4626 hoc

2037 4690 2107 4729 ne
2143 4673 2251 4729 illis
2284 4672 2662 4741 obtemperes,
2713 4671 2807 4726 sed
2844 4670 3014 4724 dicito
3065 4684 3081 4722 :
3116 4666 3259 4722 Ecce
3296 4681 3472 4729 mens,
3523 4680 3622 4719 au-

2038 4762 2268 4820 scultavi
2298 4762 2395 4818 tibi
2427 4763 2616 4833 prius;
2662 4762 2732 4817 ad
2762 4761 2905 4817 hanc
2934 4775 3061 4816 vero
3102 4776 3216 4815 rem
3249 4773 3360 4815 non
3394 4771 3618 4829 possum

2041 4857 2233 4913 audire
2263 4864 2337 4911 te.

2505 4968 2582 5023 De
2614 4968 2809 5039 abbate
2841 4966 3130 5038 Serapione

2100 5085 2152 5138 1.
2183 5082 2420 5139 Veniens
2448 5084 2743 5155 aliquando
2785 5085 2956 5139 abbas
2993 5084 3219 5154 Serapio
3245 5092 3298 5138 et
3332 5093 3615 5153 pertrans-

2031 5175 2149 5231 iens
2183 5191 2281 5246 per
2344 5176 2635 5246 quemdam
2694 5176 2910 5248 Egypti
2951 5177 3161 5238 vicum,
3199 5175 3333 5229 vidit
3366 5173 3617 5228 meretri-

351 5268 444 5324 νην
492 5258 737 5311 ἑστῶσαν
779 5259 860 5322 εἰς
908 5258 969 5311 τὸ
1000 5259 1208 5313 κελλίον
1246 5261 1444 5330 αὐτῆς·
1477 5262 1571 5314 καὶ
1602 5257 1755 5316 εἶπεν
1794 5262 1928 5334 αὐτῇ

2037 5282 2148 5321 cem
2191 5275 2427 5324 stantem
2471 5269 2528 5323 in
2567 5270 2706 5324 cella
2743 5284 2883 5336 sua;
2919 5277 2967 5324 et
3011 5269 3149 5323 dixit
3185 5269 3233 5323 ei
3262 5284 3427 5323 senex
3460 5286 3472 5321 :
3509 5267 3616 5322 Ex-

352 5345 382 5398 ὁ
420 5348 627 5421 γέρων
677 5351 1060 5422 Προσδόκησόν
1122 5370 1189 5423 με
1228 5352 1363 5422 ὀψέο
1409 5353 1547 5406 Θέλω
1599 5353 1706 5425 γὰρ
1758 5354 1931 5407 ἐλθεῖν

2037 5364 2219 5426 specta
2263 5374 2350 5414 me
2382 5360 2597 5428 vesperi
2645 5378 2658 5414 :
2693 5359 2817 5412 volo
2852 5358 2995 5412 enim
3034 5358 3217 5412 venire
3251 5357 3317 5410 ad
3355 5366 3424 5422 te,
3455 5365 3617 5428 atque

424 5501 470 5534 "°
497 5507 580 5563 Al.
613 5505 988 5578 Σωσίπατρον.
1064 5508 1105 5540 ⁸⁸
1140 5508 1226 5561 Al.
1261 5509 1578 5579 Σαμαρτᾶς.

362 5659 649 5729 crederem,
686 5663 792 5719 nisi
830 5664 884 5718 in
913 5663 1374 5718 Elucidationibus
1409 5662 1629 5718 Gallicis
1676 5665 1740 5717 ad
1781 5665 1926 5719 hunc

366 5724 998 5795 Gradum,addtlceretur
1035 5735 1410 5789 testimonium
1458 5735 1586 5787 Elia!
1624 5735 1925 5797 Cretensis,

364 5810 464 5870 quo
498 5814 749 5877 receptus
782 5803 917 5862 ordo
948 5807 1328 5864 confirmatur.
1374 5806 1488 5862 Dici
1536 5807 1719 5878 itaque
1746 5805 1925 5872 debet,

2033 5667 2173 5748 idem
2201 5684 2228 5720 τι
2262 5668 2476 5748 duobus
2507 5668 2854 5724 anat'ltorctis
2894 5670 3099 5724 editum
3134 5668 3301 5725 fuisw
3335 5669 3615 5725 humilita-

2034 5749 2101 5793 lts
2132 5756 2429 5807 ειιυωηιρη.
