4062 6332
339 408 442 466 415

1462 393 1809 461 APPENDLX
1846 402 1938 458 AD
1980 402 2404 465 PALLADlUM.
2416 459 2441 478 ,

3504 402 3613 462 H6

335 528 480 585 hanc
503 534 721 611 noctem
747 528 903 601 juxta
945 536 997 585 te
1029 526 1359 599 transigere.
1388 523 1485 580 llla
1518 539 1649 581 vero
1689 538 1921 596 respon-

2043 527 2163 599 πρὸς
2191 527 2275 593 σέ,
2304 528 2401 583 καὶ
2429 528 2655 600 ποιῆσαι
2681 527 2781 597 τὴν
2811 527 2983 582 νύκτα
3007 525 3210 598 ταύτην
3235 522 3468 594 ἔγγιστά
3492 539 3615 581 σου.

340 637 462 678 sum
493 622 735 679 reddidit
771 642 786 678 :
833 622 980 680 Bene
1022 628 1144 687 est,
1176 622 1338 678 abba.
1386 619 1612 676 Paravit
1660 636 1793 693 ergo
1822 636 1918 687 se,

341 713 644 784 stravitque
691 714 915 770 lectum.
966 710 1204 782 Vespere
1244 718 1429 768 autem
1464 709 1644 777 facto,
1685 710 1953 767 accessit

343 820 531 873 senex,
549 814 713 876 atque
734 807 1016 874 ingressus
1052 804 1110 859 in
1131 804 1350 869 cellam,
1370 804 1449 859 ait
1476 822 1491 859 :
1519 802 1924 875 Praeparastine

346 894 583 963 lectum?
611 896 741 959 llla,
772 893 979 959 Etiam,
1028 894 1245 965 inquit,
1282 894 1442 951 abba.
1486 892 1675 965 Itaque
1722 893 1926 949 clausit

342 984 587 1055 januam,
625 991 681 1040 et
712 984 833 1039 inﬁt
862 1001 876 1039 :
904 984 1180 1056 Exspecta
1213 1000 1550 1056 parumper;
1585 984 1929 1056 quandoqui-

346 1075 471 1131 dem
521 1074 976 1132 consuetudinem
1032 1077 1331 1142 habemus,
1389 1077 1567 1132 donec
1624 1075 1927 1132 secundum

231 1188 236 1192 ~
346 1180 468 1221 eam
503 1163 749 1221 fecerim.
775 1166 916 1222 Tum
941 1167 1223 1224 inchoavit
1250 1183 1417 1225 senex
1444 1165 1695 1223 Ollicium
1726 1181 1926 1233 suum;
1960 1170 1969 1185 ‘

349 1269 415 1310 ac
438 1255 712 1327 incipiens
752 1258 957 1315 librum
984 1258 1241 1315 Psalterii
1262 1300 1278 1326 ,
1312 1258 1379 1315 ad
1405 1258 1657 1331 singulos
1686 1258 1930 1330 psalmos

346 1348 651 1405 orationem
685 1350 938 1416 dicebat,
970 1350 1138 1407 Deum
1180 1366 1279 1422 pro
1307 1350 1399 1406 illa
1428 1366 1684 1421 precans,
1713 1357 1776 1406 ut
1812 1364 1931 1420 pm-

347 1438 632 1495 nitentiam
666 1449 851 1513 ageret
886 1449 941 1497 et
980 1448 1415 1513 consequeretur
1454 1442 1709 1499 salutem.
1758 1441 1932 1497 Porro

346 1531 627 1586 exaudivit
658 1547 784 1587 eum
830 1530 994 1589 Deus.
1040 1531 1177 1589 Nam
1231 1532 1432 1589 mulier
1478 1533 1632 1589 stetit
1684 1541 1932 1589 tremens

349 1637 625 1694 oransque
672 1638 841 1695 prepe
894 1639 1102 1681 senem.
1151 1623 1339 1696 thue
1376 1631 1552 1681 totum
1604 1624 1932 1681 Psalterium

350 1729 514 1771 senex
545 1715 869 1785 complevit,
909 1716 1111 1771 cecidit
1143 1717 1340 1773 mulier
1375 1716 1429 1771 in
1480 1724 1705 1771 terram.
1754 1716 1934 1772 Senex

350 1821 481 1862 vero
508 1808 773 1864 inchoans
804 1807 1129 1879 Apostolum
1151 1847 1166 1873 ,
1202 1808 1437 1863 multum
1470 1824 1539 1863 ex
1573 1808 1697 1879 ipso
1731 1809 1934 1863 recita-

351 1900 467 1967 vit;
499 1910 665 1969 atque
696 1900 777 1956 sic
808 1902 970 1957 linem
1010 1901 1275 1970 imposuit
1310 1900 1569 1972 precibus
1604 1901 1742 1957 suis.
1774 1900 1938 1956 Com-

354 1999 557 2059 puncta
588 1990 756 2062 igitur
779 1990 998 2056 mulier,
1026 2001 1191 2062 atque
1221 1990 1535 2062 intelligens
1574 2007 1680 2045 non
1719 2001 1941 2060 propter

353 2093 634 2151 peccatum
683 2083 901 2141 venisse
935 2083 1004 2138 ad
1040 2099 1161 2140 eam
1185 2126 1200 2149 ,
1236 2082 1333 2140 sed
1374 2089 1435 2137 ut
1484 2082 1658 2154 ipsius
1705 2081 1941 2136 animam

355 2172 613 2241 sali-aret,
650 2176 887 2247 procidit
912 2176 984 2241 ei,
1013 2176 1205 2246 sicque
1232 2175 1414 2229 locuta
1440 2180 1525 2229 est
1558 2190 1573 2226 :
1601 2172 1940 2228 Charitatem

358 2265 470 2328 fac,
511 2266 685 2330 abba;
713 2269 766 2321 in
794 2268 976 2322 locum
1007 2284 1093 2322 me
1121 2265 1333 2330 ducito,
1365 2266 1420 2319 in
1452 2277 1565 2335 quo
1591 2266 1798 2333 possim
1830 2263 1943 2319 Deo

356 2358 628 2428 placentia
665 2358 863 2414 facere.
906 2357 1063 2413 Tunc
1097 2371 1264 2413 senex
1293 2355 1523 2412 deduxit
1550 2355 1699 2410 illam
1737 2354 1794 2409 in
1826 2370 1940 2410 mo-

326 2449 658 2504 Inasterium
702 2449 1001 2520 virginum,
1034 2456 1089 2504 et
1127 2445 1359 2501 tradidit
1406 2444 1601 2513 Matri;
1637 2447 1726 2501 cui
1757 2446 1939 2502 dixit:

356 2533 558 2605 Accipe
586 2549 833 2591 sororem
868 2535 1044 2602 hanc;
1075 2550 1258 2605 neque
1307 2534 1643 2604 imposueris
1670 2533 1720 2590 ei
1749 2534 1942 2606 jugum

358 2633 452 2678 nul.
502 2626 823 2682 mandatum
874 2634 934 2681 ut
988 2626 1113 2683 aliis
1159 2627 1479 2689 sororibus,
1532 2625 1633 2682 sed
1677 2627 1942 2697 quidquid

358 2716 627 2778 voluerit,
679 2717 747 2771 da
798 2716 914 2781 illi,
967 2724 1023 2772 ct
1076 2725 1237 2788 prout
1291 2716 1544 2781 voluerit,
1595 2717 1715 2772 sine
1767 2718 1942 2788 ipsam

272 2805 278 2820 '
357 2823 538 2878 agere.
568 2807 701 2865 Post
723 2824 931 2880 paucos
956 2824 1089 2882 ergo
1118 2810 1260 2872 dies,
1292 2809 1384 2864 illa
1407 2823 1595 2865 secum
1630 2827 1646 2864 :
1678 2808 1790 2880 Ego
1819 2824 1945 2879 pec-

361 2899 536 2952 catrix
565 2914 715 2964 sum,
755 2902 882 2957 volo
920 2917 1018 2972 per
1050 2900 1217 2957 bidua
1248 2901 1417 2957 semel
1460 2900 1767 2957 comedere.
1804 2900 1946 2955 Pau-

362 2991 552 3061 cisquc
579 3000 703 3061 post
724 2991 919 3050 diebus
947 3012 962 3049 :
995 2992 1110 3064 Ego
1136 2993 1307 3047 multa
1338 2993 1516 3049 habeo
1541 3000 1788 3064 peccata,
1821 2995 1946 3049 volo

365 3098 462 3152 pcr
487 3083 784 3153 quatridua
813 3084 1168 3139 manducare.
1191 3082 1323 3139 Item
1349 3083 1653 3154 interiectis
1674 3084 1799 3141 aliis
1820 3100 1949 3156 pau-

362 3175 444 3229 cis
473 3174 698 3241 diebus,
732 3176 911 3230 oravit
939 3174 1165 3230 Matrem
1200 3175 1306 3229 hoc
1348 3190 1603 3232 sermone
1632 3192 1645 3228 :
1686 3174 1947 3243 Quando-

2036 618 2102 673 Ἥ
2146 620 2204 674 δέ
2236 621 2621 694 ἀποκριθεῖσα,
2666 616 2814 675 εἴπεο
2852 619 3070 685 Καλῶς,
3115 619 3280 674 ἀ66ἄ.
3315 616 3427 672 Kal
3466 618 3618 685 ήτοι-

2029 709 2236 782 μάσθη,
2264 710 2359 764 καὶ
2398 709 2640 783 έστρωσε
2677 709 2776 782 τὴν
2815 707 3007 779 κλίνην
3028 707 3095 761 ⁸³.
3138 706 3330 778 Ὀψίας
3371 705 3430 760 δὲ
3463 723 3617 777 γενος

2028 801 2218 873 μένης,
2248 798 2411 876 ἦλθεν
2457 804 2486 857 6
2526 802 2710 875 γέρων
2744 802 2882 875 πρὸς
2915 798 3086 872 αὐτὴν
3115 799 3181 868 ⁸³,
3225 798 3320 853 καὶ
3359 797 3620 853 εἰσελθὼν

2026 895 2109 957 είς
2137 893 2199 947 τὸ
2229 893 2466 960 κελλίον,
2497 893 2649 963 λέγει
2683 893 2822 964 αὑτῇ
2844 911 2856 925 ο
2897 891 3234 963 Ἠτοίμασας
3264 890 3363 961 τὴν
3392 889 3617 960 κλίνην;

2038 985 2107 1038 Ἦ
2136 985 2195 1042 δέ
2226 980 2379 1039 εἶπε·
2412 986 2544 1049 Nal,
2585 984 2751 1039 assa.
2783 982 2897 1038 Kal
2932 981 3143 1037 ἔκλεισε
3172 982 3270 1054 τήν
3301 981 3493 1053 θύραν,
3524 982 3620 1035 καὶ

2026 1077 2177 1146 λέγει
2220 1077 2358 1148 αὐτῇ
2385 1093 2401 1110 ⁶
2453 1078 2658 1132 Μεῖνον
2708 1075 2909 1145 ὀλίγον,
2953 1074 3139 1145 ἐπειδὴ
3177 1075 3342 1145 νόμον
3398 1072 3622 1144 ἔχομεν,

2026 1167 2135 1232 ἐως
2159 1161 2221 1223 οὗ
2261 1167 2474 1239 ποιήσω
2503 1167 2686 1222 αὐτόν.
2714 1165 2819 1221 Kal
2851 1164 3055 1238 ήρξατο
3081 1166 3110 1217 6
3137 1162 3317 1235 γέρων
3346 1161 3448 1232 τῆς
3490 1176 3620 1213 συν-
3728 1190 3731 1193 -

2031 1261 2204 1329 ἀξεως
2223 1259 2413 1316 αὐτοῦ·
2433 1260 2530 1314 καὶ
2548 1258 2859 1332 ἀρξάμενος
2879 1257 2942 1310 τὸ
2965 1255 3283 1326 ψαλτήριον,
3308 1251 3449 1306 κατὰ
3485 1250 3624 1320 ψαλ-

2035 1352 2135 1425 μδν
2154 1352 2328 1406 ἐποίει
2353 1350 2544 1422 εὐχήν,
2565 1349 2820 1421 δεόμενος
2834 1347 2930 1400 τοῦ
2945 1344 3082 1399 Θεοῦ
3100 1344 3243 1416 ὑπὲρ
3267 1342 3460 1413 αὐτῆς,
3473 1341 3624 1404 ὅπως

2036 1444 2345 1516 μετανοήσῃ
2359 1442 2454 1496 καὶ
2471 1441 2639 1513 σωθῇ.
2655 1440 2766 1494 Kal
2779 1440 3103 1510 εἰσήκουσεν
3117 1434 3281 1491 αὐτοῦ
3300 1436 3330 1488 6
3342 1434 3493 1496 Θεός.
3510 1432 3626 1484 Kal

2032 1536 2262 1608 ἐστηκεν
2289 1538 2323 1607 ή
2354 1534 2492 1605 γυνὴ
2516 1533 2796 1605 τρέμουσα
2819 1532 2915 1586 καὶ
2943 1529 3212 1602 εὐχομένη
3242 1527 3410 1596 ἐγγὺς
3425 1522 3520 1578 τοῦ
3535 1523 3628 1594 γέ-

2038 1646 2243 1699 ροντος.
2272 1628 2383 1681 Kal
2408 1626 2483 1692 ὡς
2517 1625 2767 1681 ἐτέλεσεν
2795 1626 2824 1678 6
2845 1623 3024 1697 γέρων
3050 1622 3172 1676 ὅλον
3202 1619 3263 1673 τὸ
3301 1617 3623 1690 ψαλτήριον,

2037 1720 2231 1773 ἔπεσεν
2248 1722 2282 1790 ή
2304 1717 2442 1790 γυνή
2466 1717 2660 1788 χαμαί.
2678 1716 2737 1769 ὐ
2756 1715 2812 1769 δὲ
2824 1715 3000 1786 γέρων
3025 1710 3331 1782 ἀρξάμενος
3354 1707 3448 1762 τοῦ
3471 1708 3630 1760 Ἀπο-

2041 1811 2250 1876 στόλου,
2278 1806 2401 1864 εἶπε
2423 1808 2559 1864 πολὺ
2585 1808 2646 1874 ἐξ
2669 1805 2831 1862 αὑτοῦ
2852 1822 2866 1835 ⁸
2890 1805 2985 1860 καὶ
3005 1804 3180 1868 οὓτως
3213 1802 3500 1872 ἐπλήρωσε
3525 1799 3629 1869 τὴν

1971 1891 2012 1946 Β
2042 1902 2281 1969 σύναξιν.
2301 1904 2681 1971 Κατανυγεϊσα
2712 1895 2855 1971 οὖνή
2879 1898 3049 1969 γυνὴ,
3077 1896 3173 1951 καὶ
3193 1895 3435 1966 νοήσασα
3454 1893 3536 1946 ὅτι
3563 1891 3629 1943 οὐ

2041 1992 2109 2046 δι’
2127 1991 2400 2063 ἁμαρτίαν
2414 1987 2545 2063 ἦλθε
2570 1990 2707 2063 πρὸς
2729 1989 2920 2060 αὐτὴν,
2940 1986 3155 2042 ἀλλ’ἵνα
3175 1984 3325 2057 σώσῃ
3343 1984 3510 2054 αὐτῆς
3530 1983 3631 2053 τὴν

2041 2082 2240 2153 ψυχὴν,
2268 2082 2608 2155 προσέπεσεν
2633 2080 2803 2153 αὐτῷ,
2829 2079 3091 2150 λέγουσα·
3123 2077 3353 2147 Ποίησον
3383 2075 3629 2144 ἀγάπην,

2044 2176 2208 2239 ἀ66ἄ,
2235 2175 2332 2229 καὶ
2362 2175 2499 2229 ὃπου
2532 2174 2768 2245 δύναμαι
2813 2170 3176 2243 εὐαρεστῆσαι
3219 2167 3296 2239 τῷ
3333 2167 3471 2238 Θεῷ,
3506 2166 3636 2238 ὁδή-

2044 2266 2210 2336 γησόν
2252 2282 2344 2337 με.
2371 2265 2505 2318 Τότε
2543 2265 2572 2317 6
2604 2264 2782 2336 γέρων
2825 2262 3107 2335 ὡδήγησεν
3147 2261 3318 2333 αὐτὴν
3352 2261 3433 2322 είς
3468 2276 3634 2330 μονα-

2046 2353 2268 2423 στήριον
2303 2352 2613 2423 παρθένων,
2649 2352 2746 2406 καὶ
2774 2351 3093 2422 παρέδωκεν
3122 2349 3292 2421 αὐτὴν
3315 2351 3380 2421 τῇ
3419 2349 3631 2419 ’Δμμᾷ.

2045 2444 2139 2499 καὶ
2166 2442 2315 2497 εἷπε·
2347 2443 2494 2499 Λάϐε
2537 2444 2636 2515 τὴν
2676 2444 2907 2515 ἀδελφὴν
2940 2443 3164 2514 ταύτην,
3197 2443 3292 2497 καὶ⁵
3334 2444 3409 2514 μὴ
3444 2440 3634 2511 θήσεις

2043 2537 2182 2609 αὐτῇ
2226 2536 2392 2605 ζυγὸν
2436 2537 2470 2607 ἢ
2509 2537 2730 2607 ἐντολὴν
2767 2537 2842 2599 ὡς
2875 2538 2995 2599 ταῖς
3020 2534 3066 2566 ⁸⁵
3100 2533 3389 2603 ἀδελφαῖςο
3434 2532 3550 2587 ἀλλ’
3581 2531 3639 2584 εἴ

2042 2646 2097 2683 τι
2123 2629 2288 2692 θέλει,
2326 2629 2416 2692 δὸς
2454 2629 2592 2700 αὐτῇ
2613 2645 2627 2660 ο
2660 2628 2755 2681 καὶ
2791 2628 2867 2690 ὡς
2899 2626 3063 2693 θέλει,
3096 2626 3450 2698 συγχώρησον
3493 2625 3633 2696 αὐτῇ
3698 2672 3703 2679 .

2047 2721 2394 2793 πορεύεσθαι.
2424 2721 2536 2774 Kal
2566 2721 2642 2784 ὼς
2672 2719 2927 2790 ἐποίησεν
2952 2718 3140 2789 ὀλίγας
3170 2718 3406 2791 ήμέρας,
3442 2714 3595 2771 εἶπεν
3616 2733 3629 2746 ·

2060 2810 2202 2880 Ἐγὼ
2237 2810 2558 2883 ἁμαρτωλός
2592 2813 2730 2882 εἰμι,
2761 2810 2901 2863 θέλω
2941 2810 3031 2864 διὰ
3069 2810 3163 2863 δύο
3187 2809 3232 2842 ⁸⁵
3264 2808 3487 2863 ἐσθίειν.
3527 2807 3638 2863 Καὶ

2052 2901 2167 2972 μετ’
2213 2900 2401 2971 ὀλίγας
2444 2901 2662 2972 ἡμέρας
2707 2896 2892 2955 εἶπεν
2933 2899 3077 2969 Ἐγὼ
3118 2900 3318 2965 πολλὰς
3360 2900 3638 2971 ἁμαρτίας

2049 2992 2179 3063 έχω,
2219 2991 2359 3046 θέλω
2399 2993 2487 3046 διὰ
2516 2993 2800 3064 τεσσάρων
2836 2992 3057 3064 ήμερῶν
3106 2992 3329 3046 ἐσθίειν.
3371 2993 3482 3046 Kal
3518 2993 3637 3062 μετ’

2046 3084 2231 3155 ὀλίγας
2262 3085 2476 3158 ἡμέρας
2513 3086 2858 3158 παρεκάλεσε
2884 3085 2982 3157 τὴν
3015 3086 3234 3157 Ἀμμᾶν
3260 3084 3330 3150 ⁸⁸,
3371 3084 3635 3154 λέγουσω

2061 3176 2279 3250 Ἐπειδὴ
2334 3177 2505 3232 πολλὰ
2547 3178 2796 3250 ἐλύπησα
2823 3179 2916 3233 τὸν
2966 3178 3098 3233 Θεὸν
3128 3180 3185 3233 έν
3222 3179 3343 3241 ταῖς
3384 3177 3642 3248 ἀνομίαις

367 3264 588 3334 quidem
640 3265 936 3335 plurimum
983 3265 1307 3320 contristavi
1349 3264 1521 3321 Deum
1560 3266 1941 3337 iniquitatibus

2052 3286 2178 3339 μου,
2215 3270 2442 3341 ποίησον
2476 3271 2718 3342 ἀγάπην,
2757 3270 2852 3324 καὶ
2891 3268 3020 3338 βάλε
3054 3286 3121 3340 με
3168 3270 3249 3334 εἰς
3279 3267 3508 3332 κελλίον,
3544 3267 3643 3321 καὶ

366 3355 536 3419 meis,
570 3352 657 3410 fac
688 3353 1038 3419 charitatem,
1068 3354 1282 3425 conjice
1310 3371 1396 3412 mc
1425 3357 1481 3411 in
1510 3357 1703 3413 cellam
1724 3398 1740 3423 ,
1782 3367 1949 3429 atque

364 3461 485 3499 eam
519 3447 778 3513 obstrue,
817 3462 881 3503 ac
912 3463 1010 3518 per
1046 3446 1292 3503 foramen
1325 3447 1394 3503 da
1430 3450 1709 3520 paululum
1744 3451 1905 3520 panis
1930 3490 1945 3514 ,

368 3553 581 3593 necnon
602 3540 747 3595 unde
774 3541 1027 3598 manibus
1049 3557 1264 3611 operer.
1290 3541 1447 3608 Quod
1470 3542 1674 3597 factum
1698 3559 1728 3598 a
1754 3541 1944 3600 Matre.

366 3629 434 3683 Et
460 3638 683 3699 accepta
710 3629 813 3685 iuit
842 3631 955 3687 Deo
981 3632 1046 3686 ad
1076 3632 1351 3703 reliquum
1378 3633 1505 3687 vita:
1537 3641 1759 3703 tempus

434 3722 491 3777 2.
528 3722 638 3792 (72)
670 3721 863 3778 Frater
914 3725 1127 3795 rogavit
1161 3725 1415 3781 abbatem
1481 3723 1860 3795 Serapionem,
1891 3733 1952 3780 ut

366 3815 418 3871 ei
454 3814 665 3870 diceret
702 3815 949 3871 verbum.
981 3816 1072 3870 Ait
1106 3816 1185 3872 illi
1216 3832 1382 3873 senex
1415 3836 1429 3872 :
1460 3815 1605 3884 Quid
1647 3817 1746 3873 tibi
1776 3817 1952 3873 habeo

369 3908 587 3964 dicere?
631 3909 776 3980 quod
827 3908 1111 3980 sumpsisti
1158 3925 1281 3980 qua:
1327 3918 1488 3965 erant
1544 3909 1835 3965 viduarum
1888 3925 1952 3967 ac

369 4001 735 4071 pupillorum,
769 4009 825 4057 et
862 4001 1095 4071 posuisti
1134 4001 1191 4057 in
1224 4002 1327 4057 liae
1359 4002 1517 4068 aula;
1562 3999 1777 4057 viderat
1805 4002 1953 4057 enim

368 4105 488 4146 eam
520 4090 678 4145 libris
702 4091 943 4160 plenam.

437 4182 491 4238 5.
549 4182 664 4254 (75)
714 4181 860 4237 Dixit
907 4183 1080 4238 abbas
1150 4182 1432 4254 Serapio:
1483 4180 1954 4248 Quemadmodum

368 4272 569 4330 milites
596 4271 950 4344 imperatoris
981 4288 1091 4328 non
1125 4279 1382 4344 possunt,
1402 4273 1535 4328 dum
1570 4280 1778 4334 astant,
1816 4270 1951 4326 dex-

369 4373 609 4421 trorsum
640 4366 724 4421 vel
747 4366 1131 4423 sinistrorsum
1159 4364 1441 4435 aspicere:
1474 4365 1547 4418 ita
1575 4364 1738 4419 etiam
1766 4362 1955 4428 homo,

371 4457 415 4511 si
450 4457 664 4513 steterit
695 4473 882 4514 coram
908 4456 1041 4521 Deo,
1071 4467 1126 4513 et
1154 4458 1210 4512 in
1235 4465 1537 4527 conspectu
1563 4455 1684 4525 ejus
1711 4456 1955 4509 intentus

373 4547 541 4603 fuerit
570 4534 697 4603 cum
731 4549 930 4604 timore
975 4549 1108 4603 liora
1137 4548 1316 4615 omni,
1363 4547 1501 4603 nihil
1534 4546 1743 4602 inimici
1776 4554 1955 4616 potest

370 4654 495 4695 cum
530 4648 754 4695 terrere.

445 4732 480 4786 4
532 4731 647 4804 (74)
684 4731 836 4787 Adiit
864 4731 1037 4788 frater
1068 4731 1319 4788 abbatem
1354 4731 1741 4802 Serapionem;
1772 4734 1958 4789 horta-

374 4827 537 4881 batur
571 4834 755 4881 autem
782 4841 908 4881 eum
934 4841 1125 4891 senex,
1160 4833 1220 4880 ut
1249 4840 1318 4881 ex
1351 4840 1506 4883 more
1532 4825 1736 4882 faceret
1760 4826 1959 4883 oratio-

376 4932 519 4972 nem.
555 4917 650 4971 llle
679 4932 808 4972 vero
840 4933 899 4974 se
928 4924 1273 4989 peccatorem
1305 4932 1532 4987 vocans,
1572 4918 1801 4990 ipsoque
1838 4935 1956 4975 mo-

2047 3360 2359 3433 ἀνάφραξον
2382 3349 2541 3427 αὐτὸ,
2564 3362 2661 3415 καὶ
2691 3361 2759 3416 δι’
2787 3362 2928 3434 ὀπῆς
2955 3361 3098 3414 δίδου
3130 3378 3220 3433 μοι
3257 3360 3450 3432 μικρὸν
3475 3360 3643 3431 ἄρτον

2048 3452 2145 3506 καὶ
2193 3452 2258 3506 τὸ
2309 3453 2650 3525 ἐργόχειρον.
2704 3453 2817 3508 Kal
2864 3453 3120 3524 ἐποίησεν
3167 3452 3304 3523 αὐτῇ
3352 3452 3386 3523 ή
3425 3451 3644 3521 ‘Appi;

2049 3540 2241 3605 οὕτως.
2266 3541 2379 3595 Kal
2412 3541 2747 3615 εὐηρέστησε
2771 3540 2851 3615 τῷ
2874 3540 2995 3614 Θεῷ
3024 3541 3116 3596 τὸν
3140 3541 3420 3595 ἐπίλοιπον
3452 3541 3645 3612 χρόνον

2048 3630 2150 3701 τῆς
2188 3630 2336 3701 ζωῆς
2366 3631 2557 3704 αὐτῆς.
3514 3687 3530 3706 ,

2126 3722 2193 3793 β’.
2248 3723 2502 3793 Ἀδελφδς
2546 3723 2800 3798 ἠρώτησε
2833 3724 2923 3777 τὸν
2953 3722 3130 3777 assam
3168 3722 3519 3794 Σαραπίωνα,
3556 3720 3647 3773 λέ-

2052 3832 2198 3885 γων·
2232 3816 2367 3870 Εἰπέ
2405 3833 2497 3888 μοι
2542 3816 2721 3886 λόγον.
2760 3817 2918 3886 Λέγει
2959 3815 3110 3887 αὐτῷ
3151 3817 3180 3869 6
3208 3815 3421 3886 γέρων⁸
3456 3813 3523 3866 Τί
3560 3830 3643 3865 σοι

2052 3909 2163 3980 ἔχω
2190 3906 2397 3976 είπεῖν;
2432 3911 2515 3964 ὅτι
2556 3909 2751 3975 ἔλαϐες
2776 3910 2846 3964 τὰ
2875 3909 2986 3964 τῶν
3030 3909 3215 3981 χηρῶν
3244 3909 3340 3963 καὶ
3364 3908 3641 3980 όρςανῶν,

2054 4002 2148 4055 καὶ
2183 4000 2387 4073 ἔθηκας
2416 4003 2499 4065 είς
2532 4001 2630 4074 τὴν
2660 4001 2852 4075 θυρίδα
2895 3997 3102 4074 ταύτην
3124 4018 3135 4033 ·
3169 3997 3277 4055 εἶδε
3319 3999 3429 4072 γὰρ
3470 3998 3647 4071 αὐτὴν

2057 4092 2260 4165 μεστὴν
2300 4092 2543 4163 βιϐλίων.
3390 4118 3395 4123 τ

2125 4191 2195 4252 γ’.
2237 4180 2408 4239 Εἶπεν
2429 4186 2459 4240 6
2491 4184 2667 4252 esse;
2690 4186 3009 4258 Σαραπίων,
3033 4186 3115 4240 ὄτι
3149 4186 3363 4257 Ὠσπερ
3390 4186 3438 4239 οί
3479 4200 3645 4255 στρα-

2055 4277 2248 4331 τιῶται
2299 4278 2393 4332 τοῦ
2456 4278 2724 4349 βασιλέως
2770 4280 2832 4334 οὑ
2884 4280 3137 4334 δύνανται
3182 4280 3223 4312 ⁸⁷
3277 4279 3557 4349 ἱστάμενοι
3597 4276 3643 4307 ⁸⁸

2056 4369 2265 4441 sagas
2296 4372 2563 4445 ἀριστερὰ
2591 4372 2912 4443 προσέχειν·
2944 4372 3114 4437 οὕτως
3148 4372 3241 4427 καὶ
3270 4373 3299 4425 6
3334 4371 3644 4442 ἄνθρωπος.

2058 4460 2153 4515 ἐὰν
2196 4461 2412 4516 ἵσταται
2443 4463 2674 4518 ἐνώπιον
2704 4463 2798 4518 τοῦ
2826 4463 2985 4527 Θεοῦ,
3011 4464 3107 4519 καὶ
3138 4463 3380 4536 προσέχῃ
3415 4460 3648 4515 ἐνώπιον

2059 4554 2224 4609 αὐτοῦ
2256 4557 2313 4612 ὲν
2344 4555 2495 4626 φόϐῳ
2521 4556 2670 4628 πάσῃ
2698 4556 2837 4630 ὥρᾳ,
2864 4556 3017 4612 οὐδὲν
3059 4555 3153 4610 τοῦ
3188 4555 3383 4629 ἐχθροῦ
3422 4552 3648 4608 δύναται

2062 4649 2225 4703 αὑτὸν
2252 4649 2577 4720 ἐκφοϐῆσαι.

2135 4742 2194 4796 δ’.
2239 4741 2556 4814 Παρέδαλεν
2594 4742 2822 4812 ἀδελφὸς
2844 4742 2923 4814 τῷ
2950 4743 3095 4815 ἀϐὁᾷ
3123 4742 3469 4815 Σαραπίωνι’
3514 4758 3650 4812 προ-

2063 4831 2323 4900 ετρέπετο
2349 4832 2407 4885 δὲ
2449 4831 2612 4887 αὑτὸν
2638 4834 2668 4886 6
2692 4832 2872 4904 γέρων
2898 4834 3065 4905 εὐχὴν
3098 4835 3318 4905 ποιῆσαι
3369 4833 3512 4887 κατὰ
3546 4831 3655 4904 τήν

2065 4918 2378 4995 συνήθειαν.
2420 4924 2479 4977 '(l
2513 4923 2573 4977 δὲ
2601 4924 2925 4996 ἁμαρτωλὸν
2959 4926 3150 4979 ἑαυτὸν
3188 4926 3381 4994 λέγων,
3418 4926 3513 4979 καὶ
3551 4924 3652 4978 αὐ-

375 5007 538 5062 nachi
580 5006 771 5062 habitu
818 5008 1143 5079 indignum,
1174 5022 1287 5063 non
1321 5008 1726 5078 acquiescebat.
1772 5007 1941 5064 Volui:

2064 5015 2161 5070 τοῦ
2193 5014 2286 5071 τοῦ
2329 5017 2623 5088 μοναχικοῦ
2663 5017 2940 5088 σχήματος
2972 5017 3210 5082 ἀνάξιον,
3248 5019 3349 5071 οὐκ
3377 5016 3645 5083 ἐπείθετο.

372 5100 538 5154 etiam
571 5097 737 5170 pedes
779 5099 901 5170 ejus
937 5100 1158 5163 lavare.
1190 5100 1286 5157 sed
1321 5100 1514 5158 iisdem
1549 5101 1747 5159 iterum
1773 5100 1941 5157 verbis

2078 5105 2341 5177 Ἦθέλησε
2370 5106 2427 5160 δὲ
2465 5107 2559 5161 καὶ
2607 5106 2736 5169 τοὺς
2776 5106 2941 5171 πόδας
2977 5107 3143 5161 αὐτοῦ
3183 5107 3362 5177 νίψαι·
3403 5106 3499 5160 καὶ
3535 5108 3649 5170 τοῖς

376 5207 534 5257 usus,
564 5207 677 5249 non
707 5193 855 5248 tulit.
901 5193 1175 5264 Apposuit
1200 5209 1419 5266 quoque
1451 5194 1501 5250 ei
1540 5210 1813 5264 mensam;
1840 5210 1941 5250 cm-

2068 5200 2255 5264 αὺτοῖς
2312 5199 2476 5254 πάλιν
2546 5198 2827 5271 χρώμενος
2904 5197 3116 5268 λόγοις,
3186 5199 3287 5253 οὐκ
3364 5198 3644 5270 ἠνέσχετο.

375 5285 565 5356 pitque
621 5300 789 5343 senex
849 5301 956 5342 una
1004 5287 1358 5344 manducare.
1413 5288 1586 5343 Porro
1632 5287 1936 5344 admoneba

2081 5290 2335 5362 Ἐποίησε
2364 5289 2423 5344 δέ
2451 5290 2613 5346 αὐτὸν
2640 5289 2942 5360 γεύσασθαι
2963 5308 2975 5323 ·
3010 5289 3211 5345 ἐσθίειν
3233 5289 3291 5344 δὲ
3320 5289 3528 5361 ἧρξατο
3555 5291 3651 5344 καὶ

378 5366 528 5434 illum
558 5379 645 5437 his
670 5380 853 5438 verbis
887 5399 901 5437 :
932 5377 1058 5448 Fili,
1106 5382 1153 5438 si
1180 5382 1341 5453 cupis
1373 5382 1663 5453 prolicere,
1701 5396 1941 5452 permaiu

2067 5382 2094 5434 ὁ
2137 5380 2336 5452 γέρων.
2386 5381 2498 5437 Kal
2545 5381 2814 5437 ἐνουθέτει
2862 5382 3044 5450 αὑτὸν,
3091 5382 3302 5451 λέγων·
3342 5380 3565 5447 Τέκνον,
3599 5384 3649 5435 εἰ

448 5563 494 5595 ⁸³
530 5563 616 5637 ΔΙ..
652 5565 779 5637 add.
812 5566 906 5620 καὶ
948 5567 1317 5637 προσεδόκησε
1344 5567 1437 5619 τὸν
1468 5566 1697 5636 γέροντα
1741 5564 1878 5634 μετὰ
1922 5565 2139 5635 χρειῶν.

2242 5565 2286 5636 ἔ³
2315 5563 2562 5636 ΑΙηειΜ.
2598 5565 2764 5636 μηδὲν
2801 5566 3053 5632 ἐνέγκας.
3151 5565 3194 5599 ⁸⁸
3228 5565 3315 5619 ΑΙ.
3351 5564 3521 5621 inscr.
3555 5565 3648 5636 ἆλ-

378 5628 517 5696 λαις.
591 5635 638 5668 ⁸⁵
664 5636 750 5690 AI.
776 5639 903 5706 μιᾶς
929 5628 1161 5708 ἡμέρας.
1235 5628 1278 5670 ⁵⁵
1309 5639 1391 5691 Al.
1425 5628 1546 5691 add:
1569 5636 1660 5689 τοῦ
1701 5628 2085 5706 laevane-piem

2166 5637 2208 5666 ³⁷
2240 5635 2324 5689 ΑΙ.
2355 5634 2669 5707 τολμῶσιν(
2731 5638 2773 5667 ⁸⁸
2797 5638 2880 5691 Al.
2912 5638 3080 5691 inscr.
3124 5636 3431 5708 ἔμπροσθεν
3458 5634 3647 5691 αὑτοῦ.

450 5787 564 5857 (7‘2)
618 5788 720 5843 Vit.
751 5790 897 5842 Patr.
944 5808 1015 5851 vr,
1056 5793 1133 5843 1'2.

944 5808 1015 5913 ζ’(
2076 5791 2257 5913 “(7-1)
2310 5793 2413 5846 νὴ.
2450 5790 2599 5845 Palr.
2635 5806 2752 5858 vm,
2797 5789 2856 5859 9;
2891 5791 3217 5866 Cassianus;
3262 5789 3457 5846 Collut.
3497 5805 3651 5859 nm,

708 5900 718 5911 .
799 5879 827 5911 (ι
891 5899 903 5912 .
1015 5900 1026 5925 ,
1135 5901 1146 5913 .
2146 5899 2161 5915 .
