4062 6332
303 359 401 415 417

1441 360 2069 422 APOPHTHEGMATA
2108 364 2420 426 PATBJJM.

3478 376 3585 435 ιιε

318 481 485 547 θέλεις
518 478 889 565 ὠφεληθῆναι,
920 478 1263 551 καρτέρησον
1311 479 1371 533 ἐν
1407 478 1486 552 τῷ
1538 479 1734 553 κελλίῳ
1786 498 1891 546 σουἸ

2008 482 2066 539 in
2096 484 2233 539 cella
2259 491 2375 552 tua,
2403 486 2695 544 attendens
2721 486 2821 543 tibi
2848 485 2975 558 ipsi,
3013 493 3068 544 et
3085 486 3263 545 labori
3297 501 3580 546 manuum-

319 575 405 628 καὶ
440 572 677 644 πρόσεχε
704 570 929 642 ’σεαυτῷ
960 571 1056 623 καὶ
1085 568 1165 641 τῷ
1197 570 1499 643 ἐργοχείρῳ
1533 588 1629 625 σου
1648 586 1664 602 ·
1695 571 1757 625 ού
1786 571 1896 643 γὰρ
1928 630 1929 633 η

318 666 464 736 φέρει
496 682 577 719 σοι
608 664 671 717 τὸ
711 663 1079 736 προέρχεσθαι
1133 664 1393 734 τοιαύτην
1447 663 1736 733 ὠφέλειαν,
1772 665 1897 719 ὅσον

322 755 372 808 τὸ
395 754 747 820 καθέζεσθαι.
785 754 844 808 '0
868 754 925 807 δὲ
953 753 1129 809 ταῦτα
1159 753 1421 819 ἀκούσας,
1450 755 1776 827 ἐπικράνθη,
1803 757 1897 809 καὶ

316 847 578 920 ἠλλοιώθη
619 844 688 920 τῇ
741 850 947 921 μορφῇ,
980 846 1123 900 ὥστε
1178 846 1314 919 μηδὲ
1364 846 1661 919 δυνηθῆναι
1714 847 1896 903 λαθεῖν

316 938 401 991 τὸν
432 937 685 1010 γέροντα.
736 936 903 992 Εἶπεν
947 934 1042 993 οὖν
1069 936 1222 1009 αύτῷ
1262 938 1293 990 6
1337 937 1516 1003 ἀϐϐᾶς
1566 940 1890 1011 Σαραπίων·

318 1027 489 1100 Μέχρι
527 1026 625 1082 τοῦ
664 1027 762 1082 νῦν
823 1027 1031 1097 ἔλεγες,
1071 1027 1421 1100 Ἀμαρτωλός
1450 1029 1585 1100 εἰμι,
1627 1030 1722 1084 καὶ
1767 1047 1897 1085 κατ-

316 1119 527 1192 ηγόρεις
556 1120 753 1176 ἑαυτοῦ
775 1122 870 1177 καλ
889 1120 987 1176 τοῦ
1013 1121 1112 1192 ζῇν
1139 1121 1359 1186 ἀνάξιον
1385 1116 1526 1176 εἶναι
1543 1135 1558 1149 ⁶
1584 1121 1681 1175 καὶ
1708 1122 1896 1194 ἐπειδὴ

316 1209 449 1279 μετά
498 1210 720 1283 ἀγάπης
770 1209 1064 1282 ὑπέμνησά
1117 1226 1199 1276 σε,
1249 1210 1503 1266 τοσοῦτον
1552 1212 1893 1286 ἐθηριώθης;

325 1301 445 1354 Ἐὰν
474 1296 570 1355 οὖν
609 1301 773 1376 θέλῃς
804 1304 1061 1367 ταπεινὸς
1110 1300 1272 1369 εἶναι,
1320 1303 1389 1357 τὰ
1423 1305 1558 1376 παρ’
1584 1304 1763 1360 ἄλλων
1792 1306 1893 1358 ἐπ⁴

313 1391 553 1462 αγόμενά
589 1408 672 1447 σοι
713 1391 853 1464 μάθε
884 1393 1075 1466 φέρειν
1111 1395 1398 1464 γενναίως,
1427 1395 1522 1449 καὶ
1552 1394 1629 1468 μὴ
1673 1397 1896 1467 ῥήματα

312 1482 453 1553 ἀργὰ
494 1482 728 1554 κάτεσχε
763 1483 980 1555 σεαυτῷ
1005 1483 1143 1554 (75).
1189 1482 1373 1537 Ταῦτα
1399 1482 1642 1548 ἀκούσας
1666 1486 1695 1539 6
1739 1484 1897 1539 ἀδελ-

312 1574 406 1643 φὸς
454 1575 744 1646 μετενόησε
781 1574 862 1647 τῷ
918 1575 1164 1648 γέροντι,
1214 1576 1311 1629 καὶ
1362 1575 1536 1631 πολλὰ
1586 1576 1894 1650 ὠφεληθεὶς

311 1667 675 1739 ἀνεχώρησεν.

674 1781 817 1851 Περὶ
852 1781 961 1838 τοῦ
999 1779 1151 1837 άϐϐᾱ
1184 1782 1436 1852 Σερίνου
1459 1782 1526 1836 δ’.

375 1898 450 1949 α’.
492 1893 721 1963 Ἔλεγον
773 1892 904 1964 περὶ
947 1892 1043 1947 τοῦ
1097 1893 1244 1948 esse
1293 1894 1540 1967 Σερίνου,
1586 1894 1670 1948 ὅτι
1722 1894 1894 1950 πολλὰ
1923 1838 1967 1893 Β

308 1985 617 2057 εἰργάζετο,
662 1984 758 2039 καὶ
805 1985 901 2039 δύο
945 1984 1267 2056 παξαμὰτια
1290 1986 1335 2018 ⁵⁰
1379 1985 1535 2056 ἤσθιε
1579 1986 1890 2054 διαπαντός.

308 2078 419 2132 Καὶ
458 2074 631 2132 ἐλθὼν
676 2076 814 2151 πρὸς
859 2077 1020 2130 αὐτὸν
1058 2079 1087 2131 6
1131 2076 1308 2142 ἀϐϐἄς
1343 2077 1462 2132 Ἰὼϐ
1485 2079 1555 2143 ⁸¹,
1586 2078 1615 2131 6
1664 2096 1895 2150 συμφω-

305 2165 475 2236 νητὴς
515 2163 703 2232 αὑτοῦ,
746 2167 842 2220 καὶ
892 2167 1052 2231 αὐτὸς
1099 2166 1155 2221 δὲ
1207 2169 1382 2239 μέγας
1427 2168 1695 2241 ἀσκητὴς,
1738 2164 1891 2223 εἶπεν

302 2256 476 2328 αὐτῷ,
502 2257 586 2311 ἅτι
614 2258 710 2323 Εἰς
746 2257 808 2311 τὸ
851 2257 1061 2312 κελλίον
1096 2276 1198 2330 μου
1251 2260 1511 2329 φυλάττω
1559 2263 1660 2333 τὴν
1691 2262 1890 2333 πρᾶξίν

305 2367 405 2419 μου
431 2365 447 2380 ⁸
492 2348 589 2402 ἐὰν
627 2349 688 2402 δὲ
737 2347 959 2414 ἐξέλθω,
1005 2349 1425 2418 συγκαταϐαίνω
1457 2353 1572 2415 τοῖς
1618 2352 1886 2422 ἀδελφοῖς.

301 2429 409 2495 Καὶ
462 2439 611 2510 λέγει
661 2439 811 2512 αὐτῷ
847 2442 877 2494 6
922 2439 1096 2506 ἁϐϐᾶς
1128 2442 1373 2515 Σερῖνος·
1411 2444 1527 2497 Οὐκ
1565 2443 1714 2496 ἐστιν
1750 2443 1887 2516 αὓτη

302 2530 519 2603 μεγάλη
548 2530 735 2603 ἀρετὴ,
764 2532 891 2585 ὅταν
921 2532 981 2585 ἐν
1013 2531 1091 2603 τῷ
1132 2533 1328 2605 κελλίῳ
1359 2551 1452 2587 σου
1484 2526 1769 2606 φυλάττῃέ
1789 2534 1888 2608 τὴν

299 2623 454 2688 τάξιν
495 2641 613 2690 σου,
644 2624 758 2677 ἀλλ’
784 2625 910 2677 ὅταν
938 2626 1004 2681 ὲκ
1039 2624 1133 2679 τοῦ
1166 2625 1378 2679 κελλίου
1410 2643 1502 2679 σου
1554 2625 1754 2697 μᾶλλον
1800 2625 1890 2693 ἐξ-

302 2712 485 2786 ἐλθῃς.

370 2805 440 2874 β’.
471 2802 641 2859 Εἶπεν
664 2806 695 2858 6
715 2805 890 2871 ἀϐϐἄς
915 2807 1150 2878 Σερῖνος,
1176 2808 1258 2861 ὅτι
1292 2808 1552 2880 Ἑποίησα
1575 2807 1668 2861 τὸν
1693 2807 1887 2881 χρόνον

304 2916 425 2968 μου,
450 2897 707 2970 θερίζων,
738 2900 1169 2971 καταρῤἀπτων,
1192 2901 1410 2955 πλέκων
1429 2918 1443 2933 ο
1473 2901 1569 2955 καὶ
1598 2904 1657 2955 ὲν
1679 2903 1886 2967 τούτοις

300 2991 492 3057 πᾶσιν,
522 2992 574 3044 εί
611 2989 686 3063 μὴ
721 2991 756 3060 ἡ
794 2990 916 3062 χεὶρ
938 2989 1034 3045 τοῦ
1058 2990 1193 3045 Θεοῦ
1223 2992 1484 3064 ἐχόρτασέ
1515 3009 1604 3063 με,
1633 2993 1733 3049 ούκ
1757 2994 1885 3063 ἠδυ-

299 3082 468 3156 νήθην
496 3083 893 3154 χορτασθῆναι.
1854 3092 1857 3093 ⁷

647 3196 788 3264 Περὶ
813 3195 921 3249 τοῦ
955 3194 1106 3252 ἁσϐᾶ
1128 3194 1532 3264 Σπυρίδωνος.

364 3306 432 3365 α’.
507 3309 648 3381 Περὶ
692 3307 749 3363 δέ
803 3308 1191 3382 Σπυρίδωνος,
1245 3309 1482 3381 τοσαύτη
1533 3308 1612 3381 τῷ
1671 3311 1886 3381 ποιμένι

297 3402 514 3474 προσῆν
534 3401 772 3473 ὁσιότης,
802 3401 879 3466 ὡς
912 3400 1210 3473 ἀξιωθῆναι
1256 3401 1421 3455 αὐτὸν
1448 3403 1544 3456 καὶ
1583 3401 1887 3475 ἀνθρώπων

296 3493 540 3565 ποιμένα
567 3493 841 3562 γενέσθαι.
868 3494 1016 3557 Μιᾶς
1043 3493 1151 3564 γὰρ
1196 3491 1304 3546 τῶν
1329 3495 1386 3546 ἐν
1414 3492 1623 3565 Κύπρῳ
1657 3493 1884 3561 πόλεων,

292 3582 527 3655 ὀνόματι
556 3582 990 3654 Τριμιθούντων,
1016 3576 1171 3648 οὗτος
1198 3582 1298 3654 τὴν
1326 3583 1634 3654 ἐπισκοπὴν
1661 3583 1889 3654 ἐκεκλή-

298 3674 608 3761 ρωτο·.διὰ
642 3670 724 3729 δὲρ
746 3675 983 3746 ἀτυφίαν
1034 3674 1270 3747 πολλὴν,
1309 3674 1570 3746 ἐχόμενος
1613 3676 1714 3748 τῆς
1763 3679 1886 3731 ἐπι-

297 3769 531 3840 σκοπῆς,
564 3769 849 3841 ἐποίμαινε
876 3770 971 3822 καὶ
994 3768 1064 3822 τὰ
1090 3770 1357 3842 πρόϐατα.
1393 3767 1684 3841 Μεσούσης
1706 3769 1762 3823 δὲ
1791 3769 1888 3842 τῆς

298 3862 514 3926 νυκτὸς,
545 3859 776 3915 κλέπται
806 3863 873 3931 τῇ
909 3860 1122 3931 μάνδρᾳ
1150 3859 1259 3915 τῶν
1288 3859 1581 3930 προϐάτων
1612 3859 1888 3930 λαθραίως

296 3951 642 4017 ἐπελθόντες,
674 3953 870 4022 κλέψαι
893 3952 1003 4006 τῶν
1032 3952 1321 4023 προϐάτων
1345 3951 1701 4017 ἐσπούδαζον.
1743 3952 1801 4006 Ὀ
1831 3951 1887 4005 δὲ

294 4042 426 4109 Θεὸς
456 4046 486 4098 6
528 4045 619 4098 τὸν
647 4044 882 4114 ποιμένα
913 4041 1126 4107 σώζων,
1148 4042 1337 4096 καὶτὰ
1366 4042 1615 4115 πρόϐατα
1644 4042 1847 4109 ἔσωζεν
1870 4060 1885 4075 ·

294 4138 342 4188 οἱ
366 4137 476 4207 γὰρ
501 4136 736 4191 κλέπται
766 4135 982 4207 ἀοράτῳ
1011 4134 1240 4205 δυνάμει
1266 4135 1312 4166 ⁵¹
1339 4135 1491 4205 παρὰ
1510 4135 1610 4205 τὴν
1645 4135 1888 4209 μάνδραν

297 4227 558 4283 ἐδέδεντο.
589 4228 823 4300 Ὀρθρος
856 4226 913 4280 δὲ
938 4222 1037 4298 ἦν·
1073 4227 1171 4279 καὶ
1194 4220 1329 4298 ἧκεν
1355 4226 1383 4279 6
1420 4226 1624 4298 ποιμὴν
1658 4228 1796 4299 πρὸς
1820 4228 1888 4282 τὰ

297 4317 570 4389 πρόϐατα.
589 4319 674 4382 Ὠς
695 4317 752 4370 δὲ
781 4309 939 4387 εὗρεν
960 4315 1137 4368 ὀπίσω
1156 4315 1256 4378 τὰς
1279 4318 1465 4389 χεῖρας
1488 4315 1729 4389 ἔχοντας,
1747 4318 1888 4387 ἔγνω

294 4409 355 4461 τὸ
374 4411 606 4480 γεγονός
621 4428 634 4441 ’
652 4411 747 4464 καὶ
760 4409 1058 4480 εὐξάμενος
1071 4408 1189 4463 λύει
1210 4408 1337 4473 τοὺς
1356 4408 1615 4472 κλέπτας.
1632 4409 1809 4463 Πολλὰ
1829 4410 1885 4464 δὲ

295 4502 633 4574 νουθετήσας
652 4503 748 4555 καὶ
776 4501 1114 4575 παραινέσας
1143 4502 1351 4566 αὐτοῖς,
1374 4504 1438 4557 ἐκ
1463 4502 1688 4555 δικαίων
1710 4503 1886 4556 πόνων

1998 573 2190 648 Neque
2214 576 2361 631 enim
2386 584 2600 634 tantum
2649 576 2836 636 afferet
2865 580 3122 637 utilitatis
3144 580 3387 651 prodire,
3414 596 3586 652 quam

1998 673 2115 722 tum
2146 667 2358 725 sedere.
2400 669 2499 727 His
2538 672 2632 729 ille
2675 671 2911 737 auditis,
2972 675 3341 730 exacerbatus
3372 681 3494 742 est,
3524 682 3586 730 et

1999 757 2174 814 forma
2210 768 2493 829 mutatus,
2540 763 2678 820 adeo
2717 771 2777 821 ut
2816 778 2917 821 nec
2943 779 3134 821 senem
3166 766 3338 823 latere
3368 774 3582 836 posset.

1996 847 2190 922 Itaque
2226 851 2365 908 dixit
2391 854 2443 910 ei
2489 855 2659 913 abbas
2693 855 2965 929 Serapio:
3009 855 3307 929 ﬂuensque
3335 858 3525 915 aiebas
3566 876 3580 912 :

1994 938 2262 997 Peccator
2287 957 2444 1011 sum;
2474 944 2606 1002 item
2646 947 2954 1004 accusabas
2992 955 3045 1003 te
3073 947 3237 1018 quasi
3269 948 3437 1003 etiam
3465 949 3582 1004 vita

1996 1030 2282 1104 indignum
2310 1050 2326 1101 ;
2370 1034 2502 1107 quia
2534 1050 2666 1091 vero
2697 1036 3093 1095 commonefeci
3125 1046 3177 1094 te
3214 1052 3341 1093 cum
3392 1038 3580 1094 chari-

1998 1131 2133 1191 tate,
2163 1141 2339 1198 usque
2364 1127 2502 1183 adeo
2526 1127 2786 1186 eﬁeratus
2805 1130 2905 1186 es?
2934 1128 2992 1185 Si
3014 1145 3148 1202 ergo
3171 1129 3456 1187 desideras
3487 1130 3583 1187 bu-

1997 1216 2146 1273 milis
2174 1232 2319 1285 esse,
2349 1233 2472 1290 quae
2498 1219 2568 1276 ab
2590 1220 2714 1278 aliis
2744 1222 2845 1279 tibi
2876 1221 3212 1286 inferuntur,
3239 1221 3392 1279 disce
3415 1221 3577 1279 forti-
3660 1212 3673 1223 “

1996 1313 2080 1363 ter
2101 1304 2267 1373 ferre,
2306 1324 2410 1365 nec
2438 1311 2605 1366 verba
2634 1312 2813 1368 otiosa
2838 1310 2986 1382 apud
3024 1319 3079 1369 te
3098 1312 3297 1369 retine.
3332 1311 3459 1368 Haec
3484 1327 3581 1368 au-

1996 1399 2154 1456 diens
2183 1400 2371 1467 frater,
2396 1402 2610 1458 veniam
2637 1402 2867 1475 supplex
2893 1403 3049 1474 petiit
3073 1417 3105 1459 a
3134 1418 3287 1471 sene,
3316 1410 3373 1460 et
3401 1402 3580 1459 multo

1997 1505 2122 1547 cum
2165 1493 2362 1549 anima;
2392 1493 2548 1549 lucro
2569 1494 2846 1552 discessit.

2514 1776 2594 1833 De
2626 1778 2813 1835 abbate
2842 1780 3058 1838 Sereno.

2067 1883 2119 1938 l.
2154 1881 2389 1940 Aiebam
2417 1885 2486 1943 de
2508 1888 2705 1945 abbate
2729 1889 2970 1961 Sereno,
2995 1894 3140 1964 quod
3172 1898 3403 1952 multum
3445 1914 3576 1971 ope-

1994 1983 2231 2043 raretur,
2261 1986 2318 2032 et
2347 1977 2488 2034 duos
2511 1990 2830 2050 paxamates
2856 1999 3075 2055 semper
3098 1988 3435 2047 comederet.
3466 1989 3571 2050 Ve-

1994 2068 2152 2124 niens
2180 2078 2363 2125 autem
2400 2072 2467 2127 ad
2495 2087 2620 2128 eum
2657 2074 2829 2132 abbas
2860 2075 2988 2141 Job.
3030 2079 3238 2137 sodalis
3260 2082 3403 2153 ejus,
3447 2083 3568 2156 ipse

1991 2159 2156 2216 etiam
2209 2176 2442 2234 magnus
2486 2176 2706 2231 asceta,
2755 2166 2934 2223 dixit:
2970 2168 3033 2225 In
3074 2171 3213 2226 cella
3256 2187 3376 2229 mea
3409 2189 3572 2232 servo

1991 2249 2266 2307 actionem
2305 2267 2528 2322 meam;
2576 2257 2673 2311 sed
2720 2256 2767 2312 si
2795 2257 3006 2322 exiere,
3046 2260 3429 2319 condescendo
3463 2264 3575 2322 fra-

1990 2340 2189 2397 tribus.
2214 2343 2307 2396 Ait
2332 2343 2409 2398 illi
2440 2344 2610 2402 abbas
2646 2345 2887 2404 Serenus
2914 2368 2926 2402 :
2961 2347 3081 2404 Non
3113 2359 3199 2406 est
3227 2352 3342 2407 haec
3370 2370 3567 2427 magna

1991 2431 2205 2499 virtus,
2253 2435 2473 2505 quando
2518 2437 2575 2493 in
2625 2440 2761 2493 cella
2806 2449 2897 2493 tua
2946 2441 3279 2499 custodieris
3322 2445 3570 2503 ordinem

1991 2534 2166 2592 tuum,
2193 2527 2288 2584 sed
2315 2528 2500 2598 potius
2525 2545 2647 2584 cum
2680 2545 2711 2585 e
2732 2531 2869 2585 cella
2897 2538 2989 2586 tua
3014 2548 3291 2603 egressus.

2059 2793 2116 2848 2.
2154 2791 2298 2849 Dixit
2347 2792 2520 2849 abbas
2564 2791 2808 2851 Serenus
2846 2814 2857 2850 :
2890 2795 3129 2869 Tempus
3175 2813 3354 2854 meum
3391 2804 3574 2874 peregi

1990 2886 2271 2953 metendo,
2304 2888 2647 2954 consuendo,
2673 2888 3001 2959 plectendo;
3038 2896 3204 2960 atque
3231 2891 3285 2945 in
3322 2891 3412 2947 bis
3452 2908 3573 2949 om-

1989 2977 2178 3044 nibus,
2208 2979 2319 3037 nisi
2344 2994 2543 3036 manus
2576 2980 2669 3036 Dei
2694 2981 2939 3037 cibasset
2970 2996 3078 3046 me,
3116 2997 3227 3038 non
3263 2987 3573 3055 potuissem

1989 3071 2214 3127 nutriri.

2469 3185 2547 3241 De
2573 3187 2766 3242 abbate
2789 3186 3109 3259 Spyridone.

2060 3301 2112 3355 l.
2150 3298 2289 3372 (75‘)
2331 3299 2405 3357 De
2456 3297 2767 3372 Spyridone
2800 3317 2965 3368 vero,
2998 3311 3153 3359 tanta
3195 3305 3249 3360 in
3288 3321 3354 3361 eo
3383 3308 3568 3364 ovium

1988 3399 2210 3461 pastore
2241 3392 2420 3453 inerat
2451 3395 2742 3462 sanctitas,
2783 3404 2846 3450 ut
2877 3394 3079 3466 dignus
3118 3396 3341 3453 habitus
3367 3399 3440 3454 sit
3468 3401 3564 3471 qui

1989 3484 2276 3539 hominum
2298 3501 2518 3557 quoque
2541 3493 2734 3556 pastor
2758 3487 2933 3542 ﬁeret.
2968 3486 3143 3544 Unius
3171 3489 3317 3544 enim
3336 3505 3369 3547 e
3394 3490 3563 3563 Cypri

1990 3576 2245 3642 urbibus,
2278 3577 2501 3634 nomine
2544 3575 2959 3642 Trimitbuntis,
2998 3579 3373 3651 episcopatum
3405 3583 3573 3639 sorti-

1992 3675 2083 3723 tus
2111 3675 2220 3722 est.
2250 3664 2454 3722 Verum
2478 3666 2550 3721 ob
2580 3667 2875 3737 plurimam
2906 3667 3253 3735 modestiam,
3285 3670 3575 3742 episcopa-

1989 3765 2106 3813 tum
2137 3758 2416 3824 obtinens,
2453 3758 2634 3813 adbuc
2662 3759 2926 3828 pascebat
2949 3773 3101 3815 oves.
3125 3758 3366 3831 Contigit
3385 3770 3567 3818 autem

1989 3859 2052 3905 ut
2077 3851 2229 3906 fures
2259 3850 2436 3906 media
2470 3858 2632 3906 nocte
2652 3849 2794 3905 clam
2824 3850 2881 3905 in
2912 3851 3127 3905 caulam
3159 3852 3281 3922 ejus
3312 3852 3570 3923 ingressi,

1990 3958 2120 4000 oves
2148 3942 2716 4000 tentarent'avertere.
2749 3945 2818 3998 At
2846 3942 2992 3999 Deus
3017 3945 3108 4014 qui
3135 3952 3413 4013 pastorem
3443 3961 3580 4001 con-

1990 4037 2267 4101 servabat,
2304 4051 2435 4092 oves
2473 4037 2640 4092 etiam
2685 4038 2948 4092 servavit.
2982 4035 3157 4092 Fures
3183 4037 3386 4107 quippe
3431 4038 3572 4092 invi-

1990 4127 2375 4184 sibilivirtute
2414 4126 2483 4180 ad
2511 4126 2655 4181 ovile
2686 4125 2842 4194 ligati
2892 4124 3245 4180 tenebantur.
3277 4123 3397 4178 Jam
3426 4125 3570 4179 dilu-

1989 4221 2173 4274 culum
2215 4227 2366 4286 erat,
2396 4233 2522 4274 cum
2568 4217 2717 4272 venit
2763 4224 2954 4287 pastor
3004 4215 3073 4269 ad
3117 4230 3249 4272 oves
3293 4230 3448 4271 suas.
3498 4215 3568 4271 Ut

1989 4318 2172 4366 autem
2196 4310 2405 4365 invenit
2435 4310 2586 4365 fures
2614 4308 2875 4363 manibus
2903 4315 3028 4379 post
3047 4316 3259 4378 tergum
3280 4307 3568 4370 revinctis,

1989 4403 2214 4476 agnovit
2239 4402 2372 4475 quid
2409 4401 2730 4470 accidisset,
2762 4410 2816 4457 et
2845 4416 3007 4472 prece
3041 4400 3187 4454 facta
3223 4401 3389 4456 solvit
3420 4399 3566 4455 illos.

1987 4496 2237 4567 Cumque
2289 4494 2524 4550 multum
2583 4492 2967 4548 admonuisset
3027 4499 3195 4562 atque
3244 4492 3572 4548 exhortatus

298 4594 624 4660 σπουδάζειν
665 4594 864 4665 μᾶλλον
904 4594 998 4648 καὶ
1030 4594 1104 4667 μὴ
1126 4594 1186 4661 ἐξ
1212 4594 1429 4659 ἀδικίας
1458 4594 1578 4665 ζῇν,
1608 4594 1704 4648 ἕνα
1732 4595 1884 4666 κριὸν

1992 4587 2209 4652 fuisset,
2250 4592 2312 4641 ut
2362 4584 2531 4655 justis
2579 4583 2889 4652 laboribus,
2936 4599 3046 4639 non
3100 4583 3309 4654 iniquis
3354 4583 3573 4639 actibus

296 4687 482 4750 αὐτοῖς
521 4685 888 4756 χαρισάμενος
934 4684 1224 4749 ἀπέλυσεν,
1268 4684 1363 4736 καὶ
1417 4684 1719 4754 χαριέντως
1764 4686 1886 4738 ἐπι-

297 4775 673 4849 φθεγξάμενος
714 4773 893 4829 εἷπεν·
948 4776 1064 4829 ’Ὶνα
1114 4775 1190 4847 μὴ
1250 4776 1428 4847 μάτην
1470 4777 1887 4848 ἠγρυπνηκότες

297 4883 502 4938 φανητε
512 4908 526 4923 .

367 4957 406 5027 β’
420 5000 435 5014 .
456 4957 687 5026 Ἔλεγον
708 4955 888 5021 πάλιν,
912 4956 993 5009 ὅτι
1017 4955 1308 5027 θυγάτριον
1328 4952 1397 5028 ἧν
1417 4955 1567 5029 αὐτῷ
1592 4955 1881 5030 παρθένος,

296 5046 393 5117 τῆς
418 5048 518 5102 τοῦ
549 5048 754 5118 πατρὸς
805 5046 1091 5111 εὐλαϐείας
1131 5048 1437 5119 μετέχουσα
1456 5088 1471 5113 ,
1500 5047 1742 5119 τοῦνομα
1790 5048 1883 5100 Ei-

301 5141 456 5212 ρήνη.
491 5143 684 5215 Ταύτῃ
711 5139 987 5213 γνώριμός
1028 5158 1115 5203 τις
1148 5141 1446 5212 πολύτιμον
1488 5140 1759 5213 παρέθετο
1792 5139 1885 5194 κό-

300 5249 477 5304 σμιον.
516 5236 580 5288 Ἦ
627 5235 684 5289 δὲ
720 5234 1126 5306 ἀσφαλέστερον
1166 5233 1426 5299 ποιοῦσα,
1465 5236 1537 5305 γῇ
1568 5233 1667 5304 τὴν
1711 5250 1886 5302 παρα-

301 5324 472 5398 θήκην
519 5327 759 5400 ἔκρυψε·
818 5327 933 5399 μετ’
958 5326 1139 5397 ὀλίγον
1188 5326 1246 5380 δὲ
1297 5326 1390 5379 τὸν
1435 5325 1549 5395 βίον
1596 5323 1880 5378 ἀπέλιπεν.

373 5483 417 5515 δ’
446 5485 535 5539 Al.
560 5487 817 5559 Σερήνου.
889 5487 934 5517 ⁸ο
963 5485 1043 5543 Al.
1077 5483 1415 5554 παξαμόιδια.
1497 5483 1540 5514 ⁸⁸
1588 5482 1673 5536 Al.
1723 5482 1945 5551 Ἰωσήφ.

373 5643 487 5714 (75)
529 5644 634 5700 Καὶ
649 5644 735 5713 μὴ
750 5646 989 5715 ῥήματα
1015 5645 1165 5715 ἀργὰ
1182 5643 1439 5715 κάζεσχε
1456 5637 1731 5715 σεο-τιτῷ.-
1752 5638 1887 5715 lea’

314 5709 533 5767 Patrum
568 5732 586 5769 :
612 5709 678 5769 Et
706 5709 1022 5771 non'odiosa
1041 5709 1193 5769 uerba
1223 5709 1490 5782 e/fundere
1512 5710 1609 5782 tibi
1632 5711 1750 5782 ipsi.
1774 5709 1881 5782 Seu

306 5784 485 5851 potius
518 5800 533 5838 :
570 5784 633 5841 Et
666 5803 770 5843 non
795 5788 968 5842 otiosa
1008 5786 1161 5840 verba
1195 5778 1405 5854 effimdc
1431 5779 1525 5834 (ibi
1549 5780 1668 5842 ipsi.
1704 5778 1769 5833 Ut
1803 5781 1878 5833 lc-

1991 4678 2197 4748 viqtum
2246 4675 2350 4732 sibi
2394 4687 2720 4745 comparare
2770 4675 3104 4741 niterentur,
3130 4674 3303 4729 ariete
3336 4672 3572 4728 donatos

1993 4766 2204 4822 dimisit
2236 4779 2333 4821 eos
2356 4805 2372 4830 ,
2409 4771 2575 4835 atque
2619 4762 2726 4818 hoc
2759 4761 2913 4818 verbi
2955 4763 3162 4818 urbane
3207 4760 3407 4831 adjecit
3443 4779 3458 4817 :
3495 4759 3572 4815 Ne

1993 4860 2199 4915 frustra
2235 4858 2494 4929 vigilasse
2526 4856 2843 4913 videamini.
3380 4906 3393 4911 -

2062 4952 2097 5007 2
2131 4950 2242 5023 (76)
2289 4949 2523 5005 Aiebant
2565 4949 2788 5014 iterum,
2832 4947 2979 5019 quod
3031 4948 3250 5003 filiolam
3296 4947 3571 5003 -babuerit

1992 5043 2257 5114 virginem
2288 5051 2533 5112 paterna:
2568 5041 2793 5112 pietatis
2835 5041 3185 5112 participem,
3219 5039 3441 5094 nomine
3464 5038 3570 5092 [re-

1992 5152 2120 5191 nen.
2158 5135 2295 5191 Huic
2343 5135 2637 5193 familiaris
2678 5134 2903 5206 quidam
2939 5133 3241 5204 pretiosum
3277 5144 3570 5185 ornamen.

1994 5238 2109 5285 tum
2159 5229 2663 5286 commendaverat.
2708 5226 2829 5289 Illa.
2859 5233 2919 5280 ut
2956 5224 3266 5295 depositum
3300 5220 3473 5290 magis
3511 5220 3565 5273 in

1993 5329 2113 5377 tuto
2154 5331 2321 5385 esset,
2364 5322 2418 5376 in
2456 5330 2664 5377 terram
2717 5318 2962 5382 abdidit;
3017 5316 3180 5386 paulo
3218 5320 3341 5383 post
3388 5320 3564 5364 autem

2023 5481 2066 5511 ⁸⁸
2096 5480 2180 5533 Al.
2211 5482 2378 5534 inscr.
2414 5478 2791 5548 κρατούμενοι.

1985 5639 2117 5708 gerit
2141 5635 2415 5708 νΡυζιςὶιιε
2451 5635 2744 5708 interpres,
2776 5630 3028 5708 κατᾴχεε.

2058 5706 2195 5773 (75')
2238 5699 2479 5764 Sdcrat.,
2512 5699 2610 5773 Iib’
2639 5716 2677 5767 ι,
2713 5716 2833 5770 cap.
2880 5699 2963 5753 l2.

2055 5778 2164 5849 (76)
2206 5776 2308 5829 Sec
2319 5784 2393 5827 rat
2407 5812 2417 5824 .
2431 5811 2445 5835 ,
2478 5771 2607 5827 ibid.
