4062 6332
454 357 554 413 ιιι)

1584 309 1937 409 arrisum);
1978 352 2069 407 Αο
2109 324 2537 412 numnum.

3616 357 3721 414 -ίίθ

451 470 708 541 migravit
738 487 769 528 e
812 472 947 529 vita.
996 472 1154 529 Venit
1188 480 1381 544 postea
1427 473 1520 539 qui
1568 471 1943 540 deposuerat;
1974 478 2030 525 et

2141 467 2310 525 Ἦλθε
2334 471 2391 525 δὲ
2424 469 2564 543 μετὰ
2592 469 2783 543 χρόνον
2809 472 2838 523 6
2870 469 3247 543 παραθέμενος
3273 488 3283 500 ·
3315 471 3408 525 καὶ
3443 469 3517 543 μὴ
3551 469 3727 543 εὑρὼν

453 566 664 638 virgine
696 580 808 621 non
840 567 1086 632 inventa,
1112 565 1334 621 inhaesit
1357 564 1501 635 patri
1528 558 1651 633 ejus
1678 563 1864 618 abbati
1893 560 2035 633 Spy-

451 655 666 723 ridoni;
700 670 848 711 nunc
889 655 1112 725 quidem
1155 655 1406 719 trahens,
1442 652 1645 709 deinde
1674 666 1806 707 vero
1835 666 2029 706 orans.

452 746 593 815 Quia
620 757 801 804 autem
826 762 996 804 senex
1028 761 1060 801 e
1088 746 1293 803 damno
1318 746 1442 817 ejus
1478 746 1577 817 qui
1610 760 1726 801 rem
1756 743 2033 814 deposue-

450 848 539 893 rat
562 855 719 895 suum
756 839 930 909 ipsius
971 836 1209 893 faciebat
1235 837 1651 903 detrimentum,
1688 834 1929 889 accessit
1965 831 2034 887 ad

453 933 766 1000 sepulcrum
800 930 961 997 ﬁliae,
1012 928 1296 999 Deumque
1342 936 1602 1001 precatus
1637 934 1741 993 est,
1792 934 1852 981 ut
1907 931 2036 980 ante

451 1031 668 1093 tempus
695 1023 797 1078 sibi
821 1021 1141 1078 ostenderet
1173 1022 1504 1093 promissam
1537 1018 2031 1077 resurrectionem.

448 1113 560 1170 Nec
595 1130 691 1185 spe
723 1114 900 1171 falsus
933 1126 1039 1171 est.
1074 1114 1274 1171 Statim
1318 1130 1557 1186 namque
1587 1114 1743 1184 virgo
1787 1109 2034 1168 rediviva

450 1204 706 1275 apparuit
736 1205 900 1275 patri.
952 1203 1204 1275 Cumque
1244 1204 1425 1260 locum
1468 1204 1768 1259 indicasset
1818 1201 1875 1255 in
1923 1214 2034 1270 quo

449 1303 834 1351 ornamentum
881 1295 1125 1367 positum
1182 1303 1325 1361 erat,
1375 1309 1598 1351 rursum
1647 1291 1911 1349 decessit.
1965 1291 2035 1342 At

451 1402 620 1444 senex
649 1396 935 1459 sumptum
968 1386 1283 1457 depositum
1309 1384 1570 1442 reddidit.

1007 1501 1083 1556 De
1112 1500 1301 1555 abbate
1331 1499 1480 1554 Saio.

523 1615 854 1673 Referebant
885 1616 953 1671 de
982 1615 1183 1670 abbate
1214 1614 1343 1669 Saio
1378 1619 1432 1669 et
1466 1612 1666 1669 abbate
1703 1610 1844 1675 Mue,
1884 1610 2034 1682 quod

453 1708 617 1763 simul
658 1712 964 1760 manerent.
1008 1702 1336 1758 Obedientia
1366 1709 1552 1757 autem
1601 1703 1905 1772 praestabat
1934 1701 2035 1755 ab-

450 1802 553 1856 bas
584 1799 735 1863 Saio,
768 1807 890 1853 erat
923 1812 1060 1852 vero
1088 1793 1382 1850 admodum
1423 1794 1621 1849 durus.
1665 1792 1814 1847 Dixit
1843 1792 1892 1847 ei
1944 1807 2034 1847 se-

452 1907 581 1954 nex,
615 1889 862 1945 tentandi
910 1889 1090 1959 gratia
1124 1907 1138 1943 :
1172 1888 1297 1951 Abi,
1342 1886 1617 1957 prmdare.
1659 1885 1833 1957 igitur
1872 1884 2029 1948 abiit,

449 1985 507 2033 et
538 1976 737 2032 fratres
775 1977 1089 2047 diripiebat,
1119 1983 1346 2046 propter
1375 1974 1772 2041 obedientiam,
1820 1976 1874 2029 in
1907 1990 2036 2030 om-

453 2070 619 2125 nibus
644 2071 850 2141 gratias
885 2086 1052 2142 agens
1078 2070 1330 2126 Domino.
1365 2069 1433 2123 At
1461 2084 1628 2124 senex
1664 2083 1785 2139 qua:
1817 2067 2034 2124 furatus

454 2162 632 2218 fuerat
659 2162 905 2227 tollebat,
930 2162 1304 2232 reddebatque
1332 2162 1670 2216 clanculum.
1692 2159 1863 2216 Porro
1893 2176 2036 2232 quo-

453 2255 577 2310 dam
619 2255 709 2309 die
741 2269 866 2309 cum
899 2255 1002 2309 iter
1032 2253 1660 2326 agerent,'consumptis
1692 2252 1907 2308 viribus
1942 2252 2039 2308 de-

454 2345 610 2412 fecit,
631 2353 698 2401 et-
719 2346 942 2416 reliquit
964 2362 1088 2402 eum
1110 2347 1280 2403 abbas
1310 2346 1625 2401 confectum
1653 2363 1668 2414 ;
1696 2345 2036 2417 veniensque

453 2438 593 2493 dixit
624 2438 890 2493 fratribus
932 2457 945 2493 :
978 2438 1216 2509 Pergite,
1250 2439 1511 2494 adducite
1545 2438 1695 2504 Saio,
1730 2439 1862 2510 quia
1895 2454 2037 2494 con-

454 2530 665 2588 fractus
693 2531 862 2602 jacet.
902 2531 983 2585 Illi
1017 2532 1302 2595 abeuntes,
1339 2531 1618 2587 duxerunt
1648 2546 1797 2588 eum.

999 2641 1075 2697 De
1114 2653 1284 2697 matre
1324 2641 1487 2699 Sara.

525 2754 579 2808 1.
624 2753 736 2824 (Ti)
772 2752 1162 2810 .Narraverunt
1210 2755 1279 2809 de
1322 2762 1497 2810 matre
1547 2755 1704 2819 Sara,
1751 2756 1896 2827 quod
1938 2771 2035 2827 per

456 2844 720 2898 tredecim
752 2857 930 2898 annos
974 2844 1273 2899 continuos
1307 2843 1669 2901 vehementer
1706 2846 2032 2918 impugnata

456 2934 625 2990 fuerit
673 2949 705 2990 a
735 2934 984 2991 daemone
1034 2934 1445 3002 fornicationis,
1490 2951 1594 2993 nec
1625 2953 1871 3010 unquam
1910 2953 2039 2995 ora-

456 3027 597 3082 verit
645 3033 707 3080 ut
756 3026 962 3082 bellum
1008 3027 1335 3095 desisteret,
1387 3029 1485 3085 sed
1538 3029 1723 3100 potius
1768 3030 1973 3088 dixerit
2020 3050 2038 3088 :

458 3118 626 3185 Deus,
657 3117 727 3172 da
763 3119 897 3174 mihi
923 3120 1091 3177 vires.

528 3210 584 3267 2.
621 3210 737 3282 (78)
766 3212 1080 3282 Aliquando
1106 3212 1491 3273 vehementius
1515 3217 1746 3275 adortus
1772 3234 1891 3275 eam
1921 3221 2040 3278 fue-

458 3310 548 3356 rat
577 3302 724 3357 idem
758 3301 993 3372 spiritus
1041 3301 1450 3371 fornicationis,
1506 3322 1807 3379 suggerens
1855 3312 2042 3366 saeculi

458 3411 631 3452 vanas
661 3411 775 3451 res.
807 3395 902 3449 Illa
938 3410 1068 3451 vero
1091 3411 1188 3466 per
1214 3395 1313 3453 Dei
1338 3398 1594 3455 timorem
1619 3401 1825 3469 ettvitae
1854 3411 2042 3459 auste-

459 3487 626 3542 rioris
664 3486 1118 3543 exercitationem
1146 3503 1495 3560 nequaquam
1536 3490 1762 3557 cedens,
1793 3494 2043 3549 ascendit

461 3579 700 3650 quodam
732 3579 821 3635 die
854 3594 1024 3649 super
1068 3588 1275 3636 tectum
1316 3599 1500 3651 suum,
1536 3592 1596 3639 ut
1634 3596 1837 3641 oraret.
1887 3585 2043 3642 Tunc

461 3672 719 3743 apparuit
750 3674 804 3729 ei
842 3672 898 3728 in
933 3674 1116 3745 specie
1147 3689 1417 3747 corporea
1450 3678 1680 3749 spiritus
1715 3678 2041 3735 fornicatio-

460 3762 584 3832 nis,
613 3764 864 3835 dixitque
892 3783 906 3820 :
938 3763 1020 3820 Tu
1049 3781 1136 3822 me
1166 3767 1368 3837 vicisti,
1396 3768 1554 3825 Sara.
1579 3767 1885 3842 Respondit
1918 3772 2041 3830 illa:

463 3856 582 3913 Non
628 3873 732 3929 ego
764 3867 818 3915 te
842 3859 973 3924 vici,
1014 3860 1110 3916 sed
1136 3859 1401 3919 Dominus
1432 3878 1588 3921 meus
1621 3863 1902 3920 Christus.

536 3952 590 4006 '5.
635 3951 747 4022 (79)
783 3953 1111 4009 [tetulerunt
1133 3954 1202 4011 de
1230 3956 1443 4023 eadem,
1475 3956 1621 4027 quod
1644 3956 1801 4026 juxta
1834 3954 2037 4012 flumen

448 4061 642 4110 ,aunos
667 4049 957 4119 sexaginta
983 4058 1128 4107 totos
1153 4051 1503 4120 habitaverit,
1528 4068 1631 4108 nec
1661 4034 1853 4108 oculos
1876 4051 2045 4108 deﬂe-

465 4139 606 4193 xerit
636 4146 696 4193 ut
733 4138 942 4194 videret
974 4156 1123 4195 eum.

532 4229 591 4286 4.
633 4230 748 4301 (80)
778 4230 904 4287 Alia
942 4234 1205 4303 vice.duo
1228 4248 1412 4300 senes,
1453 4236 1803 4291 anachoreta:
1830 4234 2043 4306 magni,

462 4332 738 4378 venerunt
772 4324 838 4381 ad
871 4341 991 4382 eam
1021 4342 1052 4382 e
1080 4328 1329 4398 partibus
1349 4320 1585 4384 Pelusii.
1619 4328 1684 4382 Et
1720 4328 1866 4384 inter
1895 4330 2049 4384 ince-

463 4413 726 4484 dendum,
748 4416 824 4470 ita
858 4418 1353 4489 colloquebantur:
1385 4417 1768 4489 Deprimamus
1798 4420 2043 4475 vetulam

2133 563 2231 636 τὴν
2279 564 2579 639 παρθένον,
2637 561 2836 617 ἔπλεκε
2882 564 2960 635 τῷ
3008 565 3176 635 πατρὶ
3232 563 3405 635 αὐτῆς
3450 563 3527 635 τῷ
3580 562 3729 637 ἀὸϐᾷ

2133 655 2460 729 Σπυρίδωνι,
2506 654 2602 709 νῦν
2653 654 2752 726 μὲν
2792 655 3002 720 ἕλκων,
3050 656 3210 710 πάλιν
3255 655 3313 709 δὲ
3367 656 3720 725 παρακαλῶν.

2148 748 2366 819 Ἐπειδὴ
2394 748 2450 801 δὲ
2486 747 2773 819 συμφορὰν
2818 748 3052 801 ἐποιεῖτο
3093 745 3193 820 τὴν
3215 746 3308 800 τοῦ
3344 747 3727 819 παραθεμένου

2135 837 2341 911 ζημίαν
2371 841 2399 892 6
2430 838 2632 910 γέρων,
2666 836 2836 891 ἐλθὼν
2882 837 2976 891 ἐπὶ
3020 837 3082 891 τὸ
3115 838 3381 908 μνημεῖον
3424 839 3522 909 τῆς
3561 838 3728 909 θυγα-

2134 931 2284 1003 τρὸς,
2323 930 2641 985 ἐπεκαλεῖτο
2665 930 2755 983 τὸν
2789 929 2945 996 Θεὸν,
2975 929 3082 1001 πρὸ
3128 928 3324 1001 καιροῦ
3364 929 3535 993 δεῖξαι
3574 929 3726 1001 αὐτῷ

2132 1020 2231 1093 τὴν
2286 1020 2703 1093 ἐπηγγελμένην
2746 1020 3045 1099 ἀνάστασιν
3074 1038 3087 1051 ο
3119 1022 3215 1083 καὶ
3364 1022 3463 1092 τῆς
3514 1021 3726 1085 ἐλπίδος

2133 1113 2233 1184 οὐχ
2255 1113 2492 1185 ἥμαρτε.
2542 1113 2702 1167 Ζῶσα
2749 1112 2858 1185 γὰρ
2891 1111 3049 1176 αὖθις
3087 1114 3117 1184 ἡ
3152 1112 3424 1184 παρθένος
3472 1114 3725 1181 φαίνεται

2133 1202 2212 1274 τῷ
2257 1203 2461 1275 πατρί·
2510 1203 2603 1257 καὶ
2647 1201 2812 1256 τόπον
2852 1203 3145 1274 σημάνασα
3200 1201 3330 1257 ἔνθα
3381 1202 3443 1255 τὸ
3496 1203 3723 1275 κόσμιον

2135 1294 2313 1348 ἔκειτο
2338 1293 2406 1362 ⁸⁸,
2448 1288 2603 1356 αὖθις
2656 1291 2954 1366 ἀπεχώρει.
3004 1294 3116 1347 Καὶ
3167 1293 3347 1347 λαϐὼν
3399 1293 3494 1365 τὴν
3548 1312 3725 1366 παρα-

2136 1386 2311 1461 θήκην
2340 1388 2369 1441 6
2395 1384 2578 1458 γέρων
2605 1385 2805 1441 ἔδωκεν
2833 1388 3025 1458 αὐτήν.

2595 1501 2739 1569 Περὶ
2779 1500 2883 1555 τοῦ
2912 1499 3065 1555 ἀϐϐᾶ
3090 1500 3264 1555 Σαϊώ.

2213 1614 2436 1685 Ἔλεγον
2462 1616 2590 1687 περὶ
2609 1613 2705 1668 τοῦ
2733 1614 2879 1668 ἀϐϐᾶ
2908 1615 3073 1679 Σαῖὼ,
3111 1615 3208 1668 καὶ
3237 1613 3333 1669 τοῦ
3360 1613 3510 1669 ἀ66ἄ
3536 1614 3718 1685 Μούη,

2137 1710 2219 1762 ὅτι
2242 1707 2466 1779 ἔμειναν
2505 1707 2622 1780 μετ’
2644 1707 2909 1779 ἀλλήλων.
2938 1704 3064 1778 Εἶχε
3100 1708 3157 1761 δὲ
3184 1707 3385 1780 πολλὴν
3415 1707 3665 1779 ὑπακοὴν
3693 1708 3724 1759 6

2137 1800 2311 1863 ἀϐϐἄς
2338 1799 2503 1863 Σαῖὼ,
2546 1799 2782 1870 σκληρὸς
2810 1799 2867 1853 δὲ
2901 1795 2970 1871 ἦν
3016 1800 3178 1852 πάνυ.
3216 1800 3325 1853 Καὶ
3353 1800 3538 1867 ἔλεγεν
3573 1798 3724 1868 αὐτῷ

2135 1893 2164 1945 ὁ
2188 1892 2365 1963 γέρων
2385 1889 2659 1963 πειράζων
2681 1906 2693 1920 ⁸
2714 1890 2955 1956 ’Ύπαγε,
2986 1889 3239 1960 σύλησον.
3262 1890 3373 1943 Καὶ
3400 1878 3601 1960 ὑπῆγε,
3627 1890 3724 1943 καὶ

2137 1981 2306 2037 ἐσύλα
2334 1982 2462 2046 τοὺς
2501 1980 2767 2050 ἀδελφοὺς
2798 1980 2888 2034 διὰ
2923 1979 3022 2052 τὴν
3057 1980 3308 2051 ὑπακοὴν
3333 2022 3347 2045 ,
3381 1979 3724 2051 εὐχαριστῶν

2136 2076 2216 2148 τῷ
2253 2077 2445 2148 Κυρίῳ
2478 2076 2571 2129 ἐπὶ
2620 2077 2806 2130 πᾶσιν.
2851 2074 2911 2130 Ὀ
2950 2076 3016 2143 ,δὲ
3046 2075 3225 2147 γέρων
3263 2070 3398 2147 ἦρεν
3432 2075 3593 2139 αὐτὰ,
3628 2075 3726 2127 καὶ

2139 2171 2368 2241 παρεῖχε
2410 2166 2676 2239 κρυφίως.
2710 2166 2848 2219 Ποτὲ
2878 2162 2972 2220 οῦν
3017 2167 3313 2220 ὁδευόντων
3356 2164 3557 2231 αὐτῶν,
3598 2164 3727 2235 ὴτό-

2138 2276 2294 2328 νησε,
2311 2260 2405 2312 καὶ
2430 2259 2641 2329 ἀφῆκεν
2664 2258 2827 2312 αὑτὸν
2855 2260 2885 2312 ό
2911 2258 3087 2322 ἁϐϐἇς
3110 2257 3571 2329 συντετριμμένον
3588 2273 3600 2286 ⁸
3629 2257 3726 2309 καὶ

2141 2352 2343 2417 ἐλθὼν,
2378 2347 2500 2405 εἷπε
2548 2353 2661 2416 τοῖς
2708 2351 2987 2422 ἀδελφοῖςο
3049 2350 3343 2420 Ὑπάγετε,
3398 2350 3595 2421 φέρετε
3631 2348 3725 2401 τὸν

2140 2443 2309 2511 Σαῖὼ,
2340 2446 2423 2498 ὅτι
2458 2444 2828 2521 κεκλασμένος
2857 2444 3183 2500 κείται.Καὶ
3212 2444 3559 2507 ἀπελθόντες,
3583 2443 3724 2512 ἤγα-

2141 2554 2237 2607 γον
2271 2537 2455 2592 αὐτόν.

2531 2651 2671 2721 Περὶ
2705 2651 2816 2722 τῆς
2843 2651 3044 2723 ἀμμᾶς
3072 2652 3326 2722 Σάρῤας.

2212 2774 2280 2822 α’.
2319 2767 2658 2838 Διηγήσαντο
2682 2765 2811 2837 περὶ
2838 2767 2939 2837 τῆς
2959 2766 3152 2837 ἀμμᾶς
3178 2765 3513 2836 Σάρῤας,ὄτι
3541 2764 3728 2837 ἔμεινα

2140 2856 2402 2928 δεκατρία
2443 2855 2536 2927 ἔτη
2568 2853 2950 2926 πολεμουμένη
3000 2855 3280 2926 κραταιῶς
3326 2856 3432 2909 ὑπὸ
3475 2854 3570 2909 τοῦ
3605 2855 3730 2909 δαί-

2145 2964 2308 3020 μονος
2335 2948 2437 3017 τῆς
2468 2946 2744 3018 πορνείας,
2773 2947 2869 2999 καὶ
2897 2946 3155 3000 οὐδέποτε
3186 2944 3390 3018 ηὔξατο
3422 2945 3727 3017 ἀποστῆναι

2141 3039 2235 3093 τὸν
2266 3035 2523 3108 πόλεμον,
2552 3035 2689 3089 ἀλλὰ
2726 3033 2926 3107 μᾶλλον
2960 3033 3146 3104 ἔλεγεν
3170 3052 3183 3066 ·
3227 3033 3288 3092 '0
3316 3034 3470 3101 Θεὸς,
3499 3033 3590 3099 δός
3635 3050 3726 3104 μοι

2148 3128 2323 3197 ἰσχύν.

2218 3220 2283 3291 β’.
2333 3219 2589 3274 Ἐπέθετο
2616 3219 2754 3291 αὐτῇ
2779 3236 2908 3273 ποτε
2942 3219 3296 3291 σφοδρότερον
3323 3217 3384 3271 τὸ
3407 3218 3539 3272 αὐτὸ
3562 3215 3730 3272 πνεῦ-

2147 3330 2224 3383 μα
2260 3312 2359 3383 τῆς
2417 3311 2711 3382 πορνείας,
2748 3309 3050 3365 ύποϐάλλον
3083 3310 3222 3382 αὐτῇ
3266 3310 3332 3363 τὰ
3377 3309 3472 3363 τοῦ
3519 3309 3729 3379 κόσμου

2147 3403 2372 3474 μάταια.
2416 3401 2482 3456 Ἦ
2513 3402 2571 3455 δὲ
2602 3402 2678 3474 μὴ
2706 3401 2933 3456 ἑνδοῦσα
2960 3401 3040 3473 τῷ
3067 3401 3161 3455 τοῦ
3189 3400 3323 3469 Θεοῦ
3356 3401 3507 3473 φόϐῳ
3533 3402 3627 3455 καὶ
3659 3405 3728 3474 τῇ

2144 3497 2421 3568 ἀσκήσει,
2482 3494 2715 3566 ἀνῆλθεν
2760 3495 2819 3548 ὲν
2862 3495 2962 3565 μιᾷ
3012 3496 3093 3558 εἰς
3128 3493 3188 3547 τὸ
3226 3493 3497 3565 δωμάτιον
3559 3493 3731 3563 αὐτῆς

2146 3585 2575 3660 προσεύξασθαι.
2613 3587 2724 3641 Καὶ
2750 3584 2906 3657 ὤφθη
2936 3586 3073 3657 αὐτῇ
3111 3585 3438 3656 σωματικῶς
3475 3584 3536 3638 τὶ
3562 3584 3729 3639 πνεῦ-

2146 3697 2223 3751 μα
2249 3680 2349 3751 τῆς
2379 3678 2655 3752 πορνείας,
2690 3678 2785 3732 καὶ
2814 3672 2967 3733 εἶπεν
3018 3678 3156 3750 αὐτῇ
3177 3694 3190 3709 ⁸
3232 3677 3302 3730 Σύ
3346 3695 3414 3749 με
3444 3679 3727 3749 ἐνίκησας,

2143 3775 2352 3847 Σάρρα.
2387 3775 2452 3828 Ἡ
2493 3773 2550 3827 δὲ
2600 3769 2789 3827 εἷπεν·
2837 3773 2953 3827 Οὐκ
3001 3771 3229 3843 ὲνίκησά
3260 3789 3324 3829 σε,
3369 3771 3502 3841 ἐγὼ,
3548 3770 3664 3825 ἀλλ’
3700 3773 3731 3825 ὁ

2142 3865 2421 3935 Δεσπότης
2456 3882 2557 3936 μου
2589 3862 2849 3935 Χριστός.

2215 3965 2284 4027 γ’.
2321 3958 2547 4025 Ἔλεγον
2582 3956 2709 4028 περὶ
2751 3955 2944 4026 αὐτῆς,
2975 3955 3057 4009 ὅτι
3111 3953 3297 4007 ἐπάνω
3346 3949 3441 4004 τοῦ
3476 3948 3728 4021 ποταμοῦ

2144 4050 2358 4119 ἔμεινεν
2388 4049 2652 4119 ἑξήκοντα
2700 4046 2794 4117 ἔτη
2833 4045 3059 4100 οἰκοῦσα
3083 4083 3098 4104 .
3140 4044 3237 4098 καὶ
3288 4043 3347 4096 ού
3407 4040 3731 4113 παρέκυψεν

2151 4141 2278 4195 ἰδεῖν
2312 4140 2498 4195 αὐτόν.
3576 4160 3579 4163 ·

2216 4232 2281 4287 δ’.
2328 4231 2551 4285 Ἀλλοτε
2580 4225 2743 4301 ἦλθον
2787 4228 2880 4283 δύο
2915 4228 3173 4301 γέροντες
3210 4227 3580 4299 ἀναχωρηταὶ
3631 4242 3732 4297 με-

2148 4324 2305 4395 γάλοι
2343 4325 2451 4378 ἀπὸ
2483 4323 2591 4377 τῶν
2624 4322 2806 4395 μερῶν
2836 4322 2931 4375 τοῦ
2984 4320 3286 4392 Πηλουσίου
3332 4319 3471 4390 πρὸς
3518 4318 3687 4388 αὐτήν
3712 4331 3727 4346 ’

2149 4419 2245 4471 καὶ
2292 4414 2659 4487 ἀπερχόμενοι
2697 4413 2885 4482 ἔλεγον
2933 4412 3072 4484 πρὸς
3111 4410 3376 4483 ἀλλήλους
3398 4427 3412 4441 ·
3444 4406 3730 4464 Ταπεινώ-

466 4506 631 4561 hanc.
671 4507 839 4561 Aiunt
889 4524 1021 4578 ergo
1058 4509 1110 4564 ei
1159 4528 1173 4565 :
1212 4509 1357 4565 Cave
1409 4524 1478 4565 ne
1531 4512 1827 4567 extollatur
1887 4528 2038 4569 mens

2151 4524 2332 4579 σωμεν
2364 4508 2463 4576 τὴν
2495 4505 2695 4574 γραῖδα
2723 4503 2950 4575 ταύτην.
2981 4503 3092 4557 Καὶ
3112 4501 3364 4573 λέγουσιν
3386 4502 3523 4572 αὐτῇ
3548 4516 3565 4533 ο
3600 4499 3734 4554 Βλέ-

467 4608 584 4667 tua,
615 4608 670 4655 et
707 4600 862 4656 dicas
901 4618 915 4655 :
945 4599 1089 4657 Ecce
1121 4601 1359 4658 solitarii
1396 4603 1462 4657 ad
1499 4618 1586 4658 me
1620 4604 1910 4660 mulierem
1955 4621 2047 4661 ac-

466 4693 695 4751 cedunt.
736 4692 1038 4763 Respondit
1068 4693 1178 4748 illis
1211 4700 1385 4750 mater
1415 4697 1555 4749 Sara
1592 4714 1605 4750 :
1650 4693 1795 4750 Sexu
1821 4696 2044 4767 quidem

467 4782 670 4839 mulier
697 4797 845 4851 sum,
877 4791 933 4837 at
967 4797 1078 4837 non
1105 4783 1310 4838 animo.

540 4961 598 5018 5.
626 4958 741 5036 (8!)
771 4959 922 5016 Dixit
954 4969 1128 5017 mater
1154 4959 1291 5017 Sara
1326 4979 1341 5017 :
1384 4960 1442 5016 Si
1474 4960 1643 5019 Deum
1684 4978 1943 5029 oravere,
1984 4972 2046 5018 ut

468 5069 666 5115 omnes
688 5054 942 5111 homines
970 5053 1038 5110 de
1065 5054 1202 5110 meis
1235 5055 1482 5111 moribus
1524 5056 1769 5111 contenti
1806 5057 1940 5121 sint,
1977 5055 2046 5109 ad

468 5146 912 5218 uniuscujusque
933 5146 1158 5217 januam
1192 5161 1482 5203 accessura
1530 5164 1673 5213 sum,
1718 5148 2045 5219 suppliciter

468 5246 830 5312 prosternens
854 5253 959 5293 me.
981 5236 1086 5294 Sed
1114 5238 1297 5309 potius
1328 5240 1615 5309 precabor,
1645 5247 1703 5294 ut
1734 5255 1831 5295 cor
1858 5254 2040 5295 meum

469 5348 599 5406 erga
630 5348 824 5390 omnes
854 5346 1050 5401 purum
1087 5331 1180 5387 sit.

541 5490 589 5521 ⁸³
621 5488 708 5543 Al.
740 5486 1136 5561 ὲνεκὲκρυπτο.

546 5665 658 5733 (77)
708 5663 813 5718 Vit.
848 5663 999 5717 Patr.
1020 5679 1086 5733 7v,
1124 5663 1210 5730 ιο,
1246 5661 1300 5715 in
1326 5661 1587 5730 Eplu'a’m,
1620 5679 1672 5733 p.
1697 5659 1822 5727 387,
1852 5677 1904 5715 n.
1930 5659 1995 5713 15
2023 5677 2037 5725 ;

477 5730 747 5788 Theudor.
782 5734 967 5795 Stud.,
996 5732 1211 5787 Catech.
1243 5734 1330 5785 9|.

548 5802 659 5874 (78)
712 5801 792 5858 Vit
848 5799 1002 5857 Patr.
1035 5819 1088 5871 γ,
1124 5803 1210 5872 tl,
1242 5802 1295 5854 in
1330 5800 1592 5870 Ephramt,
1632 5802 1822 5876 p.587,
1853 5818 1907 5859 n.
1953 5801 2035 5889 16.

2149 4618 2217 4654 πε
2251 4598 2327 4672 μὴ
2360 4597 2573 4670 ἐπαρθῇ
2611 4597 2640 4648 ὁ
2671 4595 2930 4667 λογισμός
2958 4612 3075 4659 σου,
3108 4595 3204 4648 καὶ
3240 4593 3433 4665 εἴπης,
3475 4592 3559 4645 ὅτι
3598 4590 3730 4659 Ἰδοὺ

2147 4693 2197 4745 οἱ
2251 4689 2605 4761 ἀναχωρητώ⁸
2656 4688 2793 4760 πρὸς
2834 4688 2901 4758 μὲ
2955 4687 3205 4759 ἔρχονται
3256 4687 3491 4755 γυναῖκα
3540 4678 3730 4738 οὖσαν.

2149 4781 2310 4849 Λέγει
2342 4780 2526 4841 αὐτοῖς
2558 4779 2591 4848 ἡ
2625 4779 2817 4849 ἁμμᾶς
2864 4777 3051 4851 Σάρρα
3072 4794 3087 4807 ·
3123 4778 3202 4848 Τῇ
3257 4777 3356 4848 μὲν
3388 4775 3549 4846 φύσει
3592 4776 3729 4846 γυνή

2150 4875 2287 4943 εἰμι,
2314 4871 2430 4926 ἀλλ’
2464 4871 2525 4924 ού
2553 4870 2631 4942 τῷ
2662 4870 2931 4942 λογισμῷ.

2224 4970 2281 5019 ε’.
2323 4960 2489 5017 Εἶπεν
2515 4964 2548 5034 ἡ
2571 4962 2764 5034 ἀμμᾶς
2793 4962 2981 5033 Σάρρα
3006 4976 3019 4990 ·
3054 4960 3179 5014 Ἐὰν
3212 4957 3451 5029 εὔξωμαι
3488 4956 3566 5027 τῷ
3587 4956 3730 5029 Θεῷ,

2145 5057 2234 5111 ἵνα
2295 5055 2497 5120 πάντες
2543 5055 2594 5108 οἱ
2651 5053 2931 5127 ἄνθρωποι
2981 5051 3430 5125 πληροφορῶνται
3478 5051 3560 5113 είς
3607 5049 3729 5119 ἐμὲ,

2146 5147 2514 5219 εύρεθήσομαι
2570 5147 2650 5208 εἰς
2698 5145 2797 5217 τὴν
2855 5143 3026 5217 θύραν
3075 5142 3307 5195 ἑκάστου
3353 5139 3728 5212 μετανοοῦσα·

2148 5238 2283 5292 ἀλλὰ
2321 5236 2543 5308 μᾶλλον
2567 5236 2795 5308 εὔξομαι
2850 5235 2947 5306 τὴν
2975 5233 3205 5307 καρδίαν
3233 5250 3336 5304 μου
3387 5230 3558 5305 ἁγνὴν
3592 5225 3732 5289 εἶναι
3806 5300 3811 5309 Ι

2154 5329 2291 5400 μετὰ
2319 5328 2557 5383 πάντων.

2244 5660 2331 5727 79)
2384 5658 2487 5713 Vit.
2530 5660 2682 5715 Patr.
2717 5676 2816 5722 vn,
2853 5660 2941 5716 l9.
3036 5692 3042 5697 -

2241 5734 2331 5793 80)
2386 5729 2491 5785 Vit.
2525 5730 2678 5785 Patr.
2713 5747 2765 5791 x,
2799 5732 2891 5783 75.

2220 5798 2328 5873 (δι)
2384 5798 2484 5855 Va.
2524 5800 2675 5857 Patr.
2706 5816 2759 5867 χ,
2797 5801 2885 5855 74.
