4062 6332
305 384 394 440 ﬁt
1432 379 2058 438 APOPHTHECIIMA
2096 378 2409 437 PATBUM.
3448 381 3560 440 ‘22

373 505 444 563 ς’.
482 496 621 550 Εῐπε
656 496 840 561 πάλιν,
868 496 950 552 ὅτι
994 495 1183 551 Βάλλω
1216 495 1307 550 τὸν
1344 497 1478 551 πόδα
1507 516 1608 570 μου
1647 497 1741 553 ἐπὶ
1782 497 1882 569 τὴν

2059 499 2112 555 θ.
2158 498 2308 554 Dixit
2331 496 2532 553 iterum
2564 512 2578 550 :
2614 492 2770 550 llitto
2808 492 3000 566 pedem
3032 508 3214 550 meum
3238 507 3405 565 super
3435 510 3561 555 sca-

311 589 547 658 κλίμακα
570 587 860 659 ἀναϐῆναι,
882 588 974 642 καὶ
1008 587 1142 642 τιθῶ
1169 587 1262 643 τὸν
1285 588 1518 645 θάνατον
1548 589 1656 663 πρὸ
1684 587 1882 659 ὀφθαλ-

2008 605 2115 656 am,
2167 603 2503 657 ascensura;
2538 596 2592 644 et
2628 593 2866 643 mortem
2905 586 2977 642 ob
3017 587 3210 644 oculos
3253 600 3424 658 pono,
3458 599 3564 643 διιπ-

314 680 420 751 μῶν
458 697 560 751 μου
591 679 698 751 πρὸ
728 679 824 732 τοῦ
857 679 1126 751 ἀναϐῆναί
1160 697 1231 751 με
1260 680 1342 745 είς
1369 681 1540 753 αὑτήν
1562 682 1631 747 "f.

2008 694 2205 751 equam
2233 678 2689 736 conscensionem
2713 676 2934 733 faciam.

373 770 437 835 ζ’.
480 764 617 823 Εἷπε
650 770 837 834 πάλιν,
863 771 945 824 ὅτι
972 770 1136 826 καλόν
1174 772 1293 826 ἐστι
1328 773 1424 827 καὶ
1452 772 1521 827 δι’
1562 771 1884 845 ἀνθρώπους

2056 773 2112 827 7.
2157 771 2273 828 Hoc
2298 772 2463 827 etiam
2483 770 2747 842 protulit:
2778 768 2990 825 Bonum
3020 775 3126 835 est,
3151 769 3317 824 etiam
3341 775 3569 839 propter

308 865 474 917 ποιεῖν
495 861 888 934 ἐλεημοσύνην.
916 864 981 916 Et
1010 862 1119 935 γὰρ
1147 864 1244 918 καὶ
1269 863 1337 918 δι’
1363 863 1882 936 άνθρωπαρεσκίαν,

2008 865 2244 921 ιοιιιίιιεε
2291 863 2478 919 facere
2510 863 2940 932 elemosynam.
2995 858 3150 923 Licet
3184 860 3329 916 enim
3381 859 3570 917 studio

308 956 416 1010 ἀλλ’
436 954 654 1029 ἔρχεται
680 955 842 1010 πάλιν
868 956 948 1019 εἰς
981 952 1116 1010 Θεοῦ
1141 954 1437 1028 ἀρέσκειαν
1459 955 1528 1010 ⁸⁵.

2008 953 2241 1011 ilacendi
2269 953 2589 1009 hominibus
2633 952 2748 1017 ﬁat,
2783 960 2974 1023 postea
3004 961 3185 1009 tamen
3216 952 3467 1023 procedit
3501 950 3571 1006 ad

1984 1044 2230 1101 studium
2262 1041 2515 1114 placendi
2546 1041 2681 1098 Deo.

375 1140 446 1204 η’.
480 1132 797 1206 Παρέϐαλόν
841 1151 974 1188 ποτε
1004 1134 1312 1206 Σκητιῶται
1355 1139 1423 1209 τῇ
1473 1137 1638 1209 άμμᾷ
1672 1137 1882 1210 Σάρρᾳ.

2058 1136 2113 1192 8.
2153 1135 2471 1206 Aliquando
2506 1134 2765 1191 Scetiotae
2794 1143 3178 1190 convenerunt
3205 1143 3436 1191 matrem
3471 1133 3573 1190 Sa-

318 1226 380 1280 'H
403 1226 459 1281 δὲ
508 1225 821 1298 παρέθηκεν
850 1227 1033 1292 αὐτοῖς
1071 1227 1324 1282 κανίσκιν
1348 1228 1418 1284 ⁸⁵.
1454 1229 1517 1283 Ol
1557 1228 1614 1283 δὲ
1656 1228 1888 1299 ἀφέντες

2008 1243 2130 1284 'am.
2162 1228 2298 1296 Quae
2339 1228 2601 1299 apposuit
2646 1228 2732 1283 eis
2775 1227 3106 1281 canistrum.
3156 1224 3237 1281 Illi
3270 1241 3402 1283 vero
3428 1227 3573 1282 bona

306 1316 374 1370 τά
393 1316 553 1382 καλὰ,
578 1315 782 1385 ἔφαγον
804 1316 874 1371 τὰ
897 1316 1105 1388 σαπρά.
1126 1318 1239 1373 Kal
1260 1314 1415 1373 εἶπεν
1436 1319 1621 1383 αὐτοῖς
1641 1334 1653 1347 ·
1680 1320 1889 1384 Ὄντως

2008 1334 2147 1375 tanta
2184 1320 2584 1391 relinquentes,
2633 1318 2829 1374 vitiosa
2877 1318 3261 1376 eomedebant.
3311 1317 3379 1374 Et
3435 1318 3574 1373 dixit

308 1409 609 1481 Σκητιῶταί
639 1411 786 1464 ἐστε.

2008 1412 2073 1469 iis
2110 1410 2363 1469 :Revera
2401 1408 2658 1466 Scetiotae
2686 1410 2843 1466 estis.

585 1522 725 1592 Περὶ
764 1522 879 1593 τῆς
927 1521 1127 1593 ἀμμᾶς
1157 1524 1601 1594 Συγκλητικῆς.

2463 1522 2541 1579 De
2566 1532 2737 1577 matre
2762 1520 3087 1593 Syncletica.

375 1639 441 1687 a'.
495 1628 663 1687 Εἷπεν
693 1635 726 1704 ἡ
758 1634 953 1705 ἀμμᾶς
982 1633 1364 1705 Συγκλητική”
1422 1634 1599 1705 Ἀγών
1641 1636 1761 1690 ἐστι
1796 1636 1891 1690 xal.

2064 1635 2118 1689 i.
2157 1634 2271 1709 (84)
2303 1633 2453 1690 Dixit
2472 1642 2650 1690 mater
2676 1629 2991 1706 Syncletica
3020 1633 3210 1706 :Agon
3230 1643 3389 1690 estet
3416 1636 3575 1692 labor

310 1721 473 1785 κόπος
505 1721 672 1785 πολὺς
696 1723 810 1785 τοῖς
833 1723 1294 1795 προσερχομένοις
1317 1723 1395 1794 τῷ
1415 1725 1555 1797 Θεῷ,
1576 1725 1648 1779 τά
1667 1726 1889 1800 πρῶτα⁶

2008 1739 2228 1797 magnus
2273 1726 2343 1782 iis
2377 1727 2469 1798 qui
2503 1726 2776 1781 accedunt
2831 1726 2898 1780 ad
2940 1724 3134 1789 Deum,
3170 1724 3226 1778 in
3268 1725 3576 1797 principio;

308 1812 499 1867 ἔπειτα
525 1813 604 1876 δὲ,
635 1815 780 1885 χαρά
813 1814 1418 1889 άνεκλάλητος.Ὦσπερ
1445 1816 1555 1889 γὰρ
1588 1819 1638 1871 οι
1668 1818 1781 1891 πῦρ
1805 1818 1895 1888 ὲξ-

2008 1817 2095 1875 sed
2134 1818 2380 1874 succedit
2430 1818 2692 1890 gaudium
2750 1817 3047 1873 inell‘abile.
3105 1816 3579 1883 Quemadmodum

307 1903 443 1974 άψαι
477 1905 813 1977 βουλόμενοι,
833 1906 1051 1979 πρῶτον
1066 1907 1420 1973 καπνίζονται
1451 1910 1547 1963 καὶ
1577 1909 1893 1982 δακρύουσι,

308 1997 405 2050 καὶ
448 1995 625 2062 οὕτως
656 1998 751 2052 τοῦ
791 1997 1127 2070 ζητουμένου
1161 2002 1587 2071 ἐπιτυγχάνουσι
1624 2001 1749 2073 (καὶ
1785 2004 1896 2076 γάρ

308 2103 499 2158 φησιν,
528 2088 593 2141 '0
628 2089 775 2157 Θεὸς
809 2090 981 2160 ἡμῶν
1011 2091 1133 2160 πῦρ
1184 2094 1637 2149 καταναλίσκον
1661 2093 1857 2166 ἐστίν)
1879 2112 1892 2126 ⁶

300 2176 484 2244 οὕτως
513 2178 595 2233 δεῖ
624 2181 720 2235 καὶ
748 2184 900 2254 ἡμᾶς
927 2185 1009 2246 εἰς
1034 2183 1263 2249 ἑαυτοὺς
1294 2183 1358 2237 τὸ
1385 2184 1531 2239 θεῖον
1558 2186 1755 2257 ἐξάψαι
1785 2184 1898 2258 πῦρ

308 2271 456 2341 μετὰ
481 2271 733 2345 δακρύων
766 2275 862 2329 καὶ
888 2276 1067 2331 πόνων
1086 2276 1155 2331 ⁸⁷.

375 2364 451 2435 β’.
493 2361 629 2420 Εἶπε
664 2367 847 2436 πάλιν,
889 2369 973 2423 ὅτι
1004 2370 1098 2423 Δεῖ
1136 2371 1286 2442 ἡμᾶς
1314 2370 1442 2435 τοὺς
1484 2370 1546 2426 τὸ
1576 2371 1899 2443 ἐπάγγελμα

300 2455 471 2511 τοῦτο
520 2458 1015 2533 ἐπανῃρημένους,
1066 2462 1424 2534 σωφροσύνην
1468 2461 1567 2534 τὴν
1602 2464 1682 2527 είς
1728 2464 1901 2536 ἄκρον

304 2548 587 2621 κατέχειν.
624 2551 736 2606 Καὶ
763 2552 873 2624 γάρ
906 2553 1058 2626 παρὰ
1096 2557 1211 2620 τοῖς
1254 2556 1542 2626 κοσμικοτς
1575 2555 1899 2629 σωφροσύνη

299 2637 459 2693 δοκεί
505 2640 927 2709 πολιτεύεσθαι,
972 2643 1112 2700 ἀλλὰ
1164 2645 1548 2718 συμπάρεστιν
1606 2647 1746 2719 αὐτῇ
1807 2649 1902 2702 καὶ

300 2730 597 2803 άφρ-οσύνη
621 2771 638 2797 ,
684 2732 771 2789 διά
826 2735 889 2788 τὸ
928 2737 1051 2801 ταῖς
1084 2736 1276 2801 ἄλλαις
1324 2737 1527 2802 πάσαις
1581 2737 1901 2810 αἰσθήσεσιν

304 2823 676 2895 ἁμαρτάνειν.
715 2826 827 2881 Καὶ
854 2827 961 2900 γάρ
989 2827 1191 2899 ὁρῶσιν
1218 2829 1505 2901 ἀπρεπῶς,
1537 2829 1633 2884 κα).
1669 2830 1903 2900 γελῶσιν

308 2915 591 2980 ἀτάκτως.

375 3015 450 3077 γ’.
497 3003 637 3062 Eius
667 3010 831 3064 πάλιν
848 3027 862 3042 ο
888 3012 1101 3084 Ὥσπερ
1125 3013 1195 3067 τά
1233 3012 1409 3067 ἰοϐόλα
1436 3012 1601 3086 θηρία
1620 3014 1667 3047 ⁸⁸
1692 3013 1762 3069 τά
1788 3014 1904 3086 δρι-

312 3100 536 3174 μύτερα
567 3100 678 3155 τῶν
711 3104 1022 3176 φαρμάκων
1055 3104 1353 3159 ἀπελαύνει
1376 3122 1390 3135 ο
1424 3104 1597 3170 οὕτως
1637 3106 1731 3161 καὶ
1758 3106 1906 3176 λογι-

314 3194 450 3266 σμὸν
485 3195 728 3267 πονηρὸν
744 3196 788 3228 ⁵³
811 3196 945 3267 εὐχὴ
973 3196 1112 3266 μετὰ
1137 3196 1393 3267 νηστείας
1420 3197 1713 3251 ἀπελαύνει
1736 3199 1804 3254 ⁸⁸.

376 3285 443 3339 δ’.
487 3279 630 3337 Εῐπε
674 3283 865 3338 πάλιν·
903 3285 995 3356 Μή
1030 3302 1089 3337 σε
1134 3284 1363 3359 δελεάσῃ
1395 3286 1502 3339 τῶν
1536 3286 1818 3358 κοσμικῶν
1857 3288 1900 3321 ⁸³

310 3375 593 3430 πλουσίων
637 3375 843 3447 τρυφὴ,
880 3376 957 3439 ὡς
1000 3375 1271 3448 χρήσιμόν
1326 3395 1379 3431 τι
1438 3378 1655 3450 ἔχουσα,
1713 3379 1905 3452 ἡδονῆς

308 3465 479 3537 κενῆς
521 3464 567 3497 ⁶¹
612 3464 822 3519 ἕνεκεν.
872 3465 1103 3519 Ἐκεῖνοι
1142 3465 1240 3537 τὴν
1276 3466 1648 3541 ὀψαρτυτικήν
1674 3469 1786 3540 (82)
1826 3487 1908 3523 τι-

316 3556 460 3627 μῶσι
511 3554 740 3626 τέχνην⁸
786 3555 1013 3629 νηστεία
1044 3557 1140 3610 καὶ
1178 3558 1340 3623 αὐτὸς
1381 3558 1472 3613 διὰ
1511 3560 1621 3613 τῶν
1673 3561 1908 3616 εὐτελῶν

311 3647 668 3720 τὴν-ἐκείνων
689 3648 949 3719 εὐπορίαν
968 3648 1079 3701 τῶν
1098 3648 1316 3723 τροφῶν
1335 3650 1446 3721 (83)
1470 3651 1830 3725 ὑπερϐάλλεις
1840 3654 1904 3708 ⁸³.

310 3741 453 3811 Φησὶ
491 3740 641 3814 γάρ’
687 3740 864 3810 Ψυχὴ
912 3741 983 3795 ἐν
1024 3740 1223 3811 τρυφῇ
1252 3742 1296 3773 ⁸⁸
1336 3740 1497 3799 οὖσα
1543 3745 1773 3813 κηρίοις
1809 3746 1909 3815 ἐμ-

314 3830 534 3893 παίζει.
564 3831 655 3904 Μὴ
684 3833 952 3904 κορεσθῇς
1002 3833 1192 3905 ἄρτου,
1248 3835 1345 3888 καὶ
1388 3835 1489 3888 οὐκ
1536 3834 1908 3907 ἐπιθυμήσεις

314 3928 485 3980 οἴνου.

386 4023 450 4072 ε’.
508 4016 799 4088 Ἦρωτήθη
837 4019 870 4091 ἡ
911 4020 1158 4092 μακαρία
1188 4018 1558 4092 Συγκλητικὴ,
1608 4023 1656 4074 εἰ
1703 4022 1907 4076 τέλειον

313 4111 532 4181 άγαθδν
579 4112 615 4182 ή
663 4111 1044 4183 άκτημοσύνη.
1090 4112 1155 4165 'H
1207 4112 1265 4165 δὲ
1311 4108 1466 4166 εἷπε*
1518 4113 1667 4167 Πάνυ
1703 4114 1909 4168 τέλειον

314 4206 429 4268 τοῖς
457 4202 788 4274 δυναμένοις
805 4203 872 4258 ⁸⁸.
897 4206 960 4257 Οἱ
989 4203 1099 4274 γὰρ
1122 4202 1489 4274 ὑπομένοντες
1516 4204 1696 4269 τοῦτο,
1730 4204 1910 4275 θλίψιν

321 4294 419 4364 μὲν
446 4293 639 4365 ἔχουσι
666 4295 734 4365 τῇ
765 4293 947 4364 σαρκὶ,
986 4296 1053 4364 τῇ
1082 4293 1139 4346 δὲ
1163 4292 1308 4365 ψυχῇ
1344 4294 1674 4349 ἀνάπαυσιν.
1701 4296 1911 4369 Ὥσπερ

319 4386 429 4458 γάρ
464 4385 542 4441 τὰ
572 4385 769 4458 στερεά
801 4385 1016 4457 ἱμάτια,
1049 4385 1371 4455 πατούμενα
1402 4386 1498 4439 καὶ
1528 4385 1719 4456 βιαίως
1751 4404 1911 4458 στρε-

320 4480 561 4550 φόμενα,
592 4478 886 4532 πλύνεται·
917 4477 1090 4541 οὕτως
1121 4479 1214 4532 καὶ
1245 4478 1391 4550 ψυχὴ
1423 4477 1641 4551 ἰσχυρὰ,
1685 4477 1775 4533 διά
1812 4479 1912 4550 τῆς

320 4571 575 4624 ἑκουσίου
608 4570 821 4633 πενίας,
848 4570 942 4623 ἐπὶ
961 4569 1146 4623 πλεῖον
1175 4570 1528 4643 κρατύνεται.
1632 4598 1638 4603 ~

393 4668 471 4725 ς’.
524 4657 664 4714 Εἶπε
715 4660 912 4715 πάλιν·
956 4661 1082 4714 Ἐάν
1130 4661 1189 4713 ὲν
1221 4660 1477 4731 κοωοὸίῳ
1506 4660 1799 4734 τυγχάνῃς,
1836 4660 1912 4732 μὴ

328 4751 672 4824 μεταλλάξῃς
740 4751 831 4803 τὸν
890 4751 1053 4804 τόπον
1088 4766 1100 4780 ⁸
1160 4749 1408 4824 βλαϐήσῃ
1465 4751 1574 4821 γὰρ
1638 4750 1909 4822 μεγάλως.

394 4934 442 4965 ⁸⁵
479 4934 565 4987 ΑΙ.
609 4933 854 4987 ἀνελθεῖν

327 5004 597 5076 ῥυπαρόν.
677 5004 722 5035 ⁶⁰
751 5006 842 5076 ΑΙ.
881 5004 1157 5076 ἐκδιώκει.

328 5074 619 5147 πλησμονῇ
667 5074 906 5147 τροφῶν.

1248 5004 1290 5033 ⁶¹
1324 5004 1410 5057 Al.

983 5076 1028 5106 ⁵⁵
1060 5075 1144 5129 Al.
1170 5074 1558 5142 ὑπομένουσιν.

400 5282 516 5354 (82)
564 5280 1155 5354 Τὴν-ὀψαρτυτικήν.
1201 5281 1385 5354 Codex
1432 5282 1617 5354 regius
1667 5282 1907 5339 habebat

330 5352 656 5435 φθαρτικήν.
675 5352 1025 5435 (Ξριῡςειὶηιιβ
1051 5352 1515 5435 νθςοᾲψυρτικήν.
1531 5352 1698 5435 Recte
1716 5354 1908 5435 in‘ailio

335 5416 662 5495 t‘otbert.'et
713 5424 765 5477 in
816 5416 929 5477 Vita
968 5416 1311 5495 Syucleticaz;
1341 5416 1731 5495 ὀψαρτυτικήν.
1768 5424 1908 5495 Alibi

336 5492 584 5563 ὀψάριον,
636 5495 822 5562 piscis,
873 5493 1184 5563 pisciculus.
1232 5492 1467 5548 Scilicet
1492 5493 1548 5547 in
1587 5492 1913 5549 contliendis

342 5562 584 5633 piscibus
617 5562 886 5633 praecipue
921 5564 1100 5633 elucet
1132 5578 1436 5633 coquorum
1484 5578 1593 5616 ars.
1628 5564 1749 5628 Quo
1778 5566 1914 5617 allu-

338 5648 456 5687 sum
487 5648 517 5684 a
536 5632 928 5687 Connnodiano
948 5632 1322 5689 instructione
1341 5635 1393 5696 'l,
1421 5648 1515 5701 per
1546 5633 1691 5687 hunc
1718 5636 1916 5689 obscu-

337 5714 456 5756 rum
495 5704 830 5758 velsiculutn
852 5705 920 5758 de
954 5703 1194 5759 Zodiaco
1228 5721 1242 5756 :

410 5815 480 5871 Et
501 5818 720 5893 denique
758 5819 955 5876 vadunt
981 5821 1031 5876 in
1067 5820 1301 5890 piscibus
1321 5824 1342 5887 ;
1372 5834 1552 5889 coque,
1594 5819 1860 5887 probabis.

894 4951 963 5005 με
996 4935 1133 5005 ἐκεῖ.
1226 4933 1285 5005 δέ,
1311 4932 1393 5005 Al.
1437 4932 1784 5005 θεαρεσκίαν.
1871 4935 1926 5005 A“
1972 4934 2058 4989 Al.
2097 4934 2395 4987 κανίσκιον.

1445 5006 1478 5074 ὴ
1514 5003 1621 5056 τῶν
1655 5005 1796 5075 κατὰ
1819 5003 2044 5075 κόσμον.

1638 5075 1683 5105 ⁶⁶
1717 5074 1881 5130 llebr.
1921 5072 2019 5142 in,
2055 5074 2146 5130 Q9.
2226 5074 2268 5106 ⁸⁷
2301 5073 2461 5129 Prov.
2495 5072 2664 5139 x'xvu,
2704 5072 2760 5128 7.

1995 1910 2142 1967 enim
2168 1910 2261 1980 qui
2292 1909 2471 1981 ignem
2504 1907 2813 1964 accendere
2842 1909 3095 1980 cupiunt,
3128 1910 3281 1978 prius
3306 1907 3455 1963 fumo
3481 1909 3581 1962 im-

1996 2002 2267 2069 buuntur,
2298 2016 2365 2057 ac
2388 2002 2664 2074 lacrymas
2688 2002 2941 2067 mittunt,
2971 2009 3162 2071 postea
3191 2008 3373 2056 autem
3393 2009 3583 2072 optato

1997 2093 2281 2166 potiuntur
2321 2092 2420 2164 (ait
2455 2094 2600 2149 enim
2641 2092 2925 2164 Scriptura
2966 2110 2979 2146 :
3016 2091 3156 2147 Deus
3215 2101 3393 2149 noster
3447 2095 3583 2163 ignis

1998 2203 2310 2243 consumens
2338 2196 2417 2242 est
2435 2185 2503 2258 “)
2532 2206 2546 2242 :
2580 2187 2654 2242 ita
2670 2196 2886 2258 oportet
2916 2195 2975 2243 ut
2995 2202 3097 2244 nos
3123 2186 3371 2243 divinum
3404 2187 3584 2257 ignem

2000 2278 2057 2335 in
2088 2280 2248 2336 nobis
2273 2295 2399 2335 cum
2434 2279 2699 2351 lacrymis
2728 2286 2783 2336 et
2807 2280 3093 2335 laboribus
3120 2279 3510 2336 accendamus.

2069 2370 2123 2425 2.
2164 2372 2275 2443 (85)
2306 2371 2453 2426 Dixit
2487 2372 2689 2428 iterum
2731 2391 2744 2427 :
2783 2370 3016 2443 Oportet
3048 2387 3150 2429 nos
3175 2373 3270 2444 qui
3299 2373 3440 2428 hanc
3461 2389 3587 2445 pro-

2002 2460 2298 2518 fessionem
2330 2463 2703 2533 suscepimus,
2737 2478 3010 2519 summam
3038 2467 3463 2536 temperantiam
3489 2468 3588 2523 ob-

2003 2553 2199 2609 tinere.
2223 2552 2438 2609 Etenim
2471 2555 2617 2626 apud
2650 2556 2943 2612 saeculares
2972 2556 3189 2613 videtur
3222 2560 3584 2628 temperantia

2003 2645 2245 2710 versari,
2296 2647 2391 2703 sed
2440 2647 2493 2703 ei
2532 2647 2774 2704 cohaeret
2822 2648 2994 2704 animi
3031 2650 3427 2721 intemperies,
3461 2667 3589 2720 pro—

2002 2744 2192 2808 pterea
2231 2737 2378 2808 quod
2417 2738 2542 2795 aliis
2580 2741 2840 2797 omnibus
2865 2742 3126 2798 sensibus
3164 2750 3412 2812 peccent.
3452 2742 3587 2798 Nam

2003 2828 2190 2885 vident
2221 2829 2558 2895 indecenter,
2591 2846 2656 2887 ac
2687 2831 2867 2888 rident
2892 2834 3230 2890 inordinate.

2070 3012 2126 3068 3.
2181 3011 2293 3083 (86)
2336 3011 2403 3067 Et
2454 3021 2716 3083 praeterea
2756 3032 2772 3071 :
2817 3013 2974 3069 Sicut
3018 3023 3320 3071 venenatas
3385 3016 3591 3073 bestias

2006 3104 2221 3158 acriora
2259 3104 2554 3174 pharmaca
2580 3104 2863 3174 expellunt
2888 3144 2902 3167 ,
2958 3104 3033 3159 ita
3063 3107 3451 3177 cogitationem
3478 3124 3591 3163 ma-

1930 3194 1974 3253 C
2008 3192 2211 3265 lignam
2236 3193 2389 3262 cjicit
2418 3194 2599 3248 oratio
2628 3208 2756 3249 cum
2785 3193 3024 3265 jejunio.

2077 3284 2132 3340 4.
2170 3284 2280 3358 (87)
2308 3285 2386 3340 ita
2419 3285 2602 3341 adhuc
2630 3286 2811 3341 locuta
2836 3294 2955 3342 est:
2990 3285 3113 3341 Non
3139 3294 3191 3342 te
3220 3286 3591 3345 inescentszc-

2009 3377 2278 3433 cularium
2311 3377 2542 3433 divitum
2572 3376 2803 3445 deliciae,
2838 3378 3000 3448 quasi
3054 3378 3186 3433 utile
3229 3379 3361 3448 quid
3412 3381 3595 3435 conti-

2011 3478 2198 3537 neant,
2229 3470 2299 3526 ob
2347 3485 2545 3525 vanam
2589 3470 2953 3541 voluptatem.
2985 3470 3067 3524 illi
3112 3480 3284 3526 artem
3324 3473 3592 3543 coquina-

2011 3563 2152 3617 riam
2184 3562 2239 3616 in
2272 3564 2448 3633 pretio
2477 3562 2715 3629 habent;
2748 3570 2805 3616 tu
2837 3578 2967 3618 vero
2996 3578 3096 3632 per
3120 3563 3395 3633 jejunium
3433 3566 3596 3622 viles-

2010 3671 2115 3726 que
2149 3655 2328 3720 cibos,
2366 3656 2611 3725 ipsorum
2647 3656 2703 3710 in
2745 3656 2946 3711 eduliis
2976 3656 3372 3712 abundantiam
3408 3674 3597 3729 super-

2011 3746 2277 3817 grederis.
2308 3746 2397 3800 Ait
2440 3746 2680 3816 quippe:
2720 3746 2920 3801 Anima
2967 3748 3022 3801 in
3052 3747 3261 3802 deliciis
3306 3750 3591 3808 exsistens.

2013 3834 2150 3902 favis
2182 3834 2365 3889 illudit
2390 3836 2456 3890 °".
2492 3833 2615 3890 Noli
2664 3850 2805 3906 pane
2841 3837 3058 3905 satiari,
3103 3854 3202 3894 nec
3254 3839 3597 3896 desiderabis

2012 3926 2224 3980 vinum.

2084 4015 2137 4070 5.
2172 4013 2663 4087 (88))lnterrogata
2690 4025 2778 4072 est
2805 4017 2966 4073 beata
3013 4017 3350 4088 Syncletica,
3379 4034 3448 4073 an
3483 4034 3601 4089 per-

2016 4106 2215 4162 fectum
2264 4107 2467 4161 bonum
2518 4116 2699 4171 esset,
2743 4108 2881 4162 nihil
2928 4108 3234 4177 possidere.
3281 4108 3349 4163 Et
3393 4110 3533 4165 dixit
3584 4130 3597 4166 :

2013 4198 2184 4254 Plane
2218 4197 2520 4270 perfectum
2554 4198 2622 4253 iis
2650 4197 2746 4268 qui
2797 4196 2942 4253 ferre
2967 4206 3221 4269 possunt.
3252 4198 3389 4254 Nam
3413 4202 3509 4272 qui
3546 4203 3601 4256 id

2018 4289 2273 4355 tolerant,
2332 4288 2686 4345 alnictionem
2740 4288 2964 4359 quidem
3040 4306 3215 4347 carne
3254 4292 3486 4359 habent,
3545 4301 3603 4348 at

2016 4381 2201 4436 anima
2235 4380 2502 4452 requiem.
2539 4378 2694 4436 Sicut
2716 4381 2862 4436 enim
2890 4380 3080 4437 solidae
3107 4388 3312 4455 vestes,
3349 4383 3599 4447 calcatae,

2017 4483 2072 4529 et
2106 4474 2371 4529 violenter
2404 4481 2633 4529 versata:
2670 4472 2972 4527 abluuntur
3008 4491 3022 4527 :
3079 4473 3155 4527 ita
3190 4473 3373 4528 anima
3416 4473 3599 4540 Iutis,

2026 4583 2124 4638 per
2161 4568 2521 4622 voluntariam
2558 4574 2933 4636 paupertatem
2965 4565 3212 4621 ﬁrmatur
3243 4567 3438 4636 magis.

2092 4659 2145 4714 6.
2190 4658 2303 4728 (89)
2360 4657 2567 4712 Monuit
2600 4673 2795 4713 rursus
2845 4676 2858 4712 :
2901 4657 2958 4712 Si
3007 4659 3322 4713 coenobium
3369 4660 3603 4725 incolas.

2024 4751 2135 4806 noli
2176 4757 2387 4805 mutare
2427 4749 2634 4813 sedem,
2675 4749 2807 4819 quia
2845 4749 3006 4804 valde
3040 4749 3265 4806 nocebit
3300 4749 3423 4805 tibi.
3466 4750 3602 4806 Nam

2502 4933 2545 4964 "
2586 4931 2674 4986 Al.
2706 4932 2911 4986 κόπων.
3017 4933 3066 4967 ⁸⁸
3097 4931 3181 4986 Al.
3214 4932 3348 4996 ζῶα.
3448 4931 3494 4964 ⁸⁵
3516 4932 3601 4987 ΑΙ.

2138 5006 2181 5035 ⁸³
2203 5005 2373 5074 Abest
2400 5003 2562 5074 κενῆς
2591 5004 2658 5058 ab
2837 5002 2882 5035 ⁸³
2915 5001 3000 5057 Al.
3029 5002 3360 5073 ὑπερϐαλοϋ.
3438 5002 3484 5035 ⁸⁸
3515 5002 3601 5057 Al.

2087 5283 2199 5355 (85)
2241 5283 2546 5352 Εὑπορίαν
2595 5282 2716 5337 τῶν
2753 5281 3006 5355 τροφῶιξ.
3065 5280 3124 5335 In
3165 5279 3389 5334 Patrum
3433 5279 3551 5335 uitis
3581 5298 3602 5337 .-

2016 5353 2404 5410 abundantiam
2433 5355 2772 5421 deliciarum,
2803 5353 3047 5423 τρυφῶν.

2113 5426 2200 5496 84)
2252 5425 2354 5479 Vit.
2379 5425 2533 5496 Patr.
2574 5440 2656 5489 ιιι,
2689 5417 2784 5490 16’;
2818 5417 3434 5496 ξυρ.-γίι.-8ῃηοι.λιι.
3466 5417 3553 5475 60.

2115 5488 2205 5559 85)
2256 5496 2360 5548 Vit.
2395 5495 2546 5548 Patr.
2577 5488 2650 5557 tv,
2675 5496 2734 5548 41
2759 5488 2779 5554 ;⁷
2817 5488 2924 5548 Vit:
2963 5488 3219 5561 Syucletl,
3260 5488 3422 5541 n.24.

2096 5566 2207 5633 (86)
2256 5566 2363 5620 Vit.
2402 5565 2552 5619 Patr.
2587 5582 2661 5629 Iv,
2698 5566 2805 5626 42;
2845 5566 2950 5618 Vit.
3000 5578 3121 5630 cap.
3165 5565 3254 5617 δυ.

2098 5636 2210 5704 (δι)
2264 5637 2370 5689 l'it.
2400 5634 2555 5688 Patr.
2595 5651 2666 5695 ιν,
2707 5636 2805 5698 is;
2858 5634 2958 5687 ru.
2990 5634 3078 5685 9:5.

2097 5707 2209 5771 (88)
2267 5705 2369 5760 Vit.
2410 5704 2561 5758 Patr.
2598 5720 2675 5767 Vl,
2709 5706 2794 5756 13.

2097 5777 2208 5846 (89)
2261 5773 2367 5846 Vit.
2410 5775 2561 5828 Patr.
2600 5791 2693 5837 vn,
2724 5776 2816 5840 li);

2875 5773 2973 5829 l'it.
3013 5774 3109 5840 9i;
3141 5772 3408 5829 Scholium
3442 5773 3508 5830 75
3536 5776 3606 5828 ad

2028 5844 2198 5902 Grati.
2227 5847 2258 5904 4
2291 5844 2444 5901 Joan.
2479 5847 2704 5900 Cliniae.
