4062 6332
474 368 579 427 425

1594 358 1942 419 APPENDIX
1980 361 2075 418 AD
2112 360 2539 422 PALLADIUM.

3611 343 3796 423 ἤι’

476 479 934 552 quemadmodum
978 480 1096 537 avis
1127 480 1198 536 ab
1234 478 1355 534 ovis
1388 475 1727 549 demigrans,
1766 492 1832 534 ea
1878 476 2045 534 edicit

2150 476 2359 548 Ὥσπερ
2397 476 2506 546 γὰρ
2551 472 2721 547 ὅρνις,
2771 472 3163 544 ὲξανισταμένη
3216 474 3323 527 τῶν
3351 473 3509 536 ὠῶν,
3557 476 3719 546 οὔρια

478 573 638 629 urina
667 579 724 628 et
752 572 1044 628 infecunda
1081 589 1097 627 :
1126 572 1201 626 ita
1224 569 1392 625 etiam
1427 570 1735 626 monachus
1775 570 1862 627 vel
1889 571 2044 642 virgo

478 664 677 736 frigent
705 678 772 720 ac
811 663 1172 719 mortiﬁcatur
1200 663 1257 719 in
1298 661 1426 729 ﬁde,
1469 662 1695 734 quando
1737 661 1809 719 de
1834 663 1961 719 loco
1986 662 2044 717 in

478 757 659 813 locum
686 765 936 826 vagatur.

553 845 603 900 7.
633 844 748 916 (90)
776 844 977 901 lterum
1002 841 1141 899 dixit
1165 861 1181 900 :
1211 842 1397 900 Multa
1423 853 1555 903 sunt
1576 846 1782 903 diaboli
1808 847 2042 904 insidiae.

484 936 587 992 Per
632 941 1005 1005 paupertatem
1051 949 1163 990 non
1218 934 1448 992 dimovit
1497 936 1780 993 animam?
1820 938 2045 993 divitias

479 1038 664 1080 escam
698 1023 939 1079 adhibet.
972 1021 1078 1079 Per
1111 1026 1474 1082 contumelias
1504 1032 1560 1083 et
1605 1026 1895 1096 opprobria
1932 1041 2044 1082 non

476 1114 800 1188 praevaluit?
820 1114 1009 1171 laudes
1029 1123 1084 1170 et
1097 1115 1327 1186 gloriam
1343 1117 1618 1189 proponit.
1639 1117 1740 1173 Per
1751 1116 2044 1173 sanitatem

476 1205 752 1271 devictus,
786 1219 990 1276 corpus
1022 1204 1334 1261 morbidum
1361 1205 1561 1262 reddit.
1586 1206 1724 1263 Cum
1754 1206 1903 1262 enim
1930 1219 2044 1262 non

476 1297 717 1369 potuerit
748 1296 1125 1368 voluptatibus
1151 1295 1427 1365 decipere,
1454 1312 1523 1353 ex
1549 1296 1936 1353 involuntariis
1964 1297 2045 1352 la-

476 1388 706 1446 boribus
769 1387 1191 1445 subversionem
1239 1386 1454 1444 allicere
1500 1394 1758 1444 conatur.
1817 1385 2045 1444 Scilicet

475 1480 700 1535 morbos
730 1478 1091 1550 gravissimos
1121 1478 1487 1550 permissione
1510 1487 1734 1550 accepta
1768 1477 2044 1545 admovet,

475 1575 538 1623 ut
571 1568 855 1623 hominum
883 1583 980 1640 per
1004 1582 1101 1624 eos
1123 1567 1190 1624 ad
1212 1568 1475 1639 pusillum
1510 1567 1754 1623 animum
1782 1574 1839 1624 et
1867 1568 2045 1639 negli-

371 1693 382 1703 -
475 1662 710 1732 gentiam
744 1660 1101 1715 adductorum
1136 1659 1459 1715 charitatem
1488 1659 1546 1714 in
1562 1658 1730 1716 Deum
1762 1659 1940 1715 valeat
1963 1658 2049 1713 in-

475 1751 716 1808 fuscare.
748 1751 830 1806 Ad
858 1751 975 1807 haec
1009 1751 1322 1807 conciditur
1349 1765 1553 1822 corpus
1579 1749 1939 1807 validissimis
1970 1749 2048 1805 fe-

2142 570 2313 625 ταῠτα
2344 569 2440 624 καὶ
2465 570 2634 639 ἄγονα
2665 567 3109 638 παρασκευάζει·
3146 565 3319 632 οὕτως
3347 566 3443 620 καὶ
3486 569 3721 639 μοναχδς

2142 664 2176 735 ἢ
2230 660 2499 734 παρθένος
2543 658 2778 731 ψύγεται
2827 660 2921 712 καὶ
2970 657 3257 729 νεκροῠται
3308 658 3407 728 τῆς
3445 658 3715 727 πίστεως,

2140 756 2307 809 τόπον
2333 755 2398 808 ὲκ
2420 753 2590 807 τόπου
2616 750 3060 824 περιερχόμενος.

2214 845 2279 911 ζ’.
2322 841 2458 899 Eius
2511 842 2707 897 πάλιν·
2748 840 2929 898 Πολλὰ
2967 840 3062 895 τοῦ
3090 840 3340 895 διαϐόλου
3389 841 3457 895 τὰ
3508 840 3716 914 ἔνεδρα.

2143 939 2242 992 Διὰ
2270 935 2461 1000 πενίας
2497 935 2558 988 οὐ
2597 932 2919 1006 μετεκίνησε
2945 933 3157 1005 ψυχήν;
3188 932 3419 988 πλοῦτον
3452 934 3721 1005 προσάγει

2142 1030 2355 1101 δέλεαρ.
2392 1029 2471 1082 Δι’
2515 1026 2728 1098 ὕϐρεων
2783 1027 2879 1080 καὶ
2926 1026 3247 1098 ὀνειδισμῶν
3303 1027 3404 1081 οὐκ
3464 1028 3720 1098 ῐσχυσεν;

2145 1120 2405 1183 ἐπαίνους
2446 1119 2541 1173 καὶ
2574 1117 2733 1183 δόξαν
2775 1115 3159 1188 προϐάλλεται.
3184 1118 3232 1149 ⁷³
3272 1117 3372 1172 Διὰ
3402 1119 3502 1187 τῆς
3533 1119 3722 1188 ὑγείας

2143 1209 2421 1282 ἡττηθεὶς,
2449 1209 2721 1262 νοσοποιεῖ
2746 1207 2808 1260 τὸ
2836 1206 2998 1278 σῶμα
3025 1206 3161 1278 (95).
3208 1208 3341 1272 Ταῖς
3371 1208 3480 1281 γὰρ
3510 1209 3722 1280 ἡδοναῖς

2149 1299 2225 1372 μὴ
2254 1298 2502 1371 δυνηθεὶς
2535 1298 2834 1370 ἀπατῆσαι,
2857 1295 2947 1351 διὰ
2976 1296 3087 1352 τῶν
3112 1298 3385 1353 ἀκουσίων
3411 1299 3591 1354 πόνων
3622 1302 3723 1371 τὴν

2146 1389 2509 1464 παρατροπὴν
2561 1389 2788 1460 ποιῆσαι
2840 1390 3121 1459 πειρᾶται.
3157 1389 3367 1452 Νόσους
3405 1389 3516 1460 γάρ
3571 1407 3725 1454 τινας

2150 1482 2459 1555 βαρυτάτας
2495 1482 2557 1547 ἐξ
2585 1482 2875 1553 αἰτήσεως,
2904 1480 3041 1552 πρὸς
3070 1480 3132 1534 τὸ
3158 1480 3247 1534 διά
3288 1480 3495 1535 τούτων
3527 1481 3723 1550 ὀλιγω-

2150 1576 2421 1647 ρήσαντας
2447 1571 2776 1626 ὲπιθολῶσαι
2804 1569 2982 1625 αὐτῶν
3019 1570 3120 1642 τὴν
3151 1571 3288 1641 πρὸς
3319 1570 3451 1624 Θεὸν
3480 1571 3722 1642 ἀγάπην,

2148 1666 2438 1738 προσάγει.
2473 1662 2636 1718 Ἀλλά
2662 1663 2758 1718 καὶ
2780 1661 3183 1734 κατατέμνεται
3207 1662 3268 1716 τὸ
3290 1662 3449 1734 σῶμα
3473 1666 3725 1733 πυρετοῖς

2150 1759 2566 1831 σφοδροτάτοις,
2622 1756 2718 1810 καὶ
2767 1755 2911 1825 δίψει
2956 1755 3170 1826 ἀσχέτῳ
3221 1755 3458 1811 ἀνιᾶται.
3509 1756 3572 1809 Εἰ
3625 1755 3726 1826 μὲν

476 1843 687 1908 bribus,
719 1858 932 1899 necnon
966 1843 1300 1899 intolerabili
1342 1842 1434 1898 siti
1478 1842 1782 1898 cruciatur.
1824 1839 1882 1895 Si
1913 1855 2045 1911 pec-

2152 1829 2475 1924 ἁμαρτωλὸς
2505 1848 2582 1904 ὣν
2618 1848 2792 1903 ταῦτα
2839 1847 3156 1918 ὑφίστασαι,
3208 1847 3588 1920 ύπομνήσθητι
3632 1848 3729 1902 καὶ

476 1936 586 1991 cati
609 1936 828 2007 quidem
855 1950 985 1992 reus
1013 1936 1129 1991 haec
1162 1935 1389 2007 pateris,
1421 1934 1715 1991 recordare
1737 1933 2045 1988 futurarum

476 2039 785 2095 pinnarum.
819 2023 1008 2081 aeterni
1039 2022 1205 2094 ignis,
1236 2021 1582 2093 iudicialium
1626 2020 2044 2091 suppliciorum,

477 2134 579 2174 nec
609 2118 851 2173 animum
888 2116 957 2172 ad
988 2116 1279 2186 praesentia
1317 2114 1534 2170 remitte
1558 2126 1623 2168 ac
1654 2111 1901 2169 demitte.
1933 2111 2049 2166 Lae-

477 2215 617 2273 tare,
665 2206 814 2278 quod
860 2205 1167 2261 visitaverit
1200 2210 1254 2259 te
1292 2202 1472 2270 Deus,
1504 2202 1761 2274 piumque
1795 2200 1932 2256 illud
1961 2199 2047 2256 di-

476 2308 626 2354 ctum
659 2299 716 2353 in
746 2312 842 2353 ore
882 2296 1023 2352 habe
1056 2314 1071 2352 :
1112 2294 1398 2367 Castigans
1435 2293 1715 2365 castigavit
1749 2308 1831 2347 me
1859 2291 2049 2346 Domi-

476 2407 596 2459 nus,
623 2401 675 2445 et
705 2389 865 2443 morti
894 2405 998 2443 non
1026 2386 1251 2441 tradidit
1294 2403 1375 2441 me
1399 2384 1466 2440 ⁸⁸.
1502 2385 1731 2441 Ferrum
1759 2398 1917 2451 cras;
1950 2383 2047 2439 sed

477 2498 574 2554 per
619 2484 797 2556 ignem
843 2480 1093 2552 abjecisti
1124 2479 1484 2551 ferruginem.
1519 2476 1678 2545 Quod
1735 2476 1783 2533 si
1827 2476 2048 2547 justitia

475 2585 726 2640 ornatus,
765 2574 821 2627 in
852 2574 1103 2629 morbum
1132 2572 1409 2636 incidisti,
1447 2585 1479 2624 a
1500 2569 1715 2640 magnis
1750 2569 1817 2625 ad
1836 2568 2048 2639 majora

476 2663 841 2735 progrederis.
888 2664 1094 2717 Aurum
1134 2662 1233 2717 es?
1277 2668 1332 2715 at
1380 2674 1478 2729 per
1539 2659 1716 2730 ignem
1766 2656 2049 2729 probatior

475 2755 683 2810 evadis.
726 2753 896 2809 Datus
940 2762 1025 2809 est
1062 2753 1289 2825 angelus
1337 2750 1490 2807 carni
1525 2758 1634 2805 tute
1661 2750 1746 2804 "1?
1793 2750 2045 2815 exsulta;

478 2847 663 2917 aspice
687 2845 778 2900 cui
818 2845 1012 2901 similis
1048 2843 1225 2899 fartus
1257 2841 1430 2899 fueris
1464 2860 1478 2897 :
1512 2841 1712 2913 dignus
1735 2841 1960 2897 habitus
1987 2856 2048 2896 cs

477 2937 633 2993 Pauli
653 2944 826 3009 parte.
845 2934 1018 2992 Febre
1030 2935 1291 3006 .probaris
1307 2934 1330 2988 ?
1349 2934 1529 3005 rigore
1544 2933 1824 2990 erudiris?
1846 2932 2048 2988 Verum

479 3030 766 3100 Scriptura
797 3028 874 3083 ait
904 3046 918 3082 :
950 3028 1314 3083 Transivimus
1341 3042 1433 3096 per
1468 3025 1639 3097 ignem
1664 3035 1713 3080 et
1747 3040 1965 3095 aquam,
1998 3030 2048 3077 et

2145 1944 2248 2017 τῆς
2270 1942 2567 2016 μελλούσης
2594 1941 2891 2007 κολάσεως,
2916 1940 3010 1999 καὶ
3038 1940 3133 1995 τοῦ
3159 1940 3378 1996 αἰωνίου
3409 1941 3603 2013 πυρὸς,
3631 1942 3729 1994 καί

2146 2035 2255 2090 τῶν
2276 2033 2605 2089 δικαπικῶν
2619 2024 2918 2105 τιμωριῶν,
2941 2032 3034 2087 καὶ
3055 2034 3116 2086 οὐ
3141 2033 3215 2104 μὴ
3230 2032 3569 2105 ὀλιγωρήσῃς
3593 2033 3729 2102 πρὸς

2147 2125 2216 2180 τὰ
2245 2124 2512 2198 παρόντα.
2537 2126 2711 2196 Χαῖρε
2741 2125 2825 2178 ὅτι
2850 2125 3197 2194 ὲπεσκόπησέ
3225 2141 3285 2178 σε
3311 2126 3341 2179 ὁ
3360 2125 3521 2189 656;-
3548 2125 3642 2179 καὶ
3669 2124 3731 2177 τὸ

2148 2216 2396 2287 εὔφημον
2423 2215 2482 2269 δὲ
2525 2217 2700 2270 ἐκεῖνο
2748 2214 2912 2287 ῥητὸν
2958 2216 3052 2269 ἐπὶ
3080 2216 3179 2286 τῆς
3225 2214 3470 2287 γλώττης
3510 2215 3621 2286 ἔχε,
3653 2214 3730 2277 ὡς

2148 2306 2456 2364 Παιδεύων
2487 2305 2810 2361 ἐπαίδευσέ
2826 2322 2905 2377 με
2940 2308 2974 2360 ὁ
2993 2307 3232 2374 Κύριος,
3264 2306 3361 2360 καὶ
3388 2304 3467 2370 τῷ
3499 2302 3733 2371 θανάτῳ

2148 2401 2222 2455 οὐ
2254 2397 2560 2467 παρέδωκέ
2595 2414 2692 2468 με.
2723 2397 2950 2470 Σίδηρος
2978 2398 3274 2469 ἐτύγχανες
3295 2413 3309 2429 ο
3336 2396 3475 2451 ἀλλὰ
3517 2396 3605 2450 διὰ
3632 2396 3729 2449 τοῦ

2149 2489 2322 2562 πυρὸς
2369 2489 2461 2544 τὸν
2516 2489 2594 2544 ἰὸν
2651 2488 3001 2553 ἀποδάλλεις.
3036 2490 3099 2558 Ei
3146 2489 3204 2543 δὲ
3259 2488 3352 2543 καὶ
3397 2488 3605 2551 δίκαιος
3653 2485 3729 2539 ὣν

2149 2582 2472 2655 ἀρῤωστεῖς,
2504 2582 2613 2637 ἀπὸ
2653 2581 2761 2637 τῶν
2797 2582 3049 2653 μεγάλων
3096 2582 3191 2634 ἐπὶ
3219 2580 3288 2634 τά
3334 2579 3556 2651 μείζονα
3598 2595 3733 2648 προ-

2150 2674 2394 2739 κόπτεις.
2424 2674 2639 2747 Χρυσὸς
2665 2669 2743 2741 εἷς
2774 2674 2913 2729 ἀλλὰ
2939 2674 3029 2729 διὰ
3055 2672 3150 2727 τοῦ
3171 2672 3342 2745 πυρὸς
3366 2669 3733 2742 δοκιμώτερος

2150 2766 2296 2839 γίνῃ.
2340 2765 2526 2837 Ἐδόθη
2561 2783 2644 2821 σοι
2664 2766 2896 2836 ἄγγελος
2921 2768 2987 2837 τῇ
3023 2764 3188 2837 σαρκί
3213 2780 3229 2828 ;
3262 2761 3537 2832 άγαλλιῶο
3567 2761 3734 2831 βλέπε

2149 2858 2255 2911 τίνι
2283 2857 2468 2928 ὅμοιος
2492 2856 2724 2926 γέγονας
2743 2875 2757 2888 ·
2793 2859 2893 2929 τῆς
2915 2857 3025 2932 γὰρ
3064 2856 3281 2911 Παύλου
3324 2854 3540 2926 μερίδος
3570 2851 3735 2922 ἠξιὼ-

2152 2948 2273 3020 θης.
2305 2948 2404 3002 Διὰ
2432 2949 2526 3002 τοῦ
2552 2948 2790 3020 πυρετοῦ
2813 2947 3113 3022 samem;
3134 2947 3224 3001 διὰ
3255 2947 3442 3017 ῥίγους
3469 2943 3733 3016 παιδεύῃς

2152 3040 2289 3094 ἀλλά
2324 3058 2488 3112 φησιν
2536 3041 2570 3112 ἡ
2612 3041 2802 3112 Γραφή
2825 3058 2838 3072 ·
2896 3041 3226 3110 Διήλθομεν
3258 3038 3357 3093 διὰ
3403 3036 3593 3105 πιζρὸς
3635 3035 3733 3088 καὶ

477 3119 714 3174 eduxisti
739 3134 835 3173 nos
861 3118 915 3173 in
950 3116 1283 3189 refrigerium
1312 3115 1383 3168 το.
1419 3113 1665 3170 Primum
1686 3112 1917 3170 sortitus
1950 3112 2048 3169 es?

2152 3130 2389 3195 ὕδατος,
2424 3131 2524 3185 καὶ
2565 3130 2858 3201 ἐξήγαγες
2886 3129 3046 3200 ἡμᾶς
3078 3131 3165 3196 εἰς
3193 3126 3539 3196 ἀναψυχήν.
3573 3125 3737 3178 Ἔτυ-

477 3217 737 3282 exspecta
779 3208 1105 3265 secundum.
1148 3206 1229 3262 Ex
1273 3205 1477 3263 virtute
1524 3213 1806 3277 operatus,
1852 3218 2048 3276 magna

477 3316 612 3358 voce
641 3299 827 3372 profer
864 3298 1040 3357 sancti
1073 3299 1258 3355 verba.
1293 3297 1385 3351 Ait
1408 3296 1552 3352 enim
1579 3315 1593 3350 :
1633 3294 1847 3365 Pauper
1879 3304 1929 3349 et
1956 3293 2053 3349 do-

477 3396 587 3449 lens
626 3409 744 3448 sum
780 3408 872 3463 ego
890 3392 958 3446 ⁷³.
989 3389 1279 3447 Perfectus
1305 3389 1401 3446 lies
1427 3403 1526 3459 per
1552 3387 1656 3444 hoc
1682 3400 2051 3443 aerumnarum

477 3499 596 3556 par.
616 3482 753 3539 Nam
775 3483 909 3538 dicit
934 3500 949 3538 :
974 3480 1043 3535 In
1064 3480 1409 3535 tribulatione
1435 3477 1683 3532 diiatasti
1704 3475 1862 3530 me".
1884 3472 2054 3546 Igitur

479 3578 636 3632 hisce
682 3574 867 3645 potius
905 3572 1187 3630 exercitiis
1220 3573 1418 3627 anima:
1443 3579 1647 3627 nostra;
1680 3569 2053 3626 instruantur.

478 3665 931 3735 Quandoquidem
967 3679 1077 3735 prae
1118 3662 1292 3719 oculis
1335 3662 1601 3719 habemus
1650 3661 2048 3718 adversarium.

549 3841 605 3896 8.
661 3839 776 3911 (91)
824 3837 973 3894 Dixit
1019 3852 1288 3893 rursum:
1335 3835 1568 3904 Quando
1607 3836 1899 3894 inﬁrmitas
1937 3853 2056 3895 mo-

479 3936 617 3990 lesta
666 3931 826 3988 nobis
871 3930 1060 3995 fuerit,
1099 3945 1169 3984 ne
1214 3929 1628 3995 contristamur,
1659 3929 1807 4001 quod
1825 3937 2056 4001 propter

479 4024 731 4081 morbum
762 4033 817 4080 et
866 4021 1118 4092 corporis
1163 4021 1379 4090 plagam
1427 4034 1538 4075 non
1581 4022 1862 4091 possimus
1915 4035 2053 4077 voce

480 4117 736 4188 psallere.
779 4113 905 4169 Haec
953 4113 1100 4170 enim
1134 4111 1320 4167 omnia
1371 4104 1533 4167 n‘obis
1562 4110 1945 4181 expediebant,
1988 4112 2057 4167 ad

480 4208 844 4278 cupiditatum
869 4204 1327 4260 destructionem.
1359 4200 1583 4258 Scilicet
1597 4201 1868 4273 jejunium
1891 4211 2058 4273 atque

479 4299 632 4354 humi
668 4298 913 4364 cubatio,
957 4295 1029 4351 ob
1066 4295 1379 4365 voluptates
1427 4294 1590 4349 nobis
1635 4294 2052 4365 praecipiuntur.

481 4389 710 4456 Quoties
742 4402 875 4459 ergo
908 4385 1135 4441 morbus
1160 4386 1262 4440 has
1288 4383 1579 4448 retuderit,
1622 4384 1897 4454 superﬂua
1929 4385 2055 4440 illo-

2154 3240 2247 3295 χες
2283 3222 2384 3277 τοῦ
2438 3222 2697 3295 πρώτους
2743 3222 3017 3294 προσδόκα
3047 3221 3110 3276 τὸ
3154 3221 3427 3293 δεύτερον.
3473 3217 3739 3290 Πράττων

2152 3315 2252 3386 τήν
2279 3314 2502 3387 ἀρετὴν,
2534 3314 2634 3385 βόα
2673 3314 2744 3368 τά
2796 3313 2891 3367 τοῦ
2938 3313 3093 3383 ἁγίου
3125 3314 3379 3386 ῥήματα’
3408 3311 3542 3382 φησὶ
3591 3309 3735 3380 γάρ·

2153 3406 2396 3475 Πτωχὸς
2445 3406 2543 3460 καὶ
2576 3405 2780 3476 ἀλγῶν
2814 3406 2933 3475 εἰμι
2969 3403 3103 3475 ἐγώ.
3147 3403 3363 3468 Τέλειος
3394 3402 3599 3473 γενήσῃ
3648 3399 3739 3454 διὰ

2154 3495 2360 3567 ταύτης
2404 3496 2514 3551 τῶν
2552 3496 2784 3566 θλίψεων
2830 3496 2929 3568 τῆς
2979 3495 3203 3559 δυάδος”
3258 3495 3396 3566 φησὶ
3437 3493 3581 3564 γάρ’
3640 3493 3740 3546 Ἐν

2155 3589 2358 3657 θλίψει
2405 3587 2753 3655 ἐπλάτυνεάς
2806 3605 2903 3660 με.
2962 3589 3049 3642 Ἐν
3105 3587 3318 3651 τούτοις
3367 3585 3568 3657 μᾶλλον
3627 3586 3740 3647 τοῖς

2155 3677 2477 3748 γυμνασίοις
2524 3677 2624 3742 τάς
2670 3677 2848 3750 ψυχὰς
2895 3672 3257 3749 ἅσκηθῶμενο
3313 3676 3400 3729 ἐπ’
3444 3673 3739 3745 ὀφθαλμῶν

2087 3784 2091 3788 ’
2155 3769 2263 3841 γὰρ
2292 3769 2509 3841 ὁρῶμεν
2538 3770 2630 3824 τὸν
2661 3770 2980 3825 ἀντίπαλον.

2116 3916 2121 3922 ,
2225 3860 2296 3932 η’.
2331 3855 2465 3914 Eine
2493 3860 2687 3915 πάλινο
2726 3859 2852 3915 Ἐὰν
2889 3859 3144 3915 ἀσθένεια
3173 3858 3304 3931 om
3343 3858 3496 3928 ἡμῖν,
3541 3856 3616 3928 μὴ
3642 3856 3740 3910 λυ-

2157 3950 2441 4022 πηθῶμεν,
2464 3950 2540 4015 ὡς
2567 3951 2655 4005 διὰ
2689 3951 2789 4023 τὴν
2812 3950 3095 4006 ἀσθένειαν
3133 3952 3228 4005 καὶ⁹
3268 3951 3369 4021 τὴν
3401 3949 3615 4020 πληγὴν
3643 3947 3740 4000 τοῦ

2161 4039 2415 4112 σώματος
2444 4039 2521 4113 μὴ
2546 4040 2836 4112 δυνάμενοι
2869 4040 3095 4111 ψάλλειν
3142 4039 3282 4112 μετὰ
3312 4039 3496 4110 φωνῆς
3515 4053 3530 4067 ’
3563 4037 3744 4093 ταῦτα

2157 4133 2266 4205 γὰρ
2292 4133 2472 4187 πάντα
2503 4135 2636 4205 ἡμῖν
2662 4132 2877 4203 ἠνύετο,
2905 4133 3042 4205 πρὸς
3069 4130 3389 4203 καθαίρεσιν
3413 4128 3737 4198 ὲπιθυμιιῖιν.

2154 4226 2270 4278 Καὶ
2293 4223 2401 4297 γὰρ
2426 4226 2461 4296 ἡ
2491 4225 2715 4297 νηστεία
2752 4225 2846 4280 καὶ
2881 4227 2916 4297 ἡ
2966 4222 3237 4295 χαμευνία
3261 4221 3350 4276 διὰ
3399 4220 3499 4285 τὰς
3545 4218 3741 4291 ἡδονὰς

2158 4316 2293 4387 ἡμῖν
2318 4316 2759 4388 νενομοθέτηται.
2791 4317 2856 4370 Ei
2883 4311 2978 4371 οὖν
3006 4317 3041 4387 ή
3062 4314 3217 4377 νόσος
3238 4313 3441 4376 ταύτας
3471 4310 3738 4383 ήμδλυνε,

2160 4405 2415 4478 περιττὸς
2443 4406 2666 4476 ὁλόγος.
2691 4406 2841 4478 Λύτη
2866 4408 2975 4479 γάρ
3007 4408 3155 4461 ἐστιν
3181 4408 3214 4478 ή
3247 4404 3459 4476 μεγάλη
3483 4405 3738 4472 ἄσκησις,

481 4496 603 4536 rum
635 4480 796 4535 ratio.
839 4476 966 4532 Haec
1011 4476 1217 4547 quippe
1251 4488 1449 4544 magna
1485 4482 1571 4529 est
1615 4474 1960 4544 exercitatio,
1999 4477 2048 4532 in

2158 4474 2310 4547 ro'év
2359 4496 2471 4558 τοῖς
2504 4474 2682 4558 νόσοις
2726 4474 3111 4566 ἐγκαρτερεῖν,
3144 4474 3259 4548 καὶὴ
3291 4474 3741 4563 εὐχαριστηρίους

482 4571 695 4626 morbis
724 4570 999 4641 patienter
1033 4568 1199 4632 ferre,
1232 4573 1287 4622 et
1319 4566 1621 4638 gratiarum
1648 4565 1885 4622 actionis
1902 4568 2059 4640 hym-

481 4676 587 4718 nos
619 4661 872 4717 emittere
906 4658 976 4714 ad
1003 4656 1198 4713 Deum.

550 4755 606 4812 9.
648 4753 763 4823 (92)
816 4752 1016 4808 lterum
1063 4749 1278 4805 elocuta
1309 4757 1393 4803 est
1436 4764 1452 4801 :
1494 4745 1554 4802 ln
1603 4747 1935 4819 jejunando,
1987 4765 2056 4806 ne

482 4853 754 4917 praetean
784 4844 1056 4900 morbum.
1089 4839 1194 4907 Qui
1225 4839 1372 4895 enim
1401 4854 1512 4896 non
1532 4840 1807 4911 jejunant,
1828 4843 1883 4898 in
1922 4857 2053 4899 eas-

484 4937 608 4992 dem
631 4950 778 5005 saepe
799 4932 1054 4989 incidunt
1075 4930 1478 5002 mgrotationes.
1496 4929 1707 4988 Bonum
1732 4932 2048 4990 inchoasti?

557 5096 604 5129 ⁸⁸
628 5095 776 5154 Psal.
818 5108 988 5161 emt,
1013 5095 1100 5153 18.
1204 5096 1249 5129 ⁵⁸
1278 5095 1466 5157 llCor.
1503 5116 1597 5168 an,
1637 5101 1691 5155 '1.

485 5168 590 5227 hoc
615 5181 828 5225 comma
864 5168 1227 5239 postponitur.

556 5338 669 5413 (90)
704 5338 815 5413 Vit.
848 5340 1003 5413 Patr.
1033 5358 1131 5407 vn,
1173 5342 1259 5397 16.
1294 5340 1399 5413 Vit.
1438 5344 1525 5398 98.

556 5410 669 5481 (9t)
704 5410 810 5468 Vit.
844 5411 997 5468 Patr.
1027 5429 1122 5478 vn,
1153 5413 1254 5478 t7;
1293 5411 1423 5468 Vita:
1452 5415 1541 5468 99.

582 5416 637 5467 9i
707 5416 810 5468 Vit.
844 5416 997 5468 Patr.
1027 5429 1122 5478 vn,
1153 5416 1254 5478 i7;
1293 5416 1423 5468 Vita:
1452 5416 1541 5468 99.

582 5416 671 5619 ἓξὲξ
708 5481 810 5536 Vit.
850 5482 1001 5564 Pgtr.
1043 5484 1265 5552 “1,18;
1304 5482 1408 5537 Vit.
1439 5484 1563 5537 102.

582 5551 647 5605 95
706 5554 809 5606 Διὰ
846 5571 957 5619 της
1011 5555 1214 5619 ὑγείας
1264 5554 1563 5619 ἡττηθεὶςε

544 5551 668 5629 .(95)
706 5552 957 5629 Attifﬁc
1011 5555 1214 5629 ὑγείας
1250 5551 1574 5629 maneam,
1631 5554 1941 5629 νοσοπριεῖ
1986 5557 2051 5605 τὸ

487 5619 676 5699 σῶμα..
707 5619 875 5699 Valde
903 5619 1218 5699 imperfecta
1250 5619 1335 5679 est
1358 5619 1557 5699 Pelagii
1589 5623 1920 5699 ve_rs_io._Sin
1954 5639 2049 5699 aut

491 5697 614 5751 tem,
656 5693 853 5765 inquit,
894 5694 1188 5747 satietatem
1231 5696 1465 5760 corporis
1505 5695 1762 5748 immittit.
1800 5693 2050 5765 Supplcri

490 5765 669 5826 potest
702 5774 716 5810 :
748 5760 841 5813 Sin
877 5774 1046 5817 autem
1065 5777 1155 5831 per
1181 5765 1459 5818 sanitatem
1495 5767 1653 5819 victus
1679 5765 1862 5833 fuerit,
1883 5760 2039 5817 'mor-

2161 4581 2364 4654 ὖμνους
2391 4582 2741 4655 ἀναπέμπειν
2771 4583 2850 4654 τῷ
2875 4583 3015 4657 Θεῷ.

2232 4754 2300 4811 θ’.
2352 4749 2489 4809 Εῖπε
2512 4756 2703 4813 κπάλιν
2744 4756 2858 4829 (94)
2884 4774 2901 4791 ⁸
2956 4758 3253 4830 Νηστεύων
3293 4757 3369 4830 μὴ
3426 4750 3738 4828 προφασίσῃ

2159 4847 2343 4901 νόσονο
2372 4849 2467 4903 καὶ
2495 4846 2605 4921 γὰρ
2627 4849 2677 4902 oi
2719 4850 2796 4921 μὴ
2823 4851 3176 4921 νηστεύοντες
3205 4853 3315 4915 τοῖς
3340 4849 3521 4913 αὐτοῖς
3543 4848 3742 4903 πολλά-

2158 4955 2247 5003 κις
2279 4938 2606 5013 περιέπεσον
2656 4941 2981 5013 νοσήμασιν.
3035 4942 3225 5015 Ἤρξω
3273 4941 3370 4995 τοῦ
3422 4939 3626 5007 ualet};
3664 4937 3740 5011 μὴ

1790 5102 1835 5133 ⁷⁰
1862 5099 2008 5158 Psal.
2044 5114 2169 5159 ων.
2204 5099 2289 5157 i2.
2368 5104 2411 5136 '"
2444 5102 2588 5161 Psal.
2619 5120 2809 5170 mut,
2845 5106 2932 5160 50.
3011 5107 3055 5138 τ’
3096 5105 3338 5172 Ρεο1.ιν,
3369 5105 3424 5159 2.
3499 5102 3549 5134 "
3572 5101 3631 5158 lu
3665 5100 3736 5157 al.

2158 5343 2251 5398 bos
2276 5342 2511 5412 corporis
2541 5342 2798 5396 immittit.
2826 5340 2924 5397 Ms.
2951 5342 3112 5397 Corb.
3134 5360 3148 5397 :
3171 5339 3231 5412 Si
3250 5357 3341 5411 per
3370 5344 3598 5398 salutem
3625 5357 3741 5398 cor--

2159 5415 2305 5482 poris
2330 5411 2578 5480 uincitur,
2602 5413 2964 5483 a’gritudinem
2986 5413 3166 5467 mittit.
3194 5411 3510 5469 Suession.:
3527 5413 3621 5468 Sin
3645 5428 3742 5467 att-

2160 5493 2259 5537 tem
2271 5498 2375 5554 ger
2395 5485 2620 5554 salutem
2648 5485 2887 5553 corporis
2913 5484 3161 5547 vincitur,
3204 5485 3575 5554 aegritudinem
3614 5486 3741 5536 mit-

2160 5554 2240 5606 tit.
2269 5552 2508 5609 Fossat.:
2533 5552 2593 5608 Si
2612 5570 2703 5623 per
2733 5552 2958 5609 salutem
2999 5557 3231 5623 corporis
3252 5552 3367 5608 ἠοη
3404 5556 3659 5622 vincetur,
3686 5556 3738 5607 in

2161 5624 2525 5694 a'gritudinem
2549 5626 2737 5680 mittit.

2234 5696 2347 5771 (94)
2386 5692 2556 5771 ΕἷπεςΔ
2592 5694 3108 5771 πάληκρερίηιιιιη
3156 5695 3300 5771 istud
3348 5694 3738 5771 Apophthegma

2164 5767 2347 5835 acre-pi
2380 5779 2407 5817 a
2439 5767 2627 5823 codice
2660 5782 2760 5823 tus.
2801 5768 3127 5824 Colbertina‘
3165 5767 3526 5824 bibliotheca.
