4062 6332
319 334 419 392 813

1441 335 2052 397 APOPHTHEGMATA
2090 341 2400 400 ΡΑἸΊὶυΜ.

3443 347 3553 404 128

318 446 667 521 ἀναχαιτίσῃς
710 448 803 502 τοῦ
858 448 1050 520 ἐχθροῦ
1084 466 1142 501 σε
1186 449 1542 519 ὲκκὸψαντος·
1581 454 1742 517 αὐτὸς
1772 454 1878 521 γὰρ

1983 469 2053 509 ne
2082 453 2381 515 revoceris,
2427 453 2651 508 inimico
2683 453 2972 509 cohibente
3012 461 3082 507 te.
3122 452 3240 523 ipse
3277 453 3541 522 siquidem

323 540 383 608 τῇ
411 537 653 610 ὑπομονῇ
685 557 776 594 σου
801 544 1171 611 καταργεῖται.
1191 539 1293 593 Καὶ
1320 541 1428 612 γὰρ
1454 543 1504 595 οί
1532 543 1683 596 πλεῖν
1710 544 1876 614 ἁρχόο

319 645 466 699 μενοι
523 629 740 701 πρῶτον
781 630 877 700 μὲν
910 629 1084 694 δεξιοῦ
1139 630 1447 701 πνεύματος
1483 633 1838 703 τυγχάνουσιν
1863 651 1875 665 ·

315 718 666 783 ἀπλὼσαντες
705 719 764 772 δὲ
794 721 864 774 τὰ
912 720 1075 782 ἱστία,
1108 715 1261 783 αὖθις
1295 720 1521 792 ἐναντίῳ
1568 723 1879 776 ἀπαντῶσιν

315 811 516 881 ἀνέμῳ,
536 810 653 863 ἀλλ’
672 813 722 863 οἱ
747 810 939 864 ναῦται
963 807 1052 863 διὰ
1079 811 1140 863 τὸ
1159 812 1515 881 παρεμπεσὸν
1540 813 1756 883 πνεῦμα
1778 815 1880 866 οὐκ

316 902 753 965 ἀποσκευάζουσι
805 901 904 971 τὴν
955 901 1123 955 ναῦνι
1170 903 1365 974 μικρὸν
1405 904 1463 958 δὲ
1508 906 1879 975 ἡσυχάσαντες

313 993 346 1064 ἢ
392 992 487 1046 καὶ
527 992 1017 1063 ἀπομαχησάμενοι
1066 995 1132 1064 τῇ
1176 993 1336 1066 ζάλῃ,
1370 994 1531 1048 πάλιν
1572 995 1662 1048 τὸν
1712 994 1879 1049 πλοῦν

312 1083 609 1137 ποιοῦνται.
661 1081 818 1136 Οὕτω
878 1083 972 1136 καὶ
1027 1085 1222 1153 ἡμεῖς,
1278 1084 1518 1137 ἐναντίου
1573 1084 1879 1155 πνεύματος

313 1173 726 1245 προσπεσόντος,
762 1173 853 1224 τὸν
902 1175 1131 1245 σταυρὸν
1164 1176 1285 1228 ἀντὶ
1332 1175 1498 1229 ἱστίου
1528 1175 1876 1241 τανύσαντες,

310 1263 477 1326 ἀδεῶς
508 1265 599 1318 τὸν
625 1263 790 1316 πλοῦν
824 1264 1216 1336 ἐκτελέσωμεν.

378 1354 433 1407 ι’.
465 1350 602 1407 Eli-ts
648 1353 841 1408 πάλιν·
890 1357 953 1407 Oi
984 1356 1083 1426 μὲν
1127 1356 1219 1411 τὸν
1251 1357 1507 1428 αἰσθητὸν
1553 1358 1780 1413 πλοῦτον
1814 1362 1879 1414 ὲκ

309 1443 488 1496 κόπων
520 1444 617 1496 καὶ
659 1444 921 1499 κινδύνων
962 1446 1239 1517 θαλάσσης
1296 1450 1621 1518 συνάγοντες
1640 1490 1657 1514 ,
1708 1451 1878 1505 πολλὰ

309 1535 700 1605 κερδήσαντες,
729 1538 838 1590 τῶν
887 1538 1150 1592 πλειόνων
1189 1539 1430 1608 ἐφίενται
1454 1556 1468 1569 ·
1510 1541 1605 1595 καὶ
1656 1541 1727 1594 τὰ
1779 1542 1878 1612 μὲν

308 1627 550 1698 παρόντα
576 1626 652 1691 ὡς
677 1628 826 1681 οὐδὲν
850 1629 1140 1699 ἡγοῦνται*
1172 1632 1308 1701 πρὸς
1338 1632 1396 1685 δὲ
1424 1632 1492 1684 τὰ
1527 1632 1601 1704 μὴ
1634 1634 1878 1703 παρόντα

305 1717 729 1775 ἑπεκτείνονται.
769 1717 959 1789 Ἡμεῖς
984 1720 1040 1773 δὲ
1065 1720 1159 1774 καὶ
1187 1721 1296 1775 τῶν
1332 1722 1679 1791 ζητουμένων
1709 1724 1876 1792 μηδὲν

303 1805 538 1876 Ξχοντες,
561 1806 715 1861 οὐδὲν
744 1807 969 1879 θέλομεν
1004 1809 1305 1880 κτήσασθαι
1335 1790 1424 1866 διὰ
1454 1790 1545 1866 τόν
1588 1790 1750 1881 φόϐον
1775 1790 1872 1866 τοῦ
1904 1790 1947 1845 Β

302 1896 457 1952 Θεοῦ.

371 1988 462 2041 ια’.
500 1989 636 2042 Εῐπε
670 1989 834 2043 πάλιν
856 2007 871 2020 ·
912 1991 1163 2064 Μίμησαι
1185 1993 1276 2046 τὸν
1309 1994 1558 2065 Τελώνην
1599 1996 1710 2064 (95)
1731 2037 1745 2059 ,
1789 1997 1875 2050 ἴνα

303 2076 375 2151 μὴ
411 2077 491 2149 τῷ
523 2081 805 2151 Φαρισαίῳ
864 2087 1340 2155 συγκατακριθῇς·
1387 2086 1480 2139 καὶ
1525 2086 1767 2150 Μωσέως
1814 2088 1877 2140 τὸ

298 2171 475 2241 πρᾶον
503 2170 765 2237 ὲπίλεξαι,
801 2173 891 2226 ἴνα
924 2174 1025 2245 τὴν
1063 2176 1289 2247 καρδίαν
1324 2194 1417 2230 σου
1452 2178 1760 2250 ἁκρὸτομον
1789 2175 1876 2232 οὗ-

298 2279 396 2316 σαν
431 2264 512 2326 είς
538 2262 722 2332 πηγὰς
750 2264 958 2318 ὑδάτων
993 2267 1322 2336 μεταϐάλῃς.

366 2354 459 2423 ιβ’.
508 2352 645 2408 Εἷπε
684 2355 883 2410 πάλινο
934 2358 1334 2423 Ἐπικίνδυνον,
1388 2360 1478 2413 τὸν
1532 2363 1605 2432 μὴ
1663 2362 1750 2415 διὰ
1781 2362 1875 2415 τοῦ

297 2447 610 2517 πρακτικοῦ
642 2446 757 2518 βίου
782 2449 1084 2520 ἀναχθέντα
1113 2451 1624 2523 διδάσκειν.”Ωσπερ
1649 2453 1755 2526 γὰρ
1782 2454 1876 2508 ἐὰν

292 2531 326 2607 ᾖ
350 2553 442 2600 τις
465 2537 644 2590 οἰκίαν
666 2537 806 2609 ἔχων
832 2539 1060 2612 σαθρὰν,
1086 2541 1271 2606 ξένους
1299 2542 1718 2613 ὑποδεξάμενος,
1749 2544 1878 2614 βλά-

291 2626 383 2692 ψει
407 2627 480 2696 τῇ
513 2624 716 2679 πτώσει
742 2626 837 2680 τοῦ
866 2629 1165 2699 οἰκήματος
1189 2672 1205 2695 ,
1239 2629 1413 2695 οὕτως
1451 2634 1544 2685 καὶ
1570 2627 1713 2686 οὗτοι
1740 2674 1754 2696 ,
1803 2632 1877 2705 μὴ

292 2718 565 2788 πρότερον
615 2721 842 2785 ἑαυτοὺς
891 2722 1380 2794 οἰκοδομήσαντες,
1437 2725 1531 2778 καὶ
1556 2726 1682 2789 τοὺς
1711 2742 1879 2796 προσ-

291 2811 553 2876 ελθόντας
582 2812 767 2877 αὺτοῖς
796 2813 1082 2869 ἀπώλεσαν
1101 2832 1113 2843 ·
1138 2819 1251 2879 τοῖς
1280 2818 1377 2887 μὲν
1404 2818 1512 2889 γάρ
1543 2817 1720 2887 λόγοις
1750 2834 1878 2872 συν-

290 2903 626 2958 εκάλεσαντο
670 2907 749 2968 είς
799 2907 1072 2978 σωτηρίαν
1097 2947 1112 2972 ,
1155 2910 1222 2977 τῇ
1254 2907 1307 2959 δὲ
1344 2908 1438 2960 τοῦ
1465 2908 1668 2979 τρόπου
1711 2908 1880 2983 κακίᾳ

291 2997 417 3060 τοὺς
451 2995 697 3068 ἀθλητὰς
719 2998 768 3030 ’⁸
796 2997 993 3068 μᾶλλον
1023 2999 1308 3069 ἠδίκησαν.

366 3095 460 3157 ιγ’.
500 3084 642 3142 Εἷπε
691 3089 854 3142 πάλιν
879 3108 892 3120 ·
926 3091 1105 3145 Καλὸν
1137 3092 1197 3145 τὸ
1235 3096 1308 3163 μὴ
1358 3092 1699 3164 ὀργίζεσθαι·
1747 3095 1794 3145 εί
1820 3094 1877 3146 δὲ

289 3179 385 3232 καὶ
415 3181 675 3251 γένηται,
706 3179 827 3233 οὐδὲ
872 3181 1072 3251 μέτρον
1101 3198 1182 3235 σοι
1216 3184 1427 3253 ἡμέρας
1455 3183 1591 3254 πρὸς
1613 3185 1673 3236 τὸ
1707 3184 1874 3248 πάθος

289 3271 697 3344 συνεχώρησεν,
728 3270 897 3324 εἰπών
917 3288 931 3302 °
964 3270 1063 3341 Μὴ
1096 3272 1382 3327 ἐπιδυέτω
1410 3276 1442 3327 ὁ
1463 3274 1655 3340 ἣλιος.
1682 3276 1753 3328 Σὺ
1781 3271 1876 3328 οῦν

284 3361 488 3434 ικδὲχῃ
515 3362 635 3426 ,ἕως
686 3363 792 3425 πᾶς
840 3363 868 3415 ό
905 3362 1096 3432 χρόνος
1146 3378 1239 3415 σου
1284 3362 1402 3433 δύῃ.
1454 3363 1520 3414 Τί
1560 3365 1734 3433 μισεῖς
1784 3363 1876 3417 τὸν

284 3452 616 3525 λυπήσαντα
650 3452 973 3523 ἇνθρωπον;
1029 3456 1128 3507 οὑκ
1157 3453 1318 3517 αὑτός
1356 3455 1501 3506 ἐστιν
1534 3456 1562 3506 ό
1594 3454 1873 3524 ἀδικήσας,

283 3543 400 3598 ἀλλ’
424 3548 456 3599 ό
489 3544 760 3608 διάϐολος.
796 3544 1043 3615 Μίσησον
1075 3544 1172 3615 τὴν
1207 3544 1361 3596 νόσον
1385 3584 1400 3607 ,
1434 3543 1529 3596 καὶ
1571 3541 1645 3613 μὴ
1673 3540 1764 3595 τὸν
1793 3557 1876 3594 νο-

285 3636 511 3692 σοῦντα.

356 3727 439 3782 ιδ’.
472 3723 618 3783 Eine
650 3729 812 3784 πάλιν
837 3745 851 3759 ο
885 3726 1049 3782 ’Ὅσον
1080 3728 1480 3799 προκόπτουσιν
1535 3727 1586 3778 οἱ
1623 3724 1874 3795 ἀθληταὶ,

281 3820 553 3874 τοσοῦτον
588 3820 918 3873 συνάπτουσι
948 3821 1327 3889 ἀνταγωνιστῇ
1373 3816 1600 3889 μείζονι.

351 3908 437 3964 ιε’.
477 3904 624 3962 Εἷπε
658 3909 821 3962 πάλιν
843 3926 854 3938 ·
881 3909 1036 3963 Ἐστι
1069 3910 1163 3963 καὶ
1195 3909 1261 3960 ὲκ
1285 3907 1378 3960 τοῦ
1412 3905 1608 3977 ἐχθροῦ
1634 3906 1877 3957 ἐπιτεταο

282 3998 426 4067 μένη
489 3998 766 4068 ἄσκησις’
811 4000 907 4052 καὶ
954 4000 1063 4068 γὰρ
1115 4001 1163 4053 οἱ
1210 3996 1375 4051 αὐτοῦ
1434 3994 1674 4066 μαθηταὶ
1720 3991 1879 4046 τοῦτο

278 4088 530 4142 θολοῦσι.
570 4088 693 4152 Πῶς
723 4085 816 4143 οὖν
852 4089 1217 4162 διακρίνωμεν
1246 4089 1344 4160 τὴν
1369 4086 1520 4140 θείαν
1550 4085 1643 4139 καὶ
1672 4083 1879 4154 βασιλι-

278 4176 383 4248 κὴν
406 4178 676 4249 ἄσκησιν,
704 4180 804 4251 τῆς
828 4180 1159 4252 τυραννικῆς
1189 4180 1284 4233 καὶ
1329 4175 1741 4249 δαιμονιώδουςς
1781 4175 1878 4247 δῆ-

276 4268 371 4322 λον
391 4269 474 4334 ὡς
497 4270 613 4325 ἀπὸ
637 4270 735 4342 τῆς
762 4273 1103 4343 συμμετρίας
1131 4270 1264 4342 (96).
1295 4271 1481 4333 ’Ἅπας
1507 4287 1588 4322 σοι
1621 4270 1649 4322 ὁ
1690 4268 1879 4340 χρόνος

276 4350 361 4421 εἷς
386 4356 582 4412 κανὼν
611 4359 863 4430 νηστείας
893 4361 1206 4431 ὑπαρχέτω.
1235 4359 1325 4431 Μὴ
1345 4358 1618 4430 τέσσαρας
1650 4359 1683 4428 ἢ
1717 4358 1876 4411 πέντε

275 4452 629 4525 νηστεύσῃς,
680 4451 773 4505 καὶ
806 4453 904 4522 τὴν
940 4452 1104 4523 ἄλλην
1138 4455 1197 4506 ἐν
1228 4451 1422 4523 πλήθει
1459 4451 1675 4522 τροφῶν
1709 4469 1876 4505 κατα-

275 4540 453 4614 λύσης
474 4561 490 4575 ο
528 4543 811 4614 πανταχοῦ
837 4544 946 4616 γὰρ
970 4546 1001 4616 ἠ
1048 4543 1284 4615 ἀμετρία
1324 4540 1646 4609 φθοροποιὸς
1672 4528 1876 4612 τυγχά-

274 4650 379 4691 νει.
410 4635 559 4699 Nec;
596 4632 674 4687 ὢν
703 4636 798 4688 καὶ
827 4635 983 4706 ὑγιὴς
1027 4637 1320 4709 νήστευσον
1342 4653 1354 4666 ·
1386 4636 1506 4708 ἡξει
1539 4635 1648 4706 γὰρ
1681 4633 1742 4686 τὸ
1777 4633 1879 4702 γῆ·

278 4741 382 4793 ρας
429 4727 584 4797 μετὰ
634 4727 937 4791 ἀσθενείας.
977 4728 1063 4791 Ὠς
1108 4726 1240 4801 δύνῃ
1275 4722 1368 4781 οὖν
1401 4726 1728 4798 θησαύρισον
1758 4741 1881 4796 τρο-

276 4814 385 4881 φὰς
409 4857 427 4882 ,
455 4817 551 4871 ἵνα
583 4818 712 4871 ὅταν
748 4817 822 4889 μὴ
846 4817 975 4889 δύνῃ
1003 4816 1171 4890 εὕρῃς
1194 4818 1529 4872 ἀνάπαυσιν.
1556 4881 1560 4884 ,

350 4999 450 5057 ις’.
484 4989 633 5048 Εἷπε
657 4995 819 5048 πάλιν
841 5011 856 5025 ⁶
896 4996 983 5048 Ἐν
1009 4994 1258 5065 κοινοόίῳ
1279 4994 1429 5056 ὄντες
1451 5035 1467 5059 ,
1499 4993 1596 5064 τὴν
1632 4993 1877 5061 ὑπακοὴν

344 5127 393 5157 τ’
429 5127 524 5183 Al.
564 5125 1062 5196 ἀκολουθήσαντας.
1131 5128 1178 5159 ⁷⁵
1211 5126 1342 5182 Luc.
1374 5142 1526 5191 xvm,
1562 5127 1628 5182 10
1667 5142 1824 5196 seqq.

347 5243 468 5313 (95)
509 5242 923 5316 Mlpncatrdr
952 5246 1239 5313 Τελώσνην.
1268 5244 1384 5300 Hoc
1398 5244 1792 5316 Apophthegma
1819 5250 1872 5299 et

278 5311 456 5380 caput
479 5314 651 5386 abest
691 5327 722 5365 a
782 5311 900 5386 Vita
933 5311 1288 5386 Syncleticw;
1321 5311 1780 5386 quemadmodum
1816 5322 1871 5369 et

276 5398 401 5442 qua
431 5382 768 5437 tribuuntur
792 5384 843 5437 ei
873 5382 1159 5442 sententia:
1186 5387 1239 5440 in
1259 5382 1495 5440 Scholiis
1510 5387 1574 5439 ad
1604 5384 1867 5440 Joannem

304 5452 623 5516 ilimacum,
652 5452 744 5517 76,
779 5451 989 5510 Gradus
1005 5456 1132 5512 Lzet
1163 5456 1253 5517 62,
1287 5453 1495 5510 Gradus
1520 5455 1609 5509 26.

352 5521 469 5595 (96)
511 5520 722 5590 Δῆλον
747 5522 830 5588 ὡς
855 5524 973 5579 ἀπὸ
999 5527 1107 5592 τῆς
1127 5524 1512 5595 συμμετρίας.
1572 5522 1824 5595 Pelagius
1854 5539 1868 5595 ξ

284 5588 648 5662 uaporem»:
684 5596 917 5662 estquia
958 5588 1458 5653 mediocritateflta
1515 5588 1728 5666 quippe
1771 5591 1871 5663 legi

276 5656 335 5714 in
360 5675 429 5715 eo
468 5662 663 5716 debet.

302 5674 335 5714 η
360 5675 429 5715 eo
468 5670 663 5715 debet.

349 5731 469 5802 (97)
519 5729 633 5785 Vit.
670 5732 825 5789 Patr.
854 5749 910 5797 ι,
943 5732 1042 5799 70;
1077 5751 1151 5797 vi,
1184 5734 1275 5791 21.
1318 5734 1421 5788 Vit.
1447 5750 1502 5789 n.
1527 5731 1617 5790 '57.

622 5821 863 5886 Parnm.
920 5824 1038 5885 Gn.
1087 5825 1274 5886 LXV.

1982 545 2244 613 patientia
2272 552 2365 597 tua
2400 544 2738 602 destruetur.
2770 544 2993 600 Scilicet
3011 545 3105 614 qui
3142 544 3399 616 navigare
3430 560 3549 600 cm-

1980 635 2185 704 perint,
2216 636 2372 688 initio
2391 636 2609 704 quidem
2635 634 2879 691 secundo
2905 634 3152 691 feruntur
3181 644 3377 703 vento;
3412 635 3553 695 velis

1982 733 2165 781 autem
2200 729 2477 797 expansis,
2510 738 2696 797 postea
2725 729 2778 782 in
2807 728 3098 783 adversum
3118 737 3335 783 ventum
3360 728 3548 784 incur-

1982 824 2146 879 runt;
2176 832 2363 870 verum
2386 830 2563 872 nauta:
2587 828 2806 889 propter
2838 818 3167 873 incidentem
3189 818 3400 883 ﬂatum,
3435 835 3541 873 non

1981 908 2285 963 deonerant
2312 911 2491 963 navim
2518 929 2534 972 -,
2566 911 2660 965 sed
2694 911 2784 965 ubi
2819 911 3103 980 paululum
3131 911 3303 980 quieti
3328 925 3547 967 mansa.

1980 1009 2131 1065 runt,
2174 1001 2259 1053 vel
2301 1001 2463 1054 etiam
2504 1002 2818 1070 tempestati
2851 1000 3110 1055 reluctati
3142 1009 3291 1066 sunt,
3326 1002 3550 1072 naviga-

1982 1093 2184 1146 tionem
2229 1099 2652 1160 persequuntur.
2685 1092 2762 1144 Ita
2802 1098 2857 1146 et
2883 1107 3008 1156 nos,
3048 1092 3328 1148 contrario
3352 1092 3565 1160 spiritu~

1981 1185 2197 1255 illapso,
2228 1201 2447 1241 crucem
2481 1201 2580 1256 pro
2615 1187 2734 1240 velo
2764 1185 3074 1250 tendentes,
3110 1201 3305 1242 secure
3325 1201 3547 1244 cursum

1980 1277 2351 1346 perficiamus.

2051 1368 2141 1422 10.
2179 1367 2289 1439 (97)
2324 1368 2469 1423 Dixit
2496 1371 2695 1426 iterum
2729 1385 2742 1422 :
2775 1369 2878 1435 Qui
2911 1370 3016 1425 sub
3038 1385 3261 1426 sensum
3291 1368 3559 1424 cadentes

1979 1457 2200 1512 divitias
2231 1460 2299 1514 de
2341 1460 2624 1515 laboribus
2657 1471 2711 1515 et
2747 1462 3008 1530 periculis
3056 1463 3228 1516 maris
3258 1461 3548 1530 colligunt,

1980 1561 2104 1600 cum
2144 1550 2314 1602 multa
2349 1550 2546 1603 lucrati
2592 1550 2818 1614 fuerint,
2868 1552 3024 1621 plura
3063 1558 3370 1622 appetunt:
3404 1556 3459 1603 et
3486 1564 3552 1603 ea

1979 1637 2202 1706 quidem
2233 1655 2356 1707 quae
2404 1640 2632 1703 habent,
2665 1648 2722 1694 ut
2768 1641 3002 1695 nihilum
3043 1648 3343 1711 reputant:
3380 1640 3449 1693 ad
3484 1653 3552 1694 ea

1979 1744 2110 1784 vero
2131 1744 2253 1799 quae
2274 1746 2384 1784 non
2412 1731 2616 1786 habent
2647 1732 2940 1787 intendunt
2968 1732 3232 1788 animum.
3255 1729 3367 1786 Nos
3395 1743 3549 1790 vero.

1976 1820 2044 1875 iis
2082 1835 2205 1890 quae
2242 1822 2599 1891 requiruntur
2634 1821 2883 1878 destituti
2922 1825 3159 1894 penitus,
3192 1821 3329 1877 nihil
3360 1834 3550 1876 eorum

1976 1910 2229 1965 volumus
2264 1914 2548 1981 acquirere
2577 1925 2797 1984 propter
2831 1915 3083 1970 timorem
3112 1913 3225 1970 Dei.

2049 2000 2136 2052 11.
2160 1999 2271 2071 (98)
2305 2000 2476 2055 Eﬂata
2498 2011 2581 2058 est
2602 2004 2814 2059 adhuc:
2846 2003 3061 2059 Imitare
3080 2003 3457 2069 Publicanum,
3481 2016 3554 2058 ne

1976 2103 2083 2142 una
2103 2103 2227 2142 cum
2250 2087 2523 2143 Pharisato
2538 2091 2921 2146 condemneris
2936 2091 3004 2145 ".
3031 2091 3095 2145 Et
3116 2091 3280 2147 Mosis
3297 2104 3553 2146 mansue-

1976 2176 2217 2231 tudinem
2258 2177 2460 2249 delige,
2494 2187 2552 2232 ut
2588 2192 2684 2232 cor
2720 2185 2898 2242 tuum,
2946 2179 3091 2249 quod
3136 2194 3302 2250 rupes
3342 2186 3447 2244 est,
3494 2181 3552 2233 in

1976 2270 2156 2322 l'ontes
2186 2282 2450 2337 aquarum
2483 2277 2772 2325 convertas
2793 2270 2860 2321 ⁷⁸.
3225 2272 3229 2276 ’

2048 2358 2136 2411 12.
2166 2357 2278 2427 ι99)
2307 2355 2421 2413 Hoc
2446 2372 2662 2428 quoque
2683 2360 2941 2428 protulit:
2968 2359 3341 2414 Periculosum
3364 2369 3469 2425 est,
3489 2367 3552 2413 ut

1977 2450 2070 2520 qui
2086 2464 2181 2519 per
2192 2450 2425 2503 activam
2442 2449 2609 2502 vitam
2626 2457 2835 2505 nonest
2854 2451 2919 2504 ed
2928 2459 3107 2509 nctus.
3123 2449 3336 2504 doceat.
3356 2448 3553 2516 Quem-

1980 2541 2275 2597 admodum
2318 2541 2464 2595 enim
2494 2542 2540 2597 si
2592 2542 2718 2611 quis
2750 2540 2969 2596 domum
2992 2540 3242 2595 habitans
3262 2540 3548 2601 caducam.

1977 2634 2220 2705 hOSpites
2244 2633 2544 2702 exceperit,
2575 2632 2793 2688 nocebit
2820 2647 2916 2701 per
2942 2631 3155 2686 aedificii
3195 2632 3432 2694 ruinam,
3468 2632 3549 2685 sic

1976 2731 2030 2779 et
2059 2723 2174 2788 isli,
2206 2739 2332 2778 cum
2373 2723 2524 2793 prius
2555 2739 2614 2778 se
2639 2738 2749 2778 non
2783 2722 3159 2787 instruxerinl,
3205 2722 3366 2776 etiam
3393 2736 3551 2775 acce-

1976 2816 2169 2870 dentes
2195 2815 2262 2869 ad
2294 2830 2390 2869 eos
2419 2815 2792 2886 perdiderunt.
2828 2813 3110 2885 Siquidem
3138 2815 3318 2870 verbis
3352 2829 3552 2869 convo-

1977 2913 2172 2958 carunt
2211 2903 2278 2958 ad
2317 2905 2574 2968 salutem,
2615 2920 2827 2958 morum
2857 2912 3040 2959 autem
3074 2903 3420 2975 improbitate
3449 2919 3550 2974 pu-

1975 2995 2112 3065 giles
2136 2995 2309 3065 magis
2338 2996 2538 3064 injuria
2580 2994 2897 3050 aﬂ‘ecerunt.

2051 3088 2133 3141 l5.
2175 3088 2252 3158 (Ι)
2282 3087 2411 3140 Item
2455 3085 2598 3140 istud
2629 3105 2642 3140 :
2676 3085 2881 3140 Bonum
2925 3093 3009 3142 est
3045 3100 3390 3157 nequaquam
3441 3087 3553 3140 ira-

1982 3181 2083 3233 sci.
2118 3180 2175 3234 Si
2210 3193 2340 3234 vero
2384 3178 2707 3249 contigerit,
2740 3194 2916 3249 neque
2952 3179 3046 3234 tibi
3076 3179 3309 3250 spatium
3338 3179 3442 3234 diei
3482 3179 3553 3233 ad

1980 3271 2232 3326 allectum
2263 3273 2559 3337 concessit,
2602 3271 2696 3342 qui
2728 3271 2902 3327 dixit:
2941 3270 3066 3326 Non
3117 3271 3323 3326 occidat
3367 3270 3448 3325 sol
3475 3271 3547 3324 ".

1981 3358 2062 3413 Tu
2090 3375 2220 3429 ergo
2248 3370 2555 3432 exspectes,
2587 3359 2765 3417 donec
2787 3372 2950 3415 omne
2972 3366 3187 3430 tempus
3218 3368 3375 3414 tuum
3402 3361 3552 3415 occi-

1980 3449 2142 3506 derit.
2175 3452 2353 3518 Quare
2387 3451 2512 3507 odio
2541 3451 2711 3508 habes
2736 3452 3013 3507 hominem
3041 3451 3136 3521 qui
3167 3458 3222 3507 te
3255 3450 3552 3506 contrista-

1981 3543 2089 3597 vit?
2148 3543 2269 3597 Non
2316 3543 2404 3597 ille
2460 3544 2657 3611 injuria
2679 3543 2895 3610 aﬂ‘ecit;
2940 3544 3036 3599 sed
3086 3542 3360 3598 diabolus.
3413 3541 3554 3597 Odia

1982 3640 2314 3698 prosequere
2345 3630 2619 3693 morbum,
2653 3646 2760 3684 non
2793 3630 2983 3685 morbo
3017 3630 3379 3685 laborantem.

2057 3718 2141 3772 14.
2192 3719 2268 3789 (2)
2336 3718 2479 3774 Dixit
2538 3722 2769 3776 adhuc:
2837 3720 2957 3788 Quo
3029 3723 3203 3794 magis
3262 3722 3553 3792 proficiunt

1983 3808 2222 3870 athletae,
2261 3825 2327 3863 eo
2354 3810 2676 3866 fortioribus
2698 3812 3028 3867 adversariis
3051 3828 3148 3868 eos
3177 3815 3548 3868 committunt.

2055 3900 2143 3954 15.
2189 3900 2264 3972 (3)
2310 3902 2455 3955 Dixit
2488 3902 2728 3975 iterum;
2760 3902 2844 3957 Ab
2866 3902 3093 3957 inimico
3113 3905 3275 3957 etiam
3307 3902 3555 3974 procedit

1984 3991 2189 4045 intenta
2215 3994 2558 4048 exercitatio.
2590 3993 2802 4049 Etenim
2838 3993 3013 4064 ipsius
3043 3994 3300 4064 discipuli
3336 3995 3438 4048 hoc
3472 3992 3555 4048 fa—

1982 4082 2153 4137 ciunt.
2195 4080 2316 4149 Quo
2344 4082 2504 4138 modo
2528 4099 2657 4154 ergo
2678 4084 2917 4138 divinam
2942 4085 3285 4155 regalemque
3317 4084 3553 4140 ascesirn

1981 4173 2359 4229 discernemus
2389 4189 2419 4227 a
2449 4175 2736 4244 tyrannica
2762 4182 2817 4229 et
2843 4174 3183 4229 daemonica?
3205 4174 3552 4230 Manifesrum

1982 4273 2066 4319 cst
2094 4264 2237 4334 quod
2267 4280 2334 4318 ex
2362 4264 2752 4319 mediocritate.
2784 4261 2957 4319 Omne
2985 4271 3141 4318 tuum
3179 4274 3413 4334 tempus,
3445 4278 3553 4318 una

1984 4356 2055 4410 sit
2082 4356 2275 4425 jejunii
2314 4356 2521 4426 regula.
2569 4353 2689 4408 Noli
2739 4362 2972 4424 quatuor
3010 4362 3105 4408 aut
3157 4354 3397 4424 quinque
3436 4352 3553 4405 dies

1985 4463 2092 4501 non
2130 4446 2483 4510 manducare,
2510 4445 2599 4500 die
2634 4462 2763 4501 vero
2791 4446 3040 4515 sequenti
3070 4444 3123 4500 in
3148 4445 3395 4500 ciborum
3422 4444 3555 4498 mul-

1985 4541 2215 4595 titudine
2278 4541 2493 4596 solvere
2545 4540 2835 4610 jejunium.
2888 4537 3101 4610 Ubique
3176 4538 3555 4594 immoderatio

1985 4630 2216 4685 exitiosa
2244 4641 2346 4684 est.
2387 4628 2522 4683 Dum
2554 4630 2774 4699 juvenis
2815 4645 2876 4684 es
2913 4638 2968 4684 et
2994 4645 3183 4695 sanus,
3215 4629 3424 4700 jejuna.
3453 4627 3557 4686 Ye-

1986 4721 2098 4775 niet
2125 4727 2380 4775 senectus
2405 4736 2526 4774 cum
2557 4720 2890 4777 inﬁrmitate.
2925 4720 3176 4786 Quandiu
3208 4734 3337 4790 ergo
3372 4726 3551 4790 potes,

1986 4811 2296 4865 tliesauriza
2333 4813 2398 4866 de
2430 4812 2589 4877 cibis,
2617 4820 2673 4865 ut
2706 4813 2926 4881 quando
2964 4828 3070 4867 non
3104 4812 3367 4881 potueris,
3402 4812 3553 4865 inve-

1988 4901 2107 4955 nias
2136 4902 2399 4970 requiem.

2055 4991 2140 5045 16.
2178 4992 2253 5062 (4)
2292 4991 2571 5047 Sententia
2613 5010 2829 5066 quoque
2866 4995 3040 5066 ipsius
3078 4994 3287 5051 exstitit
3314 5014 3326 5049 :
3358 4995 3414 5049 ln
3443 5008 3553 5050 cu:-

1901 5123 1948 5156 ⁷⁶
1976 5122 2119 5179 Psal.
2155 5140 2309 5190 cxnt,
2336 5125 2390 5179 8.
2466 5127 2507 5156 "
2541 5127 2741 5197 Ephes.
2777 5144 2848 5188 tv,
2879 5126 2968 5181 26.

2051 5242 2164 5312 (98)
2213 5241 2323 5298 Vit.
2350 5242 2505 5300 Patr.
2539 5264 2628 5311 xv,
2665 5246 2752 5301 50.

2050 5312 2163 5385 (99)
2184 5312 2349 5385 __Vitw
2369 5329 2489 5385 cap.
2508 5318 2605 5385 779.

2047 5381 2151 5453 (ί)
2178 5381 2306 5438 Vitae
2335 5381 2452 5453 Cap:
2490 5384 2573 5440 64.

2050 5453 2127 5523 (2)
2178 5453 2313 5523 Vita:
2340 5471 2393 5508 n.
2422 5453 2509 5508 26.

2052 5522 2128 5595 (Et)
2178 5522 2284 5595 fit.
2311 5523 2460 5595 P_atr.
2497 5540 2550 5587 ιι,
2582 5522 2683 5595 72;
2735 5522 2838 5595 Vit.
2874 5523 2994 5576 100.

2053 5528 2131 5651 (ὂζ
2178 5528 2284 5577 Vit.
2311 5528 2460 5576 Patr.
2497 5540 2550 5587 κ,
2582 5528 2683 5585 72;
2735 5528 2838 5576 γει.
2874 5528 2994 5576 100.
3344 5586 3356 5597 .

2053 5593 2121 5670 (ξ.
2178 5590 2293 5670 νρι..
2329 5592 2481 5670 ξοην.
2527 5608 2637 5658 xrv,
2665 5594 2729 5661 9;
2774 5591 2881 5647 Vit.
2928 5607 2980 5647 c.
3012 5590 3110 5645 100
3176 5586 3450 5645 Scholion]
3478 5595 3543 5649 97

1983 5660 2241 5719 ad'Grad.
2268 5660 2299 5715 4
2331 5661 2486 5714 Clim.

3162 5816 3234 5878 15
