4062 6332
369 355 473 412 £29

1494 372 2105 436 APOPIITHEGMA’I‘A
2145 380 2454 441 PATRUM.

3508 404 3616 461 ‘30

364 478 501 533 [lota
534 476 685 531 ἐστὶν
733 479 765 548 ἡ
802 479 920 543 ὁδὸς
953 482 988 552 ή
1020 482 1312 552 ἀπάγουσα
1342 489 1422 553 εις
1453 490 1552 563 τὴν
1586 494 1914 551 ταπείνωσιν

372 569 517 595 um.
553 567 805 595 ι...ι-.....
840 569 903 595 οη
936 570 1170 595 “LA-
1201 592 1247 595 μ
1278 594 1307 595 ί
1416 578 1428 595 .
1647 584 1671 595 ..
1781 589 1794 595 -
1869 587 1881 595 .

2024 483 2181 560 ,nam
2227 501 2310 555 via
2362 503 2429 557 ad
2477 503 2835 562 humilitatem
2864 511 3177 571 adduceret.
3227 517 3304 575 Ac
3339 531 3618 595 respondit

362 569 521 636 Λέγει
550 569 580 622 6
597 567 805 640 γέρωνο
840 569 903 622 Ἦ
933 570 1052 636 ὁδὸς
1070 574 1171 644 τῆς
1196 578 1584 647 ταπεινώσεως
1609 584 1747 657 αὕτη
1776 587 1943 657 ἐστὶν,

2054 605 2262 645 senex:
2310 592 2436 650 Haec
2481 607 2562 651 est
2600 599 2685 652 via
2723 599 3083 672 humilitatis;
3151 592 3511 685 abstinentia,
3560 631 3620 680 ct

361 657 689 729 ἐγκράτεια,
723 661 817 713 καὶ
845 661 978 733 εὐχὴ
1001 704 1017 724 ,
1052 666 1147 719 καὶ
1184 667 1247 721 τὸ
1293 668 1438 741 ἔχειν
1464 675 1658 730 ἑαυτὸν
1688 678 1917 734 ὑποκάτι

2048 683 2252 748 oratio,
2291 693 2347 739 et
2380 698 2606 743 censere
2640 704 2699 744 se
2734 691 2875 746 infra
2914 708 3128 752 omnem
3155 714 3487 765 creaturam.

360 747 545 819 πάσης
566 749 669 820 τῆς
713 751 961 815 κτίσεως.

739 864 881 933 Περὶ
904 866 1014 920 τοῦ
1038 867 1188 924 (166ιῖ
1228 875 1523 943 Τιμοθέου.

442 972 755 1046 Ἤρὼτησεν
802 976 832 1028 6
861 976 1039 1043 ἁϐϐἄς
1075 981 1340 1050 Τιμόθεος
1376 989 1407 1041 6
1452 991 1822 1065 πρεσϐύτερος
1846 996 1939 1050 τὸν

353 1062 528 1119 ἁὸὅᾶν
553 1065 815 1137 Παμένα,
848 1067 1024 1158 λέγων
1047 1088 1062 1101 ·
1100 1071 1255 1128 Ἔστι
1291 1082 1427 1151 γυνή
1455 1097 1539 1145 τις
1569 1084 1628 1135 ἐν
1654 1062 1935 1158 Αἰγύπτῳ,

351 1153 477 1224 ἥτις
507 1153 783 1225 πορνεύει,
813 1157 912 1211 καὶ
934 1157 1025 1212 τὸν
1057 1161 1247 1230 μισθὸν
1285 1165 1456 1237 αὐτῆς
1483 1167 1620 1223 διδοί
1639 1153 1937 1243 ἐλεημοσῦν-

354 1260 467 1315 νην.
496 1245 607 1299 Καὶ
630 1241 784 1301 εἶπεν
805 1249 834 1301 6
856 1247 1030 1314 assa;
1057 1253 1269 1325 Ποιμήν
1287 1273 1299 1285 ·
1333 1257 1407 1311 Οὐ
1445 1262 1598 1329 μενεῖ
1628 1262 1684 1314 ἐν
1706 1241 1931 1338 τῇήπορ-

353 1336 469 1408 νείᾳ
494 1350 509 1366 ο
554 1337 802 1405 φαίνεται
835 1339 945 1411 γὰρ
973 1343 1032 1395 ἐν
1078 1345 1213 1416 αὐτῇ
1246 1348 1455 1418 καρπὸς
1485 1350 1741 1417 πίστεως.
1782 1336 1930 1426 Ἐγέ-

351 1443 470 1482 νετο
494 1428 556 1482 δὲ
581 1428 754 1483 ἐλθεῖν
777 1429 876 1501 τὴν
908 1432 1122 1504 μητέρα
1149 1436 1242 1489 τοῦ
1269 1440 1640 1515 πρεσϐυτέρου
1662 1447 1926 1518 Τιμοθέου

349 1518 485 1588 πρὸς
516 1519 699 1575 αὐτόν.
734 1522 843 1575 Καὶ
890 1523 1175 1597 ἠρώτησεν
1206 1529 1375 1601 αὐτὴν
1400 1571 1416 1594 ,
1455 1532 1628 1604 λέγων
1647 1553 1660 1567 ·
1713 1540 1924 1615 Ἑκείνη

348 1611 382 1679 ή
413 1609 549 1682 γυνὴ
595 1610 777 1682 ἔμεινε
817 1615 1192 1687 πορνεύουσας
1237 1621 1303 1673 Ἦ
1340 1621 1400 1676 δὲ
1441 1623 1625 1693 λέγει’
1666 1630 1801 1684 Ναί*
1834 1609 1927 1688 καὶ.

348 1700 652 1771 προσέθηκε
683 1706 805 1770 τοὺς
851 1707 1088 1778 ἐραστὰς
1141 1712 1310 1784 αὐτῆς
1333 1731 1349 1745 ·
1385 1716 1527 1788 πλὴν
1565 1720 1659 1773 καὶ
1704 1726 1784 1787 εἰς
1825 1727 1925 1799 τὴν

347 1792 732 1866 ἐλεημοσύνην.
764 1798 875 1851 Καὶ
920 1801 1240 1871 ἀνήγγειλεν
1271 1806 1300 1858 6
1345 1806 1520 1872 ἁὸὗᾶς
1553 1811 1816 1883 Τιμόθεος
1842 1792 1922 1889 τῷ

343 1884 486 1957 ἁὸὃᾷ
514 1888 765 1958 Ποιμένι.
805 1891 864 1944 '0
888 1891 948 1945 δὲ
974 1888 1126 1948 εἶπεν
1154 1910 1168 1926 °
1199 1897 1274 1949 Οὐ
1300 1903 1451 1968 μενεί
1487 1903 1545 1956 ἐν
1578 1907 1643 1976 τῇ
1677 1884 1921 1981 πορνεία.

356 1975 613 2032 Ἐλθοῦσα
637 1979 694 2033 δὲ
736 1980 896 2035 πάλιν
927 1985 960 2054 ή
993 1987 1177 2058 μήτηρ
1207 1987 1303 2042 τοῦ
1336 1990 1482 2046 esse
1509 1975 1814 2066 Τιμοθέου,
1848 1975 1924 2054 εξ-

340 2082 441 2122 πεν
471 2068 656 2140 αὐτῷ·
681 2067 845 2138 Οἶδας
872 2074 950 2128 ὅτι
991 2078 1025 2147 ή
1075 2078 1248 2152 πόρνη
1293 2082 1479 2155 ἐκείνη
1521 2087 1703 2158 ἐζήτει
1751 2090 1924 2147 ἐλθεῖν

340 2160 458 2229 μετ’
487 2161 624 2233 ἐμοῦ
649 2203 665 2229 ,
715 2164 803 2218 ἵνα
844 2165 976 2239 εὔξῃ
1012 2169 1155 2241 ὑπὲρ
1182 2172 1356 2245 αὐτῆς
1376 2176 1424 2208 ⁸⁸
1449 2193 1468 2242 ;
1510 2180 1568 2233 '0
1597 2180 1655 2234 δὲ
1685 2183 1923 2250 ἀκούσας

336 2250 623 2322 ἀνήγγειλε
647 2254 728 2326 τῷ
758 2256 902 2329 ἀὸὅᾷ
933 2260 1177 2330 Ποιμένι.
1203 2264 1371 2332 Λέγει
1398 2268 1576 2340 αὐτῷ’
1608 2273 1823 2329 Μᾶλλον
1856 2278 1920 2331 σὺ

336 2343 554 2410 ἄπελθε,
585 2348 681 2400 καὶ
704 2346 935 2421 σῦντυχε
968 2352 1129 2423 αὐτῇ.
1167 2355 1280 2409 Καὶ
1307 2356 1550 2430 ἀπῆλθεν
1578 2363 1607 2415 6
1635 2364 1809 2429 ἀὸὁᾶς
1831 2369 1921 2420 Τι-

338 2433 558 2505 μόθεος,
604 2439 698 2492 καὶ
751 2441 1042 2513 συνέτυχεν
1087 2444 1248 2518 αὐτῇ.
1291 2447 1355 2502 Ἦ
1402 2449 1460 2503 δὲ
1501 2452 1682 2508 ἰδοῦσα
1733 2457 1917 2523 αὑτὸν,

337 2524 426 2577 καὶ
463 2524 745 2581 ἀκούσασα
776 2529 906 2602 παρ’
939 2530 1104 2585 αὐτοῦ
1133 2533 1226 2586 τὸν
1288 2533 1445 2604 λόγον
1468 2538 1563 2591 τοῦ
1599 2540 1756 2606 Θεοῦ,
1787 2560 1920 2597 κατ-

334 2614 498 2687 ενύγη
519 2656 535 2679 ,
568 2619 663 2671 καὶ
689 2617 943 2688 ἐκλαυσε,
988 2621 1082 2676 καὶ
1108 2617 1261 2676 εἷπεν
1299 2626 1469 2697 αὐτῷ’
1508 2628 1649 2698 Ἐγὼ
1678 2631 1786 2684 ἀπὸ
1818 2631 1919 2702 τῆς

334 2706 572 2779 σήμερον
603 2711 1026 2783 προηολλῶμαι
1059 2713 1138 2785 τῷ
1187 2714 1339 2786 Θεῷ,
1387 2720 1482 2772 καὶ
1514 2721 1576 2773 οὺ
1620 2721 1915 2794 προσθήσω

329 2795 408 2848 tu
441 2796 538 2850 τοῦ
566 2800 873 2870 πορνεύειν.
908 2803 1017 2856 Καὶ
1044 2805 1248 2872 εὐθέως
1279 2806 1598 2864 εἰσελθοῦσα
1624 2812 1705 2874 εἰς
1745 2829 1914 2882 μονα-

330 2893 550 2966 πήριον
578 2880 915 2968 εὐηρέστησε
944 2898 1021 2970 τῷ
1060 2899 1203 2972 Θεῷ.

775 3009 943 3081 Ἀρχὴ
972 3009 1067 3063 τοῦ
1103 3012 1149 3065 Υ
1178 3016 1467 3084 στοιχείου.

674 3122 813 3191 Περὶ
844 3122 952 3177 τοῦ
977 3124 1130 3181 ἀϐϐᾶ
1168 3126 1543 3197 ’Υπερεχίου.

2553 884 2626 939 De
2658 887 2844 942 abbate
2872 889 3160 948 Timotheo.

2114 992 2474 1066 interrogavit
2523 999 2774 1055 abbatem
2833 1002 3143 1063 Poemenem
3200 1011 3373 1071 abbas
3429 1017 3616 1076 Timo-

2044 1083 2202 1139 theus
2251 1086 2555 1159 presbyter,
2604 1092 2841 1149 dicens:
2900 1095 2994 1151 Est
3021 1102 3220 1157 mulier
3259 1107 3502 1176 quaedam
3558 1115 3614 1169 in

2040 1170 2310 1244 Egypto,
2344 1191 2468 1245 qua:
2500 1187 2795 1244 scortatur,
2832 1187 3136 1242 mercedem
3190 1170 3319 1247 vero
3353 1211 3507 1251 suam
3557 1200 3612 1254 in

2036 1263 2441 1337 eleemosynam
2475 1272 2662 1325 tradit.
2690 1270 2991 1344 Respondit
3014 1278 3185 1337 abbas
3210 1282 3431 1342 Ptemen
3456 1306 3470 1343 :
3491 1288 3610 1346 Non

2038 1355 2409 1420 perseverabit
2462 1357 2517 1410 in
2556 1357 2951 1432 fornicatione;
2990 1371 3327 1438 conspicitur
3359 1376 3502 1432 enim
3554 1380 3610 1434 in

2036 1457 2097 1497 ea
2139 1441 2354 1500 fructus
2382 1444 2529 1501 ﬁdei.
2569 1448 2812 1522 Contigit
2837 1466 3017 1511 autem
3047 1467 3106 1513 ut
3142 1471 3314 1518 mater
3337 1464 3609 1526 Timothei

2035 1536 2341 1608 presbyteri
2375 1540 2585 1596 veniret
2622 1544 2693 1597 ad
2730 1546 2905 1603 illum.
2936 1549 3002 1603 Et
3031 1552 3347 1612 sciscitatus
3376 1568 3456 1614 est
3484 1577 3605 1618 eam

2034 1625 2120 1681 his
2146 1628 2327 1684 verbis
2360 1647 2373 1684 :
2410 1629 2605 1687 Mulier
2636 1634 2753 1699 illa,
2801 1641 3070 1696 mansitne
3100 1642 3414 1704 fornicans?
3436 1651 3609 1709 Exce-

2033 1718 2112 1787 pit
2136 1718 2229 1773 illa
2264 1735 2278 1773 :
2335 1720 2546 1791 Etiam;
2581 1726 2843 1798 auxitque
2891 1739 3166 1789 amatores
3203 1752 3374 1795 suos;
3420 1759 3606 1800 verum

2031 1809 2099 1863 ad
2129 1811 2531 1886 eleemosynam
2589 1835 2826 1891 semper.
2875 1821 3012 1879 Tum
3062 1832 3395 1887 renuntiavit
3434 1837 3606 1896 abbas

2028 1898 2349 1966 Timotheus
2389 1905 2574 1960 ab'bati
2602 1907 2872 1967 Poemeni.
2909 1914 2960 1968 ls
3007 1920 3266 1984 asseruit,
3320 1936 3431 1978 non
3480 1942 3605 1996 per-

2025 2005 2341 2047 mansuram
2375 1996 2428 2049 in
2460 2002 2814 2056 scortatione.
2868 2002 3067 2060 Iterum
3105 2012 3374 2070 accedens
3420 2029 3605 2075 mater

2025 2079 2241 2138 abbatis
2273 2082 2567 2153 Timothei,
2610 2089 2749 2144 dixit
2779 2093 2858 2148 illi
2890 2113 2903 2149 :
2946 2094 3140 2156 Scisne
3163 2104 3312 2171 quod
3345 2111 3601 2165 meretrix

2025 2169 2117 2226 illa
2147 2174 2363 2229 volebat
2388 2192 2604 2233 mecum
2650 2182 2965 2255 proﬁcisci,
3002 2199 3062 2244 ut
3107 2169 3301 2252 orares
3350 2212 3451 2268 pro
3500 2202 3604 2258 ea?

2024 2261 2118 2317 Ille
2146 2263 2406 2331 audiens,
2440 2268 2769 2341 signiﬁcavit
2794 2277 2980 2332 abbati
3017 2279 3282 2340 Pmmeni.
3325 2261 3429 2352 Qui
3478 2291 3597 2348 ait:

2022 2350 2104 2407 Tu
2156 2357 2337 2425 potius
2366 2360 2491 2423 abi.
2525 2365 2758 2419 conveni
2813 2382 2954 2422 eam.
3000 2369 3246 2429 Perrexit
3296 2350 3467 2434 abbas
3501 2379 3598 2436 Ti-

2022 2447 2294 2511 motheus,
2333 2451 2618 2509 mulierem
2666 2457 2818 2512 adiit.
2843 2460 2976 2523 Quae
3002 2464 3120 2517 viso
3163 2480 3230 2519 eo
3254 2504 3269 2529 ,
3299 2470 3598 2542 auditoque

2018 2549 2117 2602 per
2150 2536 2301 2592 illum
2333 2541 2497 2597 verbo
2524 2542 2641 2609 Dei,
2675 2558 3004 2617 compuncta
3031 2562 3115 2608 est
3153 2563 3209 2610 et
3236 2555 3403 2624 ﬂevit,
3430 2536 3596 2616 dixit-

2018 2641 2124 2695 qne
2173 2627 2260 2681 ei:
2298 2627 2410 2700 Ego
2445 2632 2517 2687 ab
2564 2633 2831 2691 hodierna
2885 2638 2975 2694 die
3016 2640 3126 2699 Deo
3163 2644 3435 2716 adhaereo,
3492 2667 3594 2708 nec

2016 2716 2251 2786 amplius
2285 2721 2589 2776 scortabor.
2623 2725 2800 2796 Atque
2848 2728 2995 2784 illico
3033 2732 3278 2804 ingressa
3306 2737 3362 2793 in
3405 2756 3593 2798 mona-

2011 2807 2266 2875 sterium,
2304 2808 2413 2869 Deo
2444 2822 2727 2884 acceptam
2762 2819 2929 2873 vitam
2953 2820 3128 2877 duxit.

2473 2990 2813 3062 Principium
2844 2995 3039 3051 litterae
3069 2997 3134 3052 Υ.

2470 3105 2544 3160 De
2577 3107 2765 3163 abbate
2801 3108 3141 3180 Ilyperechio.

393 3237 462 3285 α’.
492 3228 661 3285 Εἶπεν
688 3233 717 3282 6
743 3232 918 3297 esse;
954 3235 1273 3308 ’Υπερέχιος
1297 3240 1430 3310 (12)·
1471 3241 1685 3313 ’Ὥσπερ
1716 3245 1746 3296 6
1771 3244 1907 3297 λέων

2082 3221 2135 3274 Ι.
2173 3222 2285 3290 (15)
2322 3218 2466 3275 Dixit
2507 3221 2678 3278 abbas
2712 3223 3085 3294 Hyperechins
3119 3242 3135 3283 :
3171 3228 3326 3287 Sicut
3352 3232 3439 3289 leo
3477 3234 3588 3290 for-

328 3318 556 3391 φοὸερός
589 3323 699 3374 ἐστι
730 3325 844 3385 τοῖς
868 3323 1140 3394 ὀνάγροις,
1175 3325 1347 3391 οὕτως
1371 3330 1398 3381 6
1422 3327 1643 3400 δόκιμος
1678 3332 1910 3403 μοναχὺς

325 3408 606 3481 λογισμοῖς
635 3411 933 3484 ἐπιθυμίας
962 3415 1030 3469 ⁸⁸.

395 3501 462 3572 β’.
508 3499 644 3557 Εἶπε
680 3504 876 3557 πάλινο
921 3507 985 3560 Ἦ
1028 3508 1251 3578 νηστεία
1292 3510 1508 3580 χαλινός
1538 3513 1655 3567 ἐστι
1686 3514 1766 3584 τῷ
1809 3533 1908 3586 μοι-

324 3595 471 3667 ναχῷ
500 3596 643 3665 μετὰ
690 3597 791 3666 τῆς
825 3598 1119 3669 ἁμαρτίας.
1175 3602 1236 3654 '0
1280 3592 1488 3672 ῥίπτων
1520 3605 1711 3677 αὐτὴν,
1743 3607 1908 3671 ἵππος

324 3681 638 3755 θηλυμανὴς
666 3686 1002 3758 εὑρίσκεται.

386 3783 454 3845 γ’.
482 3774 618 3832 Εἷπε
654 3779 836 3833 πάλινο
880 3780 938 3833 ’0
971 3781 1044 3852 μὴ
1071 3783 1289 3854 κρατῶν
1306 3783 1356 3815 ³⁸
1383 3785 1635 3855 γλώσσης
1663 3787 1826 3843 αὑτοῦ
1849 3791 1904 3843 ἐν

327 3870 498 3942 καιρῷ
525 3871 697 3942 ὀργῆς
720 3910 735 3935 ,
762 3872 884 3927 οὐδὲ
914 3872 1102 3928 παθῶν
1131 3876 1394 3946 κρατήσει
1420 3878 1449 3929 6
1481 3877 1739 3943 τοιοῦτος.

404 4048 467 4101 δ’.
504 4042 640 4103 Eius
683 4048 879 4104 πάλιν·
930 4048 1110 4102 Καλὸν
1164 4052 1359 4120 φαγεῖν
1420 4052 1558 4126 κρέα
1611 4055 1705 4109 καὶ
1760 4060 1902 4110 πιεῖν

316 4130 455 4193 οἶνον
480 4178 497 4204 ,
554 4140 650 4193 καὶ
705 4134 785 4210 μὴ
840 4144 1036 4210 φαγεῖν
1091 4144 1148 4195 ἐν
1196 4142 1554 4208 καταλαλιαῖς
1585 4146 1629 4176 ⁸⁷
1692 4146 1902 4218 σάρκας

317 4231 584 4302 ἀδελφῶν.

379 4329 440 4376 ε’.
486 4319 623 4377 Eine
656 4323 849 4378 πάλινο
885 4323 1193 4397 Ψιθυρεσας
1242 4326 1272 4377 6
1313 4328 1437 4396 ὄφις
1490 4331 1586 4399 τὴν
1616 4327 1759 4382 Εὕαν
1803 4329 1896 4381 τοῦ

318 4412 642 4484 παραδείσου
682 4414 924 4480 ἐξέϐαλε.
958 4416 1158 4471 Τούτου
1185 4413 1278 4471 οὖν
1324 4420 1507 4490 ὅμοιος
1558 4419 1707 4473 ἔσται
1731 4420 1776 4451 ⁸⁸
1806 4422 1897 4473 καὶ

2010 3311 2286 3369 midabilis
2330 3321 2413 3368 est
2459 3313 2682 3382 onagris
2701 3313 2770 3381 ⁸³,
2802 3316 2875 3371 ita
2907 3318 3111 3387 probus
3160 3323 3460 3382 monachus
3490 3342 3589 3381 co-

2008 3402 2368 3473 gitationibus
2391 3404 2729 3475 cupiditatis.

2077 3488 2132 3541 2.
2170 3489 2280 3560 (14)
2302 3489 2445 3544 Dixit
2477 3492 2712 3546 iterum:
2745 3491 3038 3565 Jejunium,
3060 3496 3270 3555 frenum
3291 3510 3375 3558 est
3399 3519 3588 3560 mona-

2007 3580 2112 3636 cho
2141 3582 2407 3638 adversus
2432 3594 2734 3655 peccatum.
2770 3587 2874 3654 Qui
2907 3591 3042 3646 illud
3072 3593 3284 3663 abjicit,
3317 3611 3493 3668 equus
3524 3600 3578 3656 in

2008 3673 2240 3729 feminas
2268 3674 2455 3731 furens
2488 3692 2611 3732 esse
2639 3679 3065 3748 deprehenditur
3079 3685 3147 3740 θ’.

2078 3766 2128 3819 5.
2168 3766 2281 3836 (15)
2321 3766 2536 3825 Rursus
2568 3768 2743 3825 dixit:
2768 3770 2873 3838 Qui
2905 3773 3144 3845 linguam
3171 3794 3326 3835 suam
3361 3780 3416 3837 in
3446 3790 3583 3839 tem-

2005 3871 2139 3926 pore
2170 3856 2265 3913 ira:
2299 3873 2408 3914 non
2439 3861 2796 3929 continuerit,
2827 3865 2874 3921 is
2923 3883 3099 3939 neque
3123 3871 3350 3929 affectus
3380 3878 3581 3935 retine-

2006 3951 2101 4003 bit.

2073 4044 2126 4097 4.
2170 4043 2283 4116 (16)
2327 4044 2472 4100 Dixit
2509 4046 2725 4105 adhuc:
2769 4050 2975 4107 Bonum
3008 4061 3112 4121 est,
3147 4058 3433 4115 comedere
3456 4076 3577 4114 car-
3691 4098 3706 4108 -

2003 4151 2127 4189 nem
2156 4144 2210 4191 et
2235 4137 2421 4192 bibere
2445 4139 2652 4206 vinum,
2685 4157 2784 4197 nec
2818 4145 3148 4201 manducare
3174 4164 3271 4217 per
3319 4150 3572 4223 obloqnia

1997 4241 2197 4281 carnes
2229 4227 2480 4285 fratrum.

2070 4317 2120 4370 5.
2163 4318 2271 4390 (17)
2304 4318 2386 4375 Ab
2411 4335 2477 4375 eo
2502 4322 2666 4375 etiam
2697 4321 2901 4377 dictum
2929 4324 3032 4380 fuit
3065 4344 3077 4379 :
3105 4325 3209 4384 Per
3239 4333 3576 4388 susurratio-

1999 4424 2123 4463 nem
2154 4424 2380 4480 serpens
2415 4410 2578 4465 Evam
2605 4429 2635 4468 e
2673 4415 2928 4484 paradiso
2963 4421 3189 4489 expulit.
3234 4420 3312 4477 llli
3339 4439 3468 4495 ergo
3496 4427 3567 4480 si-

314 4506 346 4556 6
362 4504 682 4558 καταλαλῶν
709 4504 805 4558 τοῦ
831 4506 1057 4576 πλησίον
1078 4526 1091 4539 ·
1113 4508 1212 4580 τὴν
1234 4510 1343 4582 γὰρ
1368 4510 1544 4582 ψυχὴν
1566 4511 1657 4563 τοῦ
1680 4513 1896 4566 ἀκούον-

2024 4501 2148 4556 nilis
2177 4503 2282 4556 erit
2319 4504 2412 4575 qui
2448 4503 2516 4559 de
2545 4507 2794 4575 proximo
2818 4508 3084 4563 detrahet.
3110 4509 3243 4566 Nam
3268 4522 3322 4568 et
3352 4515 3572 4571 audien-

314 4609 403 4657 τος
429 4593 710 4659 ἀπολλύει,
742 4596 837 4649 καὶ
869 4595 967 4668 τὴν
1001 4599 1195 4653 ἐαυτοῦ
1237 4601 1297 4653 οὺ
1331 4600 1606 4665 διασώζει.

386 4690 458 4749 ς’.
495 4680 633 4739 Eius
661 4685 858 4739 πάλιν·
894 4687 1180 4762 Θησαυρός
1220 4693 1338 4745 ἐστι
1386 4693 1620 4763 μοναχοῦ
1666 4695 1698 4763 ή
1738 4695 1894 4747 ἐκού-

315 4791 428 4841 σιος
454 4778 830 4851 ἀκτήμοσύνη.
866 4779 1239 4853 Θησαύρισον,
1273 4784 1467 4854 ἀδελφὲ
1491 4825 1505 4849 ,
1544 4788 1601 4840 ἐν
1636 4787 1847 4857 οὐρανῷ
1877 4805 1890 4817 ·

312 4865 609 4939 ἀπέραντοι
634 4867 745 4939 γὰρ
773 4868 873 4938 τῆς
905 4870 1264 4936 ἀναπαύσεως
1290 4874 1338 4925 οξ
1370 4873 1582 4937 αἰῶνες.

379 5040 442 5103 ζ’.
474 5039 609 5095 Εἷπε
644 5009 839 5097 πάλιν·
881 5046 946 5098 Ἠ
981 5046 1277 5119 ἐνθύμησίς
1309 5067 1402 5102 σου
1431 5050 1722 5116 διαπαντὸς
1750 5053 1892 5107 ἔστω

1996 4594 2070 4647 tis
2105 4593 2340 4648 animam
2385 4595 2588 4665 perdit,
2628 4604 2681 4651 et
2707 4612 2861 4652 suam
2895 4615 3004 4654 non
3032 4615 3339 4659 conservat.

2070 4685 2123 4740 6.
2163 4685 2275 4757 (l8)
2319 4684 2433 4741 Hoc
2465 4702 2683 4758 quoque
2705 4688 2909 4744 dictum
2943 4694 3167 4761 protulit
3203 4714 3217 4750 :
3256 4694 3575 4756 Thesaurus

1997 4778 2252 4832 monachi
2286 4786 2369 4833 est
2399 4779 2704 4832 voluntaria
2731 4794 3040 4850 paupertas.
3075 4783 3413 4844 Thesaurum
3439 4808 3572 4847 con-

1994 4886 2144 4941 gere,
2170 4869 2362 4935 frater,
2397 4871 2451 4925 in
2481 4871 2642 4926 caelo.
2678 4871 2794 4925 Illic
2834 4873 2981 4926 enim
3025 4875 3236 4932 inﬁnita
3267 4881 3468 4950 quietis
3520 4892 3573 4937 et

1996 4961 2354 5015 beatitudinis
2378 4963 2599 5017 saacula.

2071 5053 2124 5108 7.
2174 5053 2286 5125 (19)
2345 5053 2470 5108 Haec
2524 5055 2729 5123 pariter
2786 5056 2962 5126 ipsius
3003 5062 3278 5116 sententia
3326 5065 3569 5119 exstitit:

385 5194 428 5227 "'
453 5196 540 5252 AI.
574 5197 701 5281 add.
737 5200 832 5283 καί
857 5200 918 5252 οὐ
948 5202 1343 5326 κατεδεξάμην.
1439 5206 1484 5237 ⁸⁵
1515 5205 1917 5278 Α1.ήδυπαθεξα

385 5283 478 5321 ειν.
554 5267 601 5299 ³⁸
624 5267 791 5324 Ecclt.
818 5286 935 5326 xm.
959 5271 1048 5326 25.
1122 5273 1167 5304 ⁸⁸
1236 5290 1314 5326 er.
1345 5291 1398 5326 ν.
1427 5275 1482 5326 8-

2061 5209 2111 5241 ⁸⁸
2131 5211 2215 5264 ΑΙ.
2252 5225 2422 5281 praep.
2462 5214 2713 5283 μοναχὸς.
2817 5214 2863 5247 ε’
2904 5215 2991 5269 Al.
3015 5217 3335 5288 καταλαλιᾷ.
3411 5219 3457 5250 ⁸⁸
3482 5219 3563 5274 Al.

309 5265 478 5321 ἐστιν.
554 5267 601 5299 ³⁸
622 5267 791 5324 ‘Eccli.
818 5286 935 5337 xm,
959 5271 1048 5326 25.
1122 5265 1167 5304 ⁸⁸
1204 5265 1314 5328 Ιειί.
1345 5291 1398 5339 v,
1427 5275 1482 5332 8.

382 5418 903 5504 (12)Ϋ’11’.·ττ.ι;,οέχιοςἰ
922 5423 1265 5504 _ljypere_chii
1288 5499 1297 5504 Α
1323 5428 1486 5504 huius
1525 5434 1760 5504 capitula
1797 5450 1894 5504 pa-

309 5490 843 5571 rgneticauascettca
883 5490 1006 5571 159‘
1026 5490 1330 5571 publicavit
1383 5490 1474 5555 Fr.
1494 5490 1893 5571 iCoinbclisi'ns,

315 5560 395 5642 vnir
443 5560 898 5641 eruditissimus,
927 5560 1183 5642 Auétarjo
1233 5568 1450 5642 ultimo.
1491 5570 1547 5625 ln
1580 5575 1646 5627 iis
1687 5560 1895 5642 Apoplt:

311 5627 577 5706 thcginata
617 5634 722 5687 ista
773 5648 869 5689 seu
904 5638 1190 5692 sententia:
1222 5640 1609 5706 continentur,
1651 5627 1894 5699 numeris

309 5712 446 5768 quos
482 5700 625 5754 infra
653 5713 926 5760 notamus.

379 5769 489 5841 (1⁸5)
541 5769 647 5827 γει.
687 5771 841 5828 Patr.
875 5791 946 5832 Iv.
984 5776 1407 5847 45;11μρεγεειι.
1440 5796 1495 5834 ιι.
1532 5782 1618 5836 66.

2376 5440 2530 5514 I_’atr.
2558 5457 2631 5505 1r,
2661 5443 2761 5514 46;
2793 5443 3081 5514 ngercrlr.
3111 5462 3164 5499 n.
3209 5445 3296 5498 80.

2373 5509 2533 5582 Patr.
2575 5527 2648 5574 Iv,
2680 5513 2780 5577 69;
2807 5508 3096 5582 Hyperech.
3136 5533 3189 5568 ιι.
3214 5517 3303 5570 97.

2067 5580 2178 5650 (l9)
2229 5578 2333 5650 fit.
2369 5578 2519 5650 Eutr.
2559 5596 2640 5642 ιιι,
2678 5582 2808 5648 154ς
2837 5578 3122 5650 Hyperech.
3155 5601 3209 5636 ιι.
3241 5584 3362 5638 Md.

2064 5647 2176 5728 (ll)
2229 5647 2330 5728 fit.
2370 5649 2520 5728 Eutr.
2560 5666 2633 5713 ιν,
2799 5647 3085 5728 [ζμξιένέινζι.
3118 5671 3172 5705 ιι.

2068 5716 2181 5790 (Ιξ)
2230 5717 2337 5790 fit.
2367 5717 2519 5790 ζων.
2550 5734 2622 5782 γι,
2660 5719 2756 5784 14ς
2790 5716 3076 5790 Ilgperecla.
3109 5739 3161 5777 n.
3191 5725 3294 5786 40,
3330 5721 3418 5781 «Η.

2066 5786 2175 5857 (19)
2230 5786 2331 5839 l’it.
2367 5786 2518 5842 Patr.
2555 5804 2629 5854 ιι,
2663 5791 2764 5857 5ῗὶ;
2803 5786 3088 5861 Il'ypcrcch.
3132 5810 3186 5849 ιι.
3221 5794 3311 5850 ‘34.
