4062 6332
417 332 521 387 εισι

358 4918 372 5048 ι

1546 329 1886 385 nemon:
1927 331 2019 386 an
2058 314 2512 395 pALLADmM.‘

3550 332 3657 388 ιδε

422 451 643 505 Atlanta
675 464 892 520 semper
933 451 1004 507 sit
1034 450 1295 522 cogitatio
1331 454 1422 501 tua
1453 446 1521 501 ad
1560 461 1785 517 regnum
1818 446 1989 501 caelo-

2090 451 2144 503 ὲν
2171 453 2237 522 τῇ
2270 451 2513 524 βασιλείᾳ
2541 413 2665 505 τῶν.
2691 451 2934 522 οὐρανῶν
2962 468 2973 483 ·
3009 450 3102 504 καὶ
3131 448 3191 503 ὲν
3217 448 3371 519 τάχει
3406 448 3659 522 κληρονο-

419 556 569 605 runt,
597 548 654 596 et
686 543 833 596 brevi
865 541 1002 597 illud
1032 543 1088 596 in
1121 539 1495 596 hereditatem
1527 539 1782 608 accipies.

491 641 545 688 8.
591 633 704 705 (20)
746 634 890 689 Dixit
919 642 1175 703 praeterea
1216 651 1229 687 :
1261 630 1569 687 Pretiosum
1609 640 1987 687 ornamentum

422 724 702 789 monachi,
743 732 828 779 est
856 723 1180 779 obedientia.
1209 721 1312 789 Qui
1345 721 1585 793 possidet
1616 722 1785 787 illam,
1820 738 1849 776 a
1879 721 1989 777 Deo

421 815 768 879 exaudietur;
804 821 1006 869 etcum
1038 813 1233 868 ﬁducia
1280 814 1558 868 Crucilixo
1599 813 1817 868 astabit.
1850 810 1988 867 Nam

422 908 515 979 qui
539 906 687 963 cruci
715 905 903 960 aﬂixus
941 904 1045 959 l‘uit
1079 904 1364 971 Dominus,
1400 902 1580 959 factus
1617 912 1701 959 est
1727 903 1988 961 obediens

422 1012 595 1069 usque
626 996 693 1051 ad
721 1002 952 1051 mortem
983 995 1052 1047 ⁹¹.

867 1105 1205 1176 Principium
1236 1106 1431 1159 littera:
1469 1105 1532 1157 Φ.

947 1218 1023 1273 De
1060 1217 1248 1272 abbate
1277 1216 1477 1276 Phoce.

484 1332 541 1387 1.
580 1333 659 1389 Ita
687 1333 875 1388 retulit
896 1332 1067 1388 abbas
1096 1331 1331 1396 Phocas,
1357 1331 1446 1387 ille
1475 1347 1505 1386 e
1542 1331 1794 1387 coenobio
1829 1331 1990 1386 abba—

419 1423 494 1479 tis
529 1421 792 1492 Theognii
845 1422 1004 1490 primi
1037 1420 1470 1494 Hierosolymitae
1501 1439 1514 1475 :
1564 1420 1859 1476 Residente
1903 1437 1989 1476 me

420 1514 478 1569 in
517 1512 685 1579 Sceti,
710 1513 931 1584 quidam
984 1513 1155 1569 abbas
1196 1512 1436 1570 Jacobus
1468 1514 1655 1583 junior
1704 1517 1905 1569 mansit
1932 1514 1987 1569 in

404 1604 616 1672 ‘Cellis,
650 1606 743 1677 qui
782 1605 1015 1661 habebat
1059 1613 1266 1676 patrem
1306 1606 1556 1662 eumdem
1604 1607 1877 1662 carnalem
1914 1607 1989 1662 si-

414 1695 533 1749 mu!
561 1706 614 1751 et
640 1695 997 1767 spiritualem.
1033 1698 1202 1752 Porro
1231 1697 1285 1752 in
1325 1697 1491 1753 Cellis
1516 1696 1638 1753 dua?
1665 1707 1792 1753 sunt
1814 1698 1988 1753 eccle—

413 1784 549 1850 siae;
569 1800 679 1839 una
710 1786 1166 1853 orthodoxorum,
1197 1787 1290 1843 ubi
1319 1788 1758 1843 communicabat
1784 1790 1985 1855 ;altera
2017 1811 2060 1868 Β

416 1874 884 1944 ~a—poscbistarum.
929 1875 1068 1942 Quia
1121 1892 1249 1949 ergo
1303 1878 1473 1933 abbas
1518 1877 1758 1935 Jacobns
1813 1879 1987 1951 gratia

412 1964 748 2020 humilitatis
802 1966 1061 2036 pollebat,
1102 1966 1429 2037 diligebatur
1457 1968 1526 2023 ab
1569 1970 1844 2034 omnibus,
1872 1978 1985 2024 tum

419 2055 814 2110 ecclesiasticis
849 2071 944 2112 seu
973 2057 1282 2122 catholicis,
1312 2066 1428 2112 tum
1464 2059 1813 2129 aposcbistis.
1841 2057 1989 2125 Quo-

408 2148 571 2201 'circa
624 2147 921 2203 monebant
960 2163 1086 2204 eum
1130 2149 1420 2204 orthodoxi
1444 2168 1469 2203 -:
1518 2148 1682 2212 Cave.
1725 2150 1863 2205 abba
1894 2149 1988 2204 Ja-

412 2238 578 2305 mbe,
606 2253 675 2294 ne
705 2246 757 2293 te
784 2237 1069 2308 deceptum
1098 2239 1424 2308 aposchistaz
1455 2240 1731 2295 attrahant
1762 2242 1814 2295 in
1837 2257 1989 2296 com-

410 2328 738 2383 munionem
770 2343 962 2384 suam.
989 2328 1116 2383 Pari
1149 2328 1319 2385 modo
1349 2331 1682 2400 aposcbistae
1723 2332 1942 2386 aiebant
1968 2349 1983 2384 :

409 2416 495 2473 rUt
518 2418 684 2484 scias,
718 2419 856 2474 abba
899 2417 1122 2485 Jacobe,
1164 2434 1288 2474 cum
1339 2421 1634 2492 diphysitis
1683 2421 1988 2476 communi-

402 2523 556 2564 «cans
586 2508 768 2579 perdis
788 2509 1027 2564 animam
1071 2517 1252 2575 tuam;
1303 2519 1431 2565 sunt
1469 2513 1616 2565 enim
1656 2509 1987 2576 Nestoriani,

409 2606 482 2654 aet
513 2597 843 2653 calumniam
887 2598 1132 2655 inferunt
1168 2600 1404 2656 veritati.
1456 2600 1694 2657 Jacohus
1737 2618 1866 2657 vero
1897 2604 1990 2656 ab-

419 2690 542 2754 bas,
566 2696 755 2759 utpote
792 2691 1024 2760 simplex
1066 2691 1176 2753 vir,
1209 2691 1278 2746 ad
1311 2695 1593 2762 angustias
1633 2708 1727 2762 per
1778 2709 1840 2749 ea
1869 2708 1990 2762 quae

426 2796 493 2836 ex
554 2789 787 2851 utraque
834 2789 989 2850 parte
1022 2780 1458 2851 proferebantur
1509 2785 1780 2849 redactus,
1830 2795 1991 2854 atque

428 2870 718 2926 anxietatis
741 2870 955 2942 plenus,
985 2884 1049 2925 eo
1068 2869 1334 2926 deductus
1362 2881 1478 2937 est,
1516 2874 1591 2926 uti
1634 2872 1801 2928 Deum
1835 2876 1991 2929 obse-

402 2968 622 3017 craret.
658 2959 848 3030 Itaque
871 2960 1079 3015 abdidit
1110 2975 1170 3015 se
1198 2962 1252 3015 in
1283 2962 1475 3017 cellam
1505 2978 1627 3033 quae
1674 2972 1827 3019 extra
1868 2965 1989 3019 lau-

408 3067 543 3107 ~ram
570 3052 626 3108 in
657 3052 777 3108 loco
818 3051 1003 3124 quieto
1024 3062 1174 3117 erat,
1205 3052 1438 3109 induens
1482 3057 1816 3125 sepulcrales
1861 3072 1989 3112 snas

2095 540 2286 612 μήσεις
2324 542 2512 612 αὐτήν.

2162 636 2233 698 η’.
2260 625 2395 684 Eine
2438 628 2598 683 πάλιν
2617 647 2631 660 ·
2669 629 2966 699 Κειμήλιόν
3000 628 3114 699 (21)
3144 628 3259 681 ἔστι
3289 626 3384 681 τοῦ
3425 626 3659 698 μοναχοῦ

2089 721 2122 790 ἡ
2171 722 2407 792 ὑπακοή.
2455 722 2514 774 '0
2570 721 2904 791 κεκτημένος
2953 719 3118 789 αὐτὴν
3180 717 3662 789 είσακουσθήσεται

2091 809 2195 863 ὑπὸ
2222 810 2316 864 τοῦ
2350 811 2484 865 Θεοῦ
2503 853 2517 876 ,
2540 812 2636 865 καὶ
2676 810 2812 881 μετὰ
2839 809 3148 883 παρρησίας
3182 807 3263 878 τῷ
3297 806 3661 879 σταυρωθέντι

2091 904 2538 973 παραστήσεται·
2568 905 2597 956 ὁ
2641 901 2751 973 γὰρ
2796 901 3127 972 σταυρωθεὶς
3169 898 3372 972 Κύριος
3423 899 3662 971 ὑπήκοος

2088 991 2277 1060 γέγονε
2309 994 2472 1066 μέχρι
2498 992 2750 1047 θανάτου.

2520 1106 2688 1177 Ἀρχὴ
2712 1103 2805 1158 τοῦ
2834 1105 2877 1157 Φ
2911 1104 3198 1175 στοιχείου.

2491 1217 2627 1284 Περὶ
2678 1216 2783 1270 τοῦ
2839 1214 2990 1270 ἀϐϐᾶ
3043 1213 3238 1269 Φωκᾶ.

2161 1335 2229 1383 α’.
2269 1328 2494 1395 Ἔλεγεν
2526 1331 2555 1380 ὁ
2584 1327 2756 1389 ἀϐϐἄς
2786 1328 2978 1392 Φωκᾶς
3028 1329 3057 1380 ὁ
3104 1324 3199 1379 τοῦ
3245 1324 3515 1378 κοινοϐίου
3564 1320 3659 1378 τοῦ

2089 1418 2233 1474 assa
2251 1419 2503 1486 Θεογνίου
2532 1417 2626 1470 τοῦ
2660 1417 2873 1488 πρώτου
2891 1419 2937 1450 θ’
2977 1416 3420 1488 Ἰεροσολυμίτου,
3445 1417 3526 1470 ὅτι
3548 1418 3661 1471 Καε-

2089 1507 2327 1579 θημένου
2359 1525 2461 1579 μου
2489 1508 2547 1560 ὲν
2576 1509 2772 1578 Σκήτει
2800 1546 2814 1569 ,
2855 1507 3044 1576 γέγονέ
3076 1524 3160 1571 τις
3184 1505 3360 1570 assa;
3407 1506 3662 1569 Ἰάκωϐος

2089 1599 2351 1672 νεώτερος
2391 1600 2450 1653 ὲν
2477 1602 2587 1662 τοῖς
2620 1597 2894 1662 Κελλίοις,
2927 1598 3064 1669 ἔχων
3093 1600 3187 1652 καὶ
3214 1598 3425 1666 πατέρα
3448 1597 3541 1650 τὸν
3565 1597 3663 1650 αὺ-

2087 1691 2179 1745 τὸν
2201 1691 2462 1761 σαρκικὸν
2495 1691 2611 1760 ἅμα
2641 1689 2734 1742 καὶ
2764 1690 3152 1760 πνευματικόν.
3181 1688 3337 1760 Ἔχει
3358 1688 3415 1741 δὲ
3433 1687 3501 1742 τὰ
3519 1686 3663 1741 Κελα-

2089 1784 2178 1837 λία
2225 1783 2518 1856 ἐκκλησίας
2554 1782 2648 1836 δύο
2670 1797 2683 1812 °
2720 1783 2846 1852 μίαν
2895 1782 3002 1836 τῶν
3033 1780 3328 1853 ὀρθοδόξων
3350 1820 3368 1847 ,
3409 1779 3538 1833 ἔνθα
3568 1778 3665 1833 καὶ

2089 1875 2382 1936 ἐκοινώνει.
2412 1876 2506 1929 καὶ
2534 1875 2661 1945 μίαν
2684 1874 2792 1928 τῶν
2819 1873 3183 1945 ἀποσχιστῶν.
3216 1874 3371 1927 Ἐπεὶ⁸
3396 1867 3488 1927 οὖν
3516 1867 3664 1942 εἶχεν

2087 1969 2117 2020 ὁ
2146 1966 2320 2031 ἁϐϐἄς
2359 1965 2613 2030 Ἰάκωϐος
2648 1964 2746 2037 τὴν
2795 1965 2958 2037 χάριν
2989 1965 3090 2037 τῆς
3140 1962 3662 2035 ταπεινοφροσύνης.

2086 2061 2337 2128 ἠγαπᾶτο
2374 2058 2524 2130 παρὰ
2575 2058 2793 2111 πάντων
2816 2097 2831 2119 .
2887 2059 2980 2111 καὶ
3015 2058 3125 2111 τῶν
3172 2054 3669 2128 ὲκκλησιαστικῶν,

2090 2151 2183 2204 καὶ
2207 2150 2314 2203 τῶν
2343 2151 2705 2222 ἀποσχιστῶν.
2740 2149 2968 2219 Ἔλεγον
2993 2146 3086 2205 οὖν
3119 2149 3267 2220 αὐτῷ
3292 2150 3342 2202 οἱ
3370 2145 3664 2220 ὀρθόδοξοι·

2089 2241 2262 2294 Βλέπε
2282 2280 2296 2302 ,
2326 2240 2471 2295 assa
2511 2240 2729 2295 Ἰάκωϐε
2749 2281 2764 2305 ,
2801 2240 2875 2312 μὴ
2910 2240 3233 2311 ἀπατήσωσί
3268 2257 3328 2293 σε
3355 2242 3405 2292 oi
3434 2239 3668 2307 ἀποσχί-

2091 2348 2213 2385 σται
2247 2331 2380 2401 (22),
2425 2332 2517 2385 καὶ
2565 2331 2832 2385 ἐλκύσωσί
2878 2348 2939 2385 σε
2993 2333 3074 2394 εἰς
3115 2329 3214 2402 τὴν
3243 2329 3527 2384 κοινωνίαν
3566 2328 3669 2381 αὗ-

2089 2423 2216 2478 τῶν.
2278 2425 2507 2495 Ὁμοίως
2538 2424 2594 2477 δὲ
2644 2424 2738 2478 καλ⁸
2789 2426 2839 2477 oi
2889 2423 3216 2493 ἁποσχίσται
3263 2422 3448 2490 ἔλεγον
3480 2418 3663 2489 αὐτῷ·

2091 2516 2206 2569 Ἵνα
2235 2510 2380 2577 οἶδας
2407 2556 2421 2580 ,
2456 2514 2600 2570 ὰϐϐἇ
2633 2515 2856 2570 Ἰάκωϐε
2885 2557 2901 2580 ,
2933 2516 3023 2568 ’ὅτι
3057 2508 3195 2584 μετὰ
3221 2512 3330 2566 τῶν
3362 2510 3667 2581 Διφυσιτῶν

2090 2606 2362 2659 κοινωνῶν
2389 2645 2404 2668 ,
2454 2607 2705 2671 ἁπόλλεις
2734 2608 2779 2639 ⁸³
2817 2606 2915 2677 τὴν
2940 2605 3117 2676 ψυχήν
3152 2620 3244 2657 σου
3265 2620 3280 2635 ·
3312 2601 3667 2673 Νεστοριανοὶ

2088 2698 2198 2769 γάρ
2227 2700 2352 2758 εἰσι,
2386 2700 2481 2751 καὶ
2507 2692 2901 2768 συκοφαντοῦσι
2928 2697 3027 2768 τὴν
3055 2695 3333 2768 ἀλήθειαν.
3384 2694 3444 2747 '0
3484 2694 3542 2746 δὲ
3569 2692 3670 2746 ἀϐ-

2090 2790 2191 2855 ϐᾶς
2224 2788 2475 2853 Ἰάκωϐος
2521 2791 2777 2861 ἀκέραιος
2809 2789 2914 2854 ὢν,
2963 2789 3057 2843 καὶ
3114 2787 3401 2851 στενωθεὶς
3451 2788 3516 2839 ὲκ
3551 2784 3666 2837 τῶν

2092 2880 2398 2951 λεγομένων
2431 2881 2579 2951 αὐτῷ
2594 2881 2653 2946 ἐξ
2672 2881 3015 2953 ἀμφοτέρων,
3039 2880 3135 2933 καὶ
3158 2877 3477 2952 ἀπορηθεὶς,
3498 2872 3665 2948 ἦλθεν

2091 2975 2183 3028 ἐπὶ
2213 2973 2274 3025 τὸ
2294 3037 2305 3050 1
2326 2972 2704 3044 παρακαλέσαι
2757 2970 2851 3025 τὸν
2898 2971 3052 3025 Θεόν.
3087 2971 3199 3024 Καὶ
3230 2970 3295 3038 δὴ
3352 2967 3668 3036 ἀπέκρυψεν

2092 3064 2282 3118 ἑαυτὸν
2309 3066 2365 3116 ὲν
2417 3062 2610 3134 κελλίῳ
2639 3061 2868 3132 ἔξωτῆς
2888 3060 3094 3132 λαύρας
3120 3058 3449 3130 ἡσυχάζοντι
3468 3097 3484 3120 ,
3516 3056 3669 3109 ἔνδυ-

415 3151 640 3210 vestes,
670 3152 930 3216 tanquam
974 3143 1298 3200 moriturus.
1347 3143 1535 3199 Solent
1582 3146 1783 3217 quippe
1825 3146 1990 3218 Egy-

2095 3156 2327 3226 σάμενος
2371 3154 2439 3208 τὰ
2474 3155 2704 3223 ἐντάφια
2727 3153 2774 3186 ⁸⁵
2805 3151 3003 3215 αὐτοῦ,
3048 3151 3126 3217 ὡς
3177 3150 3386 3221 μέλλων
3426 3148 3668 3217 ἀποθνὴ-

424 3236 525 3308 ptil
585 3235 797 3307 Patres,
856 3236 1144 3294 levitonem
1198 3237 1257 3291 in
1305 3253 1414 3308 quo
1447 3249 1693 3293 sanctum
1747 3239 1990 3295 habitum

425 3333 801 3400 sumpserunt,
858 3340 1071 3380 necnon
1115 3326 1384 3381 cucullam
1440 3327 1508 3381 ad
1553 3335 1783 3382 mortem
1823 3345 1995 3399 usque

409 3430 730 3479 reservare,
759 3422 814 3470 et
854 3429 980 3469 cum
1023 3414 1133 3470 illis
1182 3415 1428 3484 sepeliri;
1468 3424 1746 3487 gestantes
1790 3419 1994 3472 solum-

411 3508 589 3564 modo
642 3507 730 3564 die
774 3507 1057 3564 Dominica
1107 3508 1173 3562 ad
1236 3518 1480 3563 sanctam
1529 3510 1992 3576 communionem,

426 3601 720 3671 statimque
756 3608 883 3671 post
908 3599 1318 3656 contrahentes.
1349 3598 1486 3654 Cum
1515 3615 1646 3671 ergo
1681 3601 1905 3656 abiissut
1938 3602 1991 3655 in

428 3693 574 3747 illam
608 3691 821 3756 cellam,
851 3688 1021 3745 Deum
1046 3698 1314 3760 precatus
1350 3698 1517 3749 esset.
1557 3689 1768 3760 jejunio
1808 3691 1995 3747 confe-

428 3776 600 3831 cisset
626 3789 709 3839 se,
736 3774 794 3829 in
838 3774 1015 3830 solum
1048 3774 1267 3839 cecidit,
1292 3775 1601 3845 mansitque
1624 3776 1839 3845 jacens.
1870 3777 1994 3832 Aie-

425 3866 520 3921 bat
542 3881 706 3936 porro
731 3865 901 3920 multa
927 3879 987 3920 se
1009 3880 1107 3936 per
1132 3865 1256 3919 illos
1284 3864 1400 3920 dies
1435 3880 1465 3919 a
1504 3866 1840 3923 daemonibus
1870 3883 1994 3937 pas-

425 3972 547 4012 sum
579 3955 772 4019 fuisse,
799 3955 1099 4026 praesertim
1143 3954 1201 4010 in
1232 3962 1431 4010 mente.
1461 3954 1834 4026 Quadraginta
1862 3972 1992 4011 vero

412 4036 616 4101 diebus
647 4045 918 4116 peractis,
958 4044 1107 4100 videt
1153 4059 1379 4115 puerum
1410 4046 1502 4115 qui
1532 4046 1598 4099 ad
1633 4062 1692 4101 se
1726 4047 1994 4117 ingredie-

408 4136 587 4191 matur
615 4134 909 4190 admodum
938 4134 1115 4192 laetus.
1162 4134 1212 4190 Is
1240 4136 1319 4189 ait
1350 4153 1362 4188 :
1402 4136 1556 4191 Abba
1600 4135 1825 4201 Jacobe,
1860 4139 1992 4207 quid

423 4227 517 4284 hic
546 4226 706 4298 agis?
748 4225 815 4280 Et
838 4224 1129 4284 confestim
1167 4226 1474 4283 illustratus
1494 4266 1509 4292 ,
1556 4228 1899 4299 sumptisque
1925 4246 1992 4285 ex

423 4317 544 4388 ejus
589 4324 811 4388 aspectu
836 4317 1080 4385 viribus,
1109 4317 1289 4375 dixit:
1330 4318 1575 4382 Domine,
1611 4329 1666 4374 tu
1709 4322 1820 4377 scis
1858 4322 1992 4393 quid

2098 3246 2501 3315 σκειν.”Εχουσι
2550 3245 2659 3315 γὰρ
2708 3234 2830 3307 ἔθος
2873 3244 2922 3296 οἱ
2952 3242 3238 3311 Αἰγύπτιοι
3266 3241 3541 3312 Πατέρες,
3576 3238 3667 3293 τὸν

2092 3337 2357 3391 λεϐίτωνα
2381 3337 2460 3400 είς
2484 3336 2542 3389 ὂν
2573 3335 2910 3407 λαμϐάνουσι
2945 3334 3005 3387 τὸ
3034 3332 3189 3402 ἅγιον
3228 3334 3413 3404 σχῆμα
3437 3373 3452 3397 ,
3486 3334 3580 3386 καὶ
3604 3332 3668 3383 τὸ

2094 3428 2406 3482 κουκούλιον
2429 3467 2445 3492 ,
2471 3427 2760 3498 φυλάττειν
2815 3426 2919 3490 ἕως
2950 3425 3181 3479 Θανάτου
3206 3464 3221 3488 ,
3250 3425 3345 3478 καὶ
3385 3425 3443 3476 ὲν
3484 3424 3667 3486 αὐτοῖς

2093 3518 2513 3587 ὲνταφιάξεσθαι
2536 3557 2552 3581 ,
2583 3518 2724 3573 κατὰ
2751 3515 3036 3588 Κυριακὴν
3068 3518 3226 3587 μόνον
3259 3516 3338 3578 είς
3369 3515 3468 3584 τὴν
3503 3515 3668 3583 ἁγίαν

2093 3610 2379 3664 κοινωνίαν
2408 3610 2700 3681 φοροῦντες
2724 3608 2883 3671 αὐτὰ,
2915 3609 3009 3662 καὶ
3039 3607 3241 3671 εὐθέως
3267 3606 3664 3669 συστέλλοντες.

2106 3700 2382 3755 Ἀπελθὼν
2402 3696 2495 3754 οὖν
2528 3700 2586 3752 ὲν
2623 3698 2700 3770 τῷ
2733 3697 2928 3770 κελλίῳ
2952 3697 3175 3767 ἐκείνῳ,
3208 3695 3540 3768 παρακαλῶν
3575 3697 3669 3751 τὸν

2093 3790 2247 3857 Θεὸν,
2272 3791 2367 3844 καὶ
2395 3788 2725 3860 ὲξατονήσας
2751 3791 2816 3859 τῇ
2851 3786 3095 3859 νηστείᾳ,
3122 3787 3317 3841 ἔπεσεν
3345 3788 3425 3850 εἰς
3454 3786 3514 3840 τὸ
3541 3786 3667 3840 ἔδα-

2096 3898 2194 3950 φος
2217 3921 2232 3945 ,
2260 3881 2356 3934 καὶ
2395 3879 2577 3951 ἔμεινε
2610 3879 2875 3949 κείμενος.
2909 3878 3089 3932 Πολλὰ
3128 3878 3185 3931 δὲ
3213 3879 3366 3947 ἔλεγε
3399 3877 3667 3933 πεπονθέ-

2094 3987 2182 4025 ναι
2217 3973 2273 4024 ὲν
2301 3973 2418 4033 ταῖς
2442 3969 2675 4041 ἡμέραις
2705 3968 2936 4032 ἐκείναις
2968 3968 3071 4022 ὑπὸ
3096 3969 3204 4021 τῶν
3233 3969 3520 4039 δαιμόνων,
3564 3971 3668 4040 μά-

2090 4060 2249 4114 λιστα
2285 4059 2426 4114 κατὰ
2460 4060 2717 4113 διάνοιαν.
2754 4059 3173 4129 Τεσσαράκοντα
3199 4058 3255 4112 δὲ
3282 4060 3504 4131 ἡμερῶν
3526 4059 3668 4113 διελ-

2090 4149 2324 4214 θουσῶν,
2354 4152 2457 4221 ὁρᾷ
2486 4150 2695 4203 παιδίον
2722 4149 2960 4202 εἰσελθὸν
2993 4149 3127 4219 πρὸς
3152 4149 3313 4203 αὐτὸν
3347 4152 3664 4221 περιχαρὲς,

2094 4243 2189 4295 καὶ
2220 4241 2367 4309 λέγει
2387 4241 2537 4311 αὑτῷ
2557 4257 2570 4271 ⁸
2607 4239 2774 4295 Ἀϐϐᾶ
2806 4241 3028 4294 Ἰάκωϐε
3049 4280 3063 4303 ,
3094 4242 3148 4293 τί
3177 4245 3345 4304 ποιεῖς
3375 4236 3515 4305 ὧδε;
3551 4244 3668 4301 [Ia-

2095 4329 2354 4402 ραχρῆμα
2381 4328 2439 4381 δὲ
2478 4327 2768 4396 φωτισθεὶς
2792 4371 2805 4391 ,
2838 4329 2932 4381 καὶ
2985 4328 3163 4382 λαϐὼν
3193 4328 3421 4400 δύναμιν
3468 4331 3533 4382 ὲκ
3568 4330 3666 4400 τῆς

422 4408 676 4463 habeam.
702 4405 785 4461 llli
837 4404 921 4463 sic
958 4406 1257 4478 loquuntur
1303 4408 1481 4463 mihi:
1528 4407 1608 4464 Ne
1634 4410 1990 4482 dereliqueris

2095 4419 2259 4473 αὐτοῦ
2281 4419 2408 4483 θέας
2431 4461 2447 4484 ,
2476 4414 2628 4472 εἶπεν
2676 4417 2823 4489 αὐτῷ
2841 4435 2854 4450 ·
2888 4419 3133 4474 Δέσποτα
3157 4459 3171 4481 ,
3201 4422 3265 4474 σὺ
3294 4418 3582 4490 γινώσκεις
3613 4421 3666 4472 τί

423 4496 758 4562 Ecclesiam;
795 4462 885 4549 alii
911 4462 1091 4553 autem
1132 4502 1235 4551 hoc
1269 4498 1429 4552 modo
1460 4515 1476 4552 :

2098 4511 2223 4582 ἔχω.
2250 4462 2483 4564 Ἔκεξνὸι
2515 4509 2730 4578 λέγουσί
2757 4462 2867 4581 ait,
2900 4510 2987 4580 Μὴ
3010 4462 3278 4581 ἀφῇςντὴν
3306 4462 3662 4581 ἱἸίὶκκλησίανο

424 4584 854 4656 plrysitm.'Unde
883 4600 984 4657 ego
1019 4587 1323 4657 ambigens,
1352 4603 1453 4642 nec
1475 4590 1656 4646 sciens
1679 4593 1807 4662 quid
1832 4609 1991 4665 agere

412 4673 668 4738 debeam,
709 4676 832 4731 vcni
871 4675 940 4731 ad
978 4676 1031 4732 id
1056 4676 1202 4747 quod
1228 4679 1431 4735 cernis.
1472 4681 1783 4751 Respondet
1812 4687 1860 4741 ei
1886 4685 1991 4742 Do-

423 4764 644 4819 minus:
690 4763 793 4819 Ubi
838 4781 920 4834 es,
951 4767 1093 4822 bene
1124 4782 1204 4823 es.
1249 4769 1425 4840 Atque
1460 4770 1606 4826 illico
1645 4775 1808 4829 simul
1843 4792 1906 4831 ac
1934 4779 1988 4834 id

2097 4599 2191 4653 xui.
2211 4602 2260 4651 οί
2296 4599 2443 4652 ἄλλοι
2474 4599 2690 4667 λέγουσί
2723 4617 2835 4670 μοι,
2862 4600 3110 4653 Πλανῶσί
3134 4617 3194 4654 σε
3220 4604 3267 4655 oi
3298 4603 3663 4672 Διφυσῖται⁹⁸·

2095 4689 2251 4758 κάγὼ
2271 4688 2640 4762 ἀπορούμενος
2658 4731 2672 4755 ,
2700 4693 2796 4745 καὶ
2821 4691 2894 4761 μὴ
2918 4691 3075 4756 εἰδὼς
3101 4694 3154 4746 τί
3175 4693 3377 4761 δράσω,
3404 4690 3568 4765 ἦλθον
3588 4698 3668 4758 είς

2092 4782 2153 4834 τὸ
2200 4783 2429 4852 πρᾶγμα
2477 4780 2651 4837 τοῦτο.
2725 4782 3095 4853 ’Λποκρίνεται
3152 4782 3301 4855 αὒτῷ
3357 4787 3388 4838 ό
3427 4785 3705 4857 Κύριος”

504 4914 545 4948 ⁸³
575 4917 806 4991 Philipp.
838 4935 920 4987 ιι,
965 4923 1019 4978 8.
1096 4924 1142 4956 ’³
1173 4925 1343 4981 Abest
1370 4926 1587 4998 πρώτου
1626 4929 1698 4985 ab
1725 4932 1796 4986 al.
1878 4934 1924 4966 “
1958 4934 1990 4988 Α

2090 4936 2314 5000 Ιιπολεῖς.
2393 4937 2439 4969 ⁸³
2477 4937 2564 4991 Al.
2605 4937 2816 5011 ἱμάτια.
2892 4938 2942 4971 θ’
2969 4938 3053 4993 Al.
3117 4940 3408 5019 Διφυσίτα.

492 5076 610 5218 ρο)
634 5066 765 5133 τιιιι.
797 5078 953 5134 Patr.
983 5094 1094 5142 m,
1122 5079 1219 5144 n;
1259 5058 1674 5150 Hype'mh.'59,
1715 5084 1839 5140 l59.

512 5149 605 5218 Si)
645 5144 792 5204 Ετπε
816 5148 1032 5218 πάλιν
1059 5148 1403 5218 Κειμήλιον.
1441 5151 1633 5207 Addidi
1674 5155 1813 5211 hanc

512 5144 605 5218 91)
645 5144 792 5204 Ehe
816 5148 1032 5219 πάλιντ
1059 5144 1403 5219 Κοιμήλιοὶρ.
1441 5151 1633 5207 Addidi
1662 5144 1813 5211 hanc
1852 5170 1982 5210 sen-

420 5217 645 5303 tentiam
670 5234 736 5275 ex
768 5219 959 5275 codice
1003 5217 1336 5275 Colbertino.
1383 5219 1802 5279 Desiderabatur
1834 5225 1981 5279 enim

412 5287 1044 5429 ¹η(ἓξὲξ.ἱξποσχισνται.
1082 5356 1218 5415 Cum
1244 5359 1575 5430 generaliter
1617 5375 1806 5417 omnes
1834 5363 1983 5419 schi-

421 5430 634 5500 smatici
687 5429 799 5500 sint
851 5430 1013 5484 etiam
1060 5429 1411 5500 aposcltistaz;
1457 5430 1606 5500 unde
1653 5430 1709 5484 in
1745 5433 1981 5486 concilio

422 5497 693 5567 Ephesino
714 5499 788 5553 ita
820 5497 1163 5568 appellantur
1180 5498 1405 5555 Joannis
1437 5499 1764 5568 Antioclteni
1803 5510 1984 5557 secta-

422 5567 1097 5637 tores;peculiat‘i’tamen
1154 5570 1365 5625 ratione
1425 5567 1671 5623 nonnulli
1717 5570 1823 5624 hoc
1879 5586 1982 5625 no-

427 5649 548 5687 men
597 5634 796 5691 ferunt.
838 5635 900 5690 ν.
932 5637 999 5693 G.
1030 5639 1105 5693 illi
1164 5638 1426 5693 descrinti
1473 5652 1501 5691 a
1536 5636 1744 5693 Joanne
1789 5638 1982 5693 Dama-

428 5651 548 5687 men
597 5651 796 5691 terunt.
843 5651 900 5690 ν.
932 5651 1105 5695 1".th
1164 5651 1426 5708 (IeSCI'Iplt
1473 5652 1501 5691 a
1536 5651 1744 5693 Joanne
1791 5651 1984 5695 Dama-

428 5716 594 5755 sceno
609 5704 802 5758 hzercsi
826 5707 945 5773 105,
970 5722 1063 5763 seu
1094 5708 1281 5762 ultima
1305 5728 1316 5762 ε
1342 5716 1395 5762 et
1430 5708 1626 5765 fatttosi
1655 5708 1768 5772 isti,
1789 5708 1983 5779 synodi

2082 5088 2547 5162 Chalcedonensis
2575 5089 3117 5162 hostes,_Eutychiani
3146 5105 3211 5145 ac
3231 5091 3661 5162 Monnpltysitm:

2081 5159 2149 5212 de
2179 5160 2379 5232 quibus
2415 5157 2735 5232 Theodorus
2774 5157 2968 5232 Lector
2990 5161 3085 5215 lib.
3117 5177 3189 5226 ιι,
3215 5177 3268 5231 p.
3301 5157 3446 5232 562;
3471 5157 3668 5232 ibique

2083 5230 2573 5301 praestantissimus
2629 5228 2886 5301 _Vale_sius
2914 5248 2929 5286 :
2960 5228 3361 5301 praetereaque
3420 5228 3666 5287 Joannes

2087 5299 2333 5356 Dicamus
2363 5298 2592 5367 epistola
2619 5298 2691 5352 De
2727 5297 2916 5353 Natali
2949 5297 3161 5353 Domini
3181 5339 3195 5362 .
3237 5297 3479 5354 A‘uctarit‘
3499 5301 3663 5356 Com-

2086 5367 2419 5442 belisianie,
2450 5369 2556 5442 col.
2590 5368 2725 5442 δρᾷ
2755 5384 2967 5442 necnon
2988 5371 3557 5442 erillustnonacbus
3588 5370 3666 5442 De

2084 5436 2192 5510 uita
2232 5435 2500 5510 Euthymij
2531 5453 2584 5490 ιι.
2605 5438 2732 5510 -Ηό,
2767 5435 3208 5510 Μιείὲὖξιιριιά
3240 5438 3562 5510 Bollandum
3596 5441 3664 5494 ad

2083 5502 2306 5559 Januar.
2340 5502 2431 5560 20.
2456 5506 2681 5572 Quoties
2706 5508 2849 5562 enim
2875 5507 2943 5563 iis
2975 5509 3029 5562 in
3061 5502 3197 5564 locis
3217 5525 3317 5563 vox
3344 5509 3664 5564 schismati-

2085 5588 2277 5646 eorum
2306 5577 2528 5646 legitur,
2553 5576 2715 5632 toties
2748 5577 2802 5646 in
2842 5576 3032 5631 Graeco
3074 5579 3293 5636 codices
3338 5594 3502 5634 manu
3531 5593 3664 5634 exa-

2088 5646 2189 5700 rati
2221 5645 2418 5700 habent
2462 5645 2833 5717 ’Λποσχιστῶν
2857 5662 3074 5704 nomen.
