4062 6332
345 450 449 511 εδδ

1470 455 2080 516 APOPBTHEGM'ATA
2118 459 2423 519 PATRUM.

3470 467 3575 526 £33

342 564 514 619 Ὅπου
543 559 614 632 si,
638 564 819 630 καλῶς
851 560 922 624 εἴ.
949 565 1054 622 Kal
1072 565 1277 633 εὐθέως
1302 568 1400 624 σὺν
1427 570 1505 642 τῷ
1525 571 1691 643 λόγῳ,
1710 572 1906 646 εὑρέθη

2010 572 2158 627 verbi
2195 571 2553 641 proferretur,
2577 569 2816 626 delatum
2863 587 2923 630 se
2962 572 3319 645 deprehendit
3347 583 3474 632 ante
3493 578 3579 633 fo-

342 656 446 726 πρό
470 655 580 709 τῶν
604 654 785 728 θυρῶν
814 659 913 728 τῆς
939 659 1098 728 ἁγίας
1131 659 1455 733 Ἐκκλησίας
1475 661 1585 717 τῶν
1614 662 1910 735 ὀρθοδόξων

341 743 449 798 τῶν
474 744 769 799 συνοδικῶν
790 746 930 818 (25).

412 834 477 903 β’.
504 830 641 888 Elite
672 836 833 891 πάλιν
864 840 894 891 ό
931 837 1106 903 ἁϐδᾶς
1140 841 1333 905 mag
1351 883 1365 908 ,
1409 842 1490 897 ὅτι
1518 842 1801 897 Μετελθῶν
1831 847 1910 909 είς

341 922 538 995 Σκῆτιν
569 928 600 980 ὀ
623 926 797 992 esse;
833 928 1125 998 Ἰάκωϐος,
1158 932 1470 1005 ἐπολεμήθη
1505 934 1781 1006 κραταιῶς
1807 931 1911 989 ύπδ

340 1014 433 1069 τοῦ
472 1015 728 1087 δαίμονος
754 1021 855 1091 τῆς
892 1022 1149 1092 πορνείας
1169 1041 1184 1055 ·
1225 1024 1320 1077 καὶ
1349 1024 1513 1093 ἔγγὺς
1559 1023 1634 1079 ὢν
1664 1024 1760 1078 τοῦ
1794 1040 1911 1079 κιν-

337 1106 612 1175 δυνεῦσαι,
632 1106 765 1181 ἦλθε
795 1112 932 1183 πρὸς
964 1113 1032 1184 μὲ
1048 1154 1064 1179 ,
1096 1115 1191 1169 καὶ
1212 1116 1432 1170 ἀνέθετο
1458 1116 1527 1170 τὰ
1554 1116 1672 1170 καθ’
1695 1117 1910 1181 ἑαυτὸν,

339 1200 433 1252 atal
460 1197 609 1267 λέγει
637 1216 757 1270 μοι·
797 1200 893 1266 Et;
919 1203 1038 1256 τόδε
1071 1203 1133 1259 τδ
1165 1204 1427 1276 σπήλαιον
1464 1205 1774 1279 ἀπέρχομαι
1806 1206 1914 1260 ἀπὸ

334 1289 438 1358 τῆς
461 1289 754 1362 δευτέρας·
787 1295 1092 1365 παρακαλῶ
1117 1294 1174 1349 δέ
1207 1311 1266 1349 σε
1295 1295 1383 1350 διὰ
1425 1296 1515 1351 τὸν
1550 1297 1753 1369 Κύριον
1772 1337 1786 1361 ,
1816 1314 1915 1369 μη-

336 1381 448 1436 δενὶ
488 1383 663 1436 εἰπεῖν
686 1424 701 1449 ,
759 1385 897 1457 μηδὲ
929 1385 1010 1458 τῷ
1067 1388 1233 1459 πατρί
1281 1406 1382 1458 μου
1406 1405 1418 1418 ·
1469 1387 1606 1443 ἀλλὰ
1644 1389 1913 1461 μέτρησον

337 1474 745 1546 τεσσαράκοντα
775 1477 990 1550 ἡμέρας
1010 1518 1025 1542 ,
1053 1481 1147 1533 καὶ
1174 1481 1299 1534 ὅταν
1322 1480 1670 1552 πληρωθῶσι,
1691 1481 1912 1553 ποίησον

336 1565 580 1637 ἀγάπην,
614 1568 709 1622 real
734 1567 893 1641 δεῦρο
923 1571 1061 1642 πρὸς
1092 1571 1158 1641 μὲ
1183 1570 1467 1641 βαστάζων
1488 1570 1597 1645 τὴν.
1624 1572 1786 1641 ἁγίαν
1808 1589 1912 1626 κοι-

336 1657 553 1711 νωνίαν.
589 1659 698 1713 Kal
727 1660 775 1713 εί
811 1661 909 1730 μὲν
939 1660 1107 1735 εὕρῃς
1142 1678 1210 1734 με
1246 1662 1496 1728 θανόντα,
1526 1663 1695 1733 θάψον
1740 1681 1834 1735 με’
1862 1666 1912 1718 εί

335 1747 395 1799 δὲ
428 1747 505 1801 ἔτι
538 1747 747 1815 ζῶντα,
796 1751 884 1806 ἵνα
920 1753 1208 1823 μεταλάϐω
1252 1754 1352 1824 τῆς
1398 1754 1559 1821 ἁγίας
1608 1756 1909 1820 κοινωνίας.

336 1837 526 1893 Ταῦτα
555 1835 650 1894 οὖν
699 1841 940 1907 ἀκούσας
973 1842 1082 1910 ἐγὼ
1133 1843 1261 1915 παρ’
1295 1844 1458 1897 αὑτοῦ
1484 1885 1499 1908 ,
1534 1844 1912 1918 πληρωθείσης

333 1929 437 1999 τῆς
473 1932 916 2004 τεσσαρακοστῆς
934 1976 949 1998 ,
969 1932 1149 1987 λαϐὼν
1177 1935 1277 2006 τὴν
1302 1934 1462 2003 ἁγίαν
1484 1936 1787 2000 κοινωνίαν,
1817 1939 1911 1992 καὶ

332 2021 503 2092 ἄρτον
552 2023 729 2076 κοινὸν
761 2023 999 2095 καθαρὸν
1055 2025 1192 2096 μετὰ
1243 2027 1423 2096 ὀλίγου
1454 2029 1597 2082 οἴνου
1622 2069 1636 2093 ,
1671 2020 1909 2100 ἀπῆλθον

331 2109 475 2180 πρὸς
526 2112 687 2165 αὐτόν
712 2130 727 2145 ο
777 2115 872 2168 καὶ
901 2115 976 2179 ὡς
1011 2115 1168 2185 μόνον
1197 2118 1498 2188 ἐπλησίασα
1530 2119 1608 2191 τῷ
1639 2120 1906 2192 σπηλαίῳ,

328 2201 603 2267 δυσωδίας
655 2203 856 2275 πολλῆς
897 2206 1224 2279 saepe;qu
1250 2249 1264 2273 ,
1295 2210 1415 2281 ἣτις
1454 2212 1668 2280 ἐγένετο
1709 2214 1773 2266 ἐκ
1814 2212 1907 2268 τοῦ

330 2293 604 2364 στόματος
640 2294 826 2350 αὐτοῦ.
869 2297 977 2350 Kal
1004 2294 1153 2352 εἷπον
1178 2300 1235 2353 ὲν
1261 2298 1459 2373 ἐαυτῷ,
1490 2304 1569 2356 ὅτι
1612 2304 1846 2377 ’Ᾱνεπὰη
1880 2306 1909 2359 ὀ

329 2384 631 2455 μακάριος.
658 2386 926 2442 Είσελθὼν
948 2389 1004 2442 δὲ
1028 2390 1165 2461 πρὸς
1195 2392 1379 2457 αὑτὸν,
1414 2387 1571 2462 εὗρον
1599 2395 1760 2448 αὐτὸν
1788 2397 1910 2466 ἡμι-

324 2473 492 2546 θανῆ.
523 2475 635 2529 Kal
662 2476 738 2539 ὡς
763 2472 870 2531 εἶδέ
899 2494 989 2548 με,
1019 2479 1246 2550 κινήσας
1278 2480 1376 2551 τὴν
1407 2480 1586 2545 δεξιὰν
1614 2484 1770 2553 χεῖρα
1795 2484 1908 2537 ὀλί-

321 2582 433 2634 γον
460 2607 476 2633 ,
516 2567 641 2622 ὅσον
676 2566 906 2638 ἠδύνατο
930 2606 946 2631 ,
977 2569 1217 2640 ὲσήμανε
1265 2570 1351 2623 διὰ
1380 2570 1475 2624 τοῦ
1501 2573 1777 2642 σχήματος
1809 2575 1909 2646 τῆς

318 2659 518 2731 χειρὸς
558 2660 685 2729 περὶ
721 2660 822 2730 τῆς
870 2659 1030 2729 ἁγίας
1079 2664 1382 2726 κοινωνίας.
1424 2662 1564 2733 Ἐγὼ
1610 2664 1668 2717 δὲ
1718 2660 1905 2719 εἷπον⁹

256 2757 267 2766 ’
321 2751 507 2821 Ἐκω.
549 2751 818 2822 Ἠθέλησα
870 2747 963 2806 οὖν
1011 2752 1215 2817 ἀνοῖξαι
1263 2754 1325 2807 τὸ
1372 2753 1546 2825 στόμα
1583 2754 1781 2821 αὑτοῦ,
1814 2758 1908 2811 καὶ

321 2842 532 2915 εὑρέθη
568 2841 877 2914 σφηνωθέψ
905 2844 997 2897 καὶ¹
1025 2845 1244 2916 ἀπορῶν
1280 2845 1344 2898 τί·
1382 2845 1637 2915 ποιῆσαι,
1685 2846 1907 2918 ἐξῆλθον

320 2937 406 2997 είς
432 2933 542 3003 τὴν
578 2933 801 3004 ἔρημον,
837 2933 932 2988 καὶ
953 2928 1109 3004 εὗρον
1141 2934 1391 3005 ξυλάριον
1419 2936 1527 2990 ἀπὸ
1548 2936 1751 3007 θάμνου
1776 2955 1789 2969 ο
1813 2940 1907 2992 καὶ

321 3022 505 3077 πολλὰ
549 3025 853 3089 κοπιάσας,
902 3023 1053 3094 μόλις
1097 3024 1365 3097 ἠδυνήθην
1400 3028 1604 3093 ἀνοῖξαι
1636 3028 1695 3082 τὸ
1734 3029 1906 3100 στόμα

317 3114 496 3168 αὑτοῦ
535 3114 746 3185 μικρόν.
790 3116 901 3169 Kal
948 3116 1138 3187 ὲνέχεα
1183 3117 1275 3170 τοῦ
1303 3119 1485 3189 τιμίου
1532 3119 1780 3191 σώματος
1814 3122 1906 3176 καὶ

318 3198 563 3277 αἵματος
590 3244 606 3269 ,
642 3205 767 3259 ὅσον
825 3206 1098 3277 ἐνδέχεται
1152 3208 1558 3271 καταλεπτύνας
1611 3210 1763 3264 αὐτό.
1795 3211 1905 3264 Kal

316 3297 486 3353 ἔλαϐε
518 3295 746 3368 δύναμιν
786 3299 851 3351 ὲκ
876 3298 974 3370 τῆς
1004 3300 1353 3372 μεταλήψεως
1382 3302 1480 3371 τῆς
1519 3303 1681 3371 ἁγίας
1711 3319 1903 3357 κοινω-

315 3389 462 3453 νίας.
492 3387 607 3442 Kal
641 3389 757 3459 μετ’
804 3388 995 3459 ὀλίγον
1032 3390 1229 3462 βρέξας
1262 3391 1415 3460 ὀλίγα
1446 3392 1602 3464 ψιχία
1629 3394 1675 3427 ⁹⁶
1715 3396 1780 3448 ὲκ
1808 3394 1903 3449 τοῦ

313 3476 514 3532 κοινοῦ
547 3477 713 3548 ἄρτου
738 3516 753 3542 ,
804 3480 1153 3549 προσήνεγκα
1201 3481 1379 3552 αὐτῷ·
1421 3484 1515 3535 καὶ
1568 3484 1684 3554 μετ’
1730 3483 1906 3553 ὀλίγον

312 3568 489 3623 πάλιν
521 3565 658 3622 ἄλλα
682 3610 698 3634 ,
733 3567 858 3622 καθ’
896 3568 924 3621 ὃ
946 3568 1177 3637 ἠδύνατο
1225 3569 1429 3627 λαϐεῖν.
1459 3571 1571 3625 Kal
1601 3570 1771 3636 οὕτως
1819 3572 1905 3629 διὰ

309 3658 419 3728 τῆς
474 3657 705 3729 χάριτος
757 3655 849 3710 τοῦ
878 3654 1015 3709 Θεοῦ
1069 3657 1207 3727 μετά
1246 3658 1374 3728 μίαν
1407 3657 1616 3728 ἡμέραν
1652 3659 1747 3711 σὺν
1785 3658 1908 3728 ἐμοὶ

307 3743 515 3818 ἦλθεν,
551 3746 753 3814 ὁδεύων
790 3748 883 3800 ἐπὶ
914 3747 975 3801 τὸ
1020 3746 1147 3800 ἴδιον
1171 3746 1379 3800 κελλίον
1403 3788 1416 3809 ,
1448 3745 1780 3816 ἀπαλλαγεὶς
1815 3747 1908 3801 σὺν

308 3838 438 3913 Θεῷ
467 3838 572 3893 τοῦ
600 3837 845 3910 ὀλεθρίου
870 3838 1074 3903 πάθους
1100 3839 1201 3908 τῆς
1224 3838 1498 3910 πορνείας.

712 3952 853 4021 Περὶ
882 3952 988 4008 τοῦ
1025 3950 1176 4007 ἀϐϐᾶ
1202 3952 1417 4006 diuum
1447 3951 1514 4005 ".

381 4065 716 4140 Παρέϐαλον
743 4065 963 4135 ἀδελφοὶ
990 4064 1127 4136 πρὸς
1151 4064 1244 4118 τὸν
1267 4064 1440 4118 ἀϐὃᾶν
1456 4064 1669 4126 Φίλικα,
1695 4063 1909 4134 ἔχοντες

310 4159 439 4231 μεθ’
502 4153 717 4212 ἑαυτῶν
776 4155 1104 4226 κοσμικούς·
1163 4155 1257 4208 καὶ
1312 4154 1691 4225 παρεκάλεσαν
1722 4151 1904 4217 αὑτὸν,

307 4252 404 4307 ἵνα
454 4251 599 4325 εἴπῃ
628 4250 812 4313 αὐτοῖς
851 4248 1027 4317 λόγον.
1073 4246 1130 4301 '0
1173 4246 1228 4301 δὲ
1265 4246 1443 4316 γέρων
1500 4243 1732 4299 ἐσιώπα.
1785 4244 1908 4298 Ἐπὶ

304 4342 452 4397 πολὺ
485 4341 549 4396 δὲ
582 4339 1045 4412 παρακαλούντων
1078 4338 1276 4401 αὐτῶν,
1308 4331 1460 4389 εἶπεν
1486 4336 1670 4399 αὐτοῖς
1690 4350 1704 4364 ο
1736 4333 1907 4403 Λόγον

304 4432 508 4488 θέλετε
541 4429 810 4496 atmiis-at;
849 4430 1112 4499 Λέγουσιν
1152 4426 1333 4498 αὐτῷ’
1373 4426 1501 4489 Ναὶ,
1543 4425 1705 4481 esea.
1740 4422 1906 4479 Εἶπεν

300 4519 405 4578 οὖν
432 4526 466 4578 ὀ
492 4523 712 4593 γέρωψ
760 4522 919 4591 ’Ᾱρτι
957 4522 1058 4575 οὐκ
1090 4519 1171 4573 ενι
1201 4519 1376 4587 λόγος.
1416 4520 1545 4572 Ὅτε
1578 4518 1805 4590 ἠρώτων
1855 4519 1905 4573 oi

2012 677 2103 718 res
2134 670 2338 717 sanctae
2376 660 2635 720 Ecclesia:
2674 663 3107 720 orlbodoxorum
3139 666 3331 736 synodi
3367 666 3591 749 σίτοισι-η

2011 752 2258 807 donensis
2286 753 2655 809 defensorum.

2080 842 2135 897 2.
2177 841 2501 898 Memnravit
2551 845 2746 899 iterum
2780 845 2949 902 abbas
2987 843 3237 902 Pbocas:
3281 845 3585 905 Transiens.
3653 904 3673 920 ρ

2012 930 2305 1001 aliquando
2348 947 2444 1001 per
2498 930 2700 988 Scclim
2751 934 2919 989 abbas
2964 933 3221 1003 Jacobus,
3259 938 3438 992 valide
3478 938 3578 992 im-
3646 956 3651 963 ·

2013 1031 2288 1093 pugnatus
2313 1031 2400 1077 est
2437 1036 2465 1076 a
2496 1021 2741 1080 daemone
2773 1024 3190 1096 fornicationis;
3228 1044 3462 1102 eumque
3487 1046 3582 1100 pe—

2013 1114 2189 1167 riculo
2222 1114 2410 1184 lapsus
2429 1116 2710 1185 proximus
2739 1124 2905 1181 esset,
2925 1119 3071 1172 venit
3094 1117 3159 1173 ad
3192 1135 3299 1185 me,
3327 1125 3580 1192 exposuit

2012 1203 2140 1275 quid
2171 1214 2467 1275 pateretur,
2492 1214 2546 1261 et
2578 1205 2652 1260 ait
2678 1224 2690 1260 :
2736 1205 2865 1261 Post
2908 1207 3132 1263 biduum
3174 1210 3490 1279 proficiscar
3513 1213 3581 1267 ad

2012 1295 2325 1364 speluncam
2367 1294 2546 1359 hanc;
2592 1308 2724 1364 rogo
2772 1302 2825 1350 te
2874 1304 3099 1365 propter
3151 1295 3466 1366 Dominum,
3514 1317 3583 1357 ne

2012 1384 2266 1455 cuiquam
2305 1383 2658 1451 iudicaveris,
2694 1400 2871 1456 neque
2905 1386 3068 1441 etiam
3121 1389 3263 1458 patri
3291 1404 3451 1447 meo:
3488 1393 3581 1449 sed

2012 1488 2237 1531 recense
2292 1474 2654 1546 quadraginta
2710 1476 2869 1545 dies;
2909 1484 3033 1548 post
3071 1491 3210 1548 quos
3256 1481 3580 1552 completos.

2012 1565 2097 1619 fac
2120 1566 2463 1631 eharitatem,
2498 1566 2622 1621 veni
2652 1565 2718 1621 ad
2748 1582 2854 1631 me,
2880 1577 3107 1637 portans
3148 1577 3583 1645 sanctachom-

2011 1654 2350 1710 munionem.
2392 1654 2457 1709 Et
2500 1656 2550 1709 si
2603 1656 2824 1726 quidem
2864 1657 3140 1714 inveneris
3174 1668 3472 1729 mortuum,
3505 1678 3585 1719 sc-

2012 1746 2243 1816 pultura:
2274 1748 2506 1814 manda;
2548 1748 2633 1803 sin
2672 1763 2803 1803 vero
2838 1747 3018 1804 adhuc
3050 1750 3318 1808 viventem
3340 1792 3354 1816 ,
3394 1763 3583 1811 sancta

2013 1838 2400 1893 communione
2436 1853 2523 1893 me
2556 1840 2797 1911 imperti.
2826 1840 2922 1897 His
2948 1842 3133 1915 itaque
3162 1843 3231 1899 ab
3262 1858 3328 1904 eo
3357 1844 3582 1914 auditis,

1942 1921 1986 1981 Β
2012 1941 2227 1983 necnon
2256 1928 2616 2001 quadraginta
2657 1929 2850 1988 diebus
2877 1934 3150 2003 peractis,
3184 1949 3284 2005 ego
3310 1935 3605 2012 accipiens.

2010 2031 2220 2073 sacram
2246 2022 2710 2088 communionem,
2736 2031 2790 2078 et
2825 2038 3020 2095 panem
3051 2038 3400 2084 communem
3425 2042 3589 2083 mun:

2009 2110 2159 2176 dum,
2201 2125 2325 2166 cum
2372 2113 2500 2173 vino
2536 2114 2773 2181 modico,
2830 2114 2896 2171 ad
2951 2132 3099 2173 eum.
3129 2119 3381 2188 perrexi;
3419 2128 3591 2190 utque

2009 2202 2274 2257 duntaxat
2305 2205 2735 2277 appropinquavi
2769 2207 3062 2277 speluncae,
3090 2209 3315 2266 fetorem
3350 2212 3617 2267 multum.

2008 2293 2203 2357 olfeci,
2250 2295 2349 2364 qui
2391 2311 2467 2356 ex.
2510 2309 2603 2351 ore
2635 2297 2754 2366 ejus
2803 2298 3075 2370 prodibat.
3108 2297 3247 2355 Tum
3289 2298 3401 2357 dixi
3443 2302 3589 2371 apud

2008 2400 2095 2439 me
2131 2403 2142 2436 :
2169 2381 2367 2440 Vivere
2399 2384 2563 2439 desiit
2594 2385 2788 2443 beatus
2828 2386 2940 2441 ille.
2970 2385 3142 2442 Porro
3178 2387 3478 2458 ingressus,
3503 2391 3588 2444 in-

2008 2472 2128 2526 veni
2180 2473 2614 2529 semimortuum.
2647 2474 2894 2545 Cumque
2942 2476 3079 2530 vidit
3128 2491 3235 2541 me,
3288 2487 3436 2531 mota
3490 2493 3588 2550 pa-

2008 2578 2229 2633 rumper
2256 2564 2402 2633 quod
2454 2571 2668 2635 poterat
2709 2566 2899 2621 dextra
2921 2607 2936 2631 ,
2983 2583 3079 2638 per
3112 2567 3356 2623 habitum
3391 2584 3585 2627 manus

2009 2656 2336 2724 signiﬁcavit
2370 2656 2438 2712 de
2468 2666 2656 2712 sancta
2697 2660 3101 2715 communione.
3142 2658 3253 2731 Ego
3273 2675 3403 2717 vero
3428 2662 3537 2717 dixi
3566 2680 3584 2718 :

2011 2746 2217 2802 Habeo.
2253 2747 2410 2802 Volui
2450 2763 2579 2820 ergo
2612 2750 2823 2818 aperire
2852 2766 2914 2805 os
2945 2751 3102 2823 ejus;
3134 2751 3227 2807 sed
3260 2752 3446 2808 inveni
3482 2751 3585 2806 ob-

2008 2847 2250 2894 turatum
2277 2857 2293 2906 ;
2327 2841 2646 2911 haerensque
2676 2842 2805 2912 quid
2858 2842 3096 2899 facerem
3117 2884 3131 2910 ,
3175 2844 3281 2899 exii
3311 2844 3364 2899 in
3391 2844 3585 2900 solitu-
3634 2860 3645 2867 ·

2006 2932 2227 2999 dinem;
2269 2932 2382 2986 illic
2413 2940 2607 2987 nactus
2649 2948 2769 2987 sum
2804 2947 3029 3003 parvum
3061 2934 3267 3005 lignum
3294 2949 3324 2989 e
3355 2914 3583 3000 fr‘utice;

2006 3036 2070 3077 ac
2103 3031 2226 3093 post
2257 3024 2490 3077 multum
2531 3024 2796 3090 laborem,
2835 3024 2926 3078 vix
2959 3024 3123 3094 polui‘
3151 3024 3430 3094 paululum
3461 3039 3586 3095 ape-

2006 3113 2118 3166 rire
2160 3128 2225 3169 os
2262 3115 2402 3184 ejus.
2461 3113 2668 3170 Deinde
2710 3114 2912 3170 immisi
2952 3116 3244 3185 pretiosum
3286 3131 3487 3187 corpus
3526 3127 3582 3173 et

1995 3205 2368 3275 sanguinem,
2420 3205 2732 3261 minutatim
2797 3205 3095 3261 concidens
3146 3215 3412 3276 quantum
3465 3208 3582 3264 fieri

2014 3303 2213 3368 potest.
2243 3297 2340 3353 ille
2361 3312 2426 3353 ex
2457 3312 2630 3353 sacrae
2665 3298 3069 3354 communionis
3099 3300 3410 3369 sumptioue
3440 3299 3583 3356 vires

2014 3388 2378 3457 recuperavit.
2428 3387 2600 3443 Paulo
2649 3396 2794 3458 post,
2846 3390 3156 3444 communis
3202 3390 3361 3458 panis
3408 3391 3580 3446 micas

2014 3478 2223 3548 aliquot
2257 3477 2594 3533 madefactas
2624 3477 2783 3533 intuli
2816 3479 2863 3534 ei
2884 3519 2899 3543 ,
2935 3477 3243 3547 iterumque
3267 3492 3392 3532 mox
3422 3477 3580 3541 alias.

2012 3576 2174 3639 prout
2214 3568 2495 3638 suscipere
2524 3570 2758 3624 valebat.
2790 3570 2967 3641 Atque
2996 3570 3072 3624 ita
3108 3585 3202 3640 per
3228 3571 3455 3642 gratiam
3486 3570 3581 3628 Dei

2011 3668 2135 3731 post
2166 3675 2331 3714 unum
2366 3660 2507 3715 diem
2534 3659 2818 3731 profectus
2848 3669 2931 3716 est
2955 3676 3166 3716 mecum
3189 3701 3204 3726 ,
3237 3663 3584 3733 perrexitque

2011 3751 2080 3806 ad
2126 3752 2317 3806 cellam
2357 3767 2549 3820 suam;
2589 3752 2890 3817 liberatus,
2930 3751 3148 3810 favente
3176 3751 3317 3820 Deo,
3372 3753 3440 3810 ab
3467 3756 3583 3809 exi-

2011 3842 2153 3899 tioso
2173 3844 2309 3898 vitio
2345 3841 2743 3899 fornicationis.

2524 3953 2594 4009 De
2652 3954 2839 4010 abbate
2891 3954 3087 4011 Felice.

2077 4062 2574 4136 (24)Accesserunt
2607 4065 2805 4121 fratres
2834 4067 2905 4122 ad
2935 4067 3181 4121 abbatem
3214 4066 3469 4132 Felicem,
3488 4083 3585 4124 se.

2011 4154 2292 4209 cularibus
2334 4153 2612 4221 comitati,
2638 4162 2693 4209 et
2718 4161 3047 4224 rogaverunt
3078 4169 3201 4209 eum
3232 4162 3293 4209 ut
3321 4155 3387 4210 ad
3432 4156 3585 4226 ipsos

2009 4242 2279 4317 proferret
2299 4259 2630 4300 sermonem.
2656 4245 2723 4298 At
2753 4260 2920 4300 senex
2961 4244 3192 4301 tacebat.
3231 4246 3368 4302 Cum
3399 4254 3583 4303 autem

2010 4333 2101 4390 diu
2151 4343 2478 4404 rogassent,
2510 4335 2697 4390 dixit:
2750 4334 3070 4390 Sermonem
3119 4334 3285 4390 vultis
3344 4335 3585 4392 audire!

2009 4427 2177 4482 Aiunt
2209 4445 2221 4480 :
2251 4426 2449 4490 Etiam,
2482 4426 2642 4481 abba.
2677 4425 2832 4481 Tunc
2857 4441 3046 4491 senex,
3075 4425 3218 4491 Jam,
3252 4426 3451 4496 inquit,
3472 4440 3581 4481 non

2009 4527 2096 4574 est
2124 4533 2328 4573 sermo.
2368 4516 2601 4583 Quando
2635 4519 2832 4573 fratres
2865 4516 3412 4587 pereontabanturde
3444 4518 3584 4573 seni-

298 4585 545 4686 ἀδελφοὶ
571 4585 703 4678 τοὺς
732 4585 1009 4684 γέροντας,
1035 4612 1128 4667 καὶ
1159 4585 1375 4665 ἐποίουν
1407 4610 1443 4665 ἁ
1477 4585 1660 4680 ἔλεγον
1697 4610 1898 4675 αὐτοῖς,

2012 4609 2133 4673 bus,
2158 4617 2211 4661 et
2238 4607 2512 4663 faciebant
2545 4624 2664 4677 qua:
2698 4585 3130 4678 pronuntiabant
3157 4609 3248 4673 iis,
3272 4607 3416 4663 Deus
3446 4624 3582 4679 prm-

297 4710 499 4774 ὀΘεὸς
540 4708 875 4780 ὲπεχορήγει
910 4704 970 4757 τὸ
1009 4703 1124 4767 πῶς
1153 4702 1403 4773 λαλῆσαι.
1452 4702 1565 4756 Νῦν
1602 4702 1683 4767 δὲ,
1715 4702 1902 4772 ἐπειδὴ

298 4800 574 4874 ἐρωτῶσι
604 4798 726 4870 μὲν,
751 4798 812 4851 ού
841 4795 1051 4849 ποιοῦσι
1080 4794 1135 4848 δὲ
1162 4793 1197 4848 ἃ
1225 4793 1531 4858 ἁκούουσιν,
1560 4788 1694 4865 ἦρεν
1725 4795 1752 4847 ὀ
1772 4792 1905 4854 Θεὸς

294 4892 406 4963 τὴν
438 4892 616 4962 χάριν
660 4887 756 4941 τοῦ
811 4888 968 4956 λόγου
1023 4886 1131 4940 ἀπὸ
1176 4885 1284 4939 τῶν
1322 4885 1623 4958 γερόντων·
1672 4884 1766 4938 καὶ
1805 4884 1903 4953 ούχ

297 4984 643 5056 εὑρίσκουσι
670 4981 723 5035 τί
738 4980 987 5051 λαλῆσαι,
1022 4977 1210 5050 ἐπειδὴ
1245 4978 1345 5032 οὐκ
1384 4978 1532 5031 ἔστιν
1556 4977 1584 5030 ὀ
1605 4976 1904 5049 ἐργαζόμεο

298 5093 419 5138 νος.
449 5075 575 5129 Kal
613 5071 944 5134 ἀκούσαντες
986 5072 1035 5125 oi
1082 5071 1301 5139 ἀδελφοὶ
1341 5071 1534 5133 ταῦτα,
1585 5068 1896 5133 ὲστέναξαν,

296 5165 607 5237 λέγοντες⁹
637 5160 806 5228 Εὖξαι
833 5164 970 5231 ὑπὲρ
992 5161 1168 5231 ἡμῶν,
1197 5160 1358 5214 sese.

379 5322 433 5353 “
466 5321 565 5376 Al.
619 5319 849 5390 ψιχίδια.
959 5318 1002 5348 "
1034 5317 1119 5373 Al.
1142 5316 1377 5378 Φίλικος.

373 5512 496 5582 (ἳὸ)
542 5502 1163 5582 Τῶφς-όρᾷοδόξωνητῷν
1184 5500 1554 5582 fumaret?)th
1570 5500 1823 5582 nodici
1845 5510 1900 5582 et

300 5570 595 5639 sviinditze
641 5570 961 5631 dicebantur
1005 5572 1296 5633 Catholici,
1344 5572 1435 5639 qui
1468 5570 1719 5623 videlicet
1762 5571 1898 5624 reci-

299 5644 545 5721 piebant
610 5638 1467 5721 synodum“Chalcedonensem:
1512 5639 1770 5721 locoulius
1822 5638 1898 5721 De

301 5707 465 5776 sectis
485 5760 501 5783 ,
534 5707 757 5771 actione
788 5715 849 5776 5,
895 5711 1267 5783 ’Ῑουστινιανοῦ
1328 5709 1775 5783 βασιλεύσαντος,Δ
1807 5710 1899 5783 καὶ

302 5792 415 5846 τῶν
477 5780 777 5841 συνοδιτῶν
819 5784 987 5845 ὀντος.
1031 5782 1096 5852 Et
1122 5798 1230 5837 non
1271 5780 1462 5852 paucis
1522 5780 1895 5852 interpositis:

318 5856 663 5928 Ὀφείλωνῆ
707 5857 889 5905 πεῖσαι
937 5851 1188 5919 γενέσθαι
1244 5849 1535 5921 συνοδίτην,
1570 5850 1603 5916 ἦ
1654 5849 1896 5901 καθελεῖν

2007 4701 2173 4755 bebat
2202 4699 2461 4767 loquendi
2494 4700 2740 4754 modum.
2774 4698 2930 4754 Nunc
2959 4699 3256 4770 vero,quia
3289 4701 3583 4755 sciscitanw

2008 4802 2097 4847 tur
2144 4792 2390 4863 quidem,
2431 4791 2526 4848 sed
2583 4808 2690 4847 non
2742 4800 3120 4863 exsequuntur
3172 4808 3294 4864 quae
3323 4793 3580 4854 audiunt.

2008 4885 2151 4940 Deus
2174 4885 2403 4956 gratiam
2435 4885 2708 4940 sermonis
2745 4884 2975 4940 abstulit
3005 4899 3034 4939 a
3068 4885 3332 4952 senibus;
3363 4899 3467 4940 nec
3499 4886 3583 4940 in-

2007 4977 2232 5032 veniunt
2256 4975 2390 5045 quid
2421 4976 2738 5047 loquantur,
2769 4975 3214 5046 quandoquidem
3253 4974 3347 5046 qui
3380 4990 3578 5046 opere-

2006 5077 2099 5122 tur
2127 5084 2234 5122 non
2283 5078 2387 5124 est.
2432 5068 2526 5124 liis
2581 5069 2787 5124 auditis
2827 5068 3024 5125 fratres
3058 5070 3462 5141 ingemuerunt,
3489 5069 3576 5126 di~

2011 5169 2316 5230 xeruntque
2342 5180 2354 5213 :
2389 5158 2494 5215 Ora
2523 5177 2621 5230 pro
2650 5161 2828 5227 nobis,
2855 5161 3015 5216 abba.

2011 5496 2189 5551 αὐτόν.
2221 5496 2299 5548 Ac
2335 5493 2496 5551 infra.
2526 5509 2732 5547 necnon
2770 5494 2982 5545 actione
3004 5491 3056 5552 7,
3084 5488 3368 5547 συνοδῖται,
3399 5489 3444 5539 οἱ
3473 5486 3580 5539 ἀπὸ

2009 5567 2107 5635 τῆς
2131 5566 2371 5635 συνόδου.
2404 5564 2558 5631 Apud
2580 5562 2852 5635 elutisstasii
2891 5560 3270 5635 lfudegumt‘ol
3300 5558 3579 5635 ῌαλκηδο-

2009 5628 2170 5689 vitat.
2197 5634 2253 5687 In
2287 5628 2543 5687 Chronico
2585 5630 2862 5692 Orientalt',
2894 5628 3140 5683 Justinus
3186 5628 3578 5681 Clmlrcdonem

2008 5707 2100 5759 sis.
2137 5702 2475 5757 Justinianus
2511 5699 2990 5762 ϐίιίιίσριίοηωςείς;
3039 5700 3101 5753 de
3131 5699 3445 5751 nrtlmtlmis
3480 5699 3576 5747 im-

2009 5775 2391 5845 peratoribus;
2585 5787 2595 5797 ‘

2081 5844 2187 5913 (Εἰ)
2224 5842 2323 5895 Vit.
2357 5841 2504 5892 l’ntr.
2539 5839 2758 5902 1.111,18.
