4062 6332
432 415 540 478 435
1561 416 1904 475 APPENDIX
1939 419 2031 475 AD
2067 420 2493 479 PALLADIUM.
3584 411 3688 470 ιδε

913 533 987 587 De
1029 530 1216 586 abbate
1251 530 1545 602 Philagrio.
2034 543 2085 601 Α
2459 540 2517 591 Π.

2034 543 2085 601 Α
2459 536 2601 604 Περὶ
2646 533 2754 588 τοῦ
2805 531 2957 588 ἀΰϐᾶ
2989 528 3336 600 ΦιλαγῬίου.
3502 592 3504 597 τ

510 620 623 697 (25)
655 621 783 680 Erat
821 635 1134 681 sanctorum
1166 622 1391 693 quidam
1428 625 1648 679 nomine
1675 624 2006 697 Philagrius.

2182 626 2473 699 Φιλάγριος
2504 624 2575 698 ἦν
2610 643 2696 690 τις
2730 624 2839 679 τῶν
2883 624 3057 692 ἁγίων
3083 620 3398 691 λεγόμενος,
3438 616 3603 672 οἰκῶν
3633 616 3690 672 δι

440 716 621 773 incola
656 716 827 771 eremi
877 713 1406 784 Hierosolymitame,
1430 715 1523 785 qui
1572 717 1628 771 in
1669 730 1807 786 opus
1852 718 2010 774 valde

2115 718 2174 772 ἐν
2197 723 2265 790 τῇ
2297 722 2491 792 ἐρήμῳ
2537 717 2949 791 Ἱεροσολύμων,
2999 714 3095 767 καὶ
3130 709 3498 783 ἐργαζόμενος
3529 709 3691 779 ,κόπῳ

440 804 813 871 incumbebat,
849 811 910 857 ut
943 803 1048 859 sibi
1071 818 1263 873 panem
1286 813 1651 874 compararet.
1683 806 1734 862 Is
1762 822 1885 861 cum
1909 808 2011 861 ali-

2117 807 2204 860 ἵνα
2220 809 2426 880 ποιήσῃ
2437 807 2528 861 τὸν
2548 807 2679 861 ῖδιον
2702 806 2887 877 ἄρτον.
2908 803 3021 856 Καὶ
3047 802 3123 865 ὡς
3145 801 3331 853 ἵστατο
3353 800 3412 852 ἑν
3432 799 3500 869 τῇ
3516 796 3693 868 ἀγορᾷ

441 895 659 967 quando
684 896 741 952 in
762 895 883 950 foro
899 904 1070 952 staret
1095 897 1164 951 ad
1199 897 1544 952 vendendum
1568 899 1714 969 quod
1757 900 2011 955 manibus

2118 897 2311 952 πωλῶν
2340 898 2403 952 τδ
2432 898 2745 970 ὲργόχειρον
2776 894 2962 959 αὐτοῦ,
3001 893 3109 948 ἰδοὺ
3142 891 3352 960 ὲξαφίει
3378 906 3463 955 τις
3498 888 3693 959 βαλάνο

440 986 792 1056 operabatur,
826 1001 893 1041 en
924 986 1165 1042 elabitur
1191 986 1413 1042 cuidam
1446 988 1788 1058 marsupium
1819 989 1875 1043 in
1900 1004 2014 1059 quo

2116 1007 2232 1044 τιον
2267 990 2454 1062 χιλίων
2490 990 2874 1061 νομισμάτων’
2917 987 3013 1041 καὶ
3062 983 3240 1056 εὑρὼν
3277 982 3413 1038 αὐτὸ
3447 984 3476 1036 ὁ
3514 980 3694 1053 γέρων

439 1083 598 1130 erant
641 1075 790 1131 mille
824 1077 1054 1132 nummi.
1088 1076 1245 1143 Quod
1282 1085 1479 1133 nactus
1520 1093 1710 1144 senex,
1744 1079 1895 1134 stetit
1928 1080 2012 1134 in-

2118 1080 2247 1152 εστη
2278 1082 2370 1134 ἐπὶ
2398 1080 2494 1135 τοῦ
2517 1083 2707 1147 τύπου,
2750 1079 2956 1146 λέγων’
2997 1077 3089 1131 Δεῖ
3120 1076 3211 1129 τὸν
3245 1073 3587 1128 ἀπολέσαντα
3605 1073 3695 1125 ὲλ-

440 1167 535 1231 ihi,
561 1166 752 1223 dicens
786 1185 800 1221 :
825 1165 1019 1223 Veniet
1054 1170 1418 1238 proculdubio
1446 1169 1539 1239 qui
1565 1170 1769 1225 amisit.
1794 1170 1861 1224 Et
1885 1185 2015 1229 ecce

2121 1168 2233 1223 θεῖν
2253 1186 2269 1200 ο
2299 1171 2395 1224 καὶ
2421 1170 2528 1223 ἰδοὺ
2554 1169 2780 1241 ἔρχεται
2807 1168 3028 1221 κλαίων.
3055 1166 3167 1220 Καὶ
3185 1164 3365 1219 λαϐὼν
3390 1163 3555 1217 αὐτὸν
3576 1164 3700 1217 κατ’

441 1254 683 1321 advenit,
724 1255 969 1327 plorans.
1007 1256 1188 1313 Senex
1225 1274 1355 1314 vero
1395 1275 1684 1315 assumens
1736 1261 2014 1316 hominem

2123 1260 2258 1314 ἰδίαν
2284 1262 2313 1313 ὁ
2340 1261 2517 1333 γέρων
2547 1261 2747 1315 ἔδωκεν
2775 1259 2947 1331 αὐτῷ.
2982 1260 3090 1313 Kal.
3120 1257 3340 1331 ἐκράτει
3365 1255 3525 1310 αὑτὸν
3556 1255 3704 1308 ἐκεῖ⁹

397 1398 403 1411 ,
440 1359 714 1411 seorsum,
749 1346 989 1401 reddidit
1033 1347 1105 1403 ei.
1143 1347 1238 1405 llle
1282 1349 1573 1420 prehendit
1597 1351 1798 1421 ipsum,
1830 1361 1889 1406 ut
1920 1352 2001 1424 qui

2120 1366 2232 1415 νος,
2266 1348 2435 1404 θέλων
2457 1349 2605 1421 αὺτῷ
2640 1353 2945 1422 παρασχεῖν
2979 1349 3143 1421 μέρος
3183 1365 3258 1403 τι.
3304 1346 3415 1400 Καὶ
3458 1346 3487 1398 ὁ
3518 1343 3707 1413 γέρων

398 1436 608 1490 ενοιιοι
645 1436 882 1507 aliquam
934 1438 1182 1508 pecuniae
1228 1452 1437 1511 partem
1479 1441 1629 1499 dare.
1685 1442 1791 1499 Sed
1847 1461 2002 1502 senet

2120 1442 2221 1496 οὐκ
2242 1441 2526 1513 ἠθέλησεν.
2560 1443 2673 1497 Καὶ
2708 1441 2868 1496 ἔϐαλε
2906 1440 3161 1513 κράζειν·
3209 1436 3397 1499 Δεῦτε,
3443 1435 3580 1490 ἴδετε
3608 1435 3701 1489 ἀνα

396 1586 401 1591 _
442 1527 638 1584 noluit.
660 1527 815 1583 Tunc
843 1531 1012 1600 cmpit
1052 1532 1294 1590 clamare
1323 1553 1335 1588 :
1374 1532 1589 1600 Venite,
1628 1535 1807 1595 videte
1836 1536 2000 1593 homi‘

2122 1530 2340 1603 θρωπον
2368 1532 2463 1586 τοῦ
2492 1531 2647 1598 Θεοῦ,
2700 1532 2754 1585 τί
2797 1532 3069 1604 ἐποίησεν.
3121 1532 3181 1584 Ὀ
3217 1529 3273 1582 δὲ
3313 1528 3492 1600 γέρων
3526 1526 3701 1597 λάθρα

387 1671 394 1679 ,
442 1634 567 1673 nem
602 1617 864 1692 Dei,quid
898 1622 1111 1678 iecerit.
1145 1623 1320 1682 Senex
1347 1643 1478 1683 vero
1497 1629 1640 1685 clam
1666 1628 1991 1701 Νείλεω-οε

1933 1646 2019 1688 'es-
2125 1624 2311 1695 φυγὼν
2343 1624 2568 1696 ἐξῆλθεν
2589 1627 2654 1679 ὲκ
2671 1626 2771 1696 τῆς
2800 1625 3029 1689 πόλεως,
3058 1625 3145 1677 ἴνα
3176 1623 3253 1695 μὴ
3283 1619 3537 1690 δοξασθῇ.

444 1724 651 1781 susque
685 1721 821 1771 este
846 1714 1089 1782 civitate,
1132 1733 1201 1772 ne
1234 1718 1428 1776 laudes
1464 1729 1519 1776 et
1548 1721 1777 1792 gloriam
1822 1736 2020 1778 conse-

444 1812 725 1872 queretur.

952 1875 1029 1931 De
1068 1877 1259 1932 abbate
1289 1878 1509 1934 Phorta.
2054 1898 2098 1955 Β
2502 1892 2556 1943 II

2054 1898 2098 1955 Β
2502 1888 2641 1957 Περὶ
2667 1889 2772 1943 τοῦ
2810 1888 2963 1944 ἀϐΰᾶ
2991 1887 3220 1957 Φορτᾶς
3245 1887 3311 1940 ’⁸.

518 1961 665 2018 Dixit
714 1964 884 2020 abbas
915 1966 1150 2024 Phortas
1188 1988 1202 2023 :
1244 1968 1302 2023 Si
1348 1967 1493 2025 Deus
1530 1970 1714 2026 vivere
1750 1987 1837 2026 me
1879 1974 2018 2040 vult,

2199 1973 2367 2031 Εἶπεν
2399 1981 2427 2032 ὁ
2462 1979 2636 2043 esse;
2670 1980 2910 2051 Φορτᾶς·
2954 1980 3016 2032 El
3051 1977 3195 2032 θέλει
3246 1994 3313 2048 με
3353 1978 3383 2030 ὁ
3414 1974 3547 2037 Θεὸς
3580 1973 3700 2045 ζῇν,

445 2057 601 2111 novit
634 2058 910 2126 quomodo
940 2059 1008 2114 de
1037 2076 1123 2117 me
1150 2061 1427 2132 disponat.
1462 2063 1619 2130 Quod
1650 2063 1697 2119 si
1745 2080 1852 2119 non
1885 2067 2019 2131 vult,

2128 2062 2267 2121 οἶδεν
2299 2068 2415 2132 πῶς
2444 2071 2786 2140 οἰκονομήσει
2833 2086 2901 2139 με
2921 2086 2935 2098 θ
2962 2071 3011 2121 εί
3032 2068 3089 2121 δὲ
3120 2069 3182 2121 οὐ
3204 2067 3369 2135 θέλει,
3404 2067 3491 2119 ῖνα
3521 2064 3573 2119 τί
3613 2082 3704 2136 μοι

446 2147 519 2203 ad
555 2148 686 2219 quid
715 2150 848 2204 mihi
879 2150 1027 2205 vita?
1054 2151 1172 2208 Non
1208 2154 1354 2209 enim
1390 2169 1418 2208 a
1447 2155 1667 2209 cunctis
1697 2156 2020 2227 accipiebat,

2128 2158 2191 2212 τὸ
2235 2158 2370 2231 ζῇνλ
2400 2160 2474 2213 Οὐ
2531 2159 2637 2230 γὰρ
2678 2160 2831 2232 παρά
2874 2160 3090 2213 πάντων
3136 2158 3345 2229 ἐδέχετό
3386 2174 3475 2222 τι,
3527 2154 3706 2210 καίτοι

445 2243 550 2297 etsi
599 2243 741 2299 lecto
774 2244 988 2302 aliixus.
1041 2246 1236 2303 Aiebat
1278 2247 1481 2318 quippe
1514 2266 1527 2301 :
1562 2247 1619 2302 Si
1663 2251 1791 2320 quis
1830 2249 1897 2304 ad
1937 2265 2024 2307 me

2129 2248 2390 2322 κλινήρης
2413 2248 2521 2304 ὤν’
2551 2251 2705 2320 ἔλεγε
2738 2252 2848 2323 γάρ
2867 2268 2883 2282 ο
2937 2250 3065 2305 Ἐὰν
3102 2249 3387 2323 προσφέρῃ
3430 2247 3520 2320 μοί
3542 2247 3625 2311 τίς
3650 2246 3708 2303 τί

445 2330 713 2405 quidlibet
753 2336 1018 2404 attulerit,
1045 2345 1100 2393 et
1145 2353 1253 2393 non
1288 2346 1512 2413 prepter
1540 2339 1710 2395 Deum
1740 2358 1754 2406 ;
1785 2356 1886 2397 nec
1922 2356 2023 2413 ego

2130 2356 2282 2399 ποτε,
2315 2342 2408 2394 καὶ
2436 2340 2558 2412 οὐχὶ
2588 2340 2676 2394 διὰ
2709 2341 2799 2394 τὸν
2840 2341 2995 2405 Θεὸν,
3026 2340 3149 2394 οὔτε
3184 2338 3293 2410 ἐγὼ
3317 2338 3425 2410 ἔχω
3447 2354 3499 2390 τι
3524 2335 3703 2389 δοῦναι

445 2422 620 2478 habeo
644 2424 790 2495 quod
809 2424 930 2480 dem
955 2427 1055 2491 illi,
1091 2443 1193 2483 nec
1213 2443 1242 2482 a
1278 2427 1389 2483 Deo
1414 2429 1724 2485 mercedem
1760 2430 2022 2500 accipiet;

2130 2430 2299 2503 αὐτῷ,
2323 2430 2447 2485 οὗτε
2478 2432 2631 2505 παρὰ
2658 2432 2753 2487 τοῦ
2784 2432 2919 2488 Θεοῦ
2952 2432 3218 2503 λαμϐάνει
3253 2430 3475 2505 μισθόν·
3508 2430 3571 2482 οὐ
3596 2426 3706 2500 γὰρ

445 2515 578 2583 quia
607 2531 716 2570 non
740 2523 966 2588 propter
997 2516 1168 2595 Deum
1203 2519 1423 2586 obtulit,
1461 2529 1517 2575 et
1558 2521 1760 2591 injuria
1789 2522 2025 2581 aﬂicitur

2128 2520 2220 2575 διὰ
2267 2522 2359 2576 τὸν
2398 2522 2531 2577 Θεὸν
2591 2523 2934 2594 προσήνεγκε
2961 2540 2975 2554 ·
3023 2523 3118 2577 καὶ
3168 2522 3432 2576 ἀδικεῖται
3466 2520 3495 2572 δ
3541 2531 3711 2589 προσ-

445 2606 538 2676 qui
581 2609 910 2678 apportavit.
938 2608 1167 2681 Oportet
1218 2613 1409 2676 etiam,
1450 2612 1562 2668 Deo
1582 2614 1832 2679 devotos,
1858 2623 2026 2685 atque

2131 2611 2381 2679 ενὲγκας.
2422 2615 2516 2666 Δεῖ
2563 2612 2673 2685 γὰρ
2718 2615 2844 2678 τοὺς
2886 2613 3280 2685 ἀνακειμένους
3322 2612 3400 2684 τῷ
3433 2610 3571 2681 Θεῷ,
3612 2607 3710 2664 καὶ

448 2702 517 2756 ad
542 2702 720 2773 ipsum
753 2703 929 2759 solum
959 2706 1342 2775 respicientes,
1377 2714 1528 2762 tanta
1560 2707 1764 2777 pietate
1799 2706 2025 2763 affectos

2131 2705 2269 2774 πρὸς
2304 2705 2468 2758 αὐτὸν
2516 2705 2814 2776 βλέποντας
2856 2698 3039 2777 μόνον,
3087 2705 3261 2769 οὕτως
3308 2702 3550 2767 εὐλαϐῶς
3592 2701 3711 2755 δια-

448 2808 594 2857 esse,
632 2799 692 2847 ut
719 2809 789 2850 ne
833 2794 1090 2864 iniuriam
1118 2797 1339 2866 quidem
1379 2798 1546 2855 ullam
1589 2806 1872 2862 censeant,
1898 2798 2026 2852 licet

2131 2793 2368 2857 κεῖσθαι,
2401 2795 2476 2861 ὡς
2512 2797 2651 2868 μήτε
2683 2796 2840 2869 ὓϐριν
2866 2796 2989 2851 τινὰ
3006 2797 3281 2869 ἡγεῖσθαι,
3317 2796 3418 2851 κάν
3452 2792 3710 2868 μυριάκις

448 2882 651 2938 millies
676 2884 1065 2939 contumeliam
1097 2888 1399 2956 patiantur.

1136 2888 1399 2942 atiantur.
2134 2883 2477 2955 ἀδικούμενοι
2503 2886 2737 2958 τύχοιεν.

908 2994 1244 3067 Principium
1273 2999 1471 3055 litterae
1496 2998 1564 3053 Χ.

2570 2999 2738 3071 Ἀρχὴ
2784 2998 2877 3053 τοῦ
2913 3001 2958 3053 Χ
2996 2998 3284 3071 στοιχείου.

963 3109 1042 3164 De
1078 3110 1266 3165 abbate
1298 3111 1511 3167 Cltome.
2538 3116 2567 3167 ι

2538 3112 2678 3181 Περὶ
2704 3112 2811 3166 τοῦ
2843 3112 2993 3167 ἀϐϐᾱ
3015 3114 3201 3182 Χομαί
3227 3114 3294 3168 ’⁸.

525 3220 639 3295 (26)
680 3221 1011 3279 Referebant
1039 3223 1107 3280 de
1130 3224 1326 3280 abbate
1347 3225 1574 3290 Chome,
1594 3225 1740 3296 quod
1766 3226 1878 3296 jam
1909 3241 2027 3281 mo-
2057 3253 2100 3311 ρ

2207 3223 2433 3292 Ἔλεγον
2461 3224 2706 3296 περὶτοῦ
2743 3225 2887 3279 esse
2917 3225 3115 3296 Χομαὶ,
3157 3225 3240 3279 ὅτι
3283 3225 3491 3296 μέλλων
3525 3224 3711 3281 τελευ-

453 3315 685 3380 riturus,
717 3315 917 3370 dixerit
945 3315 1071 3373 ﬁliis
1102 3318 1219 3391 suis
1244 3338 1258 3373 :
1281 3317 1458 3374 Nolite
1488 3319 1737 3374 habitare
1764 3335 1889 3374 cum
1922 3319 2031 3373 Ine-

2133 3315 2231 3383 τᾷν
2257 3309 2379 3367 εἶπε
2408 3318 2521 3379 τοῖς
2554 3318 2691 3380 υίοῖς
2720 3316 2885 3369 αὑτοῦ
2908 3333 2919 3344 ·
2961 3318 3053 3387 Μὴ
3089 3317 3349 3387 οἱκήσητε
3391 3318 3532 3388 μετά
3560 3319 3708 3389 αἱρε-

451 3404 680 3470 reticis;
718 3420 893 3476 neque
917 3406 1169 3463 habeatis
1204 3407 1632 3464 familiaritatem
1655 3424 1779 3465 cum
1814 3410 1948 3466 viris
1974 3410 2028 3463 in

2133 3406 2321 3470 τικῶν,
2381 3406 2514 3477 μηδὲ
2572 3407 2737 3478 σχῆτε
2787 3408 2988 3477 γνῶσιν
3033 3407 3172 3479 μετά
3225 3408 3521 3479 ἀρχόντων,
3575 3407 3712 3481 μηδὲ

457 3495 718 3565 dignitate
746 3499 1106 3564 constitutis;
1134 3516 1311 3572 neque
1340 3500 1450 3556 sint
1481 3516 1677 3557 manus
1708 3508 1903 3557 vestra:
1932 3517 2029 3558 ex-

2133 3496 2376 3550 ἐστωσαν
2424 3498 2481 3551 at
2541 3501 2723 3570 χεῖρες
2767 3500 2923 3570 ὑμῶν
2977 3499 3297 3571 ήπλωμέναι
3344 3501 3426 3564 εἰς
3475 3500 3535 3553 τὸ
3586 3517 3712 3552 συν-

457 3594 627 3642 tensa:
659 3587 727 3642 ad
758 3588 1149 3659 colligendum,
1187 3592 1283 3646 sed
1318 3592 1494 3663 magis
1522 3593 1591 3647 ad
1622 3592 1888 3648 dandum.

2134 3588 2308 3656 ἀγειν,
2342 3587 2459 3641 ἀλλ’
2498 3588 2742 3643 ἔστωσαν
2789 3588 2989 3661 μᾶλλον
3035 3590 3355 3661 ήπλωμὲναι
3406 3591 3486 3654 είς
3532 3590 3594 3644 τὸ
3630 3589 3711 3644 δι-

2133 3677 2300 3734 δόναι.

888 3790 969 3845 De
1020 3792 1209 3848 abbate
1246 3791 1605 3851 waremone.
2476 3794 2492 3845 λ

2476 3791 2618 3859 Περὶ
2651 3791 2756 3846 τοῦ
2793 3790 2944 3847 ἀϐϐᾶ
2975 3793 3372 3867 Χαιρήμωνος.

527 3896 835 3954 Narrabant
860 3900 928 3956 de
955 3902 1154 3957 abbate
1178 3902 1533 3960 Chmremone
1571 3905 1624 3959 in
1677 3904 1847 3969 Sceti,
1883 3906 2032 3975 quod

2208 3902 2439 3971 Ἔλεγον
2466 3906 2597 3976 περὶ
2645 3905 2741 3958 τοῦ
2790 3904 2935 3960 assa
2970 3905 3327 3974 Χαιρήμωνος
3367 3905 3447 3965 είς
3490 3902 3708 3972 Σκῆτιν,

456 3991 721 4060 spelunca
752 3992 874 4061 ejus
901 3993 1130 4049 distaret
1158 3995 1227 4049 ab
1251 3996 1483 4051 ecclesia
1517 3997 1881 4067 quadraginta
1903 3998 2032 4051 mil-

2133 3993 2218 4046 ὅτι
2260 3994 2453 4065 ἀπεῖχε
2494 3994 2556 4046 τὸ
2599 3994 2864 4066 σπήλαιον
2917 3994 3084 4048 αὐτοῦ
3130 3994 3237 4047 ἀπὸ
3277 3994 3375 4064 τῆς
3418 3992 3712 4058 ἐκκλησίας

455 4081 634 4147 liaria,
664 4097 694 4136 α
726 4084 923 4153 palude
952 4100 1084 4141 vero
1120 4096 1174 4141 et
1216 4101 1357 4157 aqua
1391 4088 1681 4142 duodecim
1716 4106 1731 4155 ;
1763 4097 1928 4160 atque
1951 4089 2033 4144 sic

2138 4081 2292 4153 μίλια
2322 4084 2751 4156 τεσσαράκοντα,
2779 4085 2886 4138 ἀπὸ
2910 4085 2968 4138 δὲ
2986 4085 3079 4138 τοῦ
3107 4084 3262 4147 ἕλους
3291 4084 3384 4138 καὶ
3407 4083 3498 4137 τοῦ
3523 4083 3713 4149 ὓδατος

456 4172 687 4228 inferret
726 4173 782 4228 in
818 4176 1138 4244 speluncam
1181 4194 1336 4231 suam
1372 4177 1516 4248 quod
1543 4180 1798 4234 manibus
1835 4195 2032 4251 opera-

2140 4174 2293 4245 μίλια
2348 4172 2593 4229 δώδεκα·
2654 4177 2751 4230 καὶ
2811 4175 2985 4242 οὕτως
3034 4175 3285 4247 εἰσέφερε
3349 4174 3408 4228 τὸ
3467 4175 3713 4247 ὲργόχειο

458 4270 611 4317 retur
640 4281 656 4329 ;
696 4274 1046 4336 portaretque
1078 4268 1297 4338 lagenas
1335 4269 1474 4324 duas
1503 4285 1667 4324 unam
1711 4286 1776 4325 ex
1800 4271 2033 4328 adverso

2139 4281 2231 4340 ρον
2278 4264 2443 4318 αὐτοῦ
2496 4268 2576 4329 εἰς
2627 4268 2690 4321 τὸ
2743 4268 3006 4339 σπήλαιον
3047 4267 3233 4331 αὐτοῦ,
3283 4265 3503 4320 καὶδύο
3545 4264 3713 4336 λαγύ-

457 4353 682 4410 alterius
709 4374 725 4422 ;
752 4372 816 4411 ac
840 4356 1075 4421 sederet,
1105 4360 1348 4427 quietam
1385 4361 1551 4413 vitam
1574 4360 1806 4416 ducens.

2136 4373 2226 4410 νια
2259 4355 2317 4409 ἓν
2347 4359 2475 4429 παρ’
2510 4356 2567 4410 ἒν
2596 4359 2898 4424 βαστάζων,
2949 4360 3044 4412 καὶ
3089 4356 3401 4423 ἐκαθέζετο,
3445 4355 3542 4411 καὶ
3578 4355 3713 4430 ἡσύ-

2215 4448 2286 4487 Γσκ

2136 4465 2320 4518 χαςεν.

898 4509 1233 4580 Principium
1278 4512 1473 4567 littera;
1514 4514 1590 4567 Ψ.
2067 4584 2099 4592 Δ,

2136 4465 2320 4518 χαςεν.

2067 4584 2099 4592 __
2573 4518 2739 4591 Ἀρχὴ
2772 4518 2869 4572 τοῦ
2904 4520 2960 4572 Ψ
3003 4521 3287 4592 στοιχείου.

882 4620 959 4674 De
1006 4621 1196 4675 abbate
1244 4620 1608 4679 Psentbaisio.
2064 4589 2110 4643 Β
2450 4635 2486 4685 ι]

2064 4589 2110 4643 D
2450 4633 2588 4701 Περὶ
2621 4633 2729 4687 τοῦ
2764 4634 2913 4689 ἁόὅᾱ
2959 4637 3321 4692 Ψενθαϊσίου
3361 4637 3400 4689 ¹.

532 4730 642 4801 (ετ)
679 4729 939 4785 Dixerunt
965 4731 1132 4788 abbas
1159 4732 1541 4789 Psentbaisius
1569 4743 1625 4791 et
1657 4736 1827 4791 abbas
1856 4736 2032 4794 Surus

2206 4740 2374 4799 Εἶπεν
2409 4747 2438 4799 ὁ
2471 4747 2647 4811 ἀϐὄᾶς
2681 4747 3009 4812 Ψενθαῖσιος
3042 4751 3063 4780 ⁸
3091 4752 3188 4806 καὶ
3224 4752 3253 4804 ὁ
3297 4749 3473 4814 ἀσΰᾶς
3511 4748 3713 4821 Σοῦρος

458 4827 514 4873 et
542 4817 737 4875 Psoius
770 4837 783 4874 :
815 4819 951 4875 Dum
984 4822 1300 4879 audiremus
1331 4840 1613 4881 sermones
1634 4824 1813 4882 Patris
1856 4829 2030 4885 nostri

2135 4836 2229 4889 καὶ
2269 4836 2473 4902 Ψὼῖος,
2519 4840 2601 4892 ὅτι
2652 4840 2966 4905 Ἀκούοντες
3006 4840 3116 4894 τῶν
3157 4842 3330 4910 λόγων
3364 4840 3458 4895 τοῦ
3500 4839 3711 4912 Πατρὸς

459 4911 674 4966 abbatis
723 4909 1025 4978 Pachumii,
1078 4915 1372 4971 admodum
1438 4919 1896 4988 proﬁciebamns,
1960 4923 2028 4977 ad

2132 4924 2288 4997 ήμῶν
2310 4929 2405 4981 τοῦ
2431 4928 2577 4982 assa
2614 4930 2910 5001 Παχωμίου
2946 4931 3192 5002 μεγάλως
3220 4909 3599 5002 ὠφελούμεθα,
3623 4909 3711 4993 -εις

459 5000 861 5055 amulationcm
893 5002 1159 5058 bonorum
1207 5019 1432 5075 operum
1456 5007 1698 5062 excitati.
1729 5010 2030 5067 (‘crnentes

2141 5016 2300 5086 ζῆλον
2324 5018 2545 5087 ἀγαθῶν
2581 5019 2755 5088 ἔργων
2788 5000 3198 5093 διεγειρόμενοι.
3240 5000 3504 5093 Ὀρῶντες
3531 5021 3589 5074 δὲ
3612 5021 3710 5074 αὐ-

459 5099 641 5145 antem
670 5091 793 5161 ejus
826 5095 991 5147 etiam
1023 5096 1259 5151 tacentis
1279 5100 1573 5167 actionem,
1604 5116 1726 5171 qua:
1761 5101 1878 5172 ipsa
1915 5120 2032 5159 ser-

2138 5108 2231 5160 τοῦ
2276 5111 2369 5161 καὶ
2413 5110 2723 5174 σιωπῶντος
2766 5111 2865 5182 τὴν
2902 5091 3099 5183 πρᾶξιν
3137 5091 3517 5181 λόγονήοῦσαν,
3551 5110 3712 5165 ἐθαυ-

458 5196 550 5235 mo
577 5189 717 5249 erat,
737 5182 1428 5249 admirabamur,diccntes
1449 5191 1585 5245 alter
1607 5192 1761 5248 alteri
1790 5212 1802 5247 :
1836 5193 2035 5250 Existi-

2140 5198 2402 5268 μάζομεν,
2438 5200 2573 5270 πρδς
2615 5201 2877 5273 ἀλλήλους
2923 5201 3194 5269 λέγοντες,
3236 5204 3318 5256 ὅτι
3359 5202 3711 5274 Ἑνομίζομεν

457 5273 765 5341 mabamns,
795 5292 989 5333 omnes
1035 5287 1257 5336 sanctos
1307 5298 1373 5335 ex
1411 5294 1567 5338 utero
1596 5286 1789 5339 matris
1818 5303 1930 5341 sua:
1959 5288 2033 5342 ita

2136 5291 2344 5352 πάντας
2376 5293 2503 5355 τοὺς
2530 5293 2719 5359 ἁγίους
2741 5291 2916 5358 οὕτως
2946 5294 3290 5349 πεποιεῖσθαι
3315 5295 3420 5349 ὑπὸ
3449 5294 3543 5349 τοῦ
3576 5290 3708 5347 Θεοῦ

459 5361 635 5421 factos
673 5381 797 5423 esse
847 5383 876 5421 a
918 5368 1063 5435 Deo,
1098 5380 1322 5427 sanctos
1370 5389 1434 5427 ac
1488 5374 1888 5440 immutabiles,
1926 5395 2032 5434 non

2134 5382 2198 5434 ἐκ
2234 5381 2436 5446 κοιλίας
2474 5383 2679 5454 μητρὸς
2701 5384 2881 5437 αὐτῶν
2914 5384 3102 5453 ἁγίους
3136 5385 3231 5439 καὶ
3263 5386 3587 5457 ἀτρέπτους,
3618 5384 3710 5438 καὶ

460 5464 640 5509 autem
675 5457 913 5523 liberos;
947 5469 1267 5532 peccatores
1319 5478 1449 5519 vero
1482 5481 1592 5521 non
1634 5481 1796 5536 posse
1838 5468 1925 5538 pie
1952 5470 2033 5522 vi-

2135 5472 2254 5543 οὐχὶ
2278 5473 2680 5538 αὐτεξουσίως·
2717 5476 2811 5529 καὶ
2843 5476 2969 5539 τοὺς
3000 5476 3356 5548 ἁμαρτωλοὺς
3380 5476 3455 5548 μὴ
3476 5474 3709 5548 δυναμί-

606 5588 688 5643 Al.
728 5592 929 5663 Φορτᾶ.
1006 5594 1051 5626 ⁹⁹
1082 5593 1170 5649 Al.
1209 5596 1416 5667 Χαμαί.
1493 5597 1505 5626 ¹
1545 5597 1632 5652 Al.
1662 5597 1959 5652 Ψανταέου.
2040 5600 2059 5628 ²
2089 5598 2174 5653 Al.
2216 5601 2570 5672 ¹Γενοαήσιος.

835 5735 983 5819 Eutr.
1024 5739 1197 5819 vnn”?
2218 5749 2326 5817 (2.7)
2379 5747 2480 5802 Vit.
2526 5749 2675 5805 Patr.
2707 5768 2742 5813 l,
2776 5768 2827 5819 p.
2875 5751 2991 5816 121,
3019 5766 3067 5804 c.
3104 5748 3194 5804 25.

537 5788 644 5867 (26)
695 5800 798 5854 Vit.
827 5788 979 5893 Patr.
1009 5788 1171 5870 ιξίξξξ

2219 5788 2326 5817 ὶ-ιχ
2387 5788 2480 5802 111.
2526 5788 2742 5813 1111101,
2777 5788 2827 5819 l"
2876 5788 3067 5816 l-I’VO
