4062 6332
519 380 626 437 M5

1641 383 1983 440 APPENDIX
2021 384 2111 438 AD
2148 383 2563 442 ΡΑιιΑυιωι.

3646 393 3753 448 ιιι

522 498 611 562 qui
658 490 971 562 huiusmodi
1018 493 1386 547 narrationem
1427 493 1746 564 aggrediar;
1794 484 1936 566 quia.
1975 511 2082 551 non

2188 496 2402 567 γήσεως
2437 498 2829 572 κατάρξασθαι,
2860 499 2950 554 διὰ
2992 499 3054 555 τὸ
3101 501 3177 574 μὴ
3225 501 3406 556 ἱκανὸν
3435 494 3604 580 εἶναι,
3630 509 3754 571 τούς

520 583 695 648 decet,
735 593 796 639 ut
833 583 984 654 parvi
1016 597 1209 654 magna
1250 581 1522 652 attingant
1563 595 1907 654 argumenta,
1957 602 2083 643 cum

518 689 629 729 non
667 675 880 744 possint
918 674 1184 743 condigne
1223 674 1507 729 veritatem
1538 676 1865 742 edisserere,
1913 680 2085 734 maxi-
2134 716 2141 721 ι

519 782 716 837 meque
772 782 884 822 rem
927 767 1143 837 scriptis
1197 768 1560 838 consignare,
1611 786 1710 840 per
1753 772 2083 830 mediocrem
2126 776 2133 781 ’

520 872 826 913 sermonem
868 858 1028 911 eﬂatu
1064 857 1305 913 diilicilia
1332 858 1481 913 eﬂ‘ari
1518 862 1772 917 audendo
1803 880 1817 918 ε
1856 865 1907 919 id
1938 868 2086 936 quod

517 945 674 999 valde
699 945 1036 1015 nimiumque
1070 946 1251 1001 audax
1288 956 1374 1002 est
1402 964 1466 1003 ac
1504 952 1892 1019 periculosum,
1925 955 2086 1011 nobis

515 1037 610 1113 qui
665 1035 885 1092 viliores
930 1052 1146 1106 sumus,
1192 1039 1369 1110 primo
1418 1042 1485 1096 ad
1531 1042 1675 1098 hanc
1720 1045 2084 1101 celsissimam

513 1131 800 1185 materiam
835 1147 932 1201 per
969 1133 1176 1203 scripta
1216 1134 1496 1192 accedere.
1529 1134 1914 1194 Verumtamen
1951 1155 2089 1210 quo-

513 1225 663 1279 niam
701 1239 845 1294 smpe
887 1226 1089 1296 sapius
1119 1235 1343 1298 rogatus
1389 1228 1463 1283 fni
1495 1244 1524 1282 a
1554 1231 1811 1301 religiosa
1834 1232 2089 1288 fraterni-

513 1322 647 1380 tate,
688 1331 809 1385 qua:
846 1316 899 1370 in
928 1325 1111 1372 monte
1142 1326 1337 1372 sancto
1370 1318 1561 1374 Oliveti
1598 1330 1991 1386 commoratur,
2027 1331 2086 1377 ut

514 1405 585 1461 iis
622 1406 989 1463 describerem
1021 1407 1404 1480 Egyptiorum
1442 1413 1838 1468 monachorum
1869 1415 2084 1471 vivendi

514 1497 775 1560 rationes,
816 1514 955 1569 quas
1001 1501 1290 1570 conspexi,
1339 1518 1590 1573 magnam
1629 1520 1818 1569 eorum
1847 1504 2087 1561 cbarita-

509 1595 648 1652 tem,
687 1598 741 1643 et
778 1591 1003 1644 multam
1053 1592 1499 1648 exercitationem
1538 1594 1756 1665 pictatis
1790 1614 1805 1663 ;
1865 1596 2083 1652 illorum

512 1678 767 1749 precibus
805 1680 1111 1747 confidens,
1144 1681 1288 1736 hanc
1315 1683 1634 1740 relationem
1666 1685 1948 1754 suscipere
1983 1701 2083 1743 au-

510 1785 612 1825 sus
633 1786 790 1837 sum;
815 1786 926 1840 quo
952 1780 1007 1825 et
1046 1772 1182 1827 mihi
1217 1773 1464 1827 nonnihil
1498 1773 1634 1828 lucri
1665 1775 1889 1830 accedat
1920 1792 1987 1831 cx
2017 1792 2085 1833 eo

511 1859 905 1927 emolumento,
953 1862 1081 1916 dum
1119 1863 1365 1933 ipsorum
1408 1863 1657 1919 imitatus
1705 1862 1860 1921 luero
1889 1866 2079 1933 vitam,

510 1957 677 2020 atque
726 1951 1032 2007 absolutam
1082 1966 1110 2007 a
1153 1953 1358 2009 mundo
1406 1955 1795 2021 secessionem,
1844 1958 2084 2031 itemque

509 2043 767 2110 quietem,
793 2060 890 2114 per
923 2044 1264 2100 tolerantiam
1301 2048 1584 2113 virtutum,
1621 2062 1785 2117 quam
1821 2048 1890 2104 ad
1921 2049 2080 2105 ﬁnem

508 2151 684 2205 usque
706 2137 965 2191 retinent.
994 2136 1133 2192 Vere
1158 2137 1304 2193 enim
1332 2138 1566 2193 intuitus
1600 2154 1720 2193 sum
1742 2137 1832 2193 Dei
1860 2138 2084 2196 thesau-

507 2238 655 2288 rum,
697 2225 992 2281 multorum
1042 2227 1354 2282 utilitatem.
1397 2225 1598 2281 Verum
1630 2228 1684 2282 in
1730 2242 1890 2284 usum
1932 2244 2085 2285 com-

505 2331 727 2371 munem
787 2317 1002 2373 lucrum
1057 2317 1325 2389 produxi,
1374 2327 1526 2375 ratus
1573 2318 1896 2389 praeclaram
1948 2321 2081 2376 mihi

503 2403 626 2460 fore
650 2405 968 2476 huiusmodi
999 2408 1454 2479 negotiationem,
1494 2409 1541 2464 si
1576 2410 1848 2464 commodi
1885 2410 2082 2466 fratres

501 2497 802 2566 participes
836 2496 1098 2564 facerem,
1142 2507 1201 2552 ut
1250 2514 1349 2569 pro
1391 2514 1511 2554 mea
1550 2508 1847 2569 precentur
1882 2501 2076 2556 salute.

501 2588 897 2661 Primoitaque
924 2591 1067 2647 hanc
1098 2593 1560 2663 conscriptionem
1601 2594 1908 2659 instituam,
1951 2593 2084 2650 assi.

501 2688 683 2737 stcnte
717 2678 1010 2736 Servatore
1046 2689 1239 2737 nostro
1259 2679 1391 2737 Jesu
1430 2681 1687 2749 Christo;
1735 2681 2080 2751 quandoqui-

501 2772 624 2826 dem
657 2771 813 2839 juxta
841 2771 1016 2842 ipsius
1039 2772 1373 2838 doctrinam,
1410 2774 1512 2828 hoc
1536 2784 1699 2843 pacto
1729 2774 1897 2827 vitam
1921 2789 2079 2829 suam

501 2862 744 2933 JEgypIii
789 2852 1040 2917 monachi
1091 2864 1468 2919 moderantur.
1537 2864 1657 2919 Vidi
1717 2865 1919 2935 quippe
1972 2866 2080 2919 illic

501 2955 705 3009 multos
729 2953 943 3020 Patres,
974 2955 1275 3025 angelicam
1306 2956 1471 3009 vitam
1494 2966 1740 3026 agentes,
1773 2972 1837 3011 ac
1861 2958 1916 3011 in
1947 2956 2081 3012 Ser-

502 3044 709 3099 vatoris
760 3045 936 3100 nostri
992 3043 1120 3101 Jesu
1168 3044 1475 3103 imitatione
1523 3046 1862 3111 incedentes,
1909 3063 2078 3103 novos

2191 589 2423 659 μικροὺς
2472 591 2581 644 τῶν
2630 591 2883 661 μεγάλων
2929 592 3271 660 ἐφάπτεσθαι
3312 594 3643 659 ὑποθέσεων,
3679 597 3753 668 μὴ

2184 678 2421 746 ἐπαξίως
2444 680 2467 711 ⁸
2484 681 2812 753 δυναμένους
2834 682 2903 737 τά
2917 683 3090 756 ἀληθῆ
3117 683 3369 751 ἐξειπεῖν,
3399 686 3493 739 καὶ
3522 686 3755 758 μάλιστα

2186 772 2370 840 γραφῇ
2407 771 2737 843 παραδοῦναι
2768 773 2829 826 τὸ
2860 776 3111 846 πρᾶγμα,
3141 774 3236 828 καὶ
3270 776 3478 848 μετρίῳ
3504 776 3648 848 λόγῳ
3687 782 3753 832 τά

2185 858 2503 931 δύσφραστα
2534 863 2761 934 φράζειν
2803 863 3290 934 κατατολμῶντας·
3325 868 3464 940 ὅπερ
3508 869 3604 922 καὶ
3634 869 3754 923 τολ-

2190 952 2490 1018 μηρότερον
2523 949 2662 1015 ἄγαν
2687 949 2777 1002 καὶ
2798 951 3155 1017 ἐπικίνδυνον,
3184 952 3584 1026 εὐτελεστέροις
3604 952 3755 1009 οὖσιν

2184 1039 2338 1107 ἡμῖν,
2378 1037 2607 1108 πρώτως
2630 1040 2723 1092 ἐπὶ
2751 1041 2850 1111 τὴν
2872 1040 3215 1114 ὑψηλοτάτην
3240 1043 3447 1114 ταύτην
3473 1045 3749 1110 ὑπόθεσιν,

2186 1126 2274 1181 διὰ
2293 1127 2635 1198 γραμμάτων
2660 1116 2876 1200 χωρεῖν.
2918 1130 3094 1202 Ὀμῶς
3117 1132 3495 1204 παρακληθεὶς
3515 1135 3754 1205 συνεχῶς

2186 1219 2295 1273 ὑπὸ
2316 1220 2412 1289 τῆς
2443 1219 2705 1284 εὐλαϐοὗς
2734 1221 3112 1293 ἁδελφότητος,
3146 1223 3248 1295 τῆς
3279 1225 3337 1278 ἐν
3363 1223 3443 1295 τῷ
3469 1226 3612 1297 ἁγίῳ
3637 1226 3753 1297 δρει

2184 1313 2295 1366 τῶν
2340 1311 2563 1366 Ἐλαιῶν
2596 1313 3040 1387 πολιτευομένης,
3072 1315 3283 1390 γράψαι
3307 1317 3490 1381 αὐτοῖς
3519 1317 3619 1382 τὰς
3646 1318 3755 1372 τῶν

2187 1404 2245 1457 ἐν
2275 1403 2536 1474 Αἰγύπτῳ
2579 1404 2830 1475 μοναχῶν
2863 1405 3157 1472 πολιτείας,
3185 1408 3253 1472 ἃς
3295 1408 3625 1481 ἐθεασάμην,
3658 1408 3756 1481 τὴν

2187 1492 2389 1564 πολλὴν
2428 1494 2652 1565 ἀγάπην
2690 1495 2892 1560 αὐτῶν,
2924 1497 3017 1551 καὶ
3064 1497 3264 1568 πολλὴν
3322 1498 3587 1571 ἄσκησιν·
3636 1504 3756 1564 ταῖς

2183 1584 2366 1639 αὐτῶν
2416 1586 2603 1656 εὐχαῖς
2652 1587 3112 1654 καταπιστεύσας,
3155 1589 3429 1661 ἐτόλμησα
3476 1590 3615 1662 πρὸς
3657 1590 3756 1661 τὴν

2185 1674 2434 1745 διήγησιν
2458 1676 2662 1747 ταύτην
2688 1677 2967 1749 τραπῆναι
2987 1691 3003 1708 ⁶
3044 1679 3133 1734 ἵνα
3172 1680 3342 1752 κάμοί
3365 1698 3418 1734 τι
3447 1681 3638 1752 κέρδος
3664 1682 3756 1750 γέ-

2186 1782 2346 1837 νηται
2372 1766 2471 1837 τῆς
2509 1767 2680 1837 αὐτῆς
2725 1767 3013 1835 ὠφελείας,
3049 1770 3416 1842 μιμησαμένῳ
3445 1770 3626 1826 αὐτῶν
3654 1772 3755 1842 τὴν

2185 1856 2478 1921 πολιτείαν,
2506 1856 2602 1910 καὶ
2628 1857 2727 1927 τὴν
2760 1857 2996 1929 παντελῆ
3028 1857 3125 1912 τοῦ
3155 1859 3360 1931 κόσμου
3407 1860 3755 1934 ἀναχώρησιν

2184 1949 2278 2002 καλ⁷
2306 1947 2554 2019 ἡσυχίαν,
2587 1946 2678 2001 διὰ
2705 1948 2805 2018 τῆς
2839 1948 3115 2019 ὑπομονῆς
3155 1950 3263 2005 τῶν
3291 1951 3497 2025 ἀρετῶν
3519 1953 3561 2017 ⁵,
3597 1953 3759 2026 μέχρι

2182 2040 2371 2104 τέλους
2397 2039 2739 2110 κατέχουσιν.
2777 2038 2914 2093 Ἴδον
2961 2039 3068 2111 γὰρ
3101 2040 3313 2110 άληθῶς
3357 2042 3449 2098 τὸν
3480 2040 3575 2096 τοῦ
3621 2041 3759 2097 Θεοῦ

2184 2131 2479 2203 θησαυρὸν,
2508 2130 2608 2202 τὴν
2637 2130 2746 2184 τῶν
2777 2130 2989 2185 πολλῶν
3016 2131 3305 2199 ὠφέλειαν,
3330 2132 3445 2186 ἀλλ’
3473 2133 3554 2196 εἰς
3580 2135 3759 2186 κοινὸν

2181 2222 2242 2276 τὸ
2277 2222 2467 2295 κέρδος
2509 2223 2737 2294 ἦγαγον,
2793 2223 3141 2294 ἡγησάμενος
3196 2223 3416 2277 ἔσεσθαί
3451 2240 3540 2294 μοι
3587 2222 3760 2294 καλὴν

2182 2315 2385 2384 ταύτην
2434 2314 2726 2386 ἐμπορίαν,
2757 2314 2818 2369 τὸ
2868 2314 3193 2386 μεταδοῦναι
3234 2318 3345 2379 τοῖς
3389 2314 3634 2385 ἀδελφοῖς
3662 2316 3761 2386 τῆς

2181 2406 2470 2475 ὠφελείας,
2500 2405 2585 2458 ἵνα
2619 2404 2879 2470 εὔξωνται
2929 2405 3067 2479 ὑπὲρ
3122 2407 3223 2477 τῆς
3267 2407 3407 2478 ἐμῆς
3460 2407 3757 2478 σωτηρίας.

2182 2493 2406 2565 Πρῶτον
2436 2494 2534 2564 μὲν
2585 2495 2880 2565 ποιήσομαι
2912 2495 3012 2565 τὴν
3048 2496 3268 2566 γραφὴν
3293 2495 3521 2567 ταύτην,
3546 2497 3613 2566 τῇ
3663 2494 3760 2549 τοῦ

2182 2586 2433 2658 Σωτῆρος
2472 2585 2627 2656 ήμῶν
2665 2586 2840 2657 Ἰησοῦ
2889 2579 3129 2659 Χριστοῦ
3179 2587 3488 2660 παρουσίᾳ·
3531 2589 3627 2641 καὶ
3676 2589 3756 2642 δτι

2181 2676 2325 2731 κατὰ
2352 2677 2451 2746 τὴν
2484 2677 2648 2731 αὐτοῦ
2676 2678 3023 2732 διδασκαλίαν
3054 2679 3104 2732 οἱ
3136 2681 3193 2732 ἐν
3240 2680 3503 2750 Αἰγύπτῳ
3535 2679 3758 2751 μοναχοὶ

2180 2764 2403 2832 ἄγουσιν
2463 2766 2634 2837 αὐτὴν
2689 2767 2900 2820 ἑαυτῶν
2953 2769 3250 2822 πολιτείαν.
3298 2770 3436 2822 Ἰδον
3482 2768 3590 2839 γὰρ
3639 2771 3756 2821 ἐκεῖ

2181 2857 2410 2920 πολλοὺς
2436 2859 2707 2928 Πατέρας,
2734 2859 3024 2928 ἀγγελικὸν
3049 2860 3164 2931 βίον
3199 2861 3468 2931 βιοῦντας,
3494 2861 3586 2914 καὶ
3614 2860 3757 2915 κατὰ

2185 2947 2414 3019 μίμησιν
2447 2948 2543 3001 τοῦ
2576 2950 2828 3020 Σωτῆρος
2855 2950 3012 3022 ἡμῶν
3054 2950 3228 3022 Ἰησοῦ
3278 2951 3626 3023 ἐρχομένους,
3660 2952 3756 3005 καὶ

2181 3040 2333 3104 νέους
2360 3039 2512 3105 τινὰς
2543 3042 2639 3095 καὶ
2666 3042 2857 3106 ἄλλους
2874 3044 3181 3114 προφήτας,
3212 3043 3462 3115 κατὰτὴν
3481 3044 3755 3098 πολιτείαν

502 3133 768 3204 quosdam
807 3136 1054 3205 aliosque
1096 3136 1416 3206 prophetas.
1448 3153 1511 3191 cx
1549 3138 1654 3192 ista
1687 3137 1869 3192 divina
1904 3148 1957 3194 et
1981 3139 2076 3194 ad-

2182 3132 2362 3187 ἔνθεον
2404 3132 2573 3202 αὐτὴν
2605 3134 2699 3186 καὶ
2743 3132 3063 3206 θαυμαστὴν
3107 3135 3203 3189 καὶ
3240 3135 3491 3207 ἐνάρετον
3536 3135 3762 3206 ἔχοντας

462 3219 471 3227 ’
504 3227 741 3282 mirabili
774 3228 899 3283 vita:
926 3230 1362 3294 conversatione,
1390 3228 1684 3285 virtutibus
1713 3230 1936 3294 referta,
1967 3233 2076 3286 vim

500 3326 557 3373 et
593 3316 885 3373 ellicaciam
930 3319 1158 3387 adeptos
1217 3318 1377 3387 plane
1419 3318 1703 3383 divinam;
1747 3334 1939 3375 revera
1984 3320 2077 3375 Dei

501 3406 757 3468 fanntlos.
790 3407 883 3477 qui
913 3407 1052 3461 nihil
1082 3416 1361 3461 terrenum
1390 3414 1669 3476 saperent,
1696 3408 1829 3461 nihil
1855 3426 1921 3462 ex
1959 3410 2080 3465 istis

500 3500 894 3567 temporalibus
921 3501 1278 3555 asstimarcnt.
1320 3500 1422 3565 Qui
1462 3498 1711 3569 profecto
1752 3501 1880 3555 dum
1911 3504 1993 3557 sic
2024 3503 2077 3557 in

500 3596 650 3643 terra
683 3590 894 3657 vivunt,
928 3591 983 3644 in
1011 3591 1169 3645 cmlis
1195 3603 1614 3646 conversantur.
1643 3591 1862 3647 Scilicet
1889 3609 2078 3651 eorum

501 3680 751 3733 nonnulli
775 3696 845 3736 ne
876 3680 1094 3751 quidem
1135 3683 1280 3751 quod
1313 3685 1384 3739 sit
1415 3686 1467 3737 in
1501 3692 1646 3739 terra
1671 3685 1908 3741 mundus
1941 3687 2081 3741 alius

501 3778 727 3833 norunt,
767 3787 945 3841 neque
980 3773 1123 3841 quod
1159 3773 1366 3827 malitia
1391 3774 1442 3827 in
1475 3776 1704 3831 urbibus
1734 3785 1985 3831 versetur
2018 3794 2083 3832 ac

501 3866 858 3925 exerceatur;
889 3859 982 3915 sed
1014 3876 1140 3915 vere
1175 3859 1297 3914 Pax
1322 3861 1489 3915 multa
1521 3860 1865 3932 diligentibus
1899 3862 2078 3934 legem,

500 3950 637 4005 dicit
661 3950 923 4007 Dominus
950 3952 1303 4022 omnipotens
1322 3954 1363 4008 ³.

570 4042 927 4097 Multiautem
979 4058 1048 4098 ex
1105 4057 1296 4098 eorum
1338 4058 1568 4097 numero
1618 4045 1785 4098 etiam
1838 4051 2079 4114 stupent,

500 4150 627 4189 cum
655 4150 745 4190 res
777 4134 960 4190 saeculi
990 4134 1242 4198 audiunt,
1277 4150 1507 4206 prorsus
1541 4135 1695 4189 obliti
1734 4137 2080 4198 terrestrium

499 4242 780 4283 curarum.
820 4228 1058 4283 Cernere
1090 4226 1218 4282 licet
1264 4243 1382 4293 eos,
1411 4229 1466 4282 in
1497 4226 1731 4283 desertis
1779 4228 2079 4297 dispersos,

497 4323 758 4388 tanquam
792 4332 1085 4388 germanos
1130 4318 1333 4373 liberos
1371 4327 1579 4388 patrem
1613 4334 1772 4371 suum
1801 4317 2080 4373 Christum

497 4411 911 4479 praestolantes;
960 4417 1055 4463 aut
1103 4409 1278 4464 instar
1341 4410 1619 4464 exercitus
1649 4451 1662 4473 ,
1706 4425 1935 4478 regem,
1995 4410 2080 4464 vel

2176 3222 2457 3295 ἐνέργειαν
2510 3223 2749 3295 θεοειδῆ·
2809 3225 2886 3290 ὡς
2939 3225 3153 3295 άληθῶς
3203 3225 3337 3280 Θεοῦ
3396 3226 3752 3297 θεράποντας.

2179 3317 2337 3369 οὐδὲν
2367 3319 2554 3388 γήϊνον
2588 3319 2941 3390 φρονοῦντας,
2979 3319 3099 3374 οὐδέ
3150 3338 3201 3374 τι
3254 3319 3362 3373 τῶν
3413 3321 3757 3392 προσκαίρων

2177 3408 2383 3461 τούτων
2425 3408 2825 3481 λογιζομένους.
2866 3411 3004 3464 Ἀλλ’
3048 3411 3218 3476 ὅντως
3279 3412 3450 3476 οὕτως
3510 3413 3604 3465 ἐπὶ
3655 3413 3756 3481 γῆν

2182 3498 2401 3564 ζῶντες,
2437 3503 2494 3553 ἐν
2526 3501 2776 3573 οὐρανοῖς
2813 3501 3205 3557 πολιτεύονται.
3263 3505 3325 3557 Οἱ
3379 3504 3477 3574 μὲν
3510 3502 3621 3574 γὰρ
3667 3504 3759 3557 αὐ-

2178 3590 2288 3643 τῶν
2324 3592 2433 3645 οὐδ’
2458 3593 2539 3646 ὅτι
2561 3593 2765 3664 κόσμος
2787 3594 2934 3646 ἐστὶν
2962 3594 3150 3666 ἕτερος
3175 3595 3268 3648 ἐπὶ
3292 3593 3397 3665 γῆς
3416 3593 3754 3658 ἐπίστανται,

2180 3682 2288 3735 οὐδ’
2318 3684 2399 3736 ὅτι
2433 3686 2603 3738 κακία
2626 3685 2683 3737 ἐν
2715 3684 2933 3738 πόλεσιν
2970 3685 3416 3755 ἐμπολιτεὺεται·
3445 3685 3561 3739 ἀλλ’
3591 3685 3758 3748 ὅντως

2174 3772 2399 3843 Εἰρήνη
2440 3774 2643 3843 πολλὴ
2687 3775 2814 3842 τοῖς
2843 3775 3121 3845 ἀγαπῶσι
3148 3777 3256 3831 τὸν
3275 3778 3463 3847 νόμον
3488 3776 3587 3848 (5),
3610 3775 3757 3844 λέγει

2181 3868 2389 3941 Κύριος
2416 3869 2835 3940 παντοκράτωρ.

2252 4044 2443 4098 Πολλοὶ
2469 4045 2526 4097 δέ
2554 4044 2614 4109 ἐξ
2646 4045 2826 4098 αὐτῶν
2867 4046 2962 4099 καὶ
2995 4044 3312 4111 ξενίζονται,
3350 4045 3419 4100 τὰ
3459 4047 3518 4099 ἐν
3556 4045 3634 4117 τῷ
3662 4046 3755 4100 κό-

2184 4152 2304 4205 σμῳ
2332 4134 2642 4198 ἀκούοντες,
2678 4134 2849 4206 λήθην
2875 4134 3155 4199 παντελῶς
3176 4136 3286 4189 τῶν
3301 4137 3504 4207 γηΐνων
3543 4137 3759 4209 φροντί-

2180 4224 2285 4277 δων
2318 4225 2549 4296 ἔχοντες.
2585 4226 2740 4277 Ἐστι
2772 4224 2882 4295 γάρ
2916 4226 3113 4289 αὐτοὺς
3141 4225 3268 4280 ἰδεῖν
3289 4228 3347 4280 ἐν
3375 4228 3497 4290 ταῖς
3530 4227 3758 4299 ἐρήμοις

2185 4317 2483 4389 σποράδην,
2525 4313 2615 4370 οἷά
2656 4334 2717 4369 τε
2784 4318 2933 4383 υἱοὺς
2968 4318 3248 4387 γνησίους,
3283 4317 3374 4372 τὸν
3409 4318 3618 4373 ἐαυτῶν
3650 4336 3756 4371 πα·

2182 4407 2338 4479 τέρα,
2382 4407 2474 4463 τὸν
2516 4409 2750 4480 Χριστὸν
2798 4409 3285 4482 περιμένοντας·ἦ
3319 4409 3582 4483 στρατιάν
3616 4427 3756 4472 τινα,

499 4499 720 4555 familia:
767 4507 915 4555 recte
963 4499 1300 4568 compositae,
1353 4499 1635 4553 dominum
1691 4514 1850 4553 suum
1909 4505 1964 4553 et
2009 4498 2078 4551 li-

2182 4496 2271 4549 τὸν
2322 4498 2532 4551 ἑαυτῶν
2586 4498 2840 4569 βασιλέα·
2879 4498 2912 4569 ἢ
2945 4499 3185 4554 οἶκετίαν
3228 4501 3454 4572 σεμνὴν,
3498 4501 3591 4557 τὸν
3633 4503 3758 4557 ἐαυ-

498 4587 846 4653 beratorem,
898 4595 1304 4657 exspectantes.
1360 4585 1520 4640 Nulla
1573 4587 1713 4656 apud
1770 4602 1864 4641 eos
1926 4587 2079 4643 solli-

500 4678 711 4742 citudo,
753 4693 859 4733 non
894 4678 1244 4742 vestimenti,
1298 4693 1408 4732 non
1446 4678 1512 4734 de
1561 4679 1702 4732 cibis
1760 4693 1931 4743 cura,
1981 4680 2077 4734 sed

501 4770 667 4823 unica
699 4772 843 4823 inter
880 4769 1110 4839 hymnos
1152 4769 1490 4837 exspectatio
1523 4768 1796 4823 adventus
1845 4760 2073 4824 Christi.

502 4858 773 4925 Quocirca
802 4860 1023 4929 quoties
1057 4860 1259 4929 aliquis
1306 4874 1371 4914 ex
1414 4859 1552 4929 ipsis
1601 4859 1766 4914 rebus
1817 4859 1883 4912 ad
1917 4875 2073 4915 usum

502 4951 834 5006 necessariis
877 4951 1193 5022 indiguerit,
1228 4966 1336 5005 non
1360 4950 1639 5004 civitatem
1666 4952 1917 5021 requirit,
1961 4968 2076 5006 non

501 5043 707 5103 vicum,
764 5058 871 5096 non
912 5042 1157 5109 fratrem,
1214 5043 1472 5104 amicum,
1513 5051 1830 5110 cognatum,
1885 5058 2080 5113 paren-

500 5143 605 5201 tes,
667 5134 901 5199 liberos,
962 5132 1218 5198 famulos,
1266 5140 1326 5187 ut
1366 5134 1492 5188 inde
1543 5150 1607 5189 ea
1648 5143 1929 5206 comparet
1950 5135 2075 5204 qui-

500 5225 606 5282 bus
642 5241 781 5295 opus
813 5225 1006 5292 habet;
1042 5224 1139 5281 sed
1163 5225 1275 5281 sola
1305 5223 1507 5282 suﬂicit
1532 5227 1815 5284 voluntas.
1839 5240 1960 5294 quae
1981 5240 2076 5279 ex-

498 5315 734 5372 tendens
772 5330 967 5370 manus
1011 5314 1079 5368 ad
1127 5314 1333 5384 gratias
1382 5314 1489 5368 Deo
1527 5313 1764 5381 agendas
1803 5314 2075 5382 aperiens,

500 5420 697 5465 cuncta
721 5409 839 5464 haec
860 5409 907 5464 ci
928 5408 1199 5480 stupendo
1221 5406 1385 5462 modo
1412 5407 1686 5462 exltiheat.
1710 5404 1775 5459 Et
1802 5421 1931 5460 vero
1947 5404 2079 5476 quid

2178 4588 2289 4640 τῶν
2332 4587 2601 4659 δεσπότην
2655 4590 2752 4643 καὶ
2820 4590 3192 4663 ἐλευθερωτὴν
3239 4592 3630 4663 ἀναμένοντας.
3682 4593 3756 4645 Οὐ

2180 4678 2399 4748 φροντὶς
2427 4679 2665 4750 ὑπάρχει
2710 4680 2841 4750 παρ’
2880 4682 3086 4745 αὐτοῖς,
3124 4682 3225 4735 οὐκ
3253 4681 3504 4751 ἐσθῆτος,
3539 4683 3600 4734 οὐ
3627 4680 3759 4752 βρω-

2180 4768 2364 4839 μάτων
2436 4769 2701 4842 μέριμνα,
2746 4771 2882 4824 ἀλλὰ
2936 4771 3233 4840 προσδοκία
3269 4772 3404 4844 μόνη
3455 4772 3514 4823 ἐν
3569 4770 3759 4842 ὕμνοις

2175 4860 2275 4929 τῆς
2315 4858 2409 4914 τοῦ
2444 4859 2677 4932 Χριστοῦ
2710 4861 3032 4932 παρουσίας.
3064 4860 3368 4934 Τοιγαροῦν
3396 4863 3526 4915 ὅταν
3553 4879 3638 4925 τις
3664 4863 3761 4917 αὑ-

2182 4949 2291 5002 τῶν
2313 4951 2372 5002 ἐν
2400 4953 2522 5014 ταῖς
2554 4952 2884 5021 ἀναγκαίαις
2927 4951 3140 5024 χρείαις
3194 4952 3534 5024 ἐλλείπηται,
3570 4952 3632 5005 οὐ
3668 4952 3764 5005 πό·

2183 5038 2267 5092 λιν
2296 5040 2566 5111 ἐπιζητεῖ,
2610 5042 2670 5095 οὐ
2711 5042 2925 5114 κώμην,
2966 5041 3067 5096 οὐκ
3112 5042 3361 5111 ἀδελφὺν,
3394 5041 3455 5096 οὐ
3494 5041 3670 5111 φίλον,
3700 5041 3761 5094 οὑ

2186 5133 2444 5203 συγγενῆ,
2471 5134 2531 5186 οὑ
2566 5137 2765 5202 γονεῖς,
2796 5134 2856 5187 οὑ
2882 5133 3068 5200 τέκνα,
3098 5135 3199 5186 οὐκ
3221 5132 3480 5195 οίκετίαν,
3512 5132 3600 5185 ἵνα
3623 5131 3764 5183 ἐκεῖ·

2185 5225 2277 5279 θεν
2308 5224 2407 5287 τὰς
2448 5225 2638 5296 χρείας
2681 5227 2972 5298 πορίσηται
2993 5241 3006 5254 ·
3053 5224 3167 5278 ἀλλ’
3196 5226 3231 5295 ἡ
3280 5223 3531 5296 βούλησις
3560 5222 3763 5294 ἧρκεσε

2188 5315 2343 5386 μόνη,
2375 5314 2512 5384 πρὸς
2546 5315 2755 5370 ἱκεσίαν
2783 5315 2880 5379 τὰς
2905 5317 3093 5386 χεῖρας
3123 5315 3428 5381 ἐκτείνασα,
3463 5313 3557 5367 καὶ
3575 5310 3764 5381 λόγους

2180 5404 2533 5476 εὐχαριστίας
2586 5404 2706 5475 Θεῷ
2755 5406 2820 5458 ἐκ
2868 5404 3092 5475 χειλέων
3147 5404 3525 5478 προφέρουσα,
3591 5401 3763 5457 ταῦτα

573 5589 594 5621 ³
624 5586 770 5644 Psal.
805 5604 992 5655 cxvm,
1027 5588 1147 5644 165.
1217 5588 1239 5620 ⁸
1268 5586 1436 5643 Abest
1464 5587 1703 5655 ἐπαξίως
1733 5587 1803 5643 ab
1831 5586 1901 5642 al.
1983 5586 2006 5618 ⁸
2029 5587 2082 5644 Al

2182 5604 2309 5647 rscr.
2336 5581 2424 5660 ἦς.

578 5741 654 5807 (3i
701 5742 1040 5810 Tdvydyor.
1111 5740 1362 5803 Ruﬁnus,
1397 5758 1603 5804 uonten,
1645 5741 1840 5810 δνομα.
1882 5747 1942 5794 ιιι
1977 5740 2082 5795 hab

2182 5741 2351 5798 codex
2380 5742 2804 5808 Alexandrinus,
2842 5758 3050 5799 necnon
3087 5742 3353 5809 llilarius,
3383 5751 3435 5800 et
3483 5742 3755 5800 interdum

503 5810 794 5878 Origenes.
818 5809 948 5865 Vide
975 5826 1190 5880 quoque
1223 5811 1571 5868 Theodorum
1604 5813 1657 5865 in
1692 5809 1918 5865 (Iatcna.
