4062 6332
287 344 323 378 ὁ

265 431 367 488 455

1524 429 1920 487 I‘ARADISITS
1956 429 2267 489 PATRUM.

3422 435 3526 493 “6

272 548 331 614 ἐξ
369 547 665 620 ἀμηχάνων
713 546 862 618 αὐτῷ
903 545 1082 602 πάντα
1128 548 1495 620 παραστῆσαι.
1538 547 1645 602 Καὶ
1671 546 1727 601 τί
1763 545 1859 600 δείκ

1965 548 2104 603 itura
2142 549 2395 606 dicamus
2430 547 2497 604 de
2527 547 2630 605 [ide
2662 549 2879 606 illorum
2909 565 3040 623 erga
3077 549 3382 614 Christum,
3404 565 3528 623 que

267 639 436 694 πολλὰ
474 639 653 707 λέγειν
689 639 817 710 περ)⁸
868 641 967 711 τῆς
1010 639 1093 702 είς
1126 636 1217 691 τὸν
1264 638 1496 710 Χριστὸν
1543 639 1706 693 αὑτὸν
1754 637 1844 691 πί-

270 748 460 797 στεως,
511 731 818 803 δυναμένης
857 732 951 787 καὶ
996 732 1099 803 ὅρη
1132 732 1481 803 μεθιστάναις
1513 731 1707 785 Πολλοὶ
1735 730 1849 801 γάρ

268 822 449 877 αὐτῶν
464 824 557 877 καὶ
577 824 844 894 ¹ιιιοταμῶν
869 822 964 901 ρεύ
973 840 1117 895 ματα
1132 823 1210 895 (ι)
1227 823 1480 892 ἔστησαν,
1497 823 1590 876 καὶ
1613 823 1704 875 τὸν
1720 822 1851 875 Νετ-

268 914 359 969 λον
386 914 709 977 ἐπέζευσαν.
731 917 825 969 καὶ
854 915 1028 988 θῆρας
1052 915 1400 977 ἀπέκτειναν,
1418 914 1513 968 καὶ
1540 914 1730 978 ἰάσεις,
1750 914 1849 968 καὶ

272 1005 545 1076 Θαύματα,
564 1004 657 1058 καὶ
680 1004 958 1075 δυνάμεις,
986 1006 1117 1069 ὅσας
1139 1007 1188 1059 οί
1218 1007 1364 1074 ἆγιοι
1400 1005 1617 1059 ἐποίουν
1635 1005 1849 1076 προφῆ-

273 1106 365 1144 ται
389 1092 483 1144 καὶ
512 1091 822 1154 ἀπόστολοι,
848 1093 1198 1148 ἐπετέλεσαν.
1231 1094 1341 1148 Καὶ
1372 1094 1634 1157 ὡσαύτως
1654 1093 1722 1147 δι’
1749 1094 1849 1147 αύ-

274 1180 383 1235 ςῶν
418 1182 825 1254 θαυματουργεῖ
850 1186 878 1238 ό
909 1186 1127 1258 Σωτήρο
1160 1186 1253 1241 καὶ
1286 1189 1450 1241 πᾶσιν
1484 1185 1706 1257 εύδηλόν
1733 1187 1849 1239 ἐστι

275 1276 388 1336 τοῖς
414 1274 551 1337 ἐκεῖ,
601 1273 679 1338 ὡς
718 1274 786 1328 δι’
815 1276 996 1330 αὐτῶν
1045 1277 1277 1349 ἔστηκεν
1307 1281 1336 1333 ὁ
1383 1278 1608 1349 κόσμος,
1644 1279 1739 1332 καὶ
1782 1276 1847 1331 δι’

275 1360 474 1425 αὐτοὺς
495 1362 648 1434 παρὰ
672 1362 792 1434 Θεῷ
822 1364 1022 1437 ἕστηκε
1044 1369 1140 1421 καὶ
1161 1368 1449 1439 τετίμηται
1471 1368 1504 1439 ἡ
1535 1367 1847 1439 ἀνθρωπίνη

278 1450 411 1523 ζωή.
456 1453 594 1507 Ἴδον
623 1454 681 1508 δὲ
723 1456 819 1510 καὶ
851 1454 1037 1529 ἕτερον
1072 1457 1276 1528 πλῆθος
1313 1460 1537 1530 ἄπειρον
1577 1457 1848 1531 μοναχῶν,

277 1542 371 1596 καὶ
397 1542 472 1613 μὴ
496 1543 790 1616 δυνάμενον
823 1546 1042 1619 ἀριθμῷ
1071 1547 1487 1615 ύποϐάλλεσθαι,
1513 1550 1694 1603 πᾶσαν
1728 1548 1850 1619 ἡλι-

278 1633 402 1686 κίαν
431 1634 556 1706 ἕχον
584 1637 644 1690 ἐν
676 1639 798 1701 ταῖς
836 1639 1085 1711 ἐρήμοις,
1110 1641 1205 1695 καὶ
1236 1642 1295 1694 ἐν
1326 1643 1446 1705 ταῖς
1471 1640 1699 1713 χώραις,
1728 1641 1852 1695 ὅσον

278 1725 340 1777 ού
364 1725 586 1783 δύναται
625 1727 876 1798 βασιλεὺς
918 1732 1106 1803 γήϊνος
1140 1732 1320 1804 ἐαυτῷ
1361 1734 1678 1805 στράτευμα
1721 1750 1851 1786 συν-

280 1816 549 1888 αθροίσαι.
584 1819 659 1873 οὐ
701 1819 811 1891 γάρ
834 1822 951 1875 ἐστι
994 1819 1153 1894 κώμη
1184 1821 1308 1876 οὔτε
1336 1822 1488 1885 πόλις
1510 1824 1567 1877 ἐν
1590 1822 1852 1895 Αἰγύπτῳ

278 1925 339 1961 τε
366 1910 466 1963 καὶ⁸
496 1910 745 1981 Θηϐαΐδι,
780 1913 814 1984 ἡ
852 1914 973 1984 οὐχὶ
1002 1916 1115 1978 τοῖς
1177 1914 1560 1987 μοναστηρίοις
1601 1915 1854 1987 καθάπερ

278 2000 484 2070 τείχεσι
514 2001 902 2073 περιϐέϐληται
919 2020 933 2035 ·
954 2005 1051 2058 καὶ
1070 2007 1190 2068 ταῖς
1225 2005 1404 2059 αὐτῶν
1431 2008 1619 2078 εὐχαῖς
1644 2009 1694 2061 oi
1714 2008 1852 2074 λαοὶ,

281 2092 470 2164 ὥσπερ
498 2094 595 2147 ἐπὶ
640 2093 720 2165 τῷ
750 2095 871 2166 Θεῷ
897 2097 1285 2168 ἐπερείδονται.
1319 2099 1429 2152 Καὶ
1456 2101 1504 2152 ot
1537 2100 1634 2170 μὲν
1658 2102 1716 2153 ἐν
1744 2103 1855 2165 τοῖς

283 2184 593 2255 σπηλαίοις,
624 2188 684 2240 ἐν
722 2188 974 2258 ἐρήμοις,
1005 2189 1056 2241 ot
1085 2188 1142 2243 δὲ
1186 2190 1244 2243 ἐν
1292 2192 1405 2254 τοῖς
1452 2191 1790 2264 ἀποπάτροις
1811 2191 1855 2254 ⁸,

281 2276 485 2341 πάντες
556 2277 833 2348 πανταχοῦ
913 2278 1348 2348 φιλονεικότατον
1401 2282 1644 2351 ἀλλήλων
1676 2323 1691 2345 ,
1758 2282 1858 2353 τὴν

282 2367 491 2423 ἑαυτῶν
537 2369 772 2440 ἄσκησιν
821 2370 1142 2443 θαυμαστὴν
1191 2372 1609 2428 ἐπιδείκνυνται.
1644 2375 1705 2427 Οί
1762 2375 1858 2444 μὲν

283 2460 574 2533 πόρρωθεν
613 2462 1030 2528 σπουδάζοντες,
1061 2466 1132 2535 μή
1161 2482 1246 2529 τις
1281 2465 1469 2536 ἔτερος
1502 2467 1557 2520 ἐν
1580 2468 1690 2530 τοῖς
1732 2483 1861 2521 κατ-

281 2550 600 2623 ορθώμασιν
635 2553 832 2616 αὐτοὺς
870 2554 1230 2626 ὑπερϐάλλον
1272 2557 1320 2608 οἱ
1362 2554 1419 2607 δὲ
1463 2555 1713 2624 ἐγγύθεν,
1784 2557 1859 2629 μὴ

280 2639 384 2710 τῆς
428 2641 629 2705 κακίας
655 2644 842 2708 αὐτοῖς
876 2644 1217 2716 πανταχόθεν
1246 2644 1528 2716 ὁχλούσης.
1563 2640 1725 2717 ἦττον
1754 2646 1861 2699 τῶν

283 2734 626 2804 πορρωτάτω
650 2734 1117 2807 εὐδοκιμήσουσιν.
1151 2736 1313 2791 ὈΘεν
1359 2737 1559 2808 πολλὴν
1597 2736 1861 2806 ὠφέλειαν

286 2824 346 2890 ἐξ
381 2825 563 2878 αὐτῶν
603 2825 993 2898 πορισάμενος,
1043 2827 1136 2881 ἐπὶ
1188 2828 1288 2901 τὴν
1341 2828 1602 2900 ἐξήγησιν
1659 2830 1863 2901 ταύτην

284 2914 572 2987 ἐχώρησαο
628 2917 770 2990 πρὸς
813 2919 973 2989 ζῆλον
1058 2921 1155 2991 μὲν
1237 2920 1334 2973 καὶ
1390 2921 1698 2991 ὑπόμνησιν
1748 2921 1863 2975 τῶν

286 3006 529 3073 τελείων,
556 3007 694 3080 πρὸς
719 3009 1007 3082 οἰκοδομὴν
1038 3009 1096 3063 δὲ
1145 3012 1241 3065 καὶ
1268 3011 1532 3081 ὠφέλειαν
1562 3011 1671 3066 τῶν
1695 3014 1863 3084 ἀρχο-

291 3096 466 3167 μένων
505 3099 716 3153 ἀσκεῖν.

888 3214 1280 3282 Παράδεισος.

362 3321 594 3394 Πρώτην
631 3316 725 3377 οὗν
762 3323 898 3377 Θεοῦ
953 3325 1201 3391 Θέλοντος
1269 3328 1443 3399 ἀρχὴν
1509 3329 1863 3400 ποιήσωμαιτ

298 3414 643 3485 υφηγήσεως,
692 3416 793 3485 τὴν
842 3416 950 3470 τῶν
996 3417 1164 3487 ἁγίων
1194 3420 1288 3473 καὶ
1333 3420 1581 3489 μεγάλων
1608 3421 1869 3491 Πατὲρων

296 3506 570 3563 πολιτείαν
598 3508 1039 3581 ἐκδιηγούμενος,
1071 3512 1147 3575 ὡς
1182 3512 1264 3564 ὅτι
1297 3513 1390 3565 καὶ
1414 3511 1509 3564 νῦν
1549 3511 1617 3566 τά
1643 3513 1817 3566 αὑτὰ⁸
1842 3515 1870 3567 ὁ

294 3599 486 3670 Σωτὴρ
516 3601 585 3653 δι’
614 3601 795 3656 αὐτῶν
840 3606 1076 3675 ἐνεργεῖ,
1117 3605 1261 3676 άπερ
1292 3597 1379 3659 διὰ
1422 3605 1531 3657 τῶν
1578 3605 1871 3679 προφητῶν

295 3689 388 3742 καὶ
440 3690 757 3769 ἀποστόλων
811 3693 1134 3763 ἐνήργησεν.
1183 3695 1243 3747 ’0
1297 3694 1404 3767 γὰρ
1454 3694 1615 3757 αὐτὸς
1667 3694 1868 3765 Κύριός

295 3780 434 3846 ἐστι,
467 3780 565 3834 καὶ¹
609 3782 733 3836 τότε
779 3783 875 3837 καὶ
906 3783 999 3837 νῦν
1029 3786 1124 3837 καὶ
1160 3787 1240 3849 εἰς
1288 3784 1500 3846 ἔπειτα,
1534 3787 1772 3857 ἐνεργῶν
1806 3787 1873 3839 τὰ

297 3873 477 3928 πάντα
508 3875 569 3928 ἐν
593 3876 782 3930 πᾶσιν.
834 3876 1177 3947 ἘΘεασάμ-ην
1210 3873 1303 3930 οὖν
1334 3877 1446 3945 ἐγὼ
1484 3877 1542 3929 ἐν
1566 3880 1678 3940 τοῖς
1706 3878 1875 3949 ὁρίοις

298 3968 394 4037 τῆς
431 3967 631 4022 Λύκων
657 3969 679 4001 ⁹
702 3969 802 4039 τῆς
835 3969 1122 4041 Θηϐαΐδος,
1157 3970 1248 4024 τὸν
1283 3970 1458 4041 μέγαν
1487 3970 1583 4022 καὶ
1610 3971 1876 4044 μακάριον

313 4060 568 4131 Ἰωάννην
593 4060 692 4133 (5).

608 4175 749 4243 Περὶ
780 4175 887 4243 τῆς
930 4176 1294 4247 Ὀξιερύγχου
1322 4182 1572 4247 πόλεως.

375 4286 804 4358 Παρεγενόμεθα
858 4287 915 4341 δὲ
968 4288 1064 4341 καὶ
1112 4291 1193 4352 είς
1253 4290 1581 4360 Ὀξύρυγχόν
1628 4291 1705 4360 (6)
1758 4308 1882 4343 τινα

1951 640 2124 708 possit
2160 641 2325 695 etiam
2372 648 2587 697 montes
2631 641 2931 699 transferre
2958 641 3044 697 “Y
3092 640 3227 697 Nam
3279 643 3526 713 ipsorum

1950 730 2261 801 complures
2301 728 2590 793 ﬂuviorum
2636 733 3008 805 irrumpentes
3057 732 3238 789 undas
3277 734 3526 789 retinue-

1951 829 2101 887 runt,
2130 821 2313 876 Nilum
2346 823 2579 894 pedibus
2602 828 2960 892 transierunt,
2996 825 3141 881 feras
3154 830 3527 897 peremerunt,

1952 920 2117 982 atque
2159 912 2479 968 morborum
2530 915 2883 981 curationes,
2934 916 3222 980 miracula,
3279 915 3530 971 maxime:

1952 1004 2209 1073 potentia:
2248 1019 2413 1075 opera
2460 1003 2774 1067 ediderunt,
2808 1007 2991 1077 qualia
3031 1008 3207 1063 sancti
3253 1005 3531 1063 faciebant

1952 1091 2231 1161 praphetaa
2259 1102 2422 1163 atque
2445 1094 2678 1164 apostoli
2709 1108 2723 1145 :
2748 1094 3023 1150 consimili
3057 1095 3220 1151 modo
3252 1110 3349 1167 per
3381 1095 3532 1166 ipsos

1951 1182 2228 1237 mirabilia
2259 1192 2522 1255 operatur
2565 1183 2856 1253 Servator;
2896 1187 3222 1257 cunctisque
3263 1186 3412 1241 illius
3451 1201 3534 1241 re-

1951 1272 2133 1343 gionis
2164 1273 2480 1331 hominibus
2502 1276 2711 1330 clarum
2732 1284 2837 1339 est,
2870 1290 2968 1346 per
2996 1291 3093 1332 eos
3123 1275 3384 1331 mundum
3406 1290 3535 1331 cou-

1953 1364 2169 1432 sistere,
2209 1382 2307 1436 per
2340 1382 2437 1422 eos
2479 1374 2629 1423 stare
2670 1366 2815 1439 apud
2854 1366 3022 1421 Deum
3063 1375 3118 1422 et
3157 1368 3363 1423 honore
3392 1365 3530 1423 afﬁci

1951 1456 2121 1511 vitam
2181 1457 2500 1514 humanam.
2556 1457 2679 1514 Vidi
2725 1474 2946 1530 quoque
2997 1459 3158 1513 aliam
3210 1460 3532 1514 immensam

1953 1550 2356 1606 multitudinem
2384 1550 2802 1618 monachorum,
2833 1566 3062 1622 quaeque
3091 1550 3195 1605 sub
3245 1564 3533 1605 numerum

1954 1640 2154 1697 cadere
2183 1641 2393 1713 nequit,
2420 1650 2767 1699 constantem
2801 1641 2949 1697 omui
2978 1650 3157 1703 aetate,
3187 1640 3242 1695 in
3275 1640 3533 1706 desertis,

1953 1731 2011 1787 in
2050 1732 2385 1803 regionibus,
2426 1740 2666 1799 tantam,
2715 1738 2914 1788 utnon
2951 1733 3129 1804 possit
3153 1739 3407 1787 terrenus
3434 1730 3539 1785 im-

1954 1829 2176 1892 perator
2211 1823 2348 1879 adeo
2388 1824 2659 1895 ingentem
2698 1823 2803 1880 sibi
2832 1826 3135 1879 exercitum
3165 1838 3383 1895 cogere.
3416 1819 3538 1879 Non

1956 1923 2043 1967 est
2068 1914 2215 1968 enim
2251 1914 2377 1967 villa
2413 1930 2593 1984 neque
2620 1914 2751 1970 urbs
2775 1914 2830 1969 in
2864 1913 3106 1987 (Egypto
3132 1929 3197 1971 ac
3237 1912 3539 1977 Thebaide,

1956 2021 2078 2076 quae
2126 2022 2234 2060 non
2296 2006 2679 2071 monasteriis,
2738 2007 2884 2061 sicut
2936 2006 3132 2073 muris,
3190 2006 3372 2060 cincta
3430 2005 3539 2070 sit;
3642 1988 3645 1993 ’

1955 2111 2261 2168 eorumque
2306 2098 2564 2167 precibus
2614 2098 2822 2169 populi,
2872 2106 3130 2167 tanquam
3165 2096 3220 2150 in
3257 2094 3368 2151 Deo
3394 2095 3543 2150 inni-

1956 2195 2169 2242 tuntur.
2213 2189 2391 2259 Atque
2419 2189 2510 2242 alii
2545 2189 2598 2243 iu
2632 2189 2931 2259 speluncis,
2962 2204 3062 2260 per
3088 2202 3326 2251 eremos,
3359 2187 3452 2241 alii
3486 2187 3541 2242 in

1958 2281 2094 2337 locis
2121 2280 2527 2344 remotissimis,
2555 2295 2747 2336 omnes
2780 2279 3004 2350 ubique,
3037 2279 3180 2334 inter
3213 2294 3274 2334 se
3302 2278 3542 2333 maxime

1959 2368 2362 2432 contendendo,
2405 2368 2715 2423 mirabilem
2756 2383 2909 2424 suam
2940 2368 3238 2424 ostendunt
3282 2366 3547 2423 exercita-

1961 2462 2187 2525 tionem,
2213 2460 2305 2532 qui
2342 2469 2472 2517 sunt
2507 2460 2575 2515 de
2609 2458 2912 2530 longinquo
2936 2459 3301 2515 conuituntur
3325 2471 3395 2512 ue
3418 2456 3545 2526 quis

1962 2556 2104 2610 alius
2139 2556 2289 2626 ipsos
2322 2555 2375 2608 in
2402 2561 2549 2609 recte
2581 2552 2740 2608 factis
2766 2559 3022 2624 superet;
3062 2550 3244 2605 caateri
3274 2548 3343 2605 de
3371 2551 3548 2622 proxi-

1962 2662 2073 2707 mo.
2138 2661 2207 2701 ne
2278 2645 2484 2699 malitia
2540 2661 2636 2701 eos
2687 2644 2931 2715 undique
2988 2650 3304 2714 premente,
3363 2640 3547 2696 minus

1964 2751 2127 2806 quatn
2168 2734 2523 2791 remotissimi
2566 2734 3015 2803 comprobentur.
3062 2728 3215 2787 Unde
3248 2729 3545 2801 plurimum

1963 2828 2319 2884 emolumenti
2350 2844 2472 2883 cum
2496 2843 2559 2882 ex
2587 2827 2724 2896 ipsis
2755 2824 3053 2895 cepissem,
3086 2824 3141 2878 in
3178 2822 3324 2877 hanc
3350 2819 3547 2878 deveni

1963 2918 2400 2982 enarrationem;
2432 2916 2500 2971 ad
2531 2915 2932 2970 :emulationcm
2976 2925 3031 2970 et
3060 2913 3548 2968 commonitionem

1964 3006 2359 3077 perfectorum,
2377 3005 2792 3061 aediﬁcationem
2812 3019 2939 3059 vero
2962 3019 3026 3058 ac
3044 3004 3335 3060 utilitatem
3358 3017 3549 3059 eorum

1965 3099 2057 3169 qui
2091 3099 2145 3153 in
2181 3098 2474 3154 sanctitate
2496 3112 2757 3153 exercere
2784 3111 2844 3152 se
2871 3095 3162 3167 incipiunt.

2602 3210 2921 3265 Paradt’sus.

2018 3328 2057 3397 ,ί
2073 3327 2141 3396 7)
2185 3325 2403 3380 Initium
2454 3325 2645 3395 itaque
2701 3324 3075 3385 narrationis,
3135 3322 3245 3379 Deo
3301 3323 3551 3388 volente,

1971 3421 2189 3483 faciam,
2212 3428 2529 3475 sanctorum
2568 3432 3003 3487 magnorumque
3036 3415 3261 3470 Patrum
3294 3415 3463 3469 vitam
3499 3423 3555 3469 ct

1970 3520 2119 3581 gesta
2160 3521 2554 3573 enarraturus;
2600 3507 2747 3580 quod
2789 3523 2933 3562 nunc
2970 3507 3134 3563 etiam
3176 3505 3435 3560 SerVator
3464 3519 3556 3559 ea-

1971 3603 2093 3669 dem
2124 3618 2221 3673 per
2262 3602 2384 3656 illos
2413 3609 2691 3671 operetur,
2716 3616 2838 3671 qua:
2877 3616 2973 3669 per
2998 3600 3296 3669 prophetas
3336 3607 3391 3651 et
3432 3611 3558 3668 προς

1974 3697 2147 3751 stolos
2170 3695 2360 3751 edidit.
2394 3696 2536 3749 Idem
2565 3695 2766 3764 quippe
2796 3703 2879 3749 est
2905 3693 3191 3755 Domitius,
3226 3699 3279 3745 ct
3310 3699 3466 3756 tunc,
3499 3695 3560 3745 et

1976 3803 2144 3849 nunc,
2181 3796 2236 3842 et
2266 3788 2322 3840 in
2370 3795 2673 3856 posterum,
2716 3794 2914 3839 cuncta
2957 3785 3010 3837 in
3042 3784 3258 3838 cunctis
3294 3782 3556 3839 cliiciens.

1977 3880 2099 3935 Vidi
2142 3896 2272 3950 ergo
2302 3896 2402 3950 ego
2434 3880 2487 3934 in
2534 3879 2734 3933 finibus
2763 3878 2909 3950 Lyco
2932 3895 3053 3948 quae
3092 3878 3224 3934 urbs
3263 3876 3561 3933 Thebaidis

1976 3979 2083 4035 est,
2114 3986 2370 4042 magnum
2404 3972 2731 4040 beatumque
2759 3968 3051 4026 Joannem.

2440 4161 2517 4216 De
2537 4162 2855 4233 Oxyryncho
2873 4162 3104 4214 civitate.

2055 4279 2131 4351 (8)
2171 4278 2434 4334 Venimus
2471 4287 2649 4333 autem
2689 4285 2742 4331 et
2770 4276 2834 4330 ad
2865 4272 3255 4345 Oxyrynchum
3280 4271 3560 4327 civitatem

305 4380 462 4432 πόλιν
491 4379 593 4449 τῆς
620 4378 906 4449 Θηϐαΐδος,
937 4375 1006 4451 ἦς
1044 4380 1145 4433 οὐκ
1188 4380 1338 4434 ἔστιν
1365 4383 1538 4435 εἰπεῖν
1573 4383 1692 4436 κατ’
1724 4383 1863 4447 ἀξίαπ

1983 4370 2273 4441 quamdam
2319 4368 2635 4432 Thebaidis,
2677 4367 2836 4437 cujus
2866 4364 3140 4419 mirabilia
3166 4379 3267 4435 pro
3295 4362 3564 4434 dignitate

304 4472 373 4525 τὰ
404 4470 683 4541 θαύματα.
712 4470 878 4540 Γὲμει
908 4470 1015 4541 γὰρ
1048 4470 1258 4525 ἔνδοθεν
1283 4471 1454 4536 οὕτως
1488 4473 1881 4544 μοναστηρίων,

1985 4478 2212 4523 narrare
2256 4476 2367 4516 non
2415 4461 2564 4516 licet.
2612 4460 2761 4513 Adeo
2814 4457 2960 4513 enim
3022 4456 3230 4525 repleta
3287 4463 3372 4509 est
3415 4453 3566 4508 intus

308 4561 382 4624 ὡς
412 4560 481 4613 τὰ
511 4560 669 4630 τείχη
717 4561 808 4612 ὑπ’
837 4560 1016 4612 αὐτῶν
1046 4559 1367 4624 ἐξωθεῖσθαι
1392 4561 1436 4591 ¹⁰
1454 4560 1565 4613 τῶν
1600 4560 1847 4632 μοναχῶν

1991 4554 2362 4619 monasteriis,
2398 4560 2459 4609 ut
2481 4552 2622 4606 muri
2659 4566 2725 4605 ex
2751 4550 2889 4621 ipsis
2917 4554 3213 4619 personent
3236 4544 3519 4600 monachis
3548 4559 3562 4595 :

311 4650 626 4723 περιέχεται
654 4650 714 4703 δὲ
735 4650 934 4715 ἔξωθεν
959 4652 1169 4722 ἑτέροις
1198 4670 1435 4723 μοναστη
1446 4652 1598 4724 ρίοις,
1622 4653 1696 4716 ὡς
1718 4652 1863 4721 άλληι

1993 4646 2364 4700 circumdatur
2410 4650 2592 4698 autem
2641 4640 2988 4696 extrinsecus
3030 4637 3154 4691 aliis
3193 4633 3563 4698 monasteriis,

312 4741 447 4799 εἶναι
483 4744 636 4815 παρά
677 4743 883 4813 ταύτην
916 4744 1013 4815 τὴν
1054 4743 1158 4809 ἔξω
1189 4744 1362 4796 πόλιν.
1402 4744 1640 4813 Ἐγεμον
1682 4742 1737 4795 δὲ
1790 4745 1863 4813 τῆι

1989 4741 2166 4794 instar
2204 4736 2429 4792 alterius
2466 4735 2759 4792 exterioris
2792 4733 3052 4787 civitatis.
3098 4726 3568 4799 ttefertaquoque

313 4836 521 4899 πόλεως
556 4836 606 4889 οἱ
632 4837 750 4889 ναοὶ
784 4836 877 4889 καὶ
901 4835 969 4888 τὰ
997 4834 1313 4888 καπετώλια
1348 4837 1457 4891 τῶν
1492 4833 1762 4904 μοναχῶν,
1792 4852 1862 4886 κα

1989 4836 2148 4884 erant
2191 4827 2345 4884 urbis
2390 4826 2593 4896 templa
2621 4833 2674 4879 et
2721 4822 2981 4893 capitolia
3025 4819 3330 4881 monachis,
3364 4830 3570 4887 perque

315 4928 455 4982 κατὰ
490 4928 600 4981 πᾶν
633 4927 800 4998 μέρος
828 4926 927 4992 τῆς
958 4927 1162 4989 πόλεως
1191 4924 1368 4996 ᾤκουν
1392 4928 1439 4979 οἱ
1460 4927 1700 4997 μοναχοί.
1720 4928 1891 4979 Δεκαο

315 5019 406 5073 δύο
427 5020 539 5091 γάρ
569 5021 707 5073 εἰσιν
729 5021 787 5072 ὲν
811 5020 947 5089 αὐτῇ
980 5018 1290 5089 ἐκκλησίαι,
1321 5018 1582 5089 μεγίστης
1601 5017 1766 5087 οὓσης
1791 5018 1892 5085 τῆς

321 5112 545 5178 πόλεως,
567 5111 626 5165 ἐν
649 5104 737 5174 αἷς
773 5112 823 5163 οί
856 5109 1002 5180 ὄχλοι
1034 5110 1380 5178 συνάγονται.
1421 5110 1503 5163 Τὰ
1529 5109 1637 5182 γὰρ
1665 5110 1774 5162 τῶν
1803 5127 1890 5180 μο-

1991 4940 2184 4979 omnes
2232 4923 2385 4977 urbis
2432 4922 2683 4991 regiones
2734 4917 3051 4972 habitabant
3108 4912 3383 4968 monachi.
3433 4906 3571 4961 Nam

1994 5015 2281 5070 duodecim
2322 5013 2377 5067 in
2407 5028 2470 5067 ea
2503 5019 2631 5065 sunt
2666 5009 2930 5069 ecclesiae,
2958 5013 3143 5075 utpote
3179 5002 3412 5056 maxima
3444 4997 3571 5052 civi-

1995 5117 2129 5173 tate,
2183 5108 2237 5161 in
2280 5105 2481 5177 quibus
2520 5103 2672 5173 plebs
2714 5107 3099 5171 congregatur.
3142 5094 3353 5149 Etenim
3388 5103 3572 5145 mona-

386 5267 407 5298 ⁸
439 5266 527 5320 Al.
582 5264 911 5328 ἀπωτάτοις.
984 5265 1005 5295 ⁷
1046 5263 1131 5317 Al.
1166 5264 1395 5334 ποιήσω.
1488 5263 1510 5294 ⁸
1541 5263 1625 5316 Al.
1656 5261 1863 5316 ἑαυτοῦ.

1965 5264 1970 5289 ’
2010 5262 2096 5317 ΔΙ.
2138 5258 2322 5314 Λυκῶ.
2403 5258 2447 5291 ¹⁰
2482 5258 2566 5312 Al.
2619 5253 2949 5326 ὲξηχεῖσθαι.
2992 5253 3033 5282 ¹¹
3063 5248 3251 5303 Matth.
3281 5243 3514 5311 xvu,i9.

388 5422 465 5491 (4)
504 5419 797 5489 Ποταμῶν
812 5421 1097 5491 ῥεύματα.
1128 5420 1441 5491 Bonifacius
1461 5428 1667 5491 martyr
1686 5422 1842 5487 epist.
1872 5424 1891 5476 l

323 5489 488 5549 (nunc
514 5492 583 5552 At,
622 5490 832 5544 Patrot.
874 5490 1077 5544 Latina:
1108 5501 1146 5545 t.
1182 5489 1439 5543 LXXXIX
1467 5529 1480 5549 ,
1513 5489 1618 5545 col.
1653 5491 1757 5544 695
1788 5491 1847 5552 Β)
1883 5510 1894 5544 :

2079 5421 2156 5485 (5')
2200 5418 2254 5470 In
2280 5418 2525 5472 Historia
2556 5414 2817 5485 Lattsiaca
2845 5407 3097 5485 Palladii,
3129 5420 3248 5473 cap.
3269 5404 3359 5485 Β.

2196 5488 2586 5554 Ὀξύρυγχων.
2626 5476 3184 5554 Ριῑυιειγζρρμτιιρίιορ
3231 5476 3570 5554 (et-notitias,

328 5540 828 5631 fiuiversi'aurt'legi
863 5562 1147 5631 Ambranos
1169 5569 1360 5626 apotou
1393 5540 1723 5631 grammatea
1752 5540 1896 5629 agris
2005 5540 2491 5631 lihel'lusurecuiti'
2528 5540 2869 5631 Marcelli-ct
2910 5540 3573 5631 .Fﬂgltsiliniﬂ‘Cla‘fiﬁSilffJ

324 5633 604 5700 frustratis
655 5629 855 5701 afﬂicti.
912 5630 989 5701 Ex
1035 5631 1276 5701 Serario,
1316 5631 1423 5701 άπὸ
1467 5629 1575 5701 τᾶξω
1614 5631 1893 5699 κυμάτων.

2006 5609 2297 5682 situlam},
2324 5609 2502 5680 editus
2527 5621 2699 5690 p.76;
2737 5615 3103 5671 Thcodoritus
3146 5610 3286 5665 Hist.
3326 5609 3457 5665 εδει.
3494 5625 3571 5676 IV,

326 5693 553 5775 l’mpius
608 5693 784 5775 esset,
838 5700 946 5753 ἀπὸ
985 5700 1110 5775 ἐτῶν
1136 5699 1463 5775 ⁸ῥευμάτων.
1526 5698 1638 5775 Sed
1673 5693 1727 5752 et
1754 5703 1863 5775 Δτειττ

1999 5701 2066 5752 iii
2087 5698 2463 5775 :__Nit‘_eph;xt.
2502 5693 2591 5744 22.

322 5770 814 5843 τωνίγραμμάτων
862 5772 998 5825 tueri
1057 5770 1181 5839 quis
1236 5770 1442 5843 possit:
1485 5784 1556 5843 ex
1608 5770 1797 5821 litteris
1830 5786 1890 5823 ac

325 5841 648 5905 eruditione,
684 5842 838 5910 juxta
881 5856 940 5895 ea
975 5859 1094 5910 qum
1131 5841 1347 5909 scriptis
1380 5841 1571 5894 tradita
1600 5849 1745 5892 sunt.

2069 5770 2148 5831 (7)
2202 5760 2301 5818 Vit.
2334 5765 2481 5817 Patr.
2517 5778 2575 5821 tt,
2613 5760 2656 5810 Ι.

2070 5842 2143 5909 (8)
2197 5836 2298 5888 iit.
2338 5834 2485 5886 Patr.
2525 5850 2581 5893 lt,
2620 5833 2667 5879 ἴ».
