4062 6332
465 339 571 395 ιι]

1583 333 1927 390 APPENDIX
1966 335 2058 390 AD
2094 333 2514 391 PALLADIUM.

3595 333 3703 393 ιιι

467 453 756 508 uariorum
787 449 1047 515 oratoria,
1069 463 1165 520 per
1184 447 1610 518 unumquodque
1636 450 2028 506 monasterium

2157 450 2312 522 ιαχῶν
2344 450 2608 521 εὺκτήρια
2662 448 2783 503 καθ’
2809 449 3041 504 ἕκαστον
3083 444 3152 520 ἦν
3196 444 3582 519 μοναστήριονι
3611 451 3713 504 καὶ

470 551 629 605 stunt;
659 542 896 612 denique
924 539 1037 595 fere
1060 538 1316 594 monachi
1345 553 1576 594 numero
1606 548 1868 612 superant
1892 543 2039 596 cives

470 632 786 697 saeculares,
823 629 890 684 ad
924 644 1114 683 omnes
1159 628 1418 683 introitus
1465 629 1618 686 urbis
1659 639 1714 685 et
1758 631 1812 685 in
1854 638 2041 701 porta-

472 737 592 778 rum
634 720 876 775 turribus
910 717 1098 788 positi.
1155 716 1315 772 Certe
1360 723 1507 773 intro
1558 720 1880 776 dicebantur
1919 735 2043 776 esse

474 810 727 866 monachi
782 809 1075 879 quinquies
1124 809 1308 873 mille,
1357 809 1696 880 totidemque
1744 820 1898 865 extra
1949 827 2045 881 per

474 902 766 967 ambitum;
820 916 996 970 neque
1022 900 1155 953 hora
1203 908 1322 955 erat
1377 900 1575 955 diurna
1616 903 1697 955 vel
1740 910 2042 965 nocturna,

473 995 528 1048 in
582 1007 689 1062 qua
730 989 841 1046 Deo
894 1006 1113 1046 sacrum
1154 992 1361 1046 cultum
1406 1006 1515 1046 non
1559 993 1896 1047 exhiberem.
1938 990 2044 1047 Sed

470 1098 575 1138 nec
606 1082 750 1138 ullus
782 1089 899 1135 erat
942 1082 1121 1136 incola
1165 1082 1458 1137 haereticus
1498 1092 1589 1136 aut
1632 1097 1900 1152 paganus,
1936 1081 2047 1137 imo

471 1189 663 1228 omnes
695 1172 904 1243 pariter
919 1174 1089 1236 cives,
1122 1171 1310 1228 ﬁdeles
1340 1180 1395 1227 et
1419 1173 1831 1237 catechumeni;
1875 1173 1950 1226 ita
1989 1181 2048 1226 ut

470 1264 650 1334 possit
702 1264 996 1333 episcopus
1048 1263 1101 1316 in
1162 1264 1338 1334 platea
1402 1278 1591 1333 pacem
1639 1262 1770 1319 dare
1824 1264 2047 1335 populo.

472 1352 644 1407 Porro
696 1354 1051 1424 magistratus
1099 1368 1288 1408 eorum
1338 1368 1403 1409 ac
1446 1354 1731 1424 principes
1767 1355 1905 1423 viri,
1953 1356 2048 1425 qui

471 1458 697 1499 munera
731 1444 944 1515 populis
970 1455 1218 1515 erogant,
1253 1444 1319 1499 ad
1358 1455 1543 1516 portas
1573 1454 1626 1500 et
1666 1446 1732 1500 ad
1768 1447 2050 1516 ingressus

474 1534 847 1603 speculatores
878 1534 1175 1601 collocant,
1199 1545 1257 1588 ut
1288 1536 1463 1591 sicubi
1496 1538 1819 1607 peregrinus
1849 1537 2050 1607 aliquis

475 1639 683 1695 pauper
729 1625 1067 1695 apparuerit,
1108 1626 1172 1680 ad
1200 1641 1294 1682 eos
1335 1627 1589 1690 ducatur,
1629 1639 1954 1698 accepturus
1994 1629 2049 1684 in

475 1716 731 1772 solatium
758 1727 1011 1787 sumptus
1035 1720 1403 1774 necessarios.
1426 1718 1545 1773 Iam
1575 1734 1686 1789 quo
1725 1721 1886 1775 modo
1907 1729 2054 1776 retu-

2144 541 2327 612 σχεδδν
2373 541 2591 605 πλείους
2623 535 2762 611 ἦσαν
2794 542 2842 594 οἱ
2896 542 3138 612 μοναχοὶ,
3176 540 3314 611 ὑπὲρ
3342 540 3468 603 τοὺς
3517 555 3711 609 κοσμι-

2142 634 2269 696 κοὺς
2295 631 2539 696 πολίτας,
2572 631 2715 686 κατὰ
2748 633 2924 696 πάσας
2949 630 3048 694 τὰς
3071 630 3311 695 εἰσόδους
3342 630 3443 701 τῆς
3475 631 3701 698 πόλεως,

2142 724 2236 776 καὶ
2271 724 2329 775 ἐν
2358 725 2468 786 τοῖς
2503 722 2731 794 πύργοις
2757 723 2867 776 τῶν
2910 722 3093 775 πυλῶν
3123 722 3540 792 καταμένοντες.
3577 723 3710 775 Πεν-

2142 811 2461 881 τακισχίλιοι
2492 811 2590 882 μὲν
2624 811 2732 882 γὰρ
2768 811 2989 881 μοναχοὶ
3019 811 3265 879 ἐλέγοντο
3290 807 3429 865 εἶναι
3477 810 3706 873 ἔνδοθεν,

2141 894 2386 949 τοσοῦτοι
2430 896 2487 949 δὲ
2519 896 2686 967 αὐτὴν
2720 896 2916 963 ἔξωθεν
2956 898 3332 968 περιέχοντες·
3369 899 3463 951 καὶ
3507 898 3608 951 οὐκ
3639 893 3709 968 ἦν

2144 979 2263 1051 ὥρα
2289 982 2525 1052 ἡμερινὴ
2557 982 2678 1036 οὐδὲ
2707 982 3016 1054 νυκτερινὴ,
3043 986 3100 1037 ἐν
3202 986 3301 1049 τὰς
3325 985 3579 1056 λατρείας
3611 986 3712 1040 οὐκ

2143 1068 2430 1124 ἐπετέλουν
2447 1070 2526 1141 τῷ
2545 1071 2680 1141 Θεῷ.
2727 1072 2866 1125 Ἀλλ’
2904 1073 3024 1126 οὐδὲ
3043 1068 3123 1137 εἷς
3147 1071 3214 1145 ἦν
3241 1076 3483 1148 οίκήτωρ
3508 1078 3715 1145 αἱρετι⁶
3826 1115 3831 1119 -

2145 1160 2240 1224 κὸς
2267 1160 2387 1214 οὐδὲ
2414 1160 2624 1225 ἐθνικὸς
2652 1164 2710 1215 ὲν
2737 1166 2804 1235 τῇ
2850 1164 3023 1232 πόλει,
3064 1166 3199 1220 ἀλλὰ
3244 1168 3445 1232 πάντες
3495 1168 3631 1240 ὁμοῦ
3663 1169 3715 1222 oi

2146 1253 2358 1306 πολῖται
2393 1253 2572 1307 πιστοὶ
2615 1254 2707 1306 καὶ
2736 1255 3156 1325 κατηχούμενοι,
3187 1256 3262 1320 ὡς
3289 1256 3549 1311 δύνασθαι
3592 1257 3716 1310 δοῦ-

2146 1362 2234 1399 ναι
2263 1344 2355 1398 τὸν
2403 1345 2701 1398 ἐπίσκοπον
2739 1348 2798 1398 ἐν
2845 1348 2911 1417 τῇ
2947 1347 3176 1418 πλατείᾳ
3205 1349 3432 1419 εἰρήνην
3459 1347 3540 1417 τῷ
3576 1347 3711 1417 λαῷ.

2147 1438 2210 1490 Οἱ
2244 1435 2300 1490 δὲ
2328 1438 2626 1508 στρατηγοὶ
2646 1436 2828 1490 αὐτῶν
2865 1438 2957 1490 καὶ
2989 1440 3037 1491 oi
3068 1437 3347 1510 ἄρχοντες,
3375 1440 3423 1492 ot
3446 1439 3546 1502 τὰς
3570 1439 3651 1507 φι)
3663 1455 3719 1491 o-

2146 1528 2335 1599 τιμίας
2358 1531 2468 1593 τοῖς
2493 1529 2686 1599 δήμοις
2724 1528 3055 1601 παρέχοντες
3072 1530 3137 1597 “,
3170 1530 3311 1585 κατὰ
3346 1531 3446 1595 τὰς
3482 1530 3719 1593 εἰσόδους

2151 1620 2385 1684 σκοποὺς
2438 1618 2692 1690 ἔστησαν,
2723 1620 2857 1690 πρὸς
2891 1621 2954 1673 τὸ
2998 1622 3047 1674 εί
3096 1620 3245 1685 ξένος
3291 1637 3376 1685 τις
3427 1620 3720 1691 πενόμενός

2151 1726 2253 1762 που
2287 1708 2482 1778 φανείη
2532 1708 2763 1778 ἀχθῆναι
2796 1709 2931 1780 πρὸς
2962 1710 3182 1772 αὐτοὺς,
3231 1709 3539 1781 ληψόμενον
3583 1708 3723 1780 πρὸς

476 1807 601 1861 ierit
631 1808 903 1878 quispiam
926 1808 1182 1878 pietatem
1208 1809 1558 1879 populorum,
1586 1824 1709 1864 cum
1736 1827 1836 1866 nos
1865 1811 2053 1883 hospi-

2157 1796 2508 1869 παραμυθίαν
2555 1797 2908 1870 ἀναλώματα.
2972 1800 3083 1853 Καὶ
3133 1799 3184 1852 τί
3239 1799 3303 1855 ἄν
3335 1815 3422 1863 τις
3448 1797 3593 1852 εῐποι
3619 1799 3721 1868 τὴν

475 1911 560 1954 tes
589 1898 863 1962 viderunt,
891 1913 989 1968 per
1020 1897 1198 1953 lorum
1235 1908 1619 1968 transeuntes,
1651 1910 1815 1971 atque
1853 1903 1918 1957 ad
1955 1917 2056 1957 nos

475 1990 628 2045 Velut
651 1988 717 2043 ad
751 1988 975 2059 angelos
1004 1989 1396 2045 accesserunt?
1420 1991 1539 2055 Quo
1578 1992 1741 2046 modo
1765 2007 2056 2047 enarratev

478 2082 552 2135 rit
584 2080 991 2134 multitudinem
1031 2080 1428 2135 monachorum
1458 2090 1511 2136 et
1546 2082 1838 2152 virginum,
1865 2099 2056 2139 nume-

478 2183 600 2225 rum
629 2169 1044 2225 excedentium?
1072 2173 1321 2225 Attamen
1345 2169 1487 2241 quod
1524 2186 1554 2224 a
1588 2181 1782 2226 sancto
1808 2172 1914 2226 loci
1940 2172 2057 2242 epi-

479 2275 647 2330 sropo
662 2269 998 2332 compertum
1023 2260 1341 2330 habuimus,
1361 2263 1746 2330 indicabimus,
1776 2264 2035 2319 habuisse

479 2349 634 2403 illum
669 2348 772 2403 sub
804 2363 903 2404 sua
930 2356 1203 2417 potestate
1223 2348 1409 2404 decem
1444 2348 1613 2401 millia
1645 2348 2057 2411 monachorum,

478 2439 669 2510 viginti
715 2439 884 2493 millia
943 2441 1238 2511 virginum.
1300 2437 1568 2494 Caaterum
1631 2438 2057 2509 hospitalitatem

477 2545 694 2597 eorum,
731 2538 788 2584 et
843 2531 1134 2586 charitatis
1182 2530 1616 2601 magnitudinem
1682 2531 1897 2586 edicere
1951 2546 2058 2585 non

480 2624 657 2678 valeo.
701 2621 1160 2678 Discindebantur
1179 2621 1324 2675 enim
1353 2614 1516 2691 pallia
1551 2631 1761 2697 nostra,
1790 2622 1917 2675 dum
1954 2622 2063 2677 sin-

482 2713 595 2783 guli
637 2728 738 2768 nos
785 2712 854 2767 ad
909 2727 969 2767 se
1009 2713 1406 2783 pertraherent.
1448 2713 1629 2782 Atque
1673 2712 1786 2766 illic
1822 2713 2060 2769 vidimus

483 2802 688 2856 multos
727 2816 1069 2871 magnosque
1122 2800 1334 2865 Patres,
1382 2801 1619 2856 diversis
1664 2801 2064 2855 charismatum

484 2892 646 2948 donis
667 2902 915 2955 ornatos,
946 2892 1085 2946 alios
1116 2894 1170 2946 in
1194 2891 1319 2947 vita;
1365 2890 1653 2957 institutis,
1680 2892 1816 2946 alios
1857 2891 1910 2946 in
1942 2908 2087 2962 pro-_

485 2980 673 3053 digiis,
710 2983 1008 3037 virtutibus
1038 2991 1092 3037 et
1119 2982 1315 3053 signis.

979 3112 1059 3167 De
1087 3113 1275 3168 abbate
1310 3111 1540 3184 Evagrio

556 3231 637 3303 (9)
682 3229 925 3286 Vidimus
965 3231 1170 3300 pariter
1202 3229 1495 3302 Evagrium
1542 3229 1717 3284 virum
1764 3228 2060 3309 sapientein

488 3333 544 3377 et
586 3323 826 3385 doctum,
879 3322 972 3392 qui
1027 3322 1415 3393 cogitationum
1473 3321 1957 3377 discernendarum
2012 3324 2062 3377 vi

489 3413 647 3468 valde
690 3414 949 3483 praeditus
997 3414 1118 3476 fuit,
1155 3429 1252 3484 per
1283 3413 1675 3483 experientiam
1722 3412 1776 3467 id
1811 3414 1886 3469 rei
1919 3429 2065 3469 eon-

492 3512 736 3566 seentns,
788 3504 880 3573 qui
932 3517 1076 3573 saepe
1130 3503 1185 3556 in
1244 3502 1630 3557 Alexandriam
1691 3503 2063 3570 descendens,

493 3591 803 3646 Grrecorum
825 3592 1275 3663 etlmicorumque
1292 3593 1638 3665 philosophis
1661 3610 1725 3650 os
1751 3595 2060 3651 obturabat.

496 3677 546 3734 is
574 3680 855 3735 admonuit
891 3680 1088 3735 fratres
1117 3682 1210 3752 qui
1235 3683 1519 3739 nobiscum
1559 3669 1741 3753 erant,
1773 3700 1843 3740 ne
1869 3701 2067 3755 aquam

495 3773 562 3827 ad
592 3773 896 3827 satietatem
930 3773 1198 3829 biberent.
1236 3773 1519 3830 Daemones
1549 3775 1719 3838 enim,
1766 3776 2067 3846 inquiebat,

497 3864 616 3918 loca
639 3880 761 3934 qua:
795 3880 965 3935 aquas
996 3865 1253 3931 fundunt,
1276 3850 1498 3921 assidue
1541 3868 1846 3922 incursant.
1873 3867 1979 3923 Sed
2018 3877 2073 3924 et

498 3956 699 4010 multos
739 3956 877 4012 alios
913 3956 981 4013 de
1021 3966 1214 4012 sancta
1240 3958 1632 4014 exercitatione
1660 3961 1818 4014 nobis
1849 3961 2074 4029 protulit

497 4063 797 4116 sermones,
824 4049 1024 4120 quibus
1049 4050 1262 4107 animas
1288 4059 1508 4107 nostras
1552 4052 1929 4108 conﬁrmabat.

2154 1888 2440 1944 εὐλάϐειαν
2466 1888 2573 1943 τῶν
2623 1889 2810 1961 δήμων
2849 1890 3100 1961 ὁρώντων
3167 1892 3313 1961 ἡμᾶς
3342 1891 3471 1953 τοὺς
3515 1889 3720 1956 ξένους,

2153 1981 2242 2036 διὰ
2268 1983 2364 2054 τῆς
2396 1983 2602 2051 ἀγορᾶς
2627 1984 2944 2054 παριόντας,
2974 1984 3067 2037 καὶ
3092 1982 3279 2055 ὥσπερ
3301 1982 3554 2052 ἀγγέλοις
3592 1985 3725 2053 ἡμῖν

2155 2072 2483 2143 προσιόντων
2502 2088 2517 2138 ;
2537 2072 2659 2126 τίδὲ
2688 2073 2750 2126 τὸ
2769 2073 2973 2143 πλῆθος
2999 2072 3204 2139 ἐξείποι
3230 2092 3312 2136 τις
3340 2074 3448 2128 τῶν
3477 2074 3727 2146 μοναχῶν

2156 2163 2249 2215 καὶ
2278 2162 2582 2234 παρθένων,
2608 2162 2994 2235 ἀναριθμήτων
3022 2163 3223 2231 ὅντωνς
3256 2164 3403 2236 Πλὴν
3428 2165 3553 2219 ὅσον
3577 2164 3730 2237 παρὰ

2154 2251 2247 2304 τοῦ
2278 2253 2394 2305 ἐκεῖ
2441 2253 2596 2320 ἁγίου
2653 2253 2954 2308 ἐπισκόπου
3001 2252 3448 2324 ὴκρισωσὰμεθα,
3474 2252 3731 2324 δηλώσω-

2161 2357 2278 2412 μεν,
2311 2342 2534 2412 μυρίους
2589 2342 2688 2413 μὲν
2738 2345 3002 2415 μοναχοὺς
3035 2344 3124 2414 ὑφ’
3149 2344 3413 2409 αὐτῶν¹³,
3434 2344 3734 2416 δισμυρίας

2156 2433 2212 2486 δὲ
2253 2432 2559 2505 παρθένους
2597 2433 2808 2505 ἔχοντες
2837 2435 2903 2491 ¹⁶.
2947 2434 3058 2506 Τὴν
3102 2433 3159 2488 δὲ
3204 2434 3507 2504 φιλοξενίαν
3551 2436 3733 2490 αὐτῶν

2158 2526 2252 2580 καὶ⁵
2283 2526 2380 2597 τὴν
2408 2526 2627 2599 ἀγάπην
2648 2528 2767 2582 οἵαν
2797 2523 2960 2598 εἶχον,
2993 2527 3093 2597 ἐμὲ
3130 2527 3228 2598 οὐχ
3266 2521 3377 2581 οἷον
3397 2527 3444 2559 ¹⁵
3471 2526 3728 2593 ἐξειπεῖν.

2158 2618 2428 2670 Διεσπᾶτο
2456 2616 2564 2688 γὰρ
2587 2617 2745 2689 ἡμῶν
2766 2616 2836 2671 τὰ
2863 2616 3084 2681 παλλία,
3117 2619 3181 2671 ἐκ
3226 2616 3395 2670 τῶν¹⁶
3420 2615 3567 2688 ἡμᾶς
3596 2617 3733 2689 πρὸς

2160 2708 2387 2771 ἑαυτοὺς
2420 2707 2807 2761 ἀνθελκόντων.
2853 2708 2962 2762 Καὶ
3009 2707 3190 2778 ἴδομεν
3221 2708 3337 2761 ἐκεῖ
3388 2707 3615 2771 πολλοὺς
3637 2709 3736 2762 καὶ

2165 2801 2429 2873 μεγάλους
2448 2802 2716 2873 Πατέρας,
2744 2801 2975 2874 διάφορα
2999 2800 3315 2872 χαρίσματα
3344 2799 3586 2870 ἔχοντας,
3608 2797 3735 2861 τοὺς

2165 2892 2265 2964 μὲν
2297 2893 2354 2945 ὲν
2384 2891 2548 2961 λόγῳ,
2578 2894 2705 2957 τοὺς
2734 2892 2789 2945 δὲ
2842 2894 2900 2945 ἐν
2955 2890 3218 2962 πολιτείᾳ,
3250 2890 3376 2954 τοὺς
3405 2890 3465 2944 δὲ
3493 2891 3550 2943 ἐν
3579 2888 3737 2942 devit-

2167 3001 2291 3054 μεσι
2314 2985 2409 3038 καὶ
2436 2984 2703 3055 σημείοις.

2650 3117 2789 3186 Περὶ
2804 3117 2967 3179 ,ἀϐὄᾶ
2998 3118 3317 3187 Εὐαγρίου.

2239 3232 2447 3301 Ἴδομεν
2478 3230 2535 3284 δὲ
2567 3232 2661 3285 καὶ
2695 3233 2966 3304 Εὐάγριον
3006 3232 3171 3304 ἄνδρα
3209 3232 3373 3302 σοφὸν
3412 3233 3508 3286 καὶ
3536 3232 3736 3301 λόγιον,

2164 3322 2223 3384 ὃς
2261 3321 2370 3375 τῶν
2400 3322 2676 3392 λογισμῶν
2716 3323 2905 3393 ἱκανὴν
2933 3319 3078 3394 εἶχεν
3131 3322 3423 3394 διάκρισιν,
3457 3324 3520 3377 ἐκ
3545 3323 3740 3394 πείρας

2166 3411 2227 3465 τὸ
2265 3414 2493 3483 πρᾶγμα
2543 3413 2912 3484 παρειληφὼς,
2943 3412 3004 3477 ὃς
3040 3414 3300 3477 πολλάκις
3351 3411 3629 3468 κατελθὼν
3661 3415 3743 3477 εἰς

2179 3505 2603 3577 Ἀλεξάνδρειαν,
2634 3506 2759 3570 τοῦς
2791 3504 2899 3558 τῶν
2941 3505 3209 3577 Ἑλλήνων
3257 3504 3579 3574 φιλοσόφους
3637 3505 3744 3560 ἀπ-

2168 3597 2473 3667 εστόμιξεν.
2510 3594 2674 3663 Οὗτος
2720 3599 3054 3670 παρήγγειλε
3109 3602 3221 3662 τοῖς
3249 3599 3367 3667 μεθ’
3395 3599 3553 3671 ἡμῶν
3588 3600 3745 3654 ἁδελ-

2169 3689 2311 3755 φοῖς,
2343 3686 2533 3751 ὕδατος
2568 3689 2642 3759 μὴ
2673 3687 3046 3759 κορέννυσθαι.
3078 3688 3142 3741 Οί
3172 3688 3281 3759 γὰρ
3309 3685 3583 3759 δαίμονες,
3616 3688 3743 3758 ἔφη,

2168 3777 2294 3840 τοὺς
2321 3778 2594 3849 ὑδροχοεϊς
2622 3778 2821 3843 τόπους
2842 3778 2884 3810 ¹⁷
2917 3777 3154 3848 συνεχῶς
3185 3777 3578 3833 ἐπιϐαίνουσιν.
3618 3778 3746 3831 Ἀλ-

2170 3868 2296 3932 λους
2331 3887 2390 3923 τε
2424 3869 2651 3934 πολλοὺς
2682 3870 2817 3943 πρὸς
2867 3870 3018 3940 ἡμᾶς
3067 3869 3196 3941 περὶ
3239 3870 3531 3941 ἀσκήσεως
3560 3869 3747 3940 ἐποιή-

2175 3974 2304 4012 σατο
2328 3959 2537 4028 λόγους,
2569 3957 2922 4030 ἐπιστηρίξας
2951 3957 3108 4030 ἡμῶν
3129 3958 3227 4022 τὰς
3250 3957 3445 4028 ψυχάς.

917 4184 994 4239 De
1028 4185 1214 4239 abbate
1245 4183 1639 4241 Patermuthio.

2490 4193 2627 4263 Περὶ
2650 4192 2801 4248 ἀϐϐᾶ
2829 4193 3271 4263 Πατερμουθίου
3299 4192 3431 4262 (Η).

569 4298 681 4370 (i0)
720 4296 849 4352 Erat
885 4298 1030 4353 enim
1073 4307 1199 4354 ante
1228 4314 1333 4355 nos
1363 4299 1584 4369 quidam
1630 4299 1813 4364 Pater,
1855 4300 2055 4355 nomint

2246 4302 2354 4362 Ἦν
2387 4307 2497 4380 γάρ
2525 4325 2608 4372 τις
2634 4308 2824 4379 Πατὴρ
2852 4307 2959 4378 πρὸ
2986 4307 3141 4378 ἡμῶν
3167 4307 3394 4376 ὀνόματι
3423 4306 3749 4379 Πατερμού-

498 4389 892 4456 Patermutius,
945 4392 1038 4462 qui
1076 4393 1289 4460 primus
1336 4392 1484 4447 illius
1527 4392 1633 4446 loci
1684 4393 2055 4447 monachorun

2178 4413 2294 4461 τιος
2314 4397 2378 4461 ι’,
2416 4398 2634 4469 πρῶτος
2675 4397 2784 4451 τῶν
2809 4401 2867 4451 ἐν
2896 4397 2974 4469 τῷ
2998 4398 3148 4469 τόπῳ
3168 4397 3342 4468 τούτῳ
3377 4397 3626 4469 μοναχῶν
3653 4398 3751 4452 αὒ-

500 4485 732 4546 exstitit,
769 4496 823 4540 et
855 4485 1233 4539 monachicam
1275 4484 1420 4540 hanc
1454 4494 1658 4541 vestem
1695 4486 1906 4556 primus
1941 4486 2055 4556 ipsi:

2175 4488 2268 4552 τὸς
2320 4489 2628 4559 γενόμενος,
2675 4491 2704 4542 ὁ
2753 4490 2848 4543 καὶ
2886 4489 2947 4543 τὸ
2998 4489 3289 4560 μοναχικὸν
3342 4488 3550 4560 ἐνδυμα
3596 4488 3754 4543 τοῦτο

503 4575 803 4630 adinvenit.
833 4576 883 4630 ιε
901 4590 1023 4630 cum
1042 4576 1312 4645 principio
1338 4586 1485 4632 esset
1508 4578 1762 4648 princeps
1780 4578 2051 4632 latronum

2186 4579 2398 4652 πρῶτος
2437 4581 2620 4643 αὐτοῖς
2679 4581 2955 4652 ἐφευρὼνο
2999 4580 3159 4644 αὐτὸς
3218 4579 3548 4651 ἀρχιλῃστὴς
3607 4578 3754 4652 πρῶ-

504 4682 568 4722 ac
596 4667 822 4737 vcspillo
846 4669 1151 4738 gentilium,
1178 4668 1532 4740 famosusque
1559 4670 1613 4725 in
1643 4671 1905 4740 nequitia,
1939 4670 2055 4725 ham

2183 4689 2273 4736 τος
2298 4673 2339 4704 ⁸9
2370 4673 2464 4725 καὶ
2497 4672 2828 4742 νεκροτάφος
2873 4673 3140 4744 Ἐλλήνων
3194 4675 3472 4744 ὑπάρχων,
3510 4673 3604 4726 καὶ
3638 4671 3754 4725 δια-

505 4767 699 4814 nartus
732 4766 810 4813 est
857 4761 1203 4816 occasionem
1255 4763 1469 4817 salutis.
1513 4762 1745 4816 Advenit
1781 4769 1940 4817 nocte
1982 4764 2051 4816 ali

2188 4762 2376 4833 ϐόητος
2404 4764 2497 4816 ἐπὶ
2526 4762 2694 4832 κακίᾳ
2719 4764 3028 4833 γενόμενος,
3061 4765 3331 4835 πρόφασιν
3355 4762 3561 4835 ηὕρατο
3586 4779 3756 4831 σωτη-

505 4849 724 4919 quaudn
759 4851 826 4903 ad
862 4851 1127 4920 virginem
1175 4852 1440 4921 aliquam,
1480 4853 1654 4923 ipsius
1689 4855 2055 4910 monasterinn

2191 4852 2312 4923 ρίας
2354 4852 2629 4923 τοιαύτην.
2688 4852 2920 4924 Ἐπέστη
2976 4855 3103 4907 ποτὲ
3151 4854 3345 4918 νυκτός
3398 4870 3503 4906 τινι
3553 4850 3757 4925 παρθε-

506 4941 804 5011 deprzedari
854 4942 1036 4998 animo
1077 4942 1404 5012 meditatus;
1439 4960 1673 5014 cumque
1694 4946 1926 5015 quadam
1965 4961 2055 5000 ma

2186 4943 2434 5015 νευούσῃ,
2473 4944 2703 5013 συλῆσαι
2732 4945 2794 4998 τὺ
2829 4947 3190 5016 μοναστήριον
3247 4946 3417 5016 αὐτῆς
3473 4943 3756 5016 προθυμη-

507 5032 670 5089 china
702 5034 757 5087 in
789 5040 930 5089 tecta
969 5036 1401 5103 conscendisset,
1438 5052 1540 5093 nec
1579 5037 1847 5092 inveniret
1887 5052 1993 5106 qua
2021 5038 2055 5090 ir

2183 5034 2296 5100 θείς
2314 5053 2328 5067 ·
2354 5036 2557 5107 ηὑρέθη
2585 5037 2640 5089 δέ
2678 5039 2890 5108 μηχανῇ
2923 5055 3028 5091 τινι
3057 5038 3149 5090 ἐπὶ
3183 5036 3253 5089 τὰ
3283 5036 3507 5107 δώματα
3525 5054 3537 5067 ·
3572 5035 3647 5107 μὴ
3672 5035 3755 5088 εὖ·

580 5194 623 5226 ⁶¹
654 5193 867 5248 Absunt
900 5191 969 5245 ab
998 5192 1068 5244 al.
1099 5194 1260 5245 verba
1293 5196 1341 5245 οἱ
1380 5193 1500 5256 τὰς.
1524 5233 1536 5246 .
1556 5231 1569 5245 .
1608 5159 1957 5262 παρέχοντες.
1992 5261 1996 5262 ν
2039 5193 2054 5223 ⁸

2157 5191 2205 5243 ιι.
2239 5191 2420 5262 αθτόν.
2502 5191 2545 5262 '7‘
2583 5191 2667 5242 Al.
2690 5189 3001 5262 jxovtog.”
3030 5191 3074 5221 ¹⁸
3116 5190 3206 5262 Al.
3242 5191 3410 5262 inser.
3441 5208 3522 5245 τε.
3602 5190 3646 5222 ’⁸
3673 5191 3753 5262 Al.

513 5266 805 5350 ἑκατέρων.
884 5263 925 5294 ¹⁷
956 5262 1039 5314 Al.
1072 5265 1183 5325 τοῖς
1216 5263 1529 5332 δροκέλλοις
1558 5259 1785 5325 τόποιςτ
1820 5262 1890 5314 al.
1921 5261 2049 5324 τοὺς
2093 5260 2411 5332 ὐδροτελεῐς.
2492 5261 2533 5291 ’⁸
2572 5262 2657 5315 AI.
2688 5259 3092 5330 Πατερμούθιος
3115 5277 3128 5291 ·
3162 5260 3232 5315 al.
3263 5260 3519 5324 Μούθιος.
3600 5262 3643 5293 ¹⁹
3674 5261 3755 5314 ΔΙ.

508 5353 723 5408 πρωην.
1485 5359 1499 5372 ·
3246 5352 3259 5360 ’

582 5513 656 5580 (τι)
710 5511 814 5568 va.
849 5510 1001 5568 Patr.
1030 5527 1092 5577 ιι,
1136 5512 1225 5569 27.

584 5582 696 5649 tl0)
748 5583 847 5635 Vit.
877 5582 1033 5639 Patr.
1059 5599 1120 5649 ll,
1148 5584 1203 5638 9.

587 5658 599 5707 ί
618 5651 697 5710 Η)
734 5652 874 5717 Περὶ
903 5652 1089 5734 acea
1120 5656 1582 5774 ΠαςερΙιουᾷίου.

587 5730 623 5763 ’(³
681 5728 838 5774 (nlui
903 5735 954 5774 tn
1018 5721 1259 5774 "(storm
1318 5740 1556 5774 .ausmcn

524 5713 623 5767 hoc
681 5713 838 5785 (τιιιιί
903 5721 954 5774 in
1018 5713 1334 5774 ΠίςιονὶηἹι

2192 5516 2507 5571 (.olbertino
2537 5515 2708 5581 ΗΠ,
2735 5514 2829 5571 sed
2880 5530 3001 5571 cum
3059 5512 3309 5585 plurimis
3342 5511 3757 5585 «varietatibus;

2191 5601 2422 5657 quarum
2459 5601 2661 5657 paucas
2695 5579 2975 5657 visumcst
3008 5579 3303 5657 ascribere.
3331 5582 3591 5637 Continct
3622 5579 3757 5657 idem

1629 5651 1822 5727 Exstat
1867 5667 2084 5727 quoque
2195 5651 2291 5710 ms.
2319 5656 2430 5711 duo
2458 5651 2742 5727 sequentia
2774 5655 2974 5725 capita,
3012 5669 3120 5710 non
3153 5652 3289 5707 adeo
3322 5660 3499 5708 tamen
3527 5651 3723 5721 ampla.

1341 5725 1556 5776 ausi/ica
1600 5724 1847 5785 Palladii,
1897 5723 2083 5774 codice
