4062 6332
293 359 396 417 “0

1537 357 1619 415 PA
1633 360 1717 414 ΠΛ
1730 359 1931 419 DISUS
1971 361 2277 420 PATRUM.

3354 366 3531 441 ,tso

300 476 404 549 ρὼν
461 474 518 529 δὲ
566 472 721 537 ποίας
743 474 789 504 ’⁸
835 471 1051 546 εἰσέλθῃ
1105 475 1181 536 εἰς
1235 473 1292 525 τ’)
1345 479 1584 543 ταμεῖον,
1634 474 1861 544 ἢπὰλιν

1969 478 2226 531 conclave
2258 476 2651 548 ingrederetur,
2680 486 2732 533 et
2761 491 2868 547 qua
2906 491 3099 531 rursus
3122 474 3419 543 recederet,
3448 492 3534 529 re-

298 568 451 630 ποίας
473 569 515 599 ⁸⁸
579 566 945 638 ύπυχωρήση,
992 564 1173 634 ἔμεινε
1226 564 1575 636 λογιζόμενος
1626 567 1718 618 ἐπὶ
1765 565 1861 618 τοῦ

296 658 542 730 δώματος
570 657 731 730 ἄχρις
760 660 1000 730 ήμέραςυ
1034 659 1129 712 καὶ
1149 661 1343 730 μικρὸν
1375 660 1728 729 ἀφυπνὼσας,
1764 662 1866 731 ὁρᾷ

293 749 370 814 ὡς
430 749 694 819 βασιλέως
744 750 909 813 τινος,
959 749 1207 818 λέγοντος
1252 753 1296 783 ’³
1340 751 1490 821 αὐτῷ
1545 751 1686 805 κατὰ
1740 752 1864 813 τοὺς

294 843 515 904 ὕπνους.
558 841 631 910 μὴ
661 841 787 910 περὶ
813 841 939 903 τοὺς
967 841 1158 910 φόνους
1181 842 1226 874 ⁸³
1252 842 1351 907 ἔτι,
1381 842 1477 895 καὶ
1516 842 1623 895 τῶν
1655 841 1864 911 μικρῶν

293 932 501 985 τούτων
542 932 929 1002 κλεμμάτωνίδ
980 936 1080 1004 τὴν
1128 934 1362 1005 σπουδὴν
1406 936 1568 1005 ἔχειν,
1627 937 1866 1004 ἐπαγρυς

294 1025 551 1085 πνοῦντα,
569 1024 705 1077 ἀλλὰ
719 1026 767 1078 εί
791 1024 1033 1094 βούλοιτο
1057 1027 1408 1095 μεταϐάλλειν
1432 1028 1521 1079 τὸν
1550 1028 1748 1098 τρόπον
1778 1029 1863 1081 ἐπ’

289 1112 516 1184 ἀρετὴν,
566 1113 660 1165 καὶ
705 1114 1034 1183 στρατηγίαν
1051 1116 1096 1145 ’⁸
1128 1115 1420 1185 ἀγγελικὴν
1450 1118 1773 1186 στρατηγεῖν
1794 1116 1861 1178 ³⁸,

291 1200 476 1255 λαϐεῖν
519 1204 646 1272 παρ’
676 1201 843 1255 αὐτοῦ
893 1203 1097 1274 ταύτην
1138 1204 1237 1276 τὴν
1277 1205 1546 1272 ἐξουσίαν.
1611 1207 1670 1260 '0
1697 1207 1756 1260 δὲ
1789 1205 1865 1269 ὡς

294 1292 544 1362 ἀσμένως
565 1293 877 1359 ὑπεδέξατο,
905 1294 1000 1347 καὶ
1024 1294 1089 1366 δὴ
1116 1296 1303 1366 τάγμα
1320 1296 1565 1367 μοναχῶν
1592 1297 1797 1369 ἄγηρον
1819 1297 1863 1329 ’⁷

288 1382 691 1444 ὑποδείκνυσιν.
733 1387 826 1438 καὶ
857 1386 1045 1458 ἄρχειν
1073 1389 1255 1442 αὐτῶν
1293 1389 1708 1461 παρεκελεύετο.
1742 1389 1867 1455 Ἔξ-

295 1489 463 1536 υπνος
489 1474 547 1528 δέ
583 1476 871 1546 γενόμενος
897 1481 927 1532 ὁ
949 1480 1090 1551 ἀνὴρ
1113 1482 1217 1551 ὀρᾲ
1263 1480 1360 1550 τὴν
1398 1481 1669 1551 παρθένον
1717 1479 1867 1549 αὑτῷ

294 1565 671 1637 παρεστῶσαν,
709 1569 801 1621 καὶ
829 1569 1123 1639 λέγουσαν·
1171 1572 1339 1625 Πόθεν
1391 1574 1455 1625 σὺ
1486 1572 1867 1643 παραγέγονας

288 1648 416 1719 ὦδε,
449 1650 497 1710 ὧ
534 1657 809 1729 ἄνθρωπε,
844 1661 877 1733 ἢ
927 1662 1010 1726 τίς
1046 1663 1314 1734 ὑπάρχεις
1357 1664 1456 1736 τὴν
1503 1665 1672 1738 τύχην
1688 1668 1764 1734 ¹⁸;
1808 1668 1867 1722 '0

290 1746 370 1809 δὲ,
409 1748 578 1818 μηδὲν
606 1750 859 1803 είδέναι²⁹
890 1754 1066 1824 φήσας
1092 1755 1252 1826 αὐτῇ,
1284 1756 1384 1825 τὴν
1412 1756 1707 1828 ἐκκλησίαν
1734 1759 1866 1813 ὑπο-

292 1835 605 1894 δείκνυσθαι
652 1840 801 1911 αύτῷ
832 1843 1154 1914 παρεκάλει.
1198 1846 1307 1899 Καὶ
1344 1846 1408 1917 δὴ
1438 1846 1516 1911 ὡς
1563 1848 1861 1918 ἐπέδειξεν,

292 1928 621 1999 προσπεσὼν
652 1933 763 1994 τοῖς
815 1932 923 1985 τῶν
961 1935 1345 2007 πρεσϐυτέρων
1378 1937 1597 2004 γόνασιν
1618 1938 1685 2004 ³ο,
1709 1937 1862 2008 ἠξίου

294 2019 623 2092 Χριστιανὸς
652 2022 928 2090 γενέσθαι,
975 2026 1068 2080 καὶ
1107 2027 1395 2097 μετανοίας
1449 2027 1633 2099 χώραν
1660 2030 1861 2102 εὑρεῖν.

260 2118 267 2123 ’
308 2109 649 2179 Ἐπιγνόντες
673 2112 730 2165 δὲ
750 2114 912 2167 αὐτὸν
938 2117 988 2167 oi
1016 2117 1283 2187 πρεσϐύτε
1294 2136 1396 2187 ροι,
1425 2120 1518 2173 καὶ
1552 2119 1865 2191 θαυμάσαν-

296 2218 401 2266 τες,
456 2202 772 2257 ἐνουθέτουν
818 2204 1004 2259 λοιπὸν
1056 2208 1149 2260 καὶ
1203 2208 1496 2265 ἐδίδασκον.
1529 2209 1625 2263 τοῦ
1667 2211 1862 2280 μηκέτι

292 2289 433 2347 εἶναι
492 2292 837 2363 ἀνδροφόνον.
900 2296 1081 2360 Ἦξίου
1126 2297 1184 2350 δὲ
1225 2298 1440 2361 αὐτοὺς,
1468 2299 1578 2352 τῶν
1634 2301 1863 2372 ψαλμῶν

293 2380 606 2446 ἐπακούειν,
643 2384 738 2435 καὶ
765 2384 932 2455 τριῶν
967 2386 1162 2456 στίχων
1217 2388 1527 2453 ἐπακούσας
1564 2391 1724 2457 μόνον
1767 2389 1863 2444 τοῦ

296 2473 516 2545 πρώτου
545 2474 787 2546 ψαλμοῦ,
815 2478 1004 2548 ἀρκεῖν
1029 2477 1207 2547 ἐαυτῷ
1238 2478 1374 2540 τέως
1396 2478 1499 2549 ἔφη
1528 2480 1701 2533 ταῦτα
1726 2481 1864 2552 πρὸς

297 2566 551 2638 μάθησιν.
584 2569 694 2621 Καὶ
738 2570 1025 2638 ἐπιμείνας
1236 2572 1431 2635 αὐτοὺς
1458 2575 1605 2643 τρεῖς
1629 2574 1862 2643 ἡμέρας,

293 2656 527 2722 ἐξελθὼν
559 2660 720 2724 εὐθὺς
756 2663 850 2714 ἐπὶ
877 2661 975 2732 τὴν
1003 2662 1206 2734 ἔρημον
1249 2663 1528 2734 ὥρμησεν,
1561 2667 1656 2718 καὶ
1676 2665 1864 2735 τριετῆ

291 2748 494 2816 διάγων
529 2751 720 2821 χρόνον
768 2752 912 2805 κατὰ
952 2754 1051 2824 τὴν
1080 2754 1305 2825 ἔρημον,
1342 2756 1398 2807 ἐν
1437 2756 1620 2825 εὐχαῖς
1650 2758 1742 2809 καὶ
1767 2757 1863 2809 δά-

294 2858 488 2913 κρυσιν
514 2844 877 2914 διημερεύων,
909 2845 1043 2914 πρὸς
1069 2845 1276 2916 τροφὴν
1302 2849 1422 2909 ταῖς
1452 2848 1673 2917 ἀγρίαις
1714 2847 1866 2916 βοτά-

294 2948 411 2995 ναις
456 2933 702 3002 ⁴Ιιρκεῖτο,
746 2933 842 2985 καὶ
888 2932 1114 2996 ταύταις
1162 2934 1407 3003 ἐνέμετο.
1452 2935 1783 3005 Ἐπανῆλθεν
1808 2936 1864 2989 δὲ

294 3022 370 3084 είς
403 3022 504 3092 τὴν
536 3021 853 3090 ἐκκλησίαν,
888 3022 1206 3093 ἔμπρακτον
1246 3025 1607 3093 ἀπαγγέλλων
1642 3028 1702 3080 τὸ
1756 3029 1864 3097 μά-

295 3112 442 3182 θημα
463 3128 478 3141 ·
512 3113 672 3182 χάριν
704 3111 761 3165 δὲ
792 3112 938 3182 αύτῷ
965 3112 1210 3167 δεδόσθαι
1252 3114 1435 3167 θεόθεν
1472 3116 1675 3184 ἔλεγεν,
1723 3119 1862 3170 ἀπο-

268 3256 271 3259 _
297 3201 568 3271 στηθίζειν
601 3202 797 3269 ἔξωθεν
824 3202 925 3267 τὰς
953 3204 993 3255 Γ
999 3204 1171 3275 ραφάς
1196 3206 1262 3260 ³⁸.
1304 3207 1641 3275 Ἐθαύμαζον
1670 3210 1726 3263 δὲ
1759 3213 1859 3264 αὖ·

294 3293 382 3345 τὶν
411 3291 573 3345 πάλιν
592 3293 641 3344 οί
672 3292 1050 3364 πρεσϐύτεροι,
1080 3295 1387 3366 ἀκροτάτην
1417 3296 1741 3367 μετελθόντα
1764 3298 1865 3369 τὴν

293 3384 547 3454 ἄσκησιν.

367 3478 475 3530 Καὶ
505 3478 840 3546 φωτίσαντες
869 3480 1029 3533 αὑτὸν
1058 3480 1403 3550 παρεκάλουν
1443 3483 1860 3555 συνδιατρίϐειν.

304 3568 362 3619 Ὀ
387 3567 443 3620 δὲ
479 3569 766 3637 ἐπιμείνας
798 3571 931 3641 πρὸς
964 3572 1161 3635 αὐτοὺς
1192 3573 1331 3627 ἐτττά
1364 3575 1603 3645 ἡμέρας,
1643 3576 1736 3628 ἐπὶ
1767 3577 1865 3648 τὴν

294 3660 500 3729 ἔρημον
545 3659 706 3712 πάλιν
754 3660 921 3731 ἐξῄει,
960 3663 1053 3715 καὶ
1085 3662 1149 3734 δὴ
1195 3665 1251 3716 ἐν
1300 3664 1441 3717 ἑπτὰ
1473 3666 1650 3719 ἐτεσιν
1685 3666 1866 3731 ἄλλοις

294 3750 350 3801 ἐν
386 3751 453 3820 τῇ
490 3751 791 3822 πανερήμῳ
823 3751 1155 3818 διατελέσας,
1197 3755 1395 3826 πολλῆς
1431 3758 1649 3827 χάριτος
1677 3759 1706 3811 ό
1727 3758 1866 3829 ἀνὴρ

294 3838 525 3912 ᾖξιώθη,
578 3843 778 3913 “Apto;
828 3845 924 3913 μὲν
959 3844 1067 3916 γὰρ
1108 3847 1256 3918 αὐτῷ
1294 3851 1359 3920 τῇ
1399 3851 1653 3921 κυριακῇ
1706 3851 1863 3923 μόνῃτ

295 3932 428 4003 πρὸς
463 3934 704 4006 κεφαλὴν
734 3935 1027 4005 ηὑρίσκετο
1070 3938 1371 4011 εὐξαμένῳ,
1406 3934 1467 3994 οὗ
1515 3942 1869 4013 μεταλαμϐά-

294 4039 397 4077 νων
436 4024 543 4086 ἒως
586 4025 685 4095 τῆς
714 4026 880 4097 άλλης
921 4029 1209 4101 Κυριακῆς
1242 4033 1484 4103 ἠρκεῖτο.
1536 4034 1867 4104 Ἐπανῆλθεν

293 4114 348 4166 δέ
387 4114 549 4169 πάλιν
582 4117 646 4169 ἐκ
679 4118 779 4189 τῆς
815 4122 1046 4190 ἐρήμου,
1082 4122 1199 4193 τὴν
1242 4124 1476 4195 ἄσκησιν
1521 4126 1868 4199 ἐνδεικνύμε-

294 4220 401 4269 νος⁹
434 4204 529 4256 καί
554 4221 707 4269 τινας
745 4207 878 4277 πρὸς
903 4210 1001 4280 τὴν
1028 4210 1193 4263 αὑτοῦ
1234 4212 1508 4267 πολιτείαν
1538 4215 1711 4269 ἐλθεῖν
1741 4218 1865 4287 ἐρεο

296 4293 479 4358 θίζων.
522 4295 802 4366 Προσῆλθε
842 4297 898 4350 δὲ
931 4299 1080 4371 αὐτῷ
1122 4318 1205 4364 τις
1236 4302 1473 4369 νεανίας,
1522 4305 1866 4376 μαθητευθῆ-

293 4402 380 4438 ναι
410 4384 757 4457 βουλόμενος.
822 4389 880 4443 '0
926 4391 984 4446 δὲ
1041 4393 1202 4456 εὐθὺς
1249 4395 1474 4460 ἐνδύσας
1507 4398 1671 4451 αὐτὸν
1723 4399 1869 4452 λεσι-

1968 569 2169 622 mansit
2198 568 2253 622 in
2292 575 2435 624 tecto
2457 568 2863 638 cogitabundus
2894 581 3068 637 usque
3092 565 3158 620 ad
3187 576 3367 619 ortum
3389 564 3532 625 diei:

1968 674 2267 729 parumque
2283 660 2654 721 obdormiens,
2678 659 2824 713 videt
2847 657 3001 727 quasi
3035 672 3213 726 regem
3243 658 3533 727 quemdam

1965 750 2055 817 qui
2087 749 2300 803 dicebat
2331 751 2431 819 ipsi
2472 750 2524 803 in
2561 750 2793 814 somnis,
2820 764 2888 804 ne
2912 749 3147 818 amplius
3182 749 3328 805 circa
3354 750 3537 819 scpui-

1965 853 2081 899 cra,
2106 838 2417 902 homicidia,
2447 855 2724 909 parvaque
2753 841 2867 895 lucc
2896 839 3041 895 furta
3070 848 3310 904 vacaret,
3337 841 3534 911 invigi-

1967 929 2161 995 lando;
2200 930 2294 985 sed
2320 930 2365 983 si
2404 932 2564 985 vellet
2600 947 2781 985 mores
2820 942 3033 985 mutare
3076 932 3142 985 ad
3177 932 3452 997 virtutem,
3483 940 3540 986 ct

1967 1021 2265 1090 angelicam
2304 1023 2550 1075 militiam
2595 1024 2896 1092 suscipere,
2929 1031 3276 1093 accepturum
3312 1024 3381 1076 ab
3419 1023 3540 1091 ipso

1965 1110 2237 1178 cjusnmui
2282 1118 2628 1181 potestatem.
2701 1112 2802 1168 Ubi
2859 1124 3037 1170 autem
3086 1115 3316 1168 libenter
3346 1114 3539 1168 condi-

1967 1201 2168 1256 tionem
2203 1202 2544 1269 admisisset,
2570 1204 2811 1259 ostendit
2835 1205 2883 1260 ei
2914 1206 3216 1260 immortale
3246 1205 3541 1260 monacho-

1968 1307 2089 1346 rum
2121 1308 2337 1362 agmen,
2375 1294 2577 1363 quibus
2608 1294 2801 1363 jussus
2838 1304 2921 1349 est
2946 1296 3231 1367 imperare.
3252 1298 3419 1365 Igitur
3444 1311 3540 1352 ex-

1967 1381 2312 1453 pergefactus
2370 1384 2454 1435 vir
2512 1384 2689 1436 cernit
2737 1384 3002 1451 virginem
3062 1383 3164 1452 ipsi
3222 1390 3403 1437 astare
3475 1396 3541 1435 ac

1966 1471 2151 1527 dicere
2179 1487 2194 1523 :
2224 1470 2380 1527 Unde
2413 1480 2471 1525 tu
2503 1472 2609 1526 huc
2635 1472 2927 1538 advenisti,
2959 1486 2992 1525 ο
3030 1472 3222 1531 homo:
3254 1482 3346 1527 aut
3380 1473 3541 1538 cujus

1967 1563 2302 1619 conditionis
2343 1564 2438 1618 es?
2483 1565 2578 1619 Ille
2619 1579 2751 1618 vero
2796 1564 2930 1617 nihil
2968 1564 3112 1618 scire
3163 1574 3257 1616 aut
3290 1579 3413 1618 esse
3454 1579 3541 1616 re-

1970 1656 2268 1726 spondens,
2283 1655 2573 1711 ecclesiam
2604 1656 2706 1710 sibi
2734 1655 2947 1710 ostendi
2969 1656 3232 1725 poposcit.
3255 1654 3430 1724 thue
3450 1655 3540 1707 illa

1970 1749 2326 1815 monstravit;
2386 1748 2455 1802 ad
2522 1763 2698 1816 genua
2761 1747 3039 1817 pedesque
3099 1748 3541 1818 presbyterorum

1967 1840 2358 1909 procumbens,
2405 1839 2719 1909 postulabat
2760 1848 2819 1893 ut
2873 1839 3223 1896 Christianus
3268 1840 3438 1901 fieret,
3480 1856 3546 1892 ac:

1968 1931 2300 2004 pmnitentiae
2320 1932 2497 1985 locum
2519 1931 2955 1985 nancisceretur.
2990 1929 3300 2001 Presbyteri
3332 1936 3540 1990 autem,

1965 2024 2058 2093 qui
2099 2030 2499 2091 cognoscerent
2551 2038 2711 2086 eum,
2774 2023 3064 2083 admirati.
3118 2024 3546 2078 commonebant

1965 2116 2227 2183 deinceps
2263 2124 2423 2183 atque
2453 2113 2780 2175 edocebant,
2815 2132 2882 2171 ne
2914 2116 3149 2185 amplius
3183 2122 3328 2170 esset
3367 2116 3549 2168 homi-

1965 2203 2105 2259 cida.
2143 2204 2376 2274 Rogavit
2412 2219 2578 2273 porro
2604 2219 2722 2267 eos,
2759 2212 2818 2258 ut
2851 2204 3096 2273 psalmos
3117 2203 3349 2257 audiret.
3377 2201 3547 2255 Cum-

1965 2314 2072 2368 que
2110 2305 2224 2351 tres
2254 2296 2604 2350 solummodo
2628 2312 2824 2351 versus
2855 2295 3119 2349 andiisset
3138 2295 3295 2364 primi
3323 2291 3545 2364 psalmi,

1965 2389 2070 2444 sibi
2123 2388 2341 2440 interim
2388 2402 2484 2441 eos
2541 2386 2790 2441 suillccre
2846 2386 2986 2441 dixit
3041 2386 3108 2440 ad
3168 2385 3543 2455 disciplinam.

1965 2481 2104 2535 Tum
2155 2481 2299 2551 apud
2334 2480 2456 2533 illos
2489 2480 2665 2535 tribus
2704 2479 2900 2535 diebus
2934 2480 3253 2541 transactis,
3285 2491 3545 2547 egressus

1966 2573 2151 2628 statim
2178 2614 2193 2634 ,
2243 2572 2309 2625 ad
2353 2586 2597 2625 eremum
2644 2582 2925 2640 properat.
2959 2569 3061 2625 Ubi
3104 2584 3201 2639 per
3229 2576 3341 2623 tres
3367 2582 3546 2621 annos

1965 2672 2363 2725 commoratus,
2395 2664 2448 2715 in
2486 2663 2741 2730 precibus
2776 2671 2829 2715 et
2868 2661 3123 2731 lat-rymis
3163 2673 3542 2730 perseverans.

1968 2769 2065 2821 pro
2096 2753 2221 2807 cibo
2265 2753 2574 2821 agrestibus
2616 2753 2802 2806 herbis
2835 2761 3130 2806 contentus
3162 2758 3304 2813 erat,
3342 2750 3547 2821 quibus

1966 2843 2313 2910 pascebatur.
2338 2839 2531 2894 Postea
2567 2856 2850 2907 regressus
2881 2850 2965 2895 est
3004 2840 3058 2893 in
3098 2839 3413 2921 ecclesiam.
3447 2837 3546 2892 do-

1966 2933 2199 2986 ctrinam
2260 2929 2506 2984 referens
2572 2930 2833 2998 aperibus
2876 2930 3175 2995 (innatam;
3224 2928 3548 2998 dicebatque

1968 3023 2071 3078 sibi
2105 3022 2369 3076 divinitus
2410 3022 2594 3075 datam
2634 3021 2810 3076 fuisse
2848 3022 3102 3093 gratiam,
3153 3020 3543 3090 expcctnrandi

1968 3114 2392 3182 memoriterque
2429 3111 2689 3166 recitandi
2721 3127 2935 3168 .sacras
2966 3110 3302 3181 Seripturas.
3342 3110 3543 3165 lterum

1969 3219 2149 3261 autem
2203 3204 2622 3259 detuirabautur
2683 3205 2835 3257 illum
2888 3203 3226 3272 presbyteri,
3282 3202 3428 3272 quod
3477 3203 3545 3256 ad

1969 3308 2237 3350 summam
2268 3291 2609 3363 pervenisset
2636 3292 3113 3347 exercitationem.

2036 3494 2097 3547 Et
2130 3495 2402 3564 baptismo
2427 3502 2713 3566 postquam
2747 3495 2925 3565 ipsum
2954 3495 3380 3554 illuminasscnt.
3414 3495 3546 3550 bor-

1969 3587 2227 3640 tabantur
2254 3594 2312 3640 ut
2340 3602 2463 3640 cum
2498 3588 2605 3642 illis
2630 3594 2893 3641 maneret.
2923 3586 3026 3651 Qui
3058 3587 3199 3655 apud
3227 3602 3319 3640 eos
3351 3587 3538 3641 demo.

1969 3687 2122 3731 ratus
2157 3683 2364 3745 septem
2399 3676 2538 3739 dies,
2578 3675 2773 3730 iterum
2814 3676 2867 3729 in
2902 3676 3253 3730 solitudinem
3286 3679 3539 3733 secessit.

1967 3767 2144 3836 Atque
2179 3767 2303 3821 aliis
2343 3775 2548 3835 septem
2579 3767 2740 3821 annis
2789 3766 2843 3821 in
2875 3775 3027 3820 vasta
3057 3783 3241 3822 eremo
3285 3769 3542 3838 peractis.

1968 3857 2172 3927 iungenti
2201 3859 2374 3928 gratia
2398 3858 2634 3913 donatus
2662 3865 2768 3913 est.
2800 3858 2877 3912 Ac
2907 3860 3064 3927 panis
3088 3859 3306 3928 quidem
3330 3860 3401 3914 ab
3425 3861 3547 3930 ipso

1970 3938 2095 4020 post
2123 3950 2428 4004 orationem
2466 3950 2846 4006 inveniebatur
2884 3952 3040 4021 juxta
3071 3963 3254 4021 caput,
3302 3952 3390 4007 die
3441 3954 3547 4008 Dn-

1969 4041 2172 4094 rninico
2211 4042 2359 4107 solo;
2408 4042 2501 4110 qui
2537 4050 2808 4112 sumptus.
2849 4058 3024 4112 usque
3055 4046 3119 4096 ad
3158 4045 3317 4097 aliam
3365 4044 3543 4102 Dolui-

1968 4133 2150 4185 nicam
2204 4130 2523 4186 subiciebat.
2572 4132 2769 4188 Iterum
2815 4143 2995 4188 autem
3033 4137 3193 4189 rediit
3233 4152 3297 4189 ex
3344 4137 3541 4190 solituo

1968 4224 2117 4283 dine.
2150 4224 2370 4278 virtutis
2393 4225 2835 4279 exercitationem
2869 4241 2993 4295 pra:~
3012 4242 3072 4281 se
3097 4226 3303 4290 ferens,
3325 4237 3380 4282 et
3407 4245 3543 4282 nnn-

1972 4316 2154 4370 nullos
2194 4317 2260 4369 ad
2304 4315 2446 4369 idem
2489 4316 2703 4370 vivendi
2748 4318 3542 4388 institutum~amplectendum

1968 4406 2248 4469 excitavit.
2289 4406 2538 4460 Accessit
2575 4406 2739 4475 igitur
2771 4408 2989 4476 quidam
3022 4408 3363 4473 adulescens,
3395 4410 3543 4463 desi-

293 4473 436 4528 τῶνα
466 4476 533 4540 ³¹,
587 4477 681 4530 καὶ
728 4479 1067 4535 κουκούλλιον
1111 4485 1176 4553 τῇ
1225 4485 1433 4556 κεφαλῇ
1469 4489 1733 4558 περιθεὶς,
1772 4490 1865 4541 ἐπὶ

1971 4501 2171 4553 derans
2199 4496 2320 4568 ejus
2349 4512 2472 4553 esse
2503 4498 2820 4567 discipulus.
2849 4499 3020 4566 Quem
3057 4500 3147 4557 ille
3181 4501 3367 4555 statim
3407 4503 3543 4556 lebio

294 4564 391 4636 τὴν
458 4566 692 4636 ἄσκησιν
757 4569 1145 4639 προσεδίϐαζεν
1176 4571 1240 4634 ⁸³,
1288 4572 1384 4644 τὴν
1437 4574 1692 4647 μηλωτὴν
1743 4577 1869 4647 περὶ

297 4657 418 4719 τοὺς
462 4654 645 4725 ὤμους
685 4658 850 4711 αὑτοῦ
887 4660 1261 4731 περιθέμενος,
1313 4666 1407 4718 καὶ
1453 4665 1657 4720 λέντιον
1708 4669 1869 4721 αὐτὸν

298 4745 763 4817 περιζωσάμενος.
812 4749 921 4801 Καὶ
950 4749 1014 4821 δὴ
1060 4752 1213 4804 εἵπου
1245 4770 1331 4817 τις
1376 4754 1483 4807 τῶν
1529 4756 1871 4826 Χριστιανῶν

299 4836 572 4898 ἐτελεύτα,
606 4842 1027 4912 προσκαρτερῶν
1054 4845 1218 4898 αὑτοῦ
1241 4848 1360 4909 ταῖς
1388 4849 1737 4918 ἀγρυπνίαις,
1767 4868 1869 4903 κα-

300 4928 500 4999 θαρίως
538 4930 811 5001 ἐκήδευεν.
866 4933 1009 4987 Ἰδὼν
1040 4936 1097 4987 δὲ
1126 4937 1286 4989 αὐτὸν
1318 4941 1346 4991 ό
1380 4940 1624 5011 μαθητὴς
1652 4942 1861 5012 θαυμα-

300 5019 427 5083 σίως
459 5021 587 5083 τοὺς
620 5021 922 5088 τεθνεῶτας
969 5027 1283 5097 κηδεύοντα,
1326 5028 1478 5085 εἶπεν
1505 5033 1641 5104 πρὸς
1670 5036 1829 5088 αὐτόν
1849 5054 1864 5067 ο

298 5107 357 5161 Εἰ
386 5111 531 5179 κάμὲ
563 5110 793 5165 θανόντα
819 5113 991 5179 οὕτως
1019 5117 1323 5187 κηδεύσεις,
1355 5122 1639 5177 διδάσκαλε
1666 5141 1681 5190 ;
1730 5126 1786 5179 Ὀ
1812 5126 1869 5180 δὲ

300 5200 431 5289 πρὸς
457 5202 623 5255 αὐτὸν
656 5202 789 5275 ἔφη’
824 5205 979 5260 Οὕτω
1018 5210 1262 5279 κηδεύσω
1294 5229 1371 5278 σε,
1404 5214 1563 5285 ἄχρις
1594 5215 1660 5269 ἂν
1685 5216 1866 5289 εἴπῃς,

309 5288 506 5361 Ἀρκεῖ.
541 5293 675 5347 Μετ’
710 5296 771 5347 οὐ
805 5297 938 5350 πολὺ
971 5299 1025 5352 δὲ
1072 5302 1265 5371 χρόνου
1292 5304 1551 5375 τέθνηκεν
1576 5309 1604 5361 ὁ
1630 5288 1867 5372 νεανίας,

298 5383 388 5434 καὶ
429 5387 458 5438 ὁ
498 5385 661 5453 λόγος
696 5386 745 5417 ³⁸
775 5387 934 5461 ἔργον
972 5391 1198 5458 ἐγίνετο.
1235 5394 1518 5463 Κηδεύσας
1557 5398 1665 5468 γὰρ
1708 5401 1870 5454 αὑτὸν

296 5474 558 5541 εὐσεϐῶς,
587 5476 739 5547 λέγει
771 5480 906 5547 πρὸς
933 5482 1091 5536 αὑτὸν
1114 5485 1207 5536 ἐπὶ
1236 5485 1450 5539 πάντων
1470 5505 1482 5517 ο
1523 5489 1717 5554 Καλῶς
1747 5494 1873 5564 ἐκη-

362 5616 408 5647 ’θ
446 5617 527 5667 .li.
570 5615 709 5675 πῶς.
789 5617 937 5668 “AI.
975 5616 1109 5683 πῶς.

1974 4598 2102 4643 tene
2130 4589 2403 4649 indutum,
2436 4591 2652 4644 cuculla
2684 4592 2843 4662 capiti
2878 4592 3292 4663 circumposita,
3337 4609 3402 4649 ac
3430 4610 3544 4651 me-

1971 4681 2078 4734 lote
2109 4681 2175 4734 ad
2204 4681 2477 4743 humeros,
2512 4682 2864 4753 cinctumque
2897 4685 3085 4747 linteo,
3125 4686 3190 4737 ad
3222 4687 3546 4741 monacliale

1971 4770 2281 4823 institutum
2316 4771 2729 4840 exercitumque
2763 4774 3054 4842 promovit.
3087 4775 3164 4827 Ad
3198 4776 3332 4837 haec,
3360 4775 3537 4830 sicubi

1974 4877 2005 4916 e
2050 4861 2380 4917 Christianis
2430 4864 2556 4933 quis
2592 4864 2839 4930 abiisset,
2875 4866 3258 4934 persevcrabat
3283 4867 3336 4920 in
3370 4867 3544 4937 ipsius

1976 4952 2198 5020 vigiliis,
2249 4963 2303 5007 et
2349 4953 2518 5009 nitide
2554 4955 2866 5023 sepeliebat.
2902 4955 3071 5021 Quem
3112 4972 3342 5013 cernens
3378 4958 3546 5013 disci-

1978 5044 2160 5112 pulus,
2207 5045 2603 5101 admirabiliter
2647 5046 2934 5102 defunctos
2984 5063 3201 5112 curare,
3263 5049 3400 5103 dixit
3443 5051 3540 5105 ei:

1978 5135 2132 5191 Mene
2156 5148 2426 5193 mortuum
2453 5140 2525 5193 ita
2559 5136 2860 5204 funerabis,
2885 5140 3180 5209 magister?
3202 5140 3502 5208 Respondit
3528 5159 3541 5194 :

1978 5226 2067 5280 Sic
2094 5230 2410 5297 parentabo,
2441 5230 2615 5285 donec
2639 5231 2841 5286 dixeris
2875 5250 2888 5286 :
2926 5229 3070 5286 Satis
3098 5241 3199 5286 est.
3232 5231 3349 5285 Non
3373 5232 3544 5285 multo

1977 5326 2100 5387 post
2128 5327 2392 5388 tempore,
2414 5321 2664 5391 migravit
2694 5337 2723 5375 e
2756 5323 2863 5376 vita
2894 5322 3234 5386 adolescens,
3272 5336 3336 5376 ac
3364 5336 3544 5376 sermo

1978 5407 2227 5461 effectum
2254 5411 2481 5465 sortitus
2505 5420 2606 5465 est.
2631 5412 2765 5465 Cum
2789 5413 2931 5466 enim
2963 5414 3048 5481 pie
3071 5428 3195 5466 eum
3228 5418 3544 5466 accurasset

1979 5496 2047 5550 ad
2095 5498 2459 5567 sepulturam,
2504 5500 2576 5551 ait
2629 5501 2729 5566 ipsi
2783 5514 2967 5553 coram
3026 5500 3280 5555 oniriibus
3308 5516 3323 5553 :
3356 5499 3400 5554 0
3445 5500 3543 5559 liii.

1190 5622 1233 5652 ¹²
1270 5621 1351 5701 Al.
1387 5622 1761 5701 Ea._aziéat_':_tvdt
1788 5626 2033 5701 λέγοντα.
2107 5631 2151 5661 ’³
2185 5630 2270 5688 Al.
2298 5632 2519 5701 τάφους.
2564 5700 2569 5701 ί
2597 5631 2640 5661 ’⁸
2663 5630 2747 5701 Al.
2782 5631 2849 5683 τὰ
2889 5630 3194 5701 κλέμματα.
3273 5632 3321 5662 ⁸⁸
3346 5632 3430 5685 ΑΙ.
3464 5631 3545 5693 είς

294 5703 350 5749 ς.
478 5685 849 5771 τεσιὶροιῇξιλεῖνἒ
924 5688 967 5771 ’ς
1117 5685 1515 5771 ,ἐπανξλαβεῖνέ
1564 5696 1635 5771 _‘_7
1660 5694 1745 5749 Al.
1790 5685 1963 5771 ἃγίον,
1988 5701 2140 5771 deest
2173 5701 2228 5771 in
2257 5685 2397 5771 aliis:
2451 5685 2522 5771 75“,
2547 5700 2630 5753 Al.
2673 5700 2871 5771 ψυχήν.
2950 5685 2998 5732 ’ν’
3024 5685 3107 5756 ᾸΙ.
3139 5695 3297 5756 εἶναι.
3376 5702 3420 5733 ³⁰
3453 5685 3540 5758 Al:

292 5758 464 5809 armi).
549 5756 591 5785 ³¹
627 5754 713 5808 Ai.
748 5754 873 5808 add.
908 5757 1006 5819 τὰς
1039 5759 1217 5827 ἁγίας.

1297 5762 1341 5791 θ’
1372 5762 1454 5813 Al.
1496 5760 1792 5833 λεδήτωνα.
1838 5760 1914 5800 ’³³
1953 5760 2038 5823 Al.
2064 5769 2251 5838 προεὸ.
2330 5770 2373 5800 ³³
2398 5770 2479 5822 Al.
2513 5760 2806 5833 insemel}.
