4062 6332
475 253 598 308 ‘45!

1632 249 1977 304 APPENDIX
2016 251 2108 305 AD
2146 251 2565 308 PALLADIUM.

3648 255 3761 310 459.

501 383 634 425 num
683 369 821 425 bene
860 378 1085 426 curatus
1117 385 1199 434 es,
1240 385 1308 424 an
1346 368 1525 424 adhuc
1560 366 1714 423 deest
1760 368 2075 437 quidpiam?

2191 368 2389 441 Ξεύθης,
2427 366 2471 422 ὦ
2508 370 2715 430 τέκνον,
2759 372 2790 440 ῆ
2834 367 2915 421 ἔτι
2947 366 3137 441 μικρὸν
3168 369 3444 434 λείπεταις
3480 370 3665 443 Φωνὴν
3699 371 3758 426 δὲ

502 457 662 516 Tunc
690 475 880 517 vocem
912 462 1096 517 emisit
1129 460 1473 523 adolescens,
1520 459 1940 529 quamplurimis
1977 475 2074 513 au-

504 555 785 613 dientibus
815 575 829 612 :
864 556 1006 611 Bene
1041 555 1225 621 habet,
1257 553 1454 619 Pater;
1490 552 1731 623 implesti
1763 553 1907 623 quod
1945 567 2074 623 pro-

506 649 756 705 miseras.
801 646 1322 717 Obstupueruntque
1360 645 1452 716 qui
1488 652 1786 715 praesentes
1827 642 2073 708 aderant,

504 747 668 810 atque
688 754 850 810 super
874 754 938 793 ea
970 754 1027 793 re
1060 738 1228 793 Deum
1259 737 1513 794 demirati
1549 746 1679 792 sunt
1711 744 1765 792 et
1798 735 2073 806 glorifica-

505 837 720 883 verunt.
764 829 859 882 ille
910 828 1095 884 statim
1130 829 1184 882 in
1232 828 1512 884 desertum
1557 827 1810 893 secessit,
1846 827 2074 898 gloriam

504 919 801 989 laudesque
828 920 1028 976 vitans.
1049 920 1243 975 Postea
1265 920 1550 975 descendit
1572 919 1807 990 quodam
1834 925 2079 988 tempore

502 1006 573 1063 de
617 1024 803 1064 eremo
844 1010 912 1063 ad
964 1011 1269 1066 visitandos
1302 1010 1521 1076 fratres,
1554 1025 1696 1080 quos
1742 1009 2075 1071 instituerat,

503 1100 698 1154 morbo
734 1108 1052 1172 correptos;
1096 1118 1332 1173 cumque
1362 1118 1506 1157 unus
1533 1117 1601 1156 ex
1629 1103 1710 1157 eis
1748 1116 1876 1156 mox
1908 1100 2079 1154 mori-

503 1198 662 1246 turus
689 1200 856 1258 esset,
884 1208 947 1247 ac
975 1191 1116 1249 Deus
1149 1196 1198 1249 ei
1230 1196 1334 1249 hoc
1364 1194 1692 1258 revelasset,
1724 1207 1950 1264 vespera
1982 1207 2080 1246 au-

503 1288 612 1335 tem
646 1282 1132 1353 appropinquaret,
1170 1293 1283 1339 tum
1326 1286 1482 1340 vicus
1519 1285 1708 1353 procul
1745 1283 1866 1337 loco
1911 1289 2078 1347 esset,

504 1374 695 1428 uolens
728 1383 895 1429 noctu
935 1375 1168 1446 ingredi,
1200 1376 1493 1445 vitansque
1520 1373 2077 1445 intempestivitalem,

504 1480 718 1520 necnon
753 1467 1044 1523 meditatus
1074 1466 1380 1523 Servatoris
1419 1467 1715 1522 salutarem
1748 1465 2080 1521 admonitio-

505 1572 629 1612 nem
658 1575 674 1612 :
707 1559 988 1613 Ambulate
1031 1559 1157 1613 dum
1189 1558 1356 1613 lucem
1392 1560 1448 1613 in
1475 1558 1618 1613 vobis
1652 1558 1854 1612 habetis
1872 1558 1950 1625 ³⁸;
1979 1564 2034 1613 ει
2066 1576 2079 1612 :

508 1648 613 1715 Qui
642 1649 881 1703 ambulat
910 1650 964 1704 in
996 1650 1131 1716 luce,
1166 1667 1271 1705 non
1302 1650 1622 1721 offendet”;
1656 1650 1770 1706 sole
1799 1649 1913 1720 jam
1942 1648 2086 1704 occi-

2182 460 2392 531 ἀφῆκεν
2437 460 2465 512 ὁ
2508 457 2784 531 τεθνηκὼς
2831 461 3070 523 νεανίας,
3117 462 3197 525 εἰς
3230 462 3464 532 ἐπήκοον
3490 462 3600 515 τῶν
3630 463 3762 517 πολ-

2181 552 2289 605 λῶν
2318 551 2363 582 ⁴⁰
2386 567 2400 580 θ
2451 551 2604 621 Ἔχει
2663 549 2867 614 καλῶς,
2903 544 2948 603 ὧ
2981 552 3191 622 Πάτερ·
3238 551 3341 622 τὴν
3371 550 3477 624 γὰρ
3519 552 3761 620 ἐπαγγε-

2182 642 2300 695 λίαν
2344 640 2694 713 ἐπλήρωσας.
2746 639 2946 711 Θαῦμα
2987 640 3046 693 δὲ
3100 641 3227 703 τοὺς
3270 642 3545 713 παρόντας
3603 641 3763 711 ἔσχεν

2185 733 2441 799 ἐξαίσιον,
2473 710 2566 787 καὶ
2595 710 2899 803 ἐθαύμαζον
2924 733 2968 765 ⁸³
3002 732 3090 785 ἐπ’
3123 710 3388 804 αὐτῷ’τδν
3416 733 3570 787 Θεόν.
3617 710 3763 788 δὲ

2183 827 2276 879 ἐπὶ
2306 824 2405 897 τὴν
2436 824 2640 896 ἐρημον
2661 823 2839 887 ἐὐθὺς
2867 822 3154 894 ἀνεχώρει,
3183 825 3283 895 τὴν
3317 822 3557 888 εὐδοξίαν
3584 823 3766 878 ἐκκλί-

2185 936 2310 974 νων.
2346 919 2454 973 Καὶ
2502 920 2703 990 δήποτε
2740 918 2805 969 ἐκ
2854 918 2952 987 τῆς
2991 917 3200 987 ἐρήμου
3251 914 3491 968 κατίειδί
3520 917 3602 972 εἰς
3641 915 3764 967 ἐπί-

2186 1012 2379 1082 σκεψιν
2425 1010 2690 1080 ἀδελφῶν,
2738 1007 2847 1062 τῶν
2895 1006 3028 1078 παρ’
3078 1004 3244 1060 αὐτοῦ
3296 1005 3761 1078 μαθητευθέντων,

2185 1103 2326 1173 νόσῳ
2349 1102 2802 1172 κατειλημμένων
2825 1117 2839 1130 ·
2873 1100 2968 1154 καὶ
3005 1097 3288 1170 μέλλοντος
3316 1098 3411 1150 τοῦ
3446 1097 3564 1161 ἐνὸς
3585 1094 3766 1150 αὐτῶν

2185 1193 2447 1264 τελευτᾷν
2469 1234 2483 1259 ,
2537 1192 2696 1246 τοῦτο
2748 1191 2841 1244 τοῦ
2891 1191 3026 1245 Θεοῦ
3072 1189 3222 1261 αὐτῷ
3277 1189 3721 1260 ἁποκαλύψαντος
3747 1206 3764 1222 ο

2188 1285 2397 1355 ἐσπέρα
2446 1284 2503 1338 δὲ
2553 1284 2653 1355 ἤδη
2708 1283 2985 1354 προσῆγεν
3003 1283 3071 1347 ⁸³,
3124 1282 3220 1336 καὶ
3265 1283 3299 1354 ἡ
3358 1280 3520 1355 κώμη
3577 1281 3769 1353 πόρρω

2189 1371 2483 1442 ἐτύγχανεν
2504 1387 2518 1401 ·
2574 1370 2648 1442 μὴ
2699 1370 3022 1442 βουλομένου
3056 1370 3112 1423 δὲ
3147 1370 3313 1425 αὐτοῦ
3358 1371 3549 1435 νυκτὸς
3593 1371 3769 1424 εἰσελ-

2190 1463 2322 1528 θεῖν,
2368 1462 2465 1534 τὴν
2511 1463 2768 1535 ἀκαιρίαν
2812 1462 3188 1527 ἐκκλίνοντος,
3238 1464 3334 1517 καὶ
3384 1462 3445 1516 τὸ
3501 1464 3768 1534 σωτήριον

2191 1555 2556 1627 παράγγελμα
2589 1554 2920 1625 μελετῶντος
2944 1572 2957 1585 ·
2990 1555 3518 1625 Περιπατεῖτε,ἐως
3548 1561 3616 1611 τὸ
3640 1555 3768 1626 φῶς

2189 1647 2261 1701 ἐν
2316 1647 2456 1715 ὑμῖν
2483 1646 2529 1679 ii
2576 1646 2778 1717 ἔχετε·
2831 1648 2947 1714 καὶ,
3014 1648 3068 1700 '0
3123 1649 3527 1718 πορευόμενος
3572 1649 3643 1702 ἐν
3690 1647 3770 1714 τῷ

506 1741 687 1805 dente,
726 1741 866 1795 hanc
898 1742 965 1796 ad
1004 1759 1130 1798 eum
1160 1758 1349 1798 vocem
1378 1743 1564 1798 emisit
1601 1759 1617 1797 :
1647 1741 1703 1795 In
1735 1740 1957 1796 nomine
1980 1739 2085 1793 Do-

2191 1741 2337 1816 φωτί
2383 1742 2456 1794 οὺ
2491 1738 2578 1810 μὴ
2621 1742 2967 1810 προσκόψῃ.
3023 1741 3292 1812 Δυομένου
3338 1736 3430 1796 οὖν
3462 1740 3648 1794 λοιπὸν
3674 1740 3768 1794 τοῦ

508 1831 639 1886 mini
665 1829 793 1886 Jesu
818 1830 1049 1898 Christi,
1081 1834 1212 1888 mihi
1243 1832 1521 1905 paulisper
1543 1843 1628 1888 sta
1661 1832 1717 1886 in
1741 1831 1846 1886 hoc
1870 1830 2086 1886 itineris

508 1923 585 1977 tui
629 1932 856 1994 puncto,
897 1925 1072 1981 donec
1118 1925 1187 1980 ad
1223 1927 1406 1982 vicum
1451 1924 1788 1994 perveniam.
1835 1921 1928 1977 Sol
1960 1937 2088 1978 vero

507 2014 685 2070 media
714 2015 910 2070 circuli
936 2025 1090 2087 parte
1113 2016 1226 2087 jam
1252 2016 1513 2072 conditus
1540 2014 1763 2079 restitit,
1790 2029 1891 2068 nec
1932 2012 2089 2083 prius

506 2109 785 2172 occubuit,
833 2125 998 2180 quam
1051 2109 1142 2165 ille
1189 2109 1259 2165 ad
1312 2110 1493 2165 locum
1533 2107 1808 2174 venisset;
1858 2106 1997 2161 adeo
2028 2116 2091 2160 ut

508 2199 612 2254 hoc
660 2200 978 2255 hominibus
1026 2200 1267 2271 regionis
1288 2200 1454 2271 ,illius
1500 2198 1825 2262 innotuerit,
1871 2196 1965 2267 qui
2019 2198 2088 2250 ad

507 2290 677 2347 solem
707 2292 1066 2362 spectandum
1097 2292 1243 2347 facto
1263 2307 1536 2347 concursu
1570 2290 1914 2345 mirabantur
1940 2289 2086 2359 quod

505 2383 755 2454 pluribus
789 2383 943 2440 horis
976 2391 1264 2439 cernerent
1292 2399 1416 2438 eum
1457 2398 1570 2437 non
1602 2381 1797 2451 mergi.
1831 2379 1968 2435 Tum
1997 2381 2086 2435 in-

506 2474 634 2528 tuiti
675 2471 1077 2530 Patermutium
1125 2474 1194 2531 de
1228 2472 1527 2530 solitudine
1567 2473 1894 2537 venientem,
1926 2472 1997 2527 ab
2023 2486 2089 2527 eo

507 2566 953 2631 sciscitabantur,
972 2568 1102 2637 quid
1127 2568 1231 2621 hoc
1257 2576 1405 2622 esset
1429 2567 1566 2639 signi
1595 2566 1652 2620 in
1682 2552 1818 2620 sole.
1850 2563 2092 2634 Respon-

506 2657 588 2710 dit
617 2672 748 2712 vero
781 2641 869 2713 eis
905 2677 918 2712 :
952 2656 1072 2711 Non
1124 2654 1491 2713 recordamini
1541 2656 1848 2712 Servatoris
1898 2670 2087 2711 vocem

508 2750 659 2804 illam
693 2765 710 2804 :
744 2748 803 2806 Si
834 2750 1127 2805 habueritis
1167 2750 1325 2818 ﬁdem
1372 2750 1510 2803 sicut
1548 2765 1775 2820 granum
1804 2747 2087 2815 sinapis”,

505 2851 559 2895 et
587 2841 799 2911 majora
822 2825 1009 2896 [tarum
1031 2842 1185 2913 signa
1206 2842 1415 2912 facietis
1439 2841 1525 2895 ³⁸2

2189 1832 2364 1902 ἡλίου,
2399 1832 2584 1902 φωνὴν
2606 1833 2650 1864 ⁸⁸
2687 1831 2988 1902 ἐφθέγξατο
3023 1833 3161 1906 πρὸς
3207 1834 3370 1887 αὑτὸν
3430 1834 3637 1902 λέγων·
3682 1833 3771 1887 Ἐν

2188 1926 2415 1997 ὀνόματι
2467 1926 2563 1980 τοῦ
2594 1926 2801 1997 Κυρίου
2844 1927 3020 1997 Ἰησοῦ
3063 1925 3325 1999 Χριστοῦ,
3367 1926 3525 1997 στῆθί
3560 1944 3649 1998 μοι
3680 1944 3771 1997 μι-

2190 2015 2322 2088 κρὸν
2366 2017 2453 2070 ἐπ’
2487 2016 2636 2088 αὐτῷ
2660 2016 2705 2049 ⁸⁸
2748 2015 2849 2085 τῆς
2891 2015 3011 2069 ὁδοῦ
3068 2033 3186 2082 σου,
3237 2016 3396 2087 ἄχρις
3436 2015 3503 2070 ἂν
3548 2016 3630 2078 εἰς
3673 2014 3774 2086 τὴν

2190 2107 2385 2178 κώμην
2434 2106 2737 2177 ἀφίκωμαι.
2802 2103 2863 2160 Ὀ
2918 2105 2975 2158 δὲ
3028 2105 3104 2169 ὡς
3146 2105 3474 2176 ἡμικύκλιον
3519 2104 3776 2176 δυόμενος

2192 2200 2478 2271 περιέστη,
2530 2200 2623 2252 καὶ
2666 2199 2727 2252 ού
2762 2199 2891 2270 πρὶν
2927 2196 3017 2250 ἔδυ
3061 2197 3222 2269 ἄχρις
3267 2195 3334 2252 ἂν
3382 2199 3590 2261 ἐκεῖνος
3639 2192 3777 2268 ἧκεν

2191 2290 2329 2362 πρὸς
2360 2291 2422 2343 τὸ
2452 2290 2651 2363 χωρίον
2672 2307 2687 2320 ·
2737 2290 2815 2355 ὡς
2856 2289 3089 2362 φανερὸν
3133 2288 3293 2343 τοῦτο
3325 2292 3440 2353 τοῖς
3488 2288 3777 2359 ἐγχωρίοις

2190 2382 2468 2453 γενέσθαι,
2524 2382 2573 2435 οἳ
2626 2382 2765 2454 πρὸς
2816 2381 2914 2451 τὴν
2961 2380 3056 2436 τοῦ
3098 2381 3250 2453 ἡλίου
3298 2382 3426 2436 θέαν
3471 2379 3776 2451 συνδρομὴν

2194 2473 2573 2544 ποιησάμενοι,
2596 2472 2906 2544 ἐθαύμαζον
2926 2474 3019 2526 ἐπὶ
3051 2474 3273 2537 πολλαῖς
3305 2471 3478 2545 ὥραις
3509 2471 3777 2542 θεωροῦν-

2191 2581 2285 2628 τες
2332 2565 2493 2617 αὑτὸν
2539 2564 2614 2635 μὴ
2650 2565 2930 2634 δυόμενον.
2991 2566 3211 2631 Ἰδόντες
3241 2566 3298 2620 δὲ
3326 2566 3418 2620 τὸν
3456 2562 3776 2635 Πατερμού-

2194 2673 2307 2710 τιον
2323 2657 2367 2688 ’⁵⁷
2401 2657 2466 2709 ἐκ
2495 2656 2596 2727 τῆς
2650 2658 2857 2727 ἐρήμου
2894 2658 3210 2730 ἐρχόμενον,
3246 2658 3606 2713 ἐπυνθάνοντο
3648 2656 3778 2726 παρ’

2197 2749 2386 2815 αὑτοῦ,
2415 2750 2468 2802 τί
2501 2750 2564 2803 τὸ
2594 2753 2819 2821 σημεῖον
2847 2751 3006 2805 τοῦτο
3035 2754 3144 2824 ἄρα
3169 2752 3258 2823 εἴη
3292 2753 3355 2805 τὸ
3382 2750 3478 2805 τοῦ
3506 2750 3681 2823 ἡλίου.
3722 2752 3780 2803 Ὀ

2196 2841 2253 2895 δέ
2286 2859 2419 2912 φησι
2453 2841 2590 2913 πρὸς
2618 2842 2848 2906 αὐτούς·
2885 2843 2960 2895 Οὐ
2994 2843 3273 2916 μέμνησθε
3298 2843 3400 2916 τὴν
3457 2842 3553 2897 τοῦ
3593 2842 3779 2911 Σωτῆ-

512 2954 604 3010 ρος
647 2937 831 3010 φωνὴν
862 2939 1147 3009 λέγουσαν,
1205 2939 1340 2993 Ἐὰν
1370 2939 1550 3008 ἔχητε
1585 2937 1797 2991 πίστιν
1836 2935 1918 3001 ὡς
1948 2937 2174 2992 κόκκον
2236 2939 2563 3006 σινάπεως,
2604 2938 2703 2993 καὶ
2752 2938 2999 3008 μείζονα
3049 2942 3279 2995 τούτων
3341 2939 3565 3010 σημεῖα
3611 2935 3780 3004 ποιή-

506 3047 659 3100 σητε
676 3030 721 3064 ⁸⁸
739 3049 755 3098 ;

576 3124 645 3177 At
671 3123 798 3179 illos
817 3121 1110 3180 confestim
1141 3124 1311 3179 subiit
1340 3122 1541 3186 timor;
1568 3129 1735 3193 atque
1765 3129 2088 3179 manserunt

2267 3120 2407 3184 Τοὺς
2452 3119 2512 3174 δὲ
2566 3121 2729 3184 εὐθὺς
2784 3119 3035 3191 εἰσῆλθεν
3079 3118 3274 3205 φρὁςε
3324 3119 3669 3193 παρέμειναν
3719 3140 3778 3177 τε

510 3223 634 3263 cum
665 3225 731 3264 eo
780 3211 1033 3266 nonnulli
1073 3225 1138 3265 ex
1175 3211 1314 3282 ipsis
1346 3213 1403 3265 in
1443 3210 1767 3282 discipulos.
1802 3211 1974 3266 Porro
2008 3212 2093 3267 in-

508 3316 732 3370 gressus
776 3301 999 3357 domum
1050 3302 1214 3357 unius
1245 3318 1311 3358 ex
1360 3302 1628 3358 fratribus
1671 3304 2088 3374 aegrotantibus,

510 3400 816 3463 nactusque
844 3392 998 3446 illum
1021 3391 1135 3462 jam
1169 3400 1473 3457 mortuum,
1500 3394 1737 3448 accessit
1766 3392 1833 3447 ad
1866 3393 2085 3460 lectum,

511 3483 761 3551 fusisque
800 3482 1078 3552 precibus,
1121 3498 1247 3538 cum
1276 3484 1527 3539 osculum
1560 3483 1825 3551 dedisset,
1859 3484 2092 3540 interro-

511 3575 683 3645 gavit,
720 3575 981 3630 malletne
1004 3575 1240 3646 migrare
1269 3575 1335 3630 ad
1361 3575 1555 3644 Deum,
1579 3576 1662 3631 vel
1691 3577 1874 3631 adhuc
1895 3576 2094 3648 (legere

510 3667 567 3719 in
604 3681 794 3721 carne.
837 3665 941 3732 Qui
978 3677 1268 3737 postquam
1306 3668 1509 3723 resedit
1541 3668 1616 3722 ait
1640 3668 1716 3722 illi
1750 3687 1764 3723 :
1795 3669 1989 3726 Melius
2008 3678 2092 3725 est

506 3757 736 3813 dissolvi
761 3768 815 3813 et
831 3774 952 3815 esse
973 3773 1097 3813 cum
1122 3758 1379 3826 Christo;
1406 3763 1587 3818 vivere
1609 3772 1790 3818 autem
1820 3764 1874 3819 in
1903 3780 2089 3833 carne,

510 3849 644 3904 mihi
670 3852 1040 3906 necessarium
1073 3868 1180 3907 non
1207 3863 1292 3910 est
1316 3854 1385 3908 ⁸⁹.
1406 3844 1623 3926 Itaque,
1646 3858 1884 3927 excepit,
1913 3858 2090 3912 dormi

508 3943 564 3997 in
608 3956 761 4013 pace,
795 3943 891 4007 fili,
937 3960 1003 3999 ac
1046 3945 1324 4001 intercede
1346 3962 1446 4016 pro
1482 3963 1569 4003 me
1592 3949 1735 4018 apud
1768 3948 1960 4004 Deum.
1997 3948 2093 4005 Ille

506 4035 692 4090 statim
717 4042 841 4105 post
874 4035 1023 4091 hunc
1066 4051 1377 4092 sermonem
1404 4038 1667 4094 accubuit
1694 4048 1858 4111 atque
1886 4040 2090 4096 obdor-

509 4125 696 4191 mivit;
741 4125 836 4195 qui
890 4127 1145 4180 astabant
1210 4141 1340 4182 vero
1409 4129 1595 4184 cuncti
1649 4128 2090 4198 obstupuerunt,

508 4216 877 4288 dixeruntque
897 4236 911 4272 :
931 4217 1072 4274 Vere
1096 4217 1190 4273 Dei
1210 4220 1376 4274 homo
1395 4228 1483 4275 est
1506 4220 1616 4274 hic.
1632 4218 1789 4274 Tunc
1813 4221 2090 4276 munditer

508 4309 758 4378 sepelivit
807 4325 953 4373 eum,
986 4317 1268 4382 totamque
1312 4320 1530 4377 noctem
1568 4312 1625 4366 in
1656 4310 1875 4382 hymnis
1906 4319 2092 4367 trans-

502 4399 640 4471 egit.
665 4400 847 4455 Alium
901 4416 1121 4471 quoque
1167 4401 1393 4457 fratrem
1442 4403 1780 4457 laborantem
1827 4404 2086 4468 visitavit,

2192 3212 2342 3283 αὐτῷ
2370 3228 2516 3276 τινες
2547 3213 2607 3278 ἐξ
2640 3213 2819 3268 αὐτῶν
2852 3212 3271 3284 μαθητεύοντες.
3299 3212 3573 3269 Εἰσελθὼν
3608 3215 3668 3269 δὲ
3696 3218 3776 3280 είς

2192 3301 2291 3374 τὴν
2314 3303 2509 3374 ,οἰκίαν
2551 3302 2669 3367 ἐνὸς
2714 3302 2822 3358 τῶν
2872 3303 3120 3373 ἀδελφῶν
3158 3303 3268 3358 τῶν
3309 3305 3630 3373 νοσούντων,
3686 3309 3781 3363 καὶ

2195 3395 2371 3466 εὑρὼν
2417 3394 2579 3447 αὐτὸν
2616 3393 2716 3465 ἤδη
2750 3394 3001 3460 θανόντα,
3033 3394 3347 3466 προσελθὼν
3384 3400 3450 3468 τῇ
3489 3398 3646 3471 κλίνῃ
3687 3401 3781 3454 καὶ

2194 3485 2658 3560 προσευξάμενος,
2700 3488 2795 3541 καὶ
2846 3488 3226 3560 καταφιλήσας
3270 3489 3454 3553 αὐτὸν,
3489 3490 3682 3561 ἠρώτα
3731 3494 3780 3545 εί

2193 3575 2330 3647 πρὸς
2377 3576 2508 3630 Θεὸν
2556 3576 2800 3647 βούλοιτο
2841 3577 3062 3633 ἀπιέναι
3112 3579 3399 3652 μᾶλλον,ἢ
3451 3581 3532 3635 ἔτι
3579 3581 3684 3654 ζῇν
3724 3586 3782 3638 ἐν

2195 3666 2379 3738 σαρκί.
2435 3669 2497 3722 '0
2523 3667 2581 3724 δὲ
2617 3668 2958 3733 ἀνακαθίσας
2997 3666 3152 3723 εἶπεν
3190 3670 3339 3743 αὐτῷ
3364 3690 3377 3704 ·
3412 3675 3685 3746 Κρεῖσσον
3721 3676 3782 3728 τὸ

2191 3759 2457 3814 ἀναλῦσαι
2494 3761 2589 3815 καὶ
2629 3762 2727 3815 σὺν
2767 3761 2991 3832 Χριστῷ
3017 3760 3156 3817 εἶναι
3178 3780 3190 3793 ’
3220 3764 3282 3817 τὸ
3311 3764 3368 3819 δέ
3396 3763 3496 3837 ζῇν
3522 3767 3582 3819 ἐν
3616 3770 3782 3839 σαρκὶ

2190 3850 2292 3903 οὐκ
2344 3851 2643 3918 ἀναγκαῖον
2694 3851 2840 3922 ἐμοί.
2896 3852 3107 3907 Οὐκοῦν
3158 3853 3409 3919 κάθευδε,
3467 3855 3633 3926 φησὶν
3655 3896 3670 3920 ,
3723 3857 3781 3908 ἐν

2191 3943 2404 4014 εἰρήνῃ,
2450 3935 2496 3995 ὦ
2545 3941 2754 4005 τέκνον,
2812 3941 3129 4013 πρεσϐεύων
3161 3943 3302 4015 ύπέρ
3346 3943 3481 4014 ἐμοῦ
3525 3944 3666 4015 πρὸς
3688 3943 3780 3998 τδν

2191 4032 2344 4087 Θεόν.
2390 4033 2449 4086 ’0
2479 4032 2539 4085 δὲ
2568 4032 2645 4096 ὼς
2677 4029 2916 4099 εἶπενθθ,
2947 4034 3110 4098 εὐθὺς
3141 4033 3432 4088 ἀναπεσὼν
3477 4036 3743 4106 ἐκοιμήθη
3762 4052 3777 4066 ο

2190 4126 2239 4176 οξ
2297 4122 2355 4175 δέ
2416 4122 2681 4192 παρόντες
2747 4121 2951 4187 πάντες
3020 4121 3400 4193 ἐξεπλάγησαν
3419 4165 3435 4189 ,
3491 4122 3779 4193 λέγοντες·

2204 4211 2446 4284 Ἀληθῶς
2479 4212 2617 4266 Θεοῦ
2661 4212 2947 4286 ἄνθρωπός
2991 4216 3140 4268 ἐστιν
3184 4207 3362 4280 οὗτος.
3396 4217 3690 4289 Κηδεύσας
3724 4216 3783 4273 δέ

2190 4304 2353 4358 αὑτὸν
2393 4302 2670 4376 καθαρίως
2685 4303 2756 4370 ⁸⁸,
2789 4307 2847 4357 ἐν
2875 4303 3070 4376 ὕμνοις
3108 4307 3290 4361 πᾶσαν
3335 4306 3436 4380 τὴν
3501 4311 3671 4365 νύκτα
3705 4310 3783 4364 δι-

2193 4397 2459 4450 ετέλεσεν.
2482 4395 2585 4449 Τὸν
2608 4395 2796 4467 ἕτερον
2831 4395 2890 4449 δὲ
2921 4395 3149 4468 ἀδελφὸν
3178 4398 3457 4470 κάμνοντα
3480 4401 3783 4472 ἐπισκεψά-

510 4496 680 4559 utque
706 4490 843 4543 vidit
872 4489 939 4545 de
968 4498 1146 4545 morte
1171 4491 1398 4545 anxium
1442 4508 1589 4556 esse.
1622 4503 1682 4547 ut
1715 4494 1809 4564 qui
1854 4496 2088 4561 graviter

2199 4504 2378 4558 μενος,
2399 4487 2474 4551 ὡς
2500 4487 2609 4541 ἴδεν
2636 4487 2801 4541 αὑτὸν
2827 4487 3197 4559 δυσφοροῦντα
3226 4490 3362 4563 πρὸς
3381 4491 3481 4564 τὴν
3502 4493 3779 4565 τελευτὴν,

505 4578 865 4633 conscientia:
884 4579 1121 4634 stimulis
1155 4588 1512 4648 premeretur,
1527 4582 1667 4637 dixit
1689 4582 1737 4637 ei
1768 4602 1779 4636 :
1810 4583 2092 4655 Tanquam

507 4669 815 4738 imparatus
837 4669 993 4725 vadis
1015 4669 1082 4724 ad
1122 4667 1293 4724 Deum
1315 4710 1331 4734 ,
1368 4671 1544 4726 instar
1576 4682 1958 4729 accusatorum
1995 4675 2092 4730 de-

514 4760 695 4815 ferens
724 4763 967 4816 rationes
1006 4761 1192 4831 segnis
1231 4761 1376 4817 vitae.
1403 4762 1497 4819 llle
1525 4772 1705 4819 autem
1737 4766 1930 4821 orabat
1967 4782 2090 4822 eum

506 4859 567 4906 et
591 4851 935 4917 obsecrabat,
964 4860 1022 4907 ut
1057 4868 1155 4923 pro
1183 4853 1305 4924 ipso
1332 4853 1478 4926 apud
1510 4854 1680 4911 Deum
1708 4857 2092 4926 intercederet,

508 4959 625 5015 quo
656 4943 822 4997 vitam
865 4943 970 5014 ipsi
1011 4945 1286 4999 tantillum
1321 4956 1664 5017 prorogaret.
1694 4948 1788 5019 qui
1834 4951 2087 5020 aliquan-

509 5035 689 5089 tulum
733 5049 795 5091 se
836 5043 983 5091 esset
1021 5035 1433 5092 emendaturus.
1477 5036 1634 5093 Tunc
1677 5040 1754 5093 ait
1798 5039 1866 5094 ad
1914 5056 2085 5095 eum:

510 5123 669 5182 Nunc
706 5133 926 5197 tempus
961 5127 1296 5198 paenitentiae
1331 5130 1560 5198 quaeris,
1594 5132 1815 5201 quando
1849 5132 1958 5187 vita
1993 5140 2087 5187 tua

506 5216 971 5289 corripiemeutum
1005 5220 1237 5289 accepit.
1275 5218 1417 5286 Quid
1470 5220 1713 5278 faciebas
1761 5224 1909 5277 omni
1964 5226 2087 5279 vitae

509 5309 798 5381 tentpore!
820 5308 1012 5367 Nonne
1041 5320 1260 5381 poteras
1276 5312 1501 5368 vulnera
1535 5322 1627 5368 tua
1660 5316 1895 5371 curare?
1921 5316 2087 5386 quin-

581 5423 627 5454 ³⁸
657 5423 813 5478 Joan.
841 5437 937 5487 xu,
960 5422 1049 5479 35.
1126 5424 1173 5456 ³⁸
1203 5422 1364 5478 Joan.
1388 5439 1472 5486 ιιι,
1513 5427 1566 5482 9.
1641 5426 1685 5459 ³⁷
1710 5414 1899 5484 Matth.
1935 5443 2070 5493 xvn,
2120 5428 2208 5485 19.

2195 4581 2384 4646 δεινῶς
2434 4581 2538 4634 imi)
2588 4581 2691 4653 τῆς
2745 4582 3106 4654 συνειδήσεως
3156 4583 3545 4656 ἐλεγχόμενον,
3599 4586 3782 4657 ἔλεγεν

2197 4674 2333 4746 πρὸς
2401 4674 2595 4728 αὐτόν·
2665 4675 2753 4739 Ὠς
2776 4674 2821 4706 ⁸⁸
2885 4675 3168 4747 ἀνέτοιμος
3220 4677 3453 4747 ὑπάγεις
3500 4677 3637 4751 πρὸς
3690 4679 3781 4733 τὸν

2194 4765 2350 4824 Θεὸν.
2403 4765 2743 4837 κατηγόρους
2795 4766 3088 4839 ἀποφέρων
3140 4769 3267 4832 τοὺς
3323 4768 3624 4840 λογισμοὺς
3679 4769 3781 4841 τῆς

2199 4856 2446 4928 ῥᾳθύμου
2476 4856 2773 4921 πολιτείας.
2832 4857 2894 4913 Ὀ
2921 4858 2978 4912 δὲ
3015 4859 3195 4914 ἐδέετο
3219 4860 3384 4914 αὐτοῦ
3413 4861 3507 4914 καὶ
3538 4861 3780 4915 ἱκέτευεν

2195 4947 2522 5019 πρεσϐεύειν
2560 4949 2703 5021 ὑπὲρ
2735 4950 2901 5004 αὑτοῦ
2949 4953 3086 5022 πρὸς
3132 4953 3224 5005 τὸν
3270 4952 3422 5015 Θεὸν,
3455 4953 3646 5028 χρόνον
3689 4956 3777 5008 ἐν·

2192 5039 2376 5093 δοῦναι
2421 5039 2570 5111 αύτῷ
2622 5042 2819 5114 μικρὸν
2869 5046 2937 5114 τῇ
2988 5043 3100 5116 ζωῇ
3127 5044 3196 5110 ⁸⁸,
3246 5044 3490 5115 μέλλοντί
3530 5063 3585 5099 τι
3634 5046 3780 5117 διορο

2196 5130 2505 5185 θοῦσθαι⁸³.
2553 5134 2613 5186 'U
2670 5133 2729 5187 δέ
2775 5151 2939 5205 φησιν
2996 5137 3135 5208 πρὸς
3187 5137 3388 5191 αὐτόν’
3425 5137 3540 5191 Νῦν
3588 5139 3777 5211 καιρὸν

2198 5225 2487 5295 μετανοίας
2524 5225 2728 5297 ζητεῖς,
2776 5229 2865 5282 ὅτε
2901 5230 2934 5299 ἡ
2968 5229 3080 5301 ζωή
3134 5247 3227 5283 σου
3282 5231 3660 5304 πεπλήρωται.
3711 5232 3776 5284 Τί

2193 5316 2399 5380 ἐποίεις
2429 5318 2606 5371 πάντα
2630 5319 2722 5373 τὸν
2751 5321 2944 5392 χρόνον
2964 5321 3012 5353 ⁵⁸
3035 5338 3049 5387 ;
3072 5324 3172 5376 οὑκ
3199 5322 3384 5376 ἐδύνου
3405 5323 3474 5378 τὰ
3507 5322 3577 5376 σὰ.
3608 5322 3779 5395 τραύ-

2317 5429 2364 5461 ³³
2412 5427 2580 5505 Joan.
2629 5447 2741 5495 xw,
2776 5431 2889 5505 12.“
2938 5433 2989 5505 7',’
3020 5433 3257 5505 Philipp.
3289 5435 3424 5498 1.23,
3450 5435 3539 5489 ει.
3617 5435 3664 5505 ξο
3689 5437 3774 5493 Al.

513 5493 749 5577 πάνῖωγο
826 5493 868 5577 τ’
888 5493 1259 5577 Αιιεξιξαςογο
1291 5565 1305 5577 .
1333 5493 1485 5577 δ’έλι
1506 5496 1719 5577 maies-
1754 5500 1763 5510 ι
1794 5497 1841 5577 .‘f
1862 5497 1947 5577 Al-
1981 5516 2086 5577 τερο

2191 5500 2318 5577 ’γιςε
2333 5508 2387 5555 et
2413 5493 2820 5577 ﬁpOGﬁYY‘tcé;
2852 5504 2901 5535 “
2919 5504 3091 5577 Abest
3105 5493 3507 5577 év'b'ttivab'al.
3540 5506 3586 5537 “
3618 5503 3778 5561 Deest

508 5562 865 5645 vimvﬁyin'al.
925 5562 993 5645 “A
1020 5564 1188 5645 A_best
1217 5565 1305 5618 ἐπ’
1344 5566 1510 5645 αύτῷ,
1534 5562 1754 5645 ἠδ”ειε-
1794 5567 1839 5600 ⁸⁷
1878 5569 1964 5645 Λ-Ι..
1997 5562 2088 5645 Ila:

2191 5562 2488 5645 μξούθιον-εὶ
2524 5562 2748 5645 πατέρα
2774 5562 3233 5645 Πατερμούθιον.’
3287 5576 3333 5608 ⁸⁸
3376 5576 3464 5629 Al.
3494 5577 3771 5644 ποιήσετε.

522 5626 571 5703 f’
612 5621 700 5683 A'l.
731 5627 893 5703 εἶχεν
946 5641 1001 5686 et
1048 5635 1297 5703 ἤκουσεν.
1401 5621 1570 5691 ⁵⁸Ἇ1.
1617 5621 1814 5703 καλῶς.

512 5697 964 5770 ἐπανορθοῦαθαι.
1040 5697 1088 5737 ⁸⁸
1110 5707 1199 5762 ΔΙ.
1234 5723 1326 5759 σου
1342 5704 1433 5759 τὸν
1463 5706 1596 5777 βίον.

482 5798 505 5827 ι

1910 5641 1953 5671 ⁸³
2022 5641 2107 5694 Al.
2156 5640 2288 5704 πῶς.

2405 5642 2452 5673 ⁸³
2506 5642 2589 5698 Al.
2630 5642 2779 5709 ὅπως
2829 5642 3211 5716 διορθώσηται.
3299 5647 3347 5679 ⁸³
3397 5647 3482 5700 Al.
3529 5642 3671 5701 πᾶν’
3700 5645 3771 5698 al.
