4062 6332
295 361 400 416 435

1528 355 1917 419 PARADISUS
1951 355 2262 416 PATRUM.

3386 368 3532 424 ~43}

298 498 440 548 ματα
467 481 837 553 θεραπεῦσαι;
885 482 1021 537 ἀλλά
1064 486 1159 539 καὶ
1191 485 1354 556 ἕτερα
1397 486 1761 556 προσετίθεις.
1805 482 1856 535 'G

1971 481 2080 535 imo
2120 480 2356 536 addebas
2398 481 2521 536 alia.
2548 483 2792 554 Cumque
2832 492 3207 553 perseveraret
3231 484 3285 538 in
3322 494 3520 555 suppli-

290 570 349 624 δὲ
375 571 451 634 ὡς
481 571 746 643 ἐπέμενεν
779 572 918 644 πρὸς
956 573 1179 627 αύτδν⁸³
1215 574 1497 641 ἱκετεύων,
1527 572 1863 646 ἀπεκρίνατο

292 661 428 735 πρὸς
454 663 616 718 αὑτὸν
642 665 671 718 ό
700 662 876 734 γέρων
896 681 909 696 ·
948 663 1036 736 Μὴ
1053 666 1099 698 ⁸⁸
1127 665 1292 737 ἐτερα
1317 668 1383 738 τῇ
1419 666 1530 737 ζωῇ
1571 683 1662 718 σου
1692 681 1861 736 προσ-

174 797 186 813 .
288 753 478 824 θήσεις
517 753 697 808 κακά’
754 754 863 807 el"
908 756 1051 809 κατά
1100 756 1360 824 ἀλήθειαν
1408 759 1705 827 μετανοεῖς,
1748 753 1862 807 δεόο

292 844 434 913 μεθα
457 845 596 917 ὑπὲρ
621 845 715 898 σοῦ
747 845 838 899 τοῦ
872 845 1007 899 Θεοῦ
1027 861 1040 874 ·
1072 847 1273 915 ἀγαθὸς
1310 848 1419 920 γάρ
1444 850 1594 901 ἐστιν
1627 847 1720 900 καὶ
1755 863 1859 916 μα-

292 935 586 1015 κρόθυμος,
633 938 727 990 καὶ
776 936 1056 1008 χαρίζεταί
1101 955 1183 992 σοι
1227 939 1306 992 ἐτι
1341 942 1544 1011 μικρὰν
1573 940 1740 1012 ζωὴν,
1774 938 1863 993 ἵνα

288 1025 354 1080 τὸ
376 1028 483 1081 πᾶν
510 1027 816 1106 άποδώσῃς.
851 1035 960 1087 Kal.
991 1035 1286 1106 εὐξάμενος
1324 1030 1477 1087 εἶπεν
1505 1032 1688 1103 αὑτῷο
1729 1033 1859 1087 ’1δοὺ

290 1116 414 1194 τρία
464 1117 561 1189 ἔτη
608 1138 689 1175 σοι
722 1125 1003 1195 χαρίζεται
1026 1126 1072 1158 ⁸⁸
1103 1127 1132 1177 ὁ
1159 1126 1291 1190 Θεὸς
1320 1124 1444 1196 cf)”
1493 1121 1605 1195 ζωῇ
1651 1122 1855 1195 ταύτηο

292 1206 452 1275 μόνον
484 1211 553 1268 ἐκ
576 1211 754 1283 ψυχῆς
785 1216 1134 1286 μετανόησον.
1166 1216 1275 1271 Καὶ
1298 1215 1594 1284 λαϐόμενος
1626 1215 1791 1269 αὑτοῦ
1813 1216 1858 1248 ⁸⁸

289 1300 387 1368 τῆς
409 1301 614 1372 χειρὸς.
643 1303 937 1371 ἀνέστησεν
987 1307 1346 1378 παραχρῆμαο
1385 1307 1538 1360 ml“
1574 1307 1859 1376 ἀπήγαγεν

287 1389 450 1443 αὐτὸν
469 1392 553 1456 είς
585 1392 682 1464 τὴν
705 1393 929 1467 ἔρημον.
959 1398 1070 1451 Kal.
1093 1398 1486 1471 πληρωθέντων
1512 1399 1646 1455 ἐτῶν
1669 1400 1855 1472 τριῶν,

288 1479 449 1534 πάλιν
492 1484 698 1553 ἢγαγεν
735 1488 827 1539 ἐπὶ
876 1487 969 1541 τὸν
1013 1489 1199 1554 τόπον,
1237 1491 1339 1545 οὐκ
1392 1490 1696 1563 ἄνθρωπον,
1739 1492 1857 1546 ἀλλ’

287 1568 519 1639 ἄγγελον
552 1574 665 1646 (12)
697 1576 775 1647 τῷ
816 1577 935 1650 Θεῷ
969 1580 1268 1651 παριστῶν,
1299 1581 1376 1646 ὡς
1409 1582 1684 1654 θαυμάσαι
1718 1585 1857 1638 πάν-

286 1674 384 1723 τας
411 1662 504 1714 ἐπὶ
531 1665 597 1734 τῇ
627 1664 790 1718 αὑτοῦ
819 1666 1142 1739 πολιτείᾳ⁶¹.
1173 1669 1285 1724 Kal.
1330 1671 1691 1726 συνελθόντων
1720 1673 1856 1745 πρὸς

287 1752 594 1868 abluerat?
638 1755 902 1825 ἀδελφῶν,
933 1758 1144 1831 τίθησιν
1166 1760 1211 1792 ⁸³
1238 1761 1400 1815 αὑτὸν
1430 1764 1488 1816 ἐν
1519 1763 1667 1834 μέσῳ
1699 1763 1850 1834 ὑγιῆ,
1881 1806 1932 1868 Β

287 1843 379 1896 καὶ
410 1844 483 1898 δι’
521 1845 650 1917 ὅλης
691 1849 791 1919 τῆς
830 1851 1020 1914 νυκτὸς
1068 1851 1225 1921 λόγον
1274 1852 1617 1921 διδασκαλίας
1671 1857 1854 1921 αὐτοῖς

287 1939 591 2011 παρεδίδου.
639 1940 727 2006 Ὦς
768 1942 825 1996 δὲ
875 1944 1245 2013 ἀπενύσταξεν
1287 1948 1315 2001 ὁ
1360 1949 1607 2018 ἀδελφὸς,
1655 1949 1749 2004 καὶ
1788 1950 1853 2022 δὴ

286 2029 367 2092 είς
392 2027 560 2084 ὕπνον
605 2032 897 2104 γενόμενος
926 2035 993 2099 ⁸⁸,
1035 2038 1312 2103 παντελῶς
1341 2040 1629 2112 ἐκοιμήθη.
1660 2041 1853 2095 Ἐπευ-

287 2118 515 2190 ξάμενος
543 2120 601 2175 δὲ
650 2123 819 2194 αὐτῷ,
867 2127 1153 2197 ἐκήδευσεν
1206 2130 1346 2185 κατά
1384 2132 1586 2203 τρόπον
1612 2133 1679 2198 ⁸⁸,
1723 2150 1856 2205 προ-

284 2211 508 2283 πέμψας
539 2213 676 2285 πρὸς
708 2215 809 2285 τὴν
847 2218 1045 2289 ταφήν.
1081 2220 1350 2284 Πολλάκις
1390 2220 1447 2274 δὲ
1486 2222 1649 2276 αὐτόν
1690 2239 1854 2293 φασιν

284 2303 378 2357 καὶ
400 2302 511 2358 τῶν
540 2307 880 2377 ποταμιαίων
902 2309 948 2339 ⁸⁸
974 2309 1182 2363 ὑδάτων
1206 2312 1490 2377 ἐπιϐάντα,
1516 2314 1608 2366 τὸν
1640 2315 1850 2381 Νεῖλον,

284 2394 409 2466 ἄχρι
442 2397 682 2464 γονάτων
722 2397 1193 2470 διαπορθμεῦσαι·
1248 2402 1435 2457 ἄλλοτε
1485 2405 1542 2458 δὲ
1581 2405 1648 2458 δι’
1694 2408 1855 2478 ἀέρος

284 2486 418 2557 πρὸς
442 2488 569 2552 τοὺς
598 2488 878 2559 ἀδελφοὺς,
902 2493 993 2544 ἐπὶ
1025 2494 1117 2546 τοῦ
1151 2493 1400 2563 δώματος
1429 2498 1721 2568 ηὑρῆσθαι,
1746 2500 1852 2554 τῶν

282 2574 463 2648 θυρῶν
493 2576 913 2649 κεκλεισμένων.
951 2581 1218 2647 Πολλάκις
1264 2584 1321 2638 δὲ
1367 2585 1610 2660 ὅπουπερ
1643 2589 1850 2661 ἢθελεν,

279 2668 622 2739 παραχρῆμα
650 2671 961 2742 ηὑρίσκετο.
1002 2677 1252 2745 Διηγεῖτο
1284 2677 1339 2730 δέ
1373 2697 1504 2733 ποτε
1545 2684 1659 2746 τοῖς
1702 2682 1855 2737 ἀδελ-

279 2759 420 2827 φοῖς,
452 2762 519 2812 ἐκ
549 2760 650 2831 τῆς
682 2763 893 2833 ἐρήμου
941 2765 1272 2832 ἐπανελθὼν,
1301 2770 1650 2843 ἀνειληφέναι
1681 2773 1725 2807 ⁸⁷
1756 2775 1853 2827 αὐ-

275 2849 368 2903 τὸν
397 2850 456 2903 ἐν
485 2850 724 2923 ὁράματι
748 2856 829 2918 εἰς
861 2855 1106 2926 οὐρανὸν,
1135 2860 1228 2914 καὶ
1256 2861 1543 2917 τεθεᾶσθαι
1572 2864 1670 2929 ὅσα
1703 2866 1853 2937 μένει

275 2941 460 3012 ἀγαθά
502 2945 629 3007 τοὺς
671 2945 813 2999 κατὰ
864 2946 1120 3019 ἀλήθειαν
1173 2955 1459 3023 μοναχοὺς,
1502 2955 1645 3028 άπερ
1679 2958 1853 3022 οὐδεὶς

1964 572 2198 636 catione,
2249 574 2324 628 ait
2363 590 2527 628 senex
2562 594 2574 629 :
2616 574 2671 628 Si
2709 575 2813 628 alia
2841 575 3128 631 additurus
3174 592 3280 630 non
3315 591 3376 631 es
3408 580 3531 632 vita:

1964 672 2069 719 tuae
2102 666 2264 728 mala,
2314 666 2408 719 sed
2460 682 2585 721 vere
2632 667 3007 736 paenitentiam
3059 676 3304 731 acturus.
3360 668 3528 723 Deum

1962 774 2060 829 pro
2090 768 2142 813 te
2175 760 2453 814 orabimus
2495 777 2509 814 :
2549 760 2724 815 bonus
2758 768 2862 825 est,
2902 760 3135 830 patiens,
3181 761 3527 830 arquanimis,

1961 868 2027 906 ac
2058 852 2300 922 indulget
2339 852 2435 906 tibi
2483 854 2661 906 adhuc
2702 870 2889 922 parum
2932 854 3072 915 vitae,
3108 862 3166 906 ut
3212 860 3408 907 cuncta
3441 869 3527 907 rc-

1963 943 2194 998 tribuas.
2226 942 2291 995 Et
2310 942 2555 997 oratione
2586 942 2726 995 facta
2755 942 2890 996 dixit
2916 943 2962 998 ei
2998 962 3010 997 :
3043 943 3182 997 Ecce
3208 949 3320 997 tres
3351 957 3527 997 annos

1960 1035 2085 1088 vita!
2117 1034 2280 1102 hujus
2322 1035 2417 1088 tibi
2464 1034 2715 1089 concedit
2747 1034 2921 1097 Deus;
2970 1042 3179 1088 tantum
3231 1049 3296 1089 ex
3342 1035 3527 1087 animo

1960 1125 2336 1195 paenitentiam
2362 1139 2478 1194 age.
2502 1123 2639 1177 Tum
2663 1138 2825 1177 manu
2851 1124 2969 1191 ejus
2991 1124 3350 1193 apprehensa,
3379 1124 3525 1177 illico

1959 1215 2150 1277 erexit,
2186 1215 2313 1269 dein
2342 1214 2568 1269 abduxit
2605 1213 2660 1266 in
2693 1212 3041 1285 solitudinem
3074 1229 3089 1266 :
3123 1213 3522 1282 completisque

1960 1303 2135 1358 tribus
2165 1303 2345 1367 annis,
2380 1303 2577 1357 iterum
2619 1301 2835 1357 reduxit
2864 1301 2930 1355 ad
2972 1303 3170 1366 locum,
3206 1316 3312 1356 non
3349 1302 3525 1357 homi-

1957 1408 2105 1459 nem,
2147 1393 2242 1449 sed
2293 1393 2541 1463 angelum
2577 1391 2685 1447 Deo
2729 1392 3015 1456 exhibens,
3067 1392 3204 1447 adeo
3242 1403 3300 1446 ut
3332 1407 3525 1447 onmes

1958 1486 2246 1541 admiratio
2280 1492 2499 1556 caperet
2527 1486 2595 1540 de
2632 1485 2806 1554 ipsius
2846 1484 2957 1538 vita
2999 1496 3052 1537 et
3081 1485 3519 1539 conversatione.

1956 1579 2313 1650 Congregatis
2362 1593 2493 1648 ergo
2535 1576 2681 1631 circa
2732 1576 2909 1645 ipsum
2964 1574 3247 1637 fratribus.
3284 1577 3527 1629 collocat

1958 1670 2229 1725 hominem
2255 1670 2309 1723 in
2330 1669 2510 1723 medio
2536 1683 2752 1732 sanum,
2776 1682 2839 1719 ac
2867 1682 2962 1738 per
2984 1673 3153 1719 totam
3176 1674 3388 1720 noctem
3415 1682 3525 1720 ser-

1958 1778 2174 1817 monem
2198 1762 2460 1817 doctrina:
2483 1761 2617 1832 ipsis
2641 1759 2884 1814 tradidit.
2911 1757 3048 1813 Tum
3080 1757 3249 1812 frater
3270 1774 3301 1811 e
3329 1773 3526 1828 scpore

1956 1854 2012 1908 in
2043 1868 2295 1908 somnum
2327 1852 2596 1916 incidens,
2619 1850 2844 1906 omnino
2879 1849 3224 1905 obdormivit.
3245 1847 3372 1902 Inde
3401 1863 3527 1901 ora-

1953 1946 2102 2001 tione
2141 1959 2308 2015 super
2354 1959 2478 1998 eum
2514 1942 2679 2008 facta,
2735 1958 2834 2013 pro
2877 1958 3030 1997 more
3078 1941 3241 1997 funus
3288 1940 3522 2002 curarit,

1954 2034 2323 2108 pmmisitque
2343 2035 2409 2089 ad
2434 2035 2790 2105 sepulturam.
2829 2035 2995 2089 Aiunt
3024 2035 3186 2088 etiam
3215 2034 3359 2104 quod
3383 2049 3525 2102 sa-pe

1952 2128 2197 2185 ﬂuviales
2243 2143 2415 2200 aquas
2458 2143 2849 2199 supergressus
2893 2126 3073 2182 Nilum
3126 2126 3519 2196 pertransierit,

1953 2223 2021 2278 ad
2068 2236 2245 2294 genua
2296 2222 2563 2276 duntaxat
2620 2221 3046 2290 pertingentem;
3104 2218 3360 2288 quodque
3415 2218 3523 2270 alio

1952 2312 2199 2385 tempore
2235 2328 2332 2384 per
2372 2327 2553 2367 aerem
2596 2320 2808 2374 vectus,
2838 2311 2979 2365 inter
3006 2310 3201 2366 fratres
3238 2310 3290 2365 in
3321 2309 3524 2365 solario

1953 2404 2209 2457 inventus
2253 2402 2348 2465 sit,
2396 2401 2582 2470 jauuis
2633 2401 2859 2456 clausis.
2912 2399 3247 2470 Frequenter
3304 2418 3523 2471 quoque

1956 2496 2267 2565 ubicunque
2294 2494 2479 2558 vellet,
2501 2491 2789 2547 confestim
2820 2493 3026 2557 aderat.
3054 2490 3227 2546 Porro
3259 2493 3523 2563 fratribus

1952 2587 2196 2642 narravit
2238 2586 2554 2656 aliquando,
2599 2599 2664 2638 ex
2704 2567 3004 2639 solitudine.
3042 2584 3276 2644 rediens,
3307 2599 3524 2638 assum-

1953 2687 2103 2750 ptum
2130 2693 2189 2734 se
2210 2677 2381 2732 fuisse
2408 2677 2464 2730 in
2493 2676 2700 2729 visione
2725 2675 2790 2729 ad
2819 2678 3041 2739 coelum,
3077 2690 3141 2728 ac
3174 2675 3373 2731 vidisse
3401 2689 3525 2745 qua:

1952 2771 2094 2825 bona
2128 2785 2286 2825 veros
2327 2769 2627 2823 monachos
2679 2776 2920 2832 manent,
2953 2782 3075 2837 quae
3126 2768 3309 2822 nullus
3342 2783 3524 2823 sermo

1952 2863 2169 2933 assequi
2222 2868 2431 2932 potest;
2481 2861 2728 2928 dixitque
2784 2874 2843 2914 se
2897 2859 2952 2913 in
3002 2873 3167 2914 carne
3226 2859 3522 2914 abductum

1954 2958 2124 3012 fuisse
2167 2955 2220 3009 in
2268 2952 2609 3024 paradisum.
2658 2964 2821 3022 atque
2869 2959 3150 3020 spectaSse
3207 2959 3519 3006 sanctorum

274 3033 515 3102 ἐξειπεῖν
560 3035 715 3109 λόγος
746 3037 1003 3093 δύναταιο
1056 3044 1149 3096 καὶ
1203 3044 1445 3116 ἀπῆχθαι
1490 3048 1549 3101 δὲ
1586 3049 1746 3102 αὑτὸν
1795 3053 1854 3105 ἐν

1955 3048 2388 3111 multitudinem;
2440 3045 2507 3099 ad
2556 3045 2670 3098 haec
2716 3043 3074 3113 partieipasse
3127 3041 3194 3096 de
3254 3041 3522 3096 fructibus

275 3125 445 3197 σαρκὶ
484 3125 589 3197 ἔφη
627 3129 709 3191 είς
746 3128 837 3183 τὸν
870 3131 1217 3203 παράδεισον,
1251 3138 1342 3190 καὶ
1372 3139 1676 3209 ἑωρακέναι
1718 3143 1853 3213 πλῆ-

1953 3138 2213 3208 paradisi.
2248 3137 2426 3206 Atque
2456 3135 2511 3188 in
2540 3133 2912 3188 testimonium
2954 3146 3067 3187 rem
3097 3132 3268 3202 ipsam
3300 3132 3521 3188 exhibe-

270 3217 368 3281 θος
406 3217 614 3287 ἁγίων
657 3220 1041 3292 μετειληφέναι
1089 3224 1145 3278 δὲ
1203 3227 1366 3280 αὑτὸν
1414 3228 1597 3298 ἔλεγεν
1639 3234 1701 3284 ἐκ
1742 3232 1851 3285 τῶν

1954 3230 2062 3283 bat.
2115 3230 2247 3280 Nam
2296 3229 2459 3279 ticum
2512 3223 2883 3294 praegrandem
2925 3238 2988 3276 ac
3036 3223 3311 3289 eximiam,
3353 3224 3524 3293 pluri-

269 3310 504 3384 καρπῶν
522 3309 617 3365 τοῦ
648 3313 978 3383 παραδείσου
1000 3332 1014 3345 ·
1045 3316 1139 3369 καὶ
1171 3318 1424 3391 μάρτυρα
1461 3321 1522 3374 τὸ
1554 3323 1783 3393 πρᾶγμα
1805 3323 1851 3355 ⁸⁸

1952 3334 2161 3388 nmque
2196 3315 2527 3387 fragrantia,
2562 3316 2629 3369 ad
2673 3312 2872 3368 fratres
2905 3327 3037 3368 suos
3069 3311 3285 3377 detulit,
3322 3312 3389 3366 ad
3425 3312 3522 3366 dc-

269 3402 575 3457 ἑδείκνυεν.
626 3403 799 3459 Σῦκον
845 3404 955 3475 γὰρ
1017 3407 1160 3477 μέγα
1206 3410 1301 3463 καὶ
1345 3410 1620 3483 ἐξαίρετον
1636 3415 1704 3479 ⁸⁸,
1756 3415 1851 3469 καὶ

1952 3408 2364 3465 monstrandum
2396 3406 2505 3460 illis
2531 3420 2658 3460 vera
2691 3420 2817 3460 esse
2859 3418 2982 3474 quae
3002 3402 3228 3457 diceret.
3257 3403 3430 3469 Quam
3461 3405 3522 3456 ti-

265 3493 504 3557 εὑωδίας
532 3493 736 3564 πολλῆς
771 3495 987 3566 μεστὸν,
1029 3498 1165 3568 πρὸς
1207 3501 1332 3562 τοὺς
1374 3501 1568 3555 ἑαυτοῦ
1605 3503 1849 3575 μαθητὰς

1950 3515 2095 3562 eum,
2131 3499 2224 3569 qui
2267 3499 2381 3552 ιι.υο
2421 3497 2580 3553 nobis
2620 3497 2807 3551 retulit
2834 3495 3037 3564 Gopres
3066 3495 3367 3565 presbyter,
3391 3501 3521 3547 tunc

266 3585 635 3656 ἀπεκόμισεν,
676 3586 1029 3642 ἐπιδεικνύων
1068 3590 1250 3653 αὑτοῖς
1291 3593 1371 3645 ὅτι
1405 3593 1576 3664 ἀληθῆ
1616 3597 1750 3648 εἰσιν
1782 3596 1851 3649 τὰ

1952 3592 2185 3662 juvenis,
2215 3591 2270 3645 in
2301 3590 2552 3644 manibus
2571 3588 2961 3659 discipulorum
2985 3589 3103 3655 ejus
3128 3587 3435 3659 conspexit,
3466 3595 3522 3640 et

267 3680 397 3751 παρ’
448 3678 619 3733 αὑτοῦ
665 3679 953 3750 λεγόμενα.
1007 3682 1183 3753 Ὅπερ
1214 3682 1398 3749 σῦκον,
1443 3686 1470 3739 ό
1495 3685 1847 3758 διηγούμενος

265 3769 397 3839 ἡμῖν
469 3767 643 3822 ταῦτα
706 3769 935 3841 Κόπρης
986 3771 1392 3845 πρεσϐύτερος,
1450 3777 1669 3839 νεανίας
1727 3779 1847 3833 τότε

265 3858 557 3932 ὑπάρχων,
591 3860 649 3914 ἐν
686 3862 804 3923 ταῖς
837 3852 1024 3932 χερσὶν
1056 3863 1165 3916 τῶν
1211 3865 1467 3936 μαθητῶν
1500 3867 1664 3921 αὑτοῦ
1694 3868 1849 3925 ἐθεά-

265 3966 418 4019 σατο,
478 3952 573 4005 καὶ
618 3952 1002 4022 κατεφίλησεν,
1038 3956 1132 4007 καὶ
1178 3956 1277 4028 τὴν
1321 3961 1488 4032 πνοὴν
1517 3961 1844 4031 ἐθαύμασεν.

264 4039 496 4104 Πολλοῖς
523 4040 633 4112 γάρ
663 4040 861 4107 ἐτεσιν,
895 4043 1081 4114 φησὶν,
1113 4044 1327 4116 ἔμεινεν
1354 4050 1504 4122 παρά
1532 4055 1644 4115 τοῖς
1681 4052 1846 4107 αὐτοῦ

264 4132 569 4205 μαθηταῖς,
597 4134 676 4197 είς
706 4132 965 4199 ἐπίδειξιν
996 4135 1398 4209 φυλαττόμενον
1417 4160 1432 4175 ο
1461 4137 1530 4213 ἦν
1556 4143 1667 4216 γὰρ
1696 4161 1848 4215 παμ-

262 4225 538 4295 μεγεθέςο
573 4224 732 4295 μόνον
773 4225 882 4295 γὰρ
929 4225 1244 4299 ὀσφρήσατο
1293 4232 1457 4286 αὐτοῦ
1494 4251 1577 4298 τις
1607 4236 1715 4289 τῶν
1756 4253 1847 4289 νο·-

260 4318 509 4373 σούντων
529 4317 600 4383 “,
650 4318 851 4382 εὐθέως
906 4320 1005 4390 τῆς
1059 4322 1216 4375 νόσου
1257 4323 1648 4395 ἀπηλλάττετο.
1690 4326 1849 4382 Κατά

259 4406 315 4461 δέ
338 4409 444 4480 τὴν
471 4408 653 4480 ἀρχὴν
683 4410 784 4479 τῆς
822 4409 880 4462 ἐν
910 4412 978 4481 τῇ
1008 4410 1203 4481 ἐρήμῳ
1231 4411 1394 4465 αὐτοῦ
1421 4414 1842 4487 ἀναχωρήσεως,

260 4502 354 4556 ἐπὶ
396 4471 586 4557 ita};
609 4471 916 4574 ἐσδομάδας
950 4471 1134 4557 ’ὶιιῖεόᾲ
1174 4471 1253 4575 μὴ
1292 4471 1623 4576 βεϐρωκέναι
1644 4471 1723 4541 7"-
1750 4471 1847 4564 ἀᾷζ
1875 4471 1927 4531 θ

261 4592 512 4665 θρωπον,
548 4594 735 4664 φασὶν,
767 4593 934 4648 αὐτὸν
969 4595 1262 4668 εὑρηκέναι
1302 4598 1444 4652 κατά
1487 4598 1585 4669 τὴν
1617 4598 1842 4671 ἔρημον,

258 4683 426 4755 ἄρτον
454 4682 857 4753 ἐπιφερόμενον
895 4685 989 4738 καὶ
1016 4683 1194 4757 ὕδωρ·
1239 4686 1296 4749 ὃς
1337 4689 1530 4752 πείσας
1554 4689 1716 4745 αὑτὸν
1748 4708 1847 4761 με-
1878 4751 1880 4754 ν

256 4774 546 4842 ταλασεῢ,
580 4772 868 4845 ἀπηλλάγη
887 4790 902 4805 ο
945 4773 1133 4828 ἄλλοτε
1165 4776 1223 4829 δὲ
1260 4776 1350 4830 τὸν
1374 4776 1601 4847 δαίμονα
1638 4778 1840 4849 θησαυο

260 4868 387 4935 ροὺς
424 4863 588 4934 αὑτῷ
632 4863 897 4927 ἐπιδεῖξαι
935 4864 1030 4918 τοῦ
1073 4866 1291 4938 Φαραὼ,
1336 4869 1558 4947 χρυσίου
1601 4871 1841 4943 καθαροῦ

1948 3684 2298 3740 deosculatus
2344 3690 2450 3746 est,
2495 3680 2828 3753 odoremque
2868 3682 3135 3750 suspexit.
3165 3678 3270 3735 Per
3317 3680 3520 3735 multos

1948 3777 2093 3831 enim
2139 3789 2332 3838 annos,
2381 3772 2578 3844 inquit,
2629 3773 3000 3842 perseveravit
3049 3773 3192 3827 inter
3219 3771 3516 3840 discipulos

1947 3870 2089 3937 ejus,
2120 3883 2241 3937 quae
2265 3875 2575 3921 servaretur
2605 3865 2672 3919 ad
2698 3871 3007 3932 ostentum;
3040 3871 3263 3933 eratque
3289 3863 3521 3918 crassis-

1947 3960 2084 4014 sima
2116 3976 2129 4012 :
2158 3967 2212 4013 et
2243 3958 2333 4012 ubi
2364 3957 2630 4011 duntaxat
2655 3957 2915 4011 odoratus
2944 3955 3118 4009 fuerat
3140 3971 3257 4010 eam
3284 3964 3518 4026 aegroto-

1950 4066 2070 4106 rum
2094 4051 2242 4121 quis,
2282 4050 2476 4104 morbo
2498 4049 2680 4103 statim
2717 4046 3069 4103 liherabatur.
3102 4044 3363 4100 Referunt
3388 4038 3519 4114 prat-

1949 4152 2031 4197 ter
2068 4142 2204 4203 haec,
2246 4139 2402 4194 initio
2439 4138 2771 4195 secessionis
2812 4136 2984 4205 ipsius
3031 4136 3085 4189 in
3139 4133 3514 4199 solitudinem,

1949 4241 2235 4305 postquam
2282 4246 2377 4302 per
2414 4231 2654 4301 quinque
2690 4226 3061 4283 hebdomadas
3103 4240 3211 4279 non
3256 4224 3512 4286 comedit.

1947 4324 2255 4380 occurrisse
2294 4322 2343 4377 ei
2393 4321 2669 4375 hominem
2717 4318 2772 4372 in
2821 4317 3061 4380 deserto,
3107 4315 3203 4385 qui
3236 4329 3430 4384 panem
3463 4324 3518 4368 et

1951 4431 2146 4486 aquam
2197 4414 2476 4477 afferebat,
2523 4414 2910 4483 persuasitque
2951 4425 3186 4473 sumere,
3237 4416 3400 4477 atque
3442 4406 3515 4459 ila

1950 4506 2084 4561 abiit
2115 4525 2127 4559 :
2165 4505 2273 4559 alio
2301 4515 2544 4574 tempore
2578 4518 2608 4556 a
2650 4503 2896 4558 daemone
2942 4510 3195 4557 ostensos
3233 4498 3337 4569 ipsi
3376 4496 3519 4551 Plia-

1948 4599 2134 4654 raonis
2164 4599 2472 4660 thesauros,
2507 4611 2646 4665 puro
2676 4609 2810 4649 auro
2836 4592 3224 4658 redundantes,
3255 4593 3321 4646 ad
3354 4608 3516 4662 quem

1946 4691 2085 4746 dixit
2120 4692 2203 4744 vir
2230 4707 2243 4741 :
2271 4688 2503 4743 Pecunia
2557 4698 2647 4741 tua
2697 4698 2865 4743 tecum
2897 4688 2969 4741 sit
3005 4687 3059 4740 in
3090 4684 3429 4754 perditionem
3447 4686 3514 4738 ⁷³.

1948 4783 2094 4845 Haec,
2130 4783 2327 4851 inquit,
2356 4789 2411 4835 et
2439 4782 2542 4834 alia
2575 4779 2730 4849 plura
2762 4792 3065 4850 Inagnaque
3102 4778 3363 4847 praeclare
3391 4791 3517 4846 per-

1946 4875 2178 4946 petravit
2208 4873 2369 4928 Pater
2398 4881 2584 4928 noster
2617 4871 3009 4933 Patermutius,
3042 4870 3248 4926 faciens
3281 4870 3438 4941 signa
3463 4877 3523 4925 et

326 5021 587 5098 '_'_D_eest
615 5019 939 5098 πρὺςαὺτόν
964 5020 1032 5098 _in
1067 5022 1150 5098 al;
1195 5020 1386 5098 ,ξι-,λεια
1419 5022 1469 5098 εί
1507 5025 1640 5098 μή..-
1675 5025 1728 5098 fl
1757 5024 1844 5098 Al.

1952 5010 2033 5083 λά.
2112 5029 2159 5062 ⁸⁸
2186 5028 2269 5081 Al.
2302 5027 2643 5098 κεχάρισται.
2710 5026 2762 5098 _'_’
2904 5026 2963 5079 ἐν
2990 5027 3076 5096 τῇ.
3129 5025 3201 5098 Α⁸⁴²
3223 5025 3305 5081 ΑΙ.
3332 5027 3529 5098 αὑτόν.-

260 5090 300 5122 ⁶¹
334 5094 424 5148 ΔΙ.
449 5095 630 5163 inser.
656 5090 1049 5163 μεθ’λέαυτοῦ-η-
1107 5092 1152 5163 ξ’
1181 5091 1263 5145 Al.
1286 5090 1522 5163 ἐξουσίᾳ.

259 5162 572 5235 ποταμίων.
596 5231 637 5235 __
760 5160 844 5235 A_l.
859 5159 1207 5235 ἀνειλῆφθαι,

258 5228 518 5288 νούντων.
596 5231 642 5263 ’⁷⁸
671 5229 754 5283 Al.
786 5228 1118 5300 βεϐρωκότα.
1192 5231 1238 5262 τ’
1268 5230 1386 5284 Aet.
1413 5248 1525 5293 νιιι,
1553 5234 1667 5288 ‘20..

328 5346 447 5419 (ιε)
490 5347 638 5419 oue
658 5343 994 5414 ἄνθρωπον,
1038 5344 1178 5419 ἀλλ’
1199 5321 1474 5415 ἄγγελον.
1516 5345 1854 5419 Prooemium

262 5414 486 5473 Catenae
525 5416 585 5470 in
614 5414 902 5486 Joannem,
934 5430 1001 5470 ex
1020 5414 1430 5486 _Chrysostomo
1451 5454 1466 5479 ,
1502 5418 1727 5486 ’Ἄντοὺς
1756 5420 1852 5474 λα-

261 5488 453 5559 θέντας
486 5486 594 5539 οὐκ
627 5484 707 5559 Evt
725 5482 1263 5559 aotnbv‘avOPtlnEoug
1291 5482 1448 5559 εἶναι,
1476 5485 1598 5559 οὔτε
1628 5488 1720 5559 ἐπὶ
1752 5490 1854 5559 τῆς

262 5557 361 5638 γῇς
384 5557 600 5638 μένειν,
627 5554 1020 5638 taxa);th
1044 5554 1261 5638 πάντων
1284 5555 1509 5638 ,ἐστάναι
1529 5554 1634 5638 τῶν
1672 5554 1852 5638 βιωτι-

438 5627 537 5703 zeal.
574 5625 710 5698 πρὸς
753 5624 853 5695 τὴν
906 5622 1157 5711 ἀτελικην
1214 5622 1642 5703 μεθορμίσασθαι
1672 5622 1849 5696 λῆξιν,

266 5699 356 5750 καὶ
385 5695 648 5763 καθάπερ
671 5694 765 5749 τὸν
792 5693 1043 5763 οὐρανὸν,
1077 5711 1219 5747 ουτω
1242 5693 1341 5763 τὴν
1374 5710 1478 5762 γην
1506 5696 1693 5750 οίκεῖν.
1731 5700 1849 5763 Quo

266 5699 356 5750 καὶ
385 5695 648 5767 καθάπερ
671 5695 765 5749 τὸν
792 5695 1043 5768 οὐρανὸν,
1077 5695 1219 5747 οὕτω
1242 5695 1341 5764 τὴν
1374 5695 1478 5762 γῆν
1506 5696 1693 5750 οίκεῖν.
1731 5695 1850 5763 Quo

266 5767 387 5823 imo
417 5782 528 5825 vox
586 5764 863 5836 ἀτελικήν,
904 5763 1192 5835 lnterpreti
1240 5764 1606 5833 sempiternam
1634 5805 1648 5831 ,
1688 5768 1847 5823 nauci

1598 5095 1644 5169 Ϋ³
1670 5096 1755 5169 Al:
1785 5097 2016 5169 ἵστησιν.
2096 5100 2143 5130 ⁸⁵
2165 5099 2251 5151 ΑΙ·
2282 5095 2531 5169 τράπέίςο

1316 5162 1360 5192 ⁸⁸
1400 5162 1486 5216 Al.
1515 5163 1612 5236 τοῦ
1642 5162 1983 5236 πράγματος.

2614 5097 2659 5127 ⁸⁸
2692 5094 2777 5148 Al.
2803 5095 2961 5163 λόγον
2989 5094 3053 5149 et
3080 5094 3267 5149 τύπον.
3345 5099 3390 5128 ⁸⁸
3427 5096 3515 5152 Al.

2085 5169 2129 5200 '9
2168 5169 2253 5221 Al.
2296 5166 2553 5232 ἐξαίσιον.
2648 5168 2694 5197 ⁷⁸
2733 5166 2816 5218 Al.
2870 5166 3222 5234 κακουμένων
3263 5175 3316 5218 rt
3353 5166 3519 5219 ἀσθε-

1930 5356 2060 5404 non
2093 5358 2197 5413 est,
2230 5350 2471 5419 legitque
2505 5365 2689 5404 veram
2743 5349 3120 5419 Chjrysostomi
3141 5417 3149 5419 _
3172 5348 3335 5419 initio
3361 5345 3520 5401 Com-

1952 5420 2201 5473 mentarii
2222 5419 2272 5490 in
2291 5416 2591 5490 Klonnnem,
2624 5420 2758 5490 πρὸς
2904 5417 3197 5487 ἀγγελικὴν
3245 5416 3519 5490 μεθαρμο-

1953 5490 2229 5560 σαμένους
2250 5488 2420 5559 λῆξιν.
2450 5491 2579 5555 Qua:
2605 5488 2745 5542 bona
2789 5489 2879 5555 qui
2903 5497 3237 5555 acceperunt,
3271 5503 3374 5539 non
3396 5488 3517 5554 jam

1950 5559 2177 5627 amplius
2212 5559 2446 5612 [contines
2475 5569 2617 5623 sunt,
2651 5574 2742 5611 nec
2794 5559 2847 5609 in
2902 5566 3044 5611 terra
3079 5567 3517 5627 commorantur;

1950 5626 2044 5682 sed
2070 5644 2225 5695 super
2251 5645 2428 5684 omnes
2467 5629 2624 5697 hujus
2659 5627 2846 5681 δηναιίὶ
2875 5643 2953 5680 res
2979 5628 3227 5689 eminent,
3252 5634 3303 5679 et
3320 5626 3390 5680 ad
3420 5644 3520 5697 nn-

1945 5700 2167 5768 gelicum
2212 5707 2486 5751 transeunt
2530 5695 2749 5763 statum,
2795 5706 2949 5766 atque
2985 5706 3177 5750 terram
3222 5713 3325 5752 non
3358 5695 3516 5753 aliter

1946 5786 2008 5822 uc
2046 5768 2229 5822 caelum
2256 5768 2508 5821 incolunt.
3524 5770 3530 5777 '
