4062 6332
419 316 540 373 459
1810 309 2100 366 PHILOST

2129 309 2294 382 men
3598 317 3703 376 rso

333 449 336 453 '
436 430 624 501 scripti
658 429 877 500 ltujusce
927 431 1062 485 ratio
1104 429 1159 483 id
1208 443 1418 498 sperare
1450 426 1620 494 jubet.
1654 424 1854 481 Notum
1882 428 1969 494 iis,
2019 428 2110 496 qui
2140 429 2195 480 in
2225 425 2602 494 manuscriptis
2630 435 2920 495 versamur,
2952 443 3108 498 quam
3144 429 3489 485 inemenda'tis
3512 431 3594 485 liis
3620 435 3705 488 uti

417 526 741 602 splerumque
778 528 1068 600 contingat,
1094 525 1393 594 cujusmodi
1423 533 1558 577 certe
1610 524 1712 593 fuit
1746 541 1814 588 ts,
1851 542 1954 595 quo
2009 541 2102 578 nos
2140 525 2223 576 usi
2269 537 2453 575 sumus
2501 537 2566 574 ex
2610 523 2978 579 illustrissima
3013 522 3706 597 Bernatum-Bongarsiana

424 621 772 687 bibliotheca,
801 620 1130 674 humanitate
1174 615 1274 668 viri
1315 614 1612 668 doctissimi
1665 615 2056 684 clarissimique
2078 613 2147 667 D.
2174 611 2458 666 Luitlrardi
2486 611 2615 665 mihi
2652 629 2918 672 concesso.
2982 611 3188 666 Notum
3224 613 3434 681 deinde,
3475 627 3705 686 quantus

434 714 590 770 labor
622 715 677 768 in
712 711 1017 782 ltujusmodi
1045 708 1258 777 eclogis,
1284 707 1616 778 fragmentis,
1654 705 2157 776 ἁποσπασματίοις,
2199 720 2424 772 quorum
2463 704 2624 757 series
2667 704 2990 773 interrupta,
3017 704 3177 774 probe
3207 707 3395 762 statim
3437 709 3495 760 in
3529 711 3708 777 capita

437 807 781 868 dissecandis,
810 806 964 872 inque
991 800 1242 855 Latinum
1283 801 1540 854 vertendis
1573 810 1807 855 versetur
1835 815 1852 852 :
1885 803 2094 869 quando
2132 797 2299 851 multa
2333 814 2468 867 sa'pe
2489 795 2704 850 aliunde
2736 797 2938 850 assumi
2965 805 3167 866 oportet
3197 797 3265 851 ad
3297 815 3479 854 eorum
3497 814 3708 854 sensum

434 899 594 969 probe
623 896 1023 960 assequendum,
1049 893 1275 947 multum
1301 905 1436 947 certe
1466 910 1627 947 manu
1656 894 1934 962 animoque
1958 892 2214 945 versanda
2241 891 2359 957 illa,
2415 891 2728 961 priusquam
2763 888 2826 944 de
2869 889 2972 958 ﬁne
3000 899 3048 948 et
3084 905 3241 959 scopo
3279 890 3554 960 cujusque,
3588 907 3708 945 sen-

436 1007 558 1046 suve
613 989 811 1058 liquido
844 997 1086 1042 constare
1118 988 1304 1058 possit.
1338 988 1508 1055 Adde,
1556 989 1696 1060 quod
1748 987 1928 1042 Photii
1951 1003 2228 1042 censuram
2265 987 2635 1056 judiciumque
2671 1001 2701 1038 a
2743 984 3192 1054 Pliilostorgianis
3221 986 3548 1056 distinguere
3569 1003 3706 1056 sape

435 1099 711 1154 operosum
736 1088 870 1134 erat.
900 1079 1085 1134 Altera
1114 1080 1477 1134 excusationis
1499 1081 1636 1134 ratio
1667 1089 1772 1145 est,
1798 1077 2185 1146 ipsa-editionis
2212 1077 2499 1147 festinatio,
2531 1091 2690 1147 quam
2714 1076 2996 1144 impatiens
3041 1077 3116 1130 rei
3155 1076 3430 1132 litterario:
3445 1080 3704 1148 juvana'n:

435 1177 679 1233 studium
718 1171 867 1227 nobis
901 1172 1153 1227 extorsit.
1192 1169 1410 1224 Nam-ut
1438 1171 1708 1233 instudiis
1741 1171 1878 1225 illud
1901 1173 2104 1240 volupe.
2137 1186 2255 1223 cum
2287 1184 2351 1222 ex
2387 1169 2568 1223 abdito
2595 1167 2724 1238 quid
2757 1183 2938 1222 eruere
2981 1170 3210 1237 primunt
3241 1171 3422 1237 datur,
3458 1173 3533 1226 ita
3563 1174 3699 1227 illud

434 1273 606 1343 ipsum
635 1267 781 1323 illico
820 1267 877 1321 in
900 1265 1170 1336 publicum
1192 1265 1306 1319 sine
1329 1264 1443 1318 ulla
1481 1266 2039 1335 comperendinatione
2056 1266 2358 1334 depromere
2392 1265 2446 1316 in
2471 1277 2676 1316 summa
2704 1261 2992 1330 voluptatis
3030 1277 3157 1316 mea:
3199 1275 3347 1330 parte
3370 1265 3480 1333 ipse
3507 1281 3696 1333 ponere

434 1361 596 1416 soleo.
627 1359 766 1414 Hinc
797 1359 964 1428 igitur
991 1358 1265 1427 festinatio
1288 1356 1404 1423 illa,
1432 1374 1539 1410 non
1567 1359 1681 1412 sine
1715 1359 1842 1412 vitio
1863 1359 2043 1429 aliquo
2078 1373 2097 1412 :
2137 1365 2224 1412 sed
2272 1373 2452 1427 quam,
2495 1356 2699 1426 opinor,
2735 1354 3031 1424 praetulerit
3071 1357 3296 1424 optimus
3344 1358 3558 1427 quisque
3589 1368 3696 1410 tant

431 1455 588 1510 lentis
612 1454 911 1508 nominibus
941 1451 1464 1523 hominibusque,qui
1491 1451 1653 1522 longa
1675 1455 2065 1522 exspectatione
2089 1453 2221 1506 alios
2246 1462 2484 1522 torquere
2509 1449 2699 1516 solent,
2727 1449 2898 1519 adque
2927 1449 3163 1503 scientia:
3191 1466 3302 1504 sua:
3331 1455 3698 1504 auctoritatem

432 1553 695 1623 pertinere
715 1559 933 1622 putant,
957 1550 1004 1604 si
1029 1551 1247 1617 repertis
1279 1566 1311 1603 a
1342 1565 1396 1604 se
1431 1549 1534 1604 soli
1563 1566 1727 1620 quam
1750 1551 2052 1605 diutissime
2078 1549 2346 1604 incubent.
2376 1548 2555 1614 Quare
2581 1563 2675 1617 pro
2699 1555 2851 1602 scuto
2884 1545 3014 1600 mihi
3036 1544 3172 1598 illud
3196 1562 3215 1600 :

1283 1663 1367 1717 Da
1401 1664 1605 1717 veniam
1634 1662 1860 1728 subitis;
1887 1680 1989 1718 non
2022 1662 2360 1732 displicuisse
2389 1670 2638 1732 meretur,

1393 1732 1665 1801 Festinat,
1702 1732 1907 1799 (ἔωσαν,
1940 1735 2029 1805 qui
2053 1731 2316 1804 placuisse
2341 1731 2456 1786 tibi.

425 1853 714 1912 "Postrema
732 1849 1091 1908 excusationis
1119 1855 1318 1903 nostrae
1345 1848 1484 1902 ratio
1514 1855 1614 1912 est,
1640 1847 1780 1918 quod
1807 1847 2162 1920 Pliilostorgii
2217 1847 2322 1901 sive
2359 1844 2526 1902 mavis
2570 1843 2750 1899 Photii
2794 1848 3070 1896 contextus
3102 1855 3212 1894 una
3238 1855 3359 1893 cum
3386 1839 3642 1904 versione,
3671 1854 3706 1894 a

432 1945 721 2002 nte-subito
760 1944 953 2014 eﬂ‘usa,
982 1941 1196 1995 absente
1221 1956 1302 1996 me
1338 1941 1792 2014 legationibusque
1813 1943 2024 1998 assidue
2045 1945 2316 2014 fungente,
2342 1939 2420 1996 vel
2451 1938 2726 1994 consulare
2759 1954 2948 1994 munus
2999 1938 3235 2003 abeunte,
3285 1937 3421 2007 typis
3449 1935 3706 1992 mandata

423 2048 558 2096 vsunt
585 2055 603 2094 :
631 2053 756 2110 quia
778 2037 1014 2106 alioquin
1038 2035 1134 2094 sub
1166 2035 1337 2090 oculis
1362 2036 1490 2089 meis
1515 2038 1812 2091 constituta
1863 2035 2011 2107 prelo
2039 2036 2233 2090 saltem
2263 2041 2502 2089 currente
2531 2032 2808 2092 emendare
2831 2031 3150 2097 accuratius,
3173 2029 3372 2099 subque
3410 2029 3595 2084 limam
3626 2045 3706 2084 re-

433 2149 622 2189 vocare
643 2133 894 2187 attentius
920 2131 1228 2201 potuissem.
1256 2127 1433 2186 Etiam
1467 2147 1497 2186 a
1529 2129 1808 2204 Stephano
1837 2131 2053 2191 Clerico
2079 2130 2513 2202 Philostorgium
2552 2128 2911 2194 reccnsitum,
2946 2127 3001 2183 et
3028 2127 3084 2182 in
3111 2140 3179 2183 eo
3208 2141 3316 2181 non
3351 2140 3552 2196 pauca,
3585 2139 3707 2195 quae

426 2239 491 2288 et
513 2229 887 2286 Godol‘redum
909 2237 964 2286 et
993 2227 1270 2284 Valesium
1302 2229 1687 2299 praeterierunt
1713 2231 2029 2300 observata,
2063 2241 2218 2289 notat
2239 2231 2404 2298 ﬁlius,
2433 2226 2672 2285 Joannes
2705 2227 2974 2293 Clericus,
2999 2223 3209 2297 puniat.
3239 2223 3306 2280 ad
3348 2222 3596 2295 parentis
3617 2221 3706 2277 sui

426 2323 745 2398 patruique,
781 2323 1002 2381 Davidis
1023 2322 1244 2389 Clerici,
1275 2321 1606 2388 Quastiones
1632 2342 1838 2394 sacras,
1869 2327 2046 2386 Amst.
2080 2327 2240 2391 1685,
2271 2326 2326 2381 8.

470 2541 3681 2571 W

1032 2717 1188 2805 EK
1239 2715 1467 2803 ΤΩΝ
1531 2707 2525 2799 ΕΚΚΑΗΣΙΑΣΤΙΚΩΝ
2588 2708 3100 2796 ΙΣΤΟΡΙΩΝ

1497 2901 2634 3028 ΦΙΛΟΣΤΟΡΓΙΟΥ

1284 3126 1625 3193 ΕΠΙΤΟΜΗ,
1665 3125 1805 3180 ᾹΠΟ
1837 3124 2069 3178 ΦΩΝΗΣ
2103 3123 2355 3179 ΦΩΤΙΟΥ
2394 3123 2864 3178 ΠΑΤΡΙΔΡΧΟΥ.

933 3395 1126 3511 ΕΧ
1205 3391 2373 3520 ΕΟΟΒΕΞΙΑΞΤΙΟΙΞ
2458 3396 3194 3514 HIS’TORIIS

1504 3646 2643 3782 PHILOSTORGII

1126 3885 1516 3963 EPITOME,
1563 3884 1987 3949 CONFECTA
2033 3886 2086 3950 Α

2129 3879 2444 3948 ΡΗΟΤΙΟ
2477 3884 3019 3951 PATRIARCHA.

500 4048 606 4124 (Εξ
625 4049 847 4124 editione
864 4048 1078 4124 lienrici
1095 4049 1312 4124 passu,
1328 4056 1676 4124 quam‘postea
1700 4052 1956 4124 recensuit
1976 4053 2053 4124 ἐπὶ
2085 4050 2306 4124 plurium
2337 4049 3481 4124 eruditorumobservationibuslocupletarit
3520 4055 3711 4124 Guliel-

439 4111 550 4178 mus
572 4111 812 4178 Reading,
837 4113 959 4162 cleri
982 4111 1754 4178 Londinensisbibliothecarum.
1790 4111 2215 4178 --_Cantabrigi_ae,
2245 4114 2375 4178 typis
2395 4115 2720 4178 Academicis,
2768 4115 2906 4164 1720.
2936 4116 3206 4178 Splendida
3228 4111 3334 4170 haec
3357 4118 3532 4177 editio,
3555 4115 3713 4170 tribus

443 4173 1016 4224 voluminibus—constans
1036 4175 1203 4223 formae
1223 4177 1278 4224 in
1297 4174 1414 4225 folio
1436 4177 1669 4236 maximo,
1693 4176 1953 4225 historicos
1975 4174 2100 4223 ecclt

440 4236 664 4287 ediderat
690 4236 932 4287 Henricus
953 4235 1221 4295 Valesius.)

2129 4173 2342 4223 siastlcds
2365 4173 2713 4237 complectitur
2733 4189 2860 4239 quos
2893 4173 2993 4240 jam
3017 4191 3127 4227 cum
3165 4173 3587 4242 interpretatione
3623 4193 3711 4230 sua

443 4478 821 4552 Compendium
840 4479 1461 4563 {listoriqecc'lesiaticee
1491 4476 1859 4563 Plililostorgii,
1886 4483 2025 4553 quod
2057 4463 2100 4520 Α

2142 4481 2419 4563 Ἐαξιτμομὴ
2487 4481 2560 4563 ἐπε
2621 4480 2742 4563 rei}?
2797 4482 3342 4563 .énnlqotqo’rtxér
3405 4481 3711 4563 Ἶστςοριῶν

816 4552 1043 4606 dictauit
1069 4549 1293 4604 Photius
1319 4550 1648 4620 patriarcha.

512 4715 692 4787 Hujus
741 4709 1028 4782 scriptoris
1065 4708 1296 4764 historia
1338 4708 1624 4765 duodecim
1678 4707 1834 4764 libris
1872 4722 2025 4765 com-

443 4805 828 4879 prehenditur.
873 4801 1074 4857 Prima
1120 4811 1300 4856 autem
1341 4800 1535 4856 litterae
1588 4799 2026 4870 uniuscujusque

445 4897 572 4953 libri
611 4895 776 4953 simul
797 4894 1021 4964 junctae,
1052 4905 1256 4945 nomen
1291 4891 1533 4946 auctoris
1563 4889 1823 4946 eﬂiciunt.
1850 4890 2024 4946 Porro

447 4989 734 5046 historiam
777 5001 934 5042 suam
985 4983 1200 5040 orditur
1255 4982 1324 5036 ab
1382 4981 1498 5036 Arii
1537 4981 1926 5046 Alexandrini,
1965 4990 2026 5037 ut

443 5081 668 5152 quidem
717 5078 834 5148 ipse
892 5084 1072 5140 vocat,
1096 5077 1214 5131 rixa
1262 5084 1317 5132 et
1366 5074 1714 5132 contentione
1763 5074 2026 5131 adversus

444 5175 818 5232 Alexandrum
862 5191 874 5227 :
921 5185 1089 5242 quam
1133 5170 1354 5240 quidem
1409 5185 1632 5225 causam
1678 5169 1812 5224 dicit
1848 5168 2024 5223 haere-

447 5283 595 5326 seos.
637 5262 992 5336 Progreditur
1051 5276 1182 5316 vero
1227 5276 1400 5332 usque
1450 5261 1517 5316 ad
1562 5261 2022 5330 nuncupationem

445 5369 736 5434 augustam
791 5355 1157 5412 Valentiniani
1218 5352 1494 5420 iunioris,
1558 5352 1654 5423 qui
1721 5351 1867 5407 ﬁlius
1923 5349 2028 5406 fuit

447 5452 704 5510 Placidia:
733 5457 789 5506 et
817 5447 1160 5513 Constantii;
1192 5454 1247 5502 et
1277 5459 1450 5515 usque
1473 5443 1543 5498 ad
1571 5443 1771 5498 caedem
1794 5441 2026 5498 Joannis

448 5541 689 5615 tyranni.
737 5538 1007 5596 Caeterum
1041 5537 1159 5593 haec
1189 5537 1418 5592 historia
1439 5534 1752 5589 encomium
1802 5533 2024 5604 quidem

450 5643 536 5688 est
563 5632 944 5687 haereticorum
975 5651 990 5686 :
1019 5629 1452 5688 orthodoxorum
1489 5637 1668 5684 autem
1703 5625 2013 5684 criminatio

459 5738 522 5778 ac
553 5723 868 5795 vituperatio
901 5725 1082 5794 potius
1114 5738 1278 5794 quam
1311 5723 1558 5780 historia.

2202 4551 2663 4622 Φιλοστοργιου,
2695 4551 2814 4607 ἀπὸ
2838 4551 3046 4622 φωνῆς
3066 4556 3293 4622 Φωτίου
3319 4551 3710 4625 πατριάρχου.

2203 4707 2324 4760 ’Ὀτι
2355 4707 2412 4760 ἐν
2440 4704 2646 4763 δώδεκα
2669 4708 2847 4778 λόγοις
2866 4709 3030 4764 αὐτοῦ
3065 4712 3099 4783 ἡ
3133 4712 3348 4784 ἱστορία
3372 4714 3710 4784 περαίνεται,

2129 4797 2538 4868 ἀπαρτιζόντων
2565 4800 2729 4854 αὐτοῦ
2761 4801 2998 4875 τοῠνομα
3025 4803 3134 4860 τῶν
3165 4805 3396 4861 ἑκάστου
3429 4805 3588 4876 λόγου
3614 4810 3714 4880 ἀρ-

2129 4890 2377 4961 χομένων
2414 4893 2758 4964 γραμμάτων
2799 4895 2856 4948 ὲν
2891 4894 3044 4959 τάξει
3085 4897 3714 4972 συντιθεμένων.¹Ἀρχε-

2128 5002 2218 5038 ται
2246 4983 2344 5056 μὲν
2369 4984 2478 5039 ἀπὸ
2499 4986 2600 5054 τῆς
2637 4987 2846 5060 Ἀρείου
2883 4987 3019 5058 πρὸς
3053 4988 3419 5061 Ἀλέξανδρον,
3453 4991 3528 5056 ὼς
3560 4983 3714 5055 οὗτος

2129 5076 2298 5145 λέγει,
2339 5076 2546 5148 ἔριδος·
2593 5078 2660 5148 ἢν
2693 5079 2787 5132 καὶ
2821 5079 2923 5151 τῆς
2951 5079 3216 5150 αἱρέσεως
3244 5083 3424 5137 αίτίαν
3468 5083 3714 5155 ἀναγρά-

2131 5186 2220 5238 φει
2240 5186 2254 5200 ’
2284 5170 2494 5225 κάτεισι
2514 5170 2570 5224 δὲ
2602 5171 2761 5242 μέχρι
2788 5172 2888 5243 τῆς
2911 5173 3379 5241 Οὐαλεντινιανοῦ,
3407 5175 3466 5239 ὃς
3493 5171 3561 5248 ἦν
3586 5177 3713 5242 παῖς

2130 5261 2424 5326 Πλακιδίας
2473 5264 2568 5316 καὶ
2620 5265 3029 5332 Κωνσταντίου,
3077 5269 3157 5331 εἰς
3199 5267 3425 5339 βασιλέα
3471 5269 3714 5340 ἀναρρή-

2131 5369 2289 5419 σεως,
2331 5356 2424 5408 καὶ
2449 5355 2550 5426 τῆς
2587 5356 2833 5411 Ἰωάννου
2862 5359 2957 5412 τοῦ
2985 5358 3248 5431 τυράννου
3275 5360 3630 5432 ἀναιρέσεως.
3648 5359 3712 5414 Ἡ

2128 5446 2185 5500 δὲ
2217 5449 2426 5522 ἱστορία
2470 5449 2580 5504 τῶν
2611 5451 2992 5523 αἱρετιζόντων
3035 5454 3183 5506 ἐστὶν
3217 5452 3491 5523 ἐγκώμιον
3520 5451 3670 5524 αὺτῷ
3694 5465 3710 5483 ⁸

2129 5538 2317 5612 ὥσπερ
2350 5542 2443 5595 καὶ
2471 5541 2578 5597 τῶν
2607 5541 2900 5614 όρθοδόξων
2930 5542 3149 5614 διαϐολὴ
3189 5543 3281 5598 καὶ
3317 5543 3484 5614 ψόγος
3516 5541 3714 5616 μᾶλλον

2128 5631 2164 5702 ἢ
2196 5633 2427 5705 ἱστορία.
