4062 6332
412 479 523 541 465

1447 469 2011 531 ΕΟΩΜΞΒΙΑΞΉΟᾸΣ
2052 466 2402 524 HISTORLE
2444 467 2572 523 LIB.
2612 468 2680 525 ll.

3567 470 3677 525 “$6

398 595 492 650 τοῦ
539 592 924 663 Πτολεμαΐδος,
955 587 999 661 ᾧ
1048 592 1144 646 καὶ
1196 590 1344 646 Θέων
1387 594 1415 645 ὁ
1462 592 1561 663 τῆς
1599 590 1971 663 Μαρμαρικῆς

2085 592 2299 655 excepto
2345 583 2596 639 Secundo
2614 582 2967 640 Ptolemaidis
2983 582 3426 654 cpiSropo,quem
3448 592 3673 638 secutus

398 683 781 756 ὴκολούθησεν.
805 682 878 735 Τὸ
902 680 960 735 δὲ
995 680 1123 737 ἀλλο
1160 683 1347 751 στῖφος
1384 679 1493 734 τῶν
1533 678 1822 751 Ἀρειανῶν
1874 678 1975 746 ὲφο

397 776 569 849 ὅρων,
606 772 870 837 Εὐσέϐιός
903 789 962 826 τε
981 814 996 840 ,
1035 773 1209 844 φημὶ,
1243 774 1272 826 ὁ
1304 770 1705 845 Νικομηδείας,
1733 770 1793 825 ὃν
1821 760 1977 832 οὗτος

394 863 686 930 ἀποθεάζει
719 864 917 936 μέγαν,
948 866 1042 919 καὶ
1076 865 1301 933 Θέογνις
1323 865 1352 917 ὁ
1382 864 1640 928 Νικαίας,
1677 862 1770 916 καὶ
1793 861 1973 931 Μάρις

394 961 423 1013 δ
451 957 817 1028 Καλχηδόνος,
846 957 942 1012 καὶ
974 958 1008 1027 ἡ
1037 956 1174 1027 ἄλλη
1202 956 1439 1026 φάλαγξ,
1464 955 1601 1027 πρὸς
1623 954 1723 1025 τὴν
1756 952 1977 1006 σύνοδον

396 1046 727 1121 μετετάξατο
745 1066 757 1078 ·
785 1048 923 1120 δόλῳ
954 1048 1070 1119 μὲν,
1094 1047 1189 1101 καὶ
1216 1041 1371 1111 οὗτός
1395 1063 1549 1118 φησι,
1580 1044 1677 1098 καὶ
1696 1043 1758 1100 τὺ
1777 1041 1975 1115 ὁμοού-
2009 1042 2019 1050 ’

395 1156 515 1194 σιον
544 1138 622 1212 (a)
669 1140 727 1194 ὲν
754 1141 823 1211 τῇ
857 1137 953 1192 τοῦ
998 1138 1286 1211 ὁμοουσίου
1330 1139 1482 1209 φωνῇ
1529 1135 1934 1205 ὑποκλέψαντες
1957 1151 1973 1164 ’

394 1231 534 1303 πλήν
559 1248 624 1299 γε
653 1232 982 1303 συμφρονεῖν
1018 1233 1133 1293 τοῖς
1158 1230 1453 1293 συνοδικοῖς
1466 1229 1813 1300 ψηφίσμασιν
1845 1228 1979 1281 ἀνα-

393 1323 711 1396 δεξάμενοι,
777 1323 1200 1387 Κωνσταντίνας
1255 1323 1358 1394 τῆς
1412 1319 1508 1375 τοῦ
1560 1321 1974 1376 Κωνσταντίνου

396 1413 661 1488 βασιλεως
684 1416 921 1487 ἀδελφῆς
952 1416 1397 1488 είσηγησαμένης
1424 1415 1608 1480 αὐτοῖς
1632 1414 1732 1487 τὴν
1751 1414 1830 1479 εἰς
1853 1412 1975 1468 τοῦ·

394 1524 455 1562 το
480 1507 823 1579 παραίνεσιν.

463 1692 515 1739 ι’.
554 1684 718 1754 Λέγει
758 1683 817 1738 δὲ
845 1682 941 1738 καὶ
972 1682 1263 1738 Σεκοῦνεον
1294 1682 1754 1755 ύπεροριζόμενον
1799 1683 1976 1739 εἰπεῖν

394 1778 532 1850 πρὸς
564 1776 853 1832 Εὐσέϐιονι
882 1776 1131 1842 Εὑσέϐιε,
1178 1776 1522 1849 ύπέγραψας,
1566 1777 1654 1831 ἵνα
1689 1776 1764 1848 μὴ
1800 1775 1977 1848 ἐξορι-

393 1865 547 1936 σθῇς.
584 1863 835 1919 Πιστεύω
861 1864 941 1936 τῷ
966 1864 1106 1937 Θεῷ,
1136 1865 1203 1919 δι’
1232 1865 1481 1920 ἐνιαυτοῦ
1526 1883 1586 1920 σε
1634 1865 1714 1919 δεῖ
1743 1865 1973 1937 ἀχθήσε-

2078 686 2161 733 est
2196 675 2386 731 Theon
2412 675 2697 746 episcOpus
2719 673 3073 730 Marmaricae.
3109 672 3348 746 Reliqua
3367 680 3551 728 autem
3580 689 3675 728 ca-

2076 775 2225 822 terva
2249 766 2578 821 Arianorum
2594 765 2921 830 antistitum,
2938 762 3227 830 Eusebius,
3243 764 3491 834 inquam,
3512 759 3676 816 Nico-
3759 787 3769 830 ,z

2078 859 2409 923 mediensis,
2466 874 2630 929 quem
2670 857 3070 927 Philostorgius
3105 855 3356 927 Magnum
3391 853 3676 927 eognomi-
3760 868 3769 913 ς

2078 959 2202 1017 nat,
2245 947 2520 1020 Theognis
2566 947 2852 1013 Nicaenus,
2896 956 2951 1003 et
2992 945 3157 1002 Maris
3202 943 3669 1001 Chalcedonensis

2076 1044 2399 1114 episcopus,
2439 1049 2493 1096 et
2514 1040 2694 1096 caeteri
2718 1053 2930 1105 omnes,
2966 1036 3292 1094 sententiam
3321 1036 3514 1109 synodi
3556 1051 3674 1089 ant-

2076 1135 2222 1205 plexi
2260 1142 2433 1190 sunt:
2471 1131 2663 1187 dolose
2699 1130 2917 1198 quidem
2959 1144 3022 1184 ac
3051 1127 3445 1190 fraudulenter,
3491 1134 3550 1180 ut
3588 1134 3670 1180 te-

2076 1234 2258 1282 statur
2284 1224 2449 1281 etiam
2482 1219 2887 1291 Pilostorgius,
2920 1233 3044 1275 cum
3082 1217 3188 1273 sub
3213 1232 3347 1272 voce
3389 1216 3665 1271 homousii

2075 1317 2140 1370 τὸ
2166 1315 2474 1387 ὀμοιούσιον
2503 1310 2699 1367 callide
2728 1310 3087 1366 occultarent.
3121 1307 3226 1364 Sed
3256 1315 3435 1374 tamen
3468 1306 3669 1379 synodi

2076 1406 2316 1463 decretis
2347 1403 2662 1461 cottsentire
2689 1416 2800 1457 non
2822 1407 3207 1468 recusarunt,
3238 1415 3362 1456 eum
3390 1399 3667 1455 Constan-

2076 1499 2188 1554 tina
2225 1513 2383 1554 soror
2432 1494 2784 1567 imperatoris
2835 1491 3185 1549 Censtantini
3228 1493 3334 1548 hoc
3379 1491 3674 1547 consilium

2075 1588 2158 1643 eis
2176 1586 2564 1659 suggessisset.

2140 1678 2405 1734 lO.Addit
2418 1672 3185 1747 Pbilostorgiusﬁecundtrm,
3203 1687 3328 1729 cum
3347 1672 3402 1728 in
3419 1672 3674 1728 exsilium

2074 1770 2530 1843 proﬁcisceretur,
2544 1767 2778 1825 Eusebio
2792 1766 2995 1823 dixisse
3013 1783 3025 1820 :
3047 1762 3268 1832 Eusebi,
3281 1763 3673 1835 subscripsisti.

2077 1878 2145 1917 ne
2171 1862 2224 1917 in
2245 1861 2501 1918 exsilium
2519 1858 2830 1915 mittereris.
2858 1856 2971 1930 Ego
3003 1871 3133 1912 vero
3154 1854 3265 1911 Deo
3285 1855 3338 1911 id
3362 1854 3494 1909 mihi
3519 1870 3673 1909 reve-

3676 1095 3727 1151 D

394 1956 518 2012 σθαι
566 1956 935 2029 ἀπαγόμενον.
971 1957 1085 2035 Καὶ
1125 1956 1407 2027 γεγονέναι
1458 1956 1540 2030 τῷ
1593 1957 1839 2029 Εὐσεϐίῳ
1884 1957 1975 2011 τὸν

2085 1953 2208 2008 lanti
2234 1952 2481 2016 conﬁdo,
2505 1960 2558 2007 te
2589 1951 2732 2005 intra
2768 1963 2974 2005 annum
3004 1948 3060 2003 in
3080 1946 3333 2002 exsilium
3380 1946 3674 2000 abductum

392 2044 819 2120 ι’ξοστρακισμὸν
867 2048 1005 2120 μετά
1041 2048 1218 2121 μῆνας
1265 2050 1374 2104 ἀπὸ
1411 2050 1513 2121 τῆς
1554 2045 1774 2105 συνόδου
1803 2052 1975 2123 τρεῖς,

391 2138 537 2197 καθά
579 2139 672 2194 καὶ
714 2138 1006 2205 Σεκοῦνδος
1050 2143 1301 2214 προεῖπε,
1342 2142 1480 2214 πρὸς
1522 2144 1622 2216 τὴν
1673 2144 1815 2198 ἰδίαν.
1837 2143 1978 2199 κατά

391 2230 453 2286 τὸ
493 2231 771 2303 προφανὲς
798 2232 1054 2288 ἀσέϐειαν
1079 2232 1557 2321 ἀνα[σ]τρέιέαντι.

665 2435 763 2489 ΕΚ
796 2435 935 2513 ΤΗΣ
969 2435 1325 2491 ΔΕΥΤΕΡΑΣ
1361 2437 1697 2492 ΙΣΤΟΡΙΑΣ.

464 2555 540 2605 α’.
553 2549 680 2604 Ὀτι
700 2550 731 2604 ὁ
753 2547 1082 2620 φιλοψευδὴς
1102 2541 1259 2615 οὗτος
1280 2549 1711 2622 Κακοστόργιος,
1728 2551 1866 2622 μετά
1877 2550 1977 2623 τὴν

390 2640 780 2712 οίκουμενικὴν
812 2640 1049 2705 σύνοδον,
1080 2642 1176 2696 καὶ
1206 2642 1305 2714 τὴν
1330 2643 1395 2695 ὲκ
1424 2641 1693 2713 προδήλου
1711 2643 1820 2698 τῶν
1850 2644 1979 2716 περὶ

390 2731 490 2785 τὸν
518 2730 780 2786 Εὑσέϐιον
804 2730 943 2802 πρὸς
966 2730 1068 2803 τὴν
1098 2731 1385 2786 εὐσέϐειαν
1406 2731 1484 2803 (9)
1513 2732 1863 2804 παλινῳδίαν,
1887 2733 1978 2788 τὸν

394 2822 627 2894 βασιλέα
669 2823 806 2894 φησὶ
835 2824 1245 2878 Κωνσταντῖνον
1272 2825 1494 2888 τούτους
1529 2825 1629 2897 μὲν
1660 2824 1815 2898 δίκην
1860 2826 1980 2880 εισ-

393 2915 746 2987 πράξασθαι,
791 2916 910 2971 ἀνθ’
952 2908 1028 2970 ὧν
1074 2915 1211 2971 ἄλλα
1251 2914 1575 2988 φρονοῦντες
1603 2916 1683 2989 τῷ
1706 2918 1979 2991 ὁμοουσίῳ

390 3008 853 3080 ὑπεσημήναντο’
892 3008 1020 3072 τοὺς
1048 3008 1105 3061 δὲ
1139 3008 1270 3081 περὶ
1310 3009 1598 3064 Σεκοῦνδον
1642 3011 1980 3067 ἀνακαλέσα-

387 3098 559 3155 σθαιο
614 3100 709 3154 καὶ
755 3098 1062 3171 γράμματα
1098 3098 1377 3171 πανταχοῦ
1407 3100 1743 3172 διαπέμψαι,
1778 3102 1840 3156 τὸ
1880 3103 1980 3175 μὲν

386 3191 681 3265 ὁμοούσιον
702 3191 1049 3264 διασύροντα,
1081 3193 1413 3264 κρατύνοντα
1447 3194 1504 3247 δὲ
1531 3193 1593 3247 τὸ
1621 3195 1976 3267 έτεροούσιον.

2083 2043 2324 2103 iri.Sane
2342 2044 2615 2101 Eusebius
2630 2042 2804 2098 tribus
2823 2040 3105 2096 mensibus
3130 2047 3253 2110 post
3264 2038 3533 2111 synodum
3576 2054 3674 2093 ex—

2083 2137 2219 2193 actis
2251 2134 2524 2206 relegatus
2565 2143 2668 2199 est,
2690 2132 3152 2205 quemadmodum
3202 2130 3492 2187 Secundus
3540 2145 3676 2201 prm-

2083 2228 2326 2298 dixerat,
2357 2244 2483 2285 cum
2534 2228 2601 2283 ad
2644 2226 2937 2298 pristinam
2986 2225 3321 2296 impietatem
3358 2224 3535 2295 palam
3587 2238 3674 2277 re-

2084 2336 2276 2379 versus
2297 2331 2464 2379 esset.

2509 2431 2605 2487 EX.
2644 2428 2854 2487 LIBBO
2902 2425 3243 2485 SECUNDO.

2160 2545 2209 2600 1.
2246 2544 2627 2602 Constantinus
2652 2561 2760 2615 cur,
2778 2544 2991 2600 Ariani:
3022 2542 3360 2611 infensus.—
3389 2540 3482 2594 Ait
3512 2553 3672 2595 men-

2083 2635 2414 2694 dacissimus
2457 2636 2879 2709 Philostorgius,
2932 2642 3059 2707 post
3085 2632 3452 2689 universalem
3510 2647 3674 2704 syno-

2084 2729 2215 2785 dum
2267 2737 2324 2785 et
2368 2740 2494 2801 post
2540 2728 2979 2786 Eusebianorum
3030 2725 3364 2799 palinodiam
3404 2726 3674 2781 adversus

2084 2822 2403 2895 religionem
2424 2863 2439 2890 ,
2463 2823 2848 2894 imperatorem
2875 2819 3301 2877 Constantinum
3330 2831 3426 2873 eos
3452 2816 3670 2887 quidem

2085 2927 2249 2984 pana
2290 2911 2540 2969 aﬁ‘ecisse
2562 2952 2580 2981 ,
2636 2920 2928 2984 propterea
2970 2908 3120 2982 quod
3167 2922 3295 2963 eum
3351 2905 3512 2961 aliter
3548 2919 3675 2960 sen-

2085 3005 2282 3071 tirent,
2322 3005 2616 3062 homousio
2655 3004 3020 3060 nihilominus
3060 3000 3542 3070 subscripserant;
3577 2996 3674 3050 Se-

2086 3098 2328 3155 cundum
2341 3112 2475 3154 vero
2489 3112 2612 3153 cum
2633 3095 2803 3153 sociis
2819 3095 2889 3151 ab
2904 3093 3099 3151 exsilio
3117 3106 3408 3149 revocasse
3424 3108 3440 3158 ;
3466 3088 3674 3144 litteras

2085 3190 2253 3246 etiam
2282 3203 2730 3261 quaquaversum
2766 3186 3027 3249 misisse,
3060 3184 3265 3256 quibus
3301 3181 3677 3239 consubstan-

386 3279 486 3351 Οἷς
515 3285 809 3357 γράμμασι
825 3285 1025 3340 καὶτὸν
1048 3286 1396 3358 Ἀλέξανδρον
1423 3286 1830 3358 Ἀλεξανδρείας
1846 3288 1981 3343 ὑπο-

2087 3280 2233 3336 tialis
2270 3279 2493 3351 quidem
2547 3294 2738 3335 vocem
2784 3276 3147 3348 explodebat,
3180 3271 3464 3365 dissimilis
3492 3276 3672 3324 autem

386 3375 629 3448 γράψαι,
655 3375 753 3431 καὶ
775 3374 867 3430 διὰ
884 3373 1044 3429 τοῦτο
1072 3375 1346 3431 συνελθεῖν
1366 3375 1531 3431 αὐτὸν
1562 3375 1671 3447 (10)
1718 3376 1814 3431 καὶ
1854 3378 1982 3441 τοὺς

388 3466 529 3540 περὶ
560 3461 783 3539 ’Ἄρειον
806 3481 821 3497 °
852 3464 948 3520 τοῦ
978 3465 1037 3520 δὲ
1069 3466 1134 3520 ὲκ
1171 3466 1437 3538 βασιλέως
1463 3468 1847 3540 ἡρεμήσαντος
1887 3468 1984 3539 φό-

385 3560 517 3626 ϐου,
548 3558 642 3614 τὸν
678 3560 778 3631 μὲν
824 3558 1173 3630 Ἀλέξανδρον
1216 3561 1311 3613 ἐπὶ
1356 3560 1457 3632 τὴν
1508 3562 1716 3617 οἰκείαν
1748 3562 1985 3633 ἀναδρα-

386 3654 523 3723 μεῖν
550 3649 797 3723 γνώμην.
830 3651 934 3706 Τὸν
957 3652 1015 3706 δὲ
1040 3654 1260 3725 ’Ἄρειον
1289 3652 1452 3708 πάλιν
1480 3652 1647 3708 αὐτοῦ
1669 3671 1728 3709 τε
1760 3654 1856 3709 καὶ
1884 3655 1984 3727 τῆς

398 3743 738 3814 Ἑκκλησίας
767 3744 865 3799 σὺν
897 3747 1010 3809 τοῖς
1043 3746 1344 3819 ὀμόφροσιν
1373 3747 1698 3819 ἀποστῆναι.

460 4009 530 4081 β’.
563 4008 690 4062 Ὀτι
716 4007 808 4063 τὸν
828 4009 1048 4081 Ἀρειον
1074 4011 1503 4083 ἀποπηδήσαντα
1531 4013 1633 4084 τῆς
1661 4013 1988 4086 Ἐκκλησίας

389 4101 528 4173 φησὶ
559 4100 787 4173 ᾅσματά
813 4118 875 4153 τε
897 4100 1133 4155 ναυτικά
1163 4104 1257 4156 καὶ
1305 4104 1571 4175 ὲπιμύλια
1605 4104 1680 4174 (lt)
1716 4105 1810 4159 καὶ
1845 4106 1986 4161 ὁδοι-

389 4192 604 4265 πορικά
655 4192 887 4265 γράψαι,
929 4194 1025 4248 καὶ
1074 4191 1282 4247 τοιαῦθ’
1325 4195 1491 4267 ἔτερα
1528 4196 1867 4274 συντιθέντα,
1906 4200 1987 4264 είς

394 4283 671 4358 μελῳδίας
703 4285 959 4349 ἐντεῖναι,
994 4284 1061 4348 ἃς
1112 4284 1364 4357 smnia};
1410 4282 1662 4352 ἑκάστοις
1699 4288 1983 4360 ἁρμόζειν,

390 4374 480 4431 διὰ
525 4376 634 4447 τῆς
664 4376 723 4429 ὲν
754 4377 876 4439 ταῖς
924 4374 1211 4447 μελῳδίαις
1258 4376 1452 4447 ἡδονῆς
1496 4377 1811 4433 ἐκκλέπτων
1850 4379 1990 4451 πρὸς

390 4468 493 4542 τὴν
541 4467 755 4523 οἰκείαν
807 4467 1060 4522 ἀσέϐειαν
1110 4469 1238 4532 τοὺς
1283 4468 1691 4541 ἀμαθεστέρους
1732 4471 1841 4526 τῶν
1888 4472 1986 4527 ἀν·

392 4560 659 4634 θρώπων.

2083 3372 2409 3430 ειώειιιιιῐίω
2424 3372 2585 3428 ﬁdem
2602 3371 2982 3428 conﬁrmabat.
3000 3368 3213 3436 Quibus
3229 3366 3427 3423 litteris
3436 3363 3675 3418 Alexan-

2083 3464 2244 3521 drum
2265 3478 2488 3536 quoque
2519 3463 2844 3533 episcopum
2894 3459 3242 3517 Alexandriae
3276 3455 3676 3527 subscripsisse

2082 3555 2249 3622 dicit,
2282 3564 2339 3611 et
2379 3555 2451 3611 ob
2480 3555 2626 3611 hanc
2659 3569 2887 3611 causam
2918 3553 3114 3608 Arium
3149 3551 3314 3607 etiam
3344 3551 3394 3605 ei
3424 3564 3675 3605 commu-

2084 3647 2336 3713 nicasse;
2381 3645 2478 3701 sed
2518 3661 2647 3701 cum
2692 3654 2875 3701 metus
2919 3646 2988 3700 ab
3032 3643 3370 3714 imperatore
3416 3640 3675 3710 deinceps

2083 3745 2348 3802 cessaret,
2387 3737 2700 3793 Alexander
2727 3736 2945 3806 quidem
2976 3734 3045 3790 ad
3082 3735 3319 3804 priorem
3349 3733 3674 3788 sententiam

2083 3828 2271 3884 rediit.
2304 3827 2471 3885 Arius
2503 3843 2633 3884 vero
2671 3843 2782 3883 una
2807 3843 2933 3882 cum
2978 3827 3226 3898 ejusdem
3271 3825 3549 3895 opinionis
3583 3840 3674 3879 as-

2084 3920 2387 3978 sertoribus
2442 3920 2512 3975 ab
2540 3920 2854 3976 Alexandro
2881 3926 2936 3973 et
2967 3919 3038 3973 ab
3075 3917 3318 3972 Ecclesia
3352 3916 3601 3973 secessit.

2153 4014 2215 4068 2.
2245 4014 2364 4068 Arii
2406 4014 2636 4069 cantica.
2666 4041 2737 4053 -——
2774 4012 2865 4067 Ait
2903 4010 3094 4066 Arium
3115 4049 3131 4075 ,
3168 4024 3294 4064 cum
3326 4008 3396 4063 ab
3430 4007 3676 4067 Ecclesia

2087 4105 2431 4171 recessisset,
2462 4105 2676 4159 cantica
2708 4106 2930 4158 nautica
2960 4109 3015 4157 et
3033 4098 3438 4157 ‘molendinaria
3468 4113 3533 4152 ac
3560 4097 3675 4151 via-

2088 4197 2228 4254 toria
2261 4195 2686 4265 conscripsisse,
2720 4194 2938 4265 aliaque
2967 4190 3674 4263 ejusmodicomposuisse,

2086 4305 2210 4361 quin
2240 4290 2406 4345 certis
2436 4288 2906 4343 modulationibus
2936 4284 3165 4355 aptavit,
3190 4291 3354 4354 prout
3379 4281 3677 4349 unicuique

2086 4382 2304 4437 cantico
2334 4380 2630 4435 convenire
2653 4378 3034 4445 existimabat;
3066 4385 3230 4447 atque
3264 4374 3337 4429 ita
3365 4372 3675 4444 ἰητρενίιίοε

2088 4488 2211 4527 rum
2244 4472 2459 4526 animos
2489 4473 2761 4527 suavitate
2798 4478 3001 4529 cantus.
3028 4468 3095 4525 ad
3139 4468 3475 4539 impietatem
3515 4482 3675 4522 suam

2089 4565 2296 4621 sensim
2330 4563 2652 4619 abduxisse.

463 4660 538 4725 γ’.
579 4653 708 4707 Ὅτι
747 4653 840 4708 τδν
882 4655 1101 4725 ’Ἄρειον
1130 4654 1188 4706 ἐν
1221 4652 1298 4724 τῷ
1346 4652 1638 4725 Θεομαχεῖν
1676 4653 1789 4726 (ll)
1841 4653 1981 4709 κατά

2158 4657 2212 4712 5.
2242 4657 2363 4711 Arii
2387 4657 2656 4711 doctrina.
2685 4684 2760 4698 —
2799 4653 2917 4711 Etsi
2950 4653 3141 4710 Arium
3178 4651 3384 4709 divinis
3417 4649 3677 4706 laudibus

1636 4801 1875 4848 VALESII
1914 4804 2421 4854 ANNOTATIONES.

460 4908 545 5035 ἓξ)
572 4907 737 4978 Πρὸς
761 4909 878 4992 rip:
903 4910 1240 4992 εὐσέϐειαγ.
1275 4909 1496 4991 Rectius
1524 4908 1578 4963 in
1603 4911 1979 4981 manuscripto

501 4995 590 5035 tce
633 4978 908 5035 Samuelis
956 4980 1210 5035 Bochartt
1261 4990 1527 5035 scriptum
1568 4988 1653 5035 est
1695 4981 1976 5035 ἀσέϐειαν.

390 4978 590 5035 codice
633 4978 908 5049 Samuelis
956 4980 1210 5036 Bocharti
1261 4982 1527 5049 scriptum
1568 4988 1653 5035 est
1695 4978 1976 5037 ἀσέϐειαν.

392 5049 670 5105 Eusebius
683 5050 829 5104 enim
855 5048 1310 5116 Nicomediensis,
1329 5048 1452 5105 cum
1474 5048 1724 5104 formulae
1745 5049 1979 5107 Nicena:

393 5120 519 5175 ﬁdei
559 5120 801 5189 primum
833 5122 1251 5190 subscripsisset
1273 5161 1287 5184 ,
1324 5121 1485 5190 paulo
1499 5127 1645 5190 _post
1677 5120 1745 5174 ad
1794 5122 1979 5190 pristi-

388 5204 522 5246 nam
548 5187 883 5259 impietatem
907 5187 1089 5253 rediit,
1115 5200 1172 5246 ut
1199 5187 1466 5247 testantur
1493 5187 1772 5258 Socrates,
1794 5187 1981 5248 Soro-

392 5275 597 5315 tnenns
626 5258 692 5314 ac
724 5258 1112 5316 Theodoritus.

464 5328 586 5399 (l0)
613 5328 1202 5409 βυζελᾷεῖηαῠζοῦ.
1270 5332 1328 5409 in
1373 5334 1750 5409 manuscripto
1792 5333 1981 5389 codice

397 5397 679 5471 Samuelis
725 5397 979 5471 Bccharti
1030 5402 1097 5455 ad
1147 5403 1449 5471 marginem
1493 5397 1845 5459 emendatum
1898 5412 1983 5459 est

395 5468 585 5540 αὐτῷ,
632 5470 781 5541 quod
828 5471 1048 5541 quidem
1094 5468 1494 5542 magis—probo.
1549 5474 1627 5531 De
1672 5476 1775 5531 hac
1817 5490 1982 5546 porro

2082 4915 2405 4971 narratione
2441 4914 2585 4971 idem
2622 4912 2979 4977 sentio.un
3013 4911 3280 4977 Photius,
3316 4926 3468 4967 mera
3518 4926 3676 4967 men-

2082 4985 2238 5040 dacia
2268 4987 2385 5040 hac
2412 5001 2536 5055 esse
2569 4983 2983 5055 ab.impuden_ti
3019 4983 3244 5055 homine
3272 4983 3529 5038 conﬁcta.

2155 5056 2267 5126 (ll)
2309 5057 2412 5110 Ἐν
2435 5053 2517 5120 τῷ
2546 5052 2883 5125 θεομαρξεῒν.
2920 5052 3118 5109 Totum
3153 5054 3257 5109 hoc
3288 5063 3452 5126 caput
3485 5052 3675 5126 prodi-

2081 5122 2256 5196 giosis
2300 5127 2584 5182 erroribus
2642 5122 2926 5196 scatebat,
2967 5140 3083 5196 _no_n
3130 5134 3240 5196 tam
3276 5122 3408 5178 vitio
3464 5122 3675 5196 codicis

2085 5191 2440 5266 inanuscripti
2458 5210 2567 5266 quo
2595 5211 2729 5251 usus
2751 5205 2834 5250 est
2849 5194 3250 5266 Qotltofredus,
3270 5209 3433 5266 quam
3455 5192 3526 5245 ob
3550 5191 3672 5266 ejus

2081 5261 2415 5336 imperitiam
2456 5261 2507 5321 iit
2554 5266 2797 5336 legendis
2832 5264 3037 5320 Graecis
3078 5261 3504 5336 exemplaribus.
3553 5261 3667 5336 Ego

2087 5331 2190 5405 ope
2230 5352 2365 5391 mss.
2399 5331 2674 5401 codicum,
2707 5334 3323 5391 Scoriacensis'scilicet
3350 5343 3403 5387 et
3440 5331 3671 5387 Bocltar-

2085 5406 2239 5472 tiani,
2272 5422 2489 5462 errores
2524 5406 2646 5462 illos
2681 5406 2983 5461 emendavi.

1867 5615 2229 5662 νΑιιιοιῑυΜι

471 5720 551 5787 (a)
584 5719 657 5793 Td
708 5721 1057 5793 ὀμοιούσιυν
1105 5721 1202 5791 (ita
1252 5721 1757 5793 cnimrlcgentlnm)
1792 5724 1861 5777 ἐν
1905 5723 1985 5791 τῷ

398 5790 706 5860 ὀμοουσίῳ
732 5790 1319 5862 ὐποκλέψαντες.Ᾱ‹Ι
1342 5790 1637 5859 hujus—loci
1665 5790 1983 5862 explicatio-

401 5877 525 5914 nem
554 5862 781 5916 consule
811 5860 1191 5935 Fragmenth
1224 5861 1571 5935 I'Itilostorgii
1601 5879 1661 5918 cx
1692 5860 1875 5921 Niceta
1902 5867 1985 5921 de-

400 5939 704 6002 sntnptutn,
735 5942 788 5987 ct
815 5932 956 5988 infra
986 5933 1230 5989 citatum.

2167 5725 2239 5795 (ὑ)
2290 5724 2630 5795 Ἐπιμύνῖια.
2666 5720 2893 5795 Cantica
2917 5719 3252 5795 in_pist_rinis
3282 5720 3427 5777 inter
3459 5723 3672 5779 molun-

2093 5791 2229 5850 dnin'
2257 5791 2466 5849 cantari
2499 5794 2679 5848 solita.
2729 5791 2942 5847 Nullam
2979 5791 3067 5847 hic
3098 5791 3300 5847 Thaliae
3341 5796 3668 5849 mentionrnt

2096 5866 2225 5918 facit
2249 5865 2643 5931 l’hilostorgius
2671 5882 2684 5917 :
2708 5881 2734 5915 a
2758 5881 2861 5932 qua
2888 5872 2942 5917 et
2967 5864 3298 5918 Athanasius
3324 5864 3434 5917 luet:
3455 5866 3667 5919 cantica

2096 5937 2398 6006 distinguit,
2431 5936 2483 5989 in
2514 5936 2651 5989 libro
2684 5935 2756 5989 De
2793 5934 2943 5988 ("itlt't'
2979 5933 3214 5990 Nica’ttw
3243 5937 3481 5990 decretis.
