4062 6332
352 393 450 453 469

1372 383 1932 446 ECCLESIASTICE
1974 377 2323 442 HISTORUE
2368 383 2494 439 LIB.
2527 383 2592 440 11.

3499 385 3629 442 470‘-

355 507 428 578 τῷ
466 501 721 576 βασιλεῖ),
761 501 866 557 ὑπὸ
904 499 1166 556 Εὐσεϐίου
1197 498 1292 554 καὶ
1336 499 1445 553 τῶν
1493 500 1590 554 σὺν
1621 501 1772 572 αὐτῷ
1809 503 1930 554 ὲπι-

2045 500 2243 571 legatus
2270 513 2380 554 una
2401 509 2527 554 cum
2553 495 2674 551 aliis
2691 494 2756 550 ad
2781 495 3166 565 imperatorem
3186 495 3614 553 Constantinum

354 599 565 653 σκόπων
612 597 997 666 χειροτονεῖται
1028 593 1136 648 τῶν
1160 594 1218 646 ὲν
1270 594 1338 664 τῇ
1390 593 1586 664 Γετικῇ
1617 595 1934 665 Χριστιανι-

352 690 567 756 ζόντων,
594 689 688 741 καὶ
711 687 780 741 τά
801 704 862 740 τε
890 686 1026 741 ἄλλα
1059 683 1241 738 αὐτῶν
1267 684 1605 756 ἐπεμελεῖτο,
1629 685 1723 739 καὶ
1755 701 1936 756 γραμ-

354 783 537 855 μάτων
555 783 740 845 αὐτοῖς
760 781 978 834 οἰκείων
1005 779 1234 852 εὑρετὴς
1261 777 1565 842 καταστὰς,
1593 778 1935 850 μετέφρασεν

351 876 427 937 εἰς
455 874 556 944 τὴν
599 872 781 926 αὐτῶν
817 872 1002 944 φωνὴν
1029 872 1129 937 τὰς
1162 871 1388 945 Γραφὰς
1425 871 1664 933 ἁπάσας,
1700 869 1839 940 πλήν
1869 885 1934 936 γε

349 965 410 1037 δὴ
447 963 558 1018 τῶν
600 963 919 1029 Βασιλειῶν,
970 964 1066 1018 ἆτε
1105 963 1216 1017 τῶν
1253 963 1352 1033 μὲν
1383 961 1637 1032 πολέμων
1697 961 1936 1034 ἱστορίαν

351 1055 608 1126 ἐχουσῶν,
635 1053 731 1109 τοῦ
765 1055 821 1108 δὲ
855 1053 1044 1118 ἔθνους
1080 1054 1234 1117 ὄντος
1255 1051 1642 1122 φιλοπολέμου,
1687 1052 1784 1105 καὶ
1816 1051 1937 1106 δεο-

353 1151 512 1222 μένου
558 1149 759 1220 μᾶλλον
814 1147 1031 1218 χαλινοῦ
1070 1147 1172 1218 τῆς
1229 1146 1324 1200 ἐπὶ
1365 1144 1464 1209 τὰς
1499 1144 1679 1217 μάχας
1724 1143 1936 1216 ὁρμῆς,

349 1234 465 1290 ἀλλ’
493 1235 616 1306 οὐχὶ
636 1235 730 1289 τοῦ
765 1235 904 1307 πρὸς
930 1235 1106 1289 ταῦτα
1133 1234 1546 1306 παροξύνοντος.
1571 1233 1752 1304 Ὅπερ
1783 1233 1938 1303 ἰσχὺν

349 1326 462 1396 ἔχει
487 1327 661 1381 ταῦτα
693 1330 892 1392 ποιεῖν,
925 1327 1202 1398 σεϐάσμιά
1229 1344 1289 1381 τε
1321 1327 1557 1399 μάλιστα
1582 1325 1937 1397 νομιζόμενα,

349 1418 442 1472 καὶ
472 1419 610 1489 πρὸς
640 1418 740 1490 τὴν
777 1419 873 1472 τοῦ
903 1419 1062 1472 Θείου
1097 1418 1396 1490 θεραπείαν
1426 1418 1554 1481 τοὺς
1581 1417 1939 1488 πειθομένους

351 1509 848 1580 καταρυθμίζοντα.
890 1509 1168 1581 Ἱδρύσατο
1212 1510 1258 1563 δ’
1302 1512 1330 1564 ὁ
1367 1509 1622 1581 βασιλεὺς
1647 1509 1740 1564 τὸν
1778 1510 1940 1564 αὑτό-

355 1600 516 1672 μολον
561 1601 749 1657 τοῦτον
786 1602 915 1656 λαὸν
955 1603 1085 1674 περὶ
1121 1604 1193 1658 τὰ
1237 1601 1340 1672 τῆς
1371 1601 1590 1666 Μυσίας
1635 1602 1832 1674 χωρία,
1863 1601 1938 1665 ὡς

351 1693 570 1764 ἑκάστῳ
603 1693 758 1762 φίλον
787 1689 890 1766 ἦν’
953 1694 1049 1748 καὶ
1090 1693 1182 1747 τὸν
1233 1693 1508 1763 Οὺρφίλαν
1557 1693 1645 1747 διὰ
1683 1692 1942 1764 πλείστης

350 1779 455 1854 ἦγε
499 1786 686 1856 τιμῆς,
730 1786 806 1850 ὡς
857 1786 952 1839 καὶ
990 1785 1269 1848 πολλάκις,
1317 1786 1374 1838 '0
1394 1787 1478 1854 ἐφ’
1509 1785 1668 1856 ἡμῶν
1710 1784 1938 1856 Μωσῆς,

2037 595 2243 649 missus
2294 599 2441 648 esset
2481 589 2632 660 (nam
2679 595 2734 643 et
2780 587 3027 642 barbarae
3059 598 3248 657 gentes
3280 588 3394 644 illic
3421 590 3615 659 posita:

2037 684 2398 741 Constantino
2442 675 2942 751 obsequebantur),
2993 679 3062 733 ab
3098 677 3332 736 Eusebio
3383 679 3619 750 aliisque

2039 776 2134 847 qui
2171 789 2296 830 cum
2333 773 2426 828 ilio
2458 779 2615 827 erant
2641 770 2933 841 episcOpis,
2970 769 3256 826 ordinatus
3296 780 3380 826 est
3408 772 3622 841 episco-

2039 877 2142 936 pus
2171 863 2614 918 Christianorum
2646 860 2740 929 qui
2779 859 2920 927 apud
2950 857 3158 914 Gothos
3187 859 3476 928 degebant.
3509 859 3618 914 Eo-

2038 973 2162 1012 rum
2188 957 2371 1025 itaque
2397 962 2510 1008 tum
2539 953 2662 1006 aliis
2693 952 2746 1005 in
2771 951 2936 1006 rebus
2961 950 3254 1004 maximam
3286 963 3473 1006 curam
3496 967 3622 1022 ges-

2041 1051 2114 1106 Sit
2154 1064 2170 1103 :
2199 1056 2314 1101 tum
2346 1045 2597 1114 proprias
2623 1042 2760 1112 ipsis
2786 1043 2995 1096 litteras
3023 1041 3375 1112 excogitavit,
3412 1050 3466 1097 et
3494 1042 3622 1097 uni-

2039 1147 2233 1196 versos
2297 1143 2472 1193 sacras
2533 1133 2831 1204 Scriptura:
2889 1133 3064 1188 libros
3133 1134 3310 1202 patrio
3373 1135 3620 1204 ipsorum

2041 1238 2298 1288 sermone
2318 1230 2709 1298 interpretatus
2723 1231 2828 1292 est,
2851 1214 3256 1294 exceptislibris
3283 1223 3621 1297 Regnorum,

2039 1329 2108 1381 eo
2141 1324 2286 1392 quod
2322 1321 2399 1377 illi
2463 1329 2550 1376 res
2578 1319 2722 1376 bello
2762 1326 2942 1388 gestas
2972 1318 3309 1385 contineant,
3355 1334 3489 1390 gens
3519 1334 3620 1374 au-

2042 1423 2150 1474 tem
2184 1415 2275 1471 illa
2325 1414 2484 1470 bellis
2522 1413 2764 1468 maxime
2794 1411 3118 1477 delectetur,
3157 1415 3212 1466 et
3243 1410 3400 1466 freno
3438 1412 3624 1483 potius

2042 1514 2180 1580 opus
2221 1507 2420 1563 habeat
2473 1507 2540 1560 ad
2590 1504 2815 1560 bellicos
2859 1505 3096 1575 impetus
3146 1504 3620 1574 comprimendos.

2042 1607 2206 1670 quam
2247 1589 2448 1653 calcari
2486 1603 2596 1666 quo
2633 1596 2700 1650 ad
2742 1594 2927 1664 praelia
2960 1593 3278 1649 incitentur.
3327 1585 3621 1649 Maximam

2042 1701 2206 1761 porro
2241 1689 2504 1744 incitandi
2532 1688 2641 1742 vim
2670 1683 2877 1741 habent
2911 1683 3037 1741 libri
3066 1685 3164 1751 illi,
3195 1693 3381 1756 utpote
3404 1686 3497 1756 qui
3533 1701 3628 1740 ve-

2045 1781 2316 1838 nerabiles
2350 1781 2590 1836 maxime
2616 1780 3020 1844 existimentur,
3051 1787 3106 1834 et
3131 1779 3469 1833 credentium
3505 1776 3626 1832 ani-

347 1873 534 1944 λέγειν
563 1878 690 1947 περὶ
723 1877 911 1933 αὐτοῦ.
941 1877 1077 1930 Δίαν
1107 1877 1164 1930 δὲ
1198 1870 1353 1940 οὗτος
1383 1875 1476 1930 τὸν
1505 1876 1672 1948 ἄνδρα
1702 1875 1930 1941 θειάζει,

2045 1885 2160 1930 mos
2194 1875 2266 1929 ad
2313 1874 2404 1928 Dei
2451 1875 2663 1931 cultum
2697 1865 3018 1928 informem.
3059 1861 3211 1929 Hanc
3245 1872 3413 1945 igitur
3449 1880 3629 1928 trans-

347 1967 442 2020 καὶ
473 1967 575 2038 τῆς
599 1968 887 2040 αἰρετικῆς
915 1967 1080 2022 αὐτοῦ
1107 1968 1266 2039 δόξης
1297 1968 1536 2041 ἐραστὴν
1565 1968 1727 2024 αὐτόν
1754 1981 1813 2023 τε
1841 1967 1935 2021 καὶ

346 2059 475 2123 τοὺς
505 2059 598 2112 ὑπ’
625 2059 789 2112 αὑτὸν
815 2060 1144 2130 ἀναγράφει.

2041 1965 2290 2036 fugarum
2339 1966 2744 2022 multitudinem
2776 1966 3067 2036 imperator
3098 1965 3168 2022 in
3209 1963 3346 2021 locis
3403 1963 3626 2031 Moesiae,

2043 2065 2207 2128 prout
2243 2058 2443 2129 cuique
2485 2060 2663 2115 visum
2692 2062 2796 2125 est,
2837 2057 3162 2126 collocavit;
3197 2061 3251 2113 et
3285 2055 3629 2128 Urﬁlam'ip-

347 2166 472 2208 sum
494 2153 764 2224 magnoin
787 2154 994 2209 honore
1010 2153 1223 2221 habuit,
1248 2153 1386 2210 adeo
1408 2154 1549 2210 utde
1569 2154 1662 2208 illo
1677 2153 1930 2224 loquens,
1971 2159 2116 2223 saepe
2139 2161 2266 2208 eum
2299 2153 2477 2207 no’stri
2503 2152 2770 2222 temporis
2799 2147 3008 2207 Mosem
3079 2151 3394 2220 appellaret.
3453 2149 3630 2205 Caete-

345 2258 469 2300 rum
503 2245 900 2316 Philostorgius
935 2247 1082 2304 hunc
1106 2246 1331 2302 Urﬁlam
1371 2246 1525 2303 miris
1553 2246 1809 2302 laudibus
1846 2245 2082 2313 extollit,
2131 2245 2315 2316 aitque
2329 2254 2384 2300 et
2405 2243 2585 2314 illum,
2615 2251 2783 2301 etebs
2803 2245 2899 2316 qui
2954 2244 3057 2300 s’ub
3079 2243 3172 2300 illo
3204 2252 3362 2300 erant
3397 2242 3631 2302 Gothos.

344 2337 593 2408 ejusdem
627 2353 752 2395 eum
787 2338 906 2408 ipso
942 2339 1212 2395 lmreseos
1243 2348 1543 2396 sectatores
1567 2339 1760 2395 fuisse.

414 2434 495 2494 ς’.
529 2429 652 2482 Ὅτι
682 2431 808 2492 τοὺς
837 2429 1105 2483 ἐνδοτάτω
1140 2429 1356 2495 Ἰνδοὺς,
1377 2431 1490 2484 ὅσοι
1524 2429 1761 2501 Χριστὸν
1787 2426 1938 2500 ἐμα-

345 2521 435 2574 θον
463 2521 636 2592 τιμᾷν
663 2521 728 2574 ὲκ
755 2521 854 2592 τῆς
885 2521 1294 2595 Βαρθολομαίου
1335 2521 1433 2576 τοῦ
1461 2521 1762 2576 ἀποστόλου
1795 2521 1941 2576 διδα-

346 2612 604 2676 σκαλίας,
628 2611 690 2666 rb
715 2613 1056 2684 ἐτεροούσιον
1081 2613 1408 2686 πρεσϐεύειν
1435 2615 1464 2668 ὁ
1491 2613 1759 2684 δυσσεϐὴς
1782 2629 1936 2685 φησι.

344 2702 456 2758 Καὶ
496 2701 588 2754 τὸν
617 2700 879 2772 Θεόφιλον
906 2702 1116 2773 εἰσάγει
1148 2703 1241 2756 τὸν
1275 2703 1434 2756 Ἰνδὸν
1463 2702 1575 2774 (16)
1610 2702 1670 2756 τὺ
1698 2701 1940 2757 τοιοῦτον

343 2787 733 2865 ἀσπαζόμενον
765 2796 1044 2867 φρόνημα,
1080 2795 1491 2867 παραγενέσθαι
1527 2813 1587 2849 τε
1620 2797 1702 2859 εἰς
1742 2797 1942 2860 αὐτοὺς

345 2889 438 2941 καὶ
475 2885 580 2957 τὴν
607 2886 784 2940 αὐτῶν
821 2887 1193 2958 ἐκδιηγεῖσθαι
1231 2888 1409 2956 δόξαν.
1441 2889 1514 2942 Τὸ
1534 2888 1592 2942 δὲ
1619 2889 1730 2941 τῶν
1765 2888 1943 2943 Ἰνδῶν

345 2977 508 3041 ἔθνος
553 2977 734 3042 τοῦτο,
772 2977 921 3032 Σάϐα
959 2978 1064 3050 μὲν
1109 2979 1278 3034 πάλαι
1317 2979 1462 3050 (17),
1498 2979 1606 3034 ἀπὸ
1648 2980 1750 3052 τῆς
1795 2980 1943 3036 Σάϐα

349 3068 770 3140 μητροπόλεως,
805 3069 874 3124 τὰ
905 3069 1001 3124 νῦν
1023 3069 1082 3124 δὲ
1123 3069 1426 3143 Ὀμηρίτας
1458 3071 1764 3124 καλεῖσθαι.

413 3241 487 3306 ζ’.
527 3241 650 3294 Ὅτι
685 3242 824 3312 μετὰ
840 3245 990 3314 τρεῖς
1011 3243 1164 3308 ὅλους
1194 3243 1472 3308 ἐνιαυτούς
1498 3261 1662 3314 φησιν
1687 3243 1945 3298 Εὑσέδιον

347 3336 440 3388 καὶ
499 3333 685 3405 Μάριν
714 3335 808 3387 καὶ
849 3335 1108 3403 Θέογνιν,
1153 3336 1318 3408 ψήφῳ
1353 3337 1618 3407 βασιλέως
1650 3336 1745 3390 τοῦ
1788 3339 1946 3392 Κων-

350 3426 644 3482 σταντίνου
692 3427 954 3480 ἐπανόδου
985 3427 1268 3498 τυχόντας,
1297 3429 1533 3492 πίστεώς
1581 3447 1640 3483 τε
1677 3429 1946 3499 σύμϐολον

347 3516 647 3591 αἱρετικῆς
681 3518 942 3583 ἐκθεῖναι,
990 3520 1087 3572 καὶ
1137 3520 1443 3590 πανταχόσε
1485 3520 1810 3591 διαπέμψαι,
1856 3522 1944 3574 ἐπ’

345 3611 640 3682 ἀνατροπῇ
675 3610 778 3681 τῆς
805 3612 862 3664 ἐν
909 3611 1116 3683 Νικαίᾳ
1150 3613 1403 3666 συνόδουο
1436 3614 1530 3666 καὶ
1558 3613 1651 3666 τὸν
1692 3613 1944 3681 Ἀλεξαν-

347 3705 548 3776 δρείας
604 3703 951 3776 Ἀλέξανδρον
1002 3704 1250 3759 καθελεῖν
1279 3705 1354 3774 (a)
1404 3722 1462 3758 τε
1519 3705 1614 3758 καὶ
1663 3705 1947 3777 ἀποκηρύ-

349 3794 754 3863 ξασθαι,-άνθ’
805 3789 881 3850 ὧν
925 3797 1019 3850 ἐπὶ
1046 3796 1107 3851 τὸ
1153 3797 1437 3866 ὁμοούσιον
1493 3798 1947 3868 παλιντραπέλως

349 3888 788 3960 ὲπανέστρεφεν.
833 3888 992 3942 Ἀλλὰ
1023 3889 1118 3942 καὶ
1145 3887 1440 3942 Εὑστάθιον
1465 3888 1557 3942 τὸν
1590 3889 1944 3959 Ἀντιοχείας,
1981 3883 1991 3893 ’

353 3983 655 4052 παιδίσκης
688 3979 834 4051 μίξιν
858 3982 953 4035 καὶ
979 3983 1211 4055 αἰσχρᾶς
1231 3981 1425 4052 ἡδονῆς
1444 3982 1745 4036 ἀπόλαυσιν
1766 3977 1947 4036 αἰτίαν

354 4071 880 4147 ὶπιγραψαμένους,
934 4073 1113 4145 φυγὴν
1173 4072 1322 4144 αὐτῷ
1377 4073 1630 4144 βασιλεὺς
1681 4073 1950 4145 ἐτιμήσα-

2114 2423 2168 2478 θ.
2204 2417 2283 2476 De
2305 2420 2568 2475 fuderunt
2590 2420 2903 2474 interiorem
2931 2421 3284 2475 conversione.
3310 2448 3381 2460 —
3408 2409 3502 2478 Ait
3525 2421 3629 2477 im-

2041 2515 2165 2585 pios
2191 2503 2634 2582 Philostorgius,
2672 2509 2962 2566 interiores
3010 2509 3169 2566 ludos
3210 2511 3304 2580 qui
3342 2495 3631 2567 Bartholo—

2046 2603 2172 2660 ιιιωί
2207 2601 2448 2672 apostoli
2490 2599 2881 2670 praedicatione
2916 2599 2983 2654 ad
3018 2597 3222 2656 CbriSti
3251 2601 3457 2657 cultum
3497 2617 3632 2662 con-

2042 2697 2188 2753 versi
2207 2699 2352 2762 sn‘nt,
2373 2691 2697 2748 disdimil‘em
2711 2688 2839 2745 Filii
2853 2691 3214 2747 substantiam
3231 2689 3494 2762 proﬁteri.
3514 2691 3630 2764 (15)

2044 2788 2351 2860 Narratque
2385 2784 2747 2856 Theophilum
2778 2783 2997 2852 Indum,
3021 2785 3113 2855 qui
3132 2784 3273 2840 hanc
3301 2785 3630 2847 sententiam

2047 2879 2502 2953 amplectebatur,
2533 2879 2600 2934 ad
2627 2878 2752 2933 illos
2773 2878 3011 2943 venisse,
3039 2884 3094 2932 et
3109 2891 3264 2933 suam
3292 2876 3400 2932 illis
3416 2877 3632 2947 opinio-

2047 2979 2172 3029 nem
2206 2971 2521 3028 tradidisse.
2554 2969 2663 3026 llos
2685 2979 2866 3024 autem
2903 2963 3064 3025 lndos
3094 2969 3222 3024 olim
3274 2968 3497 3040 quidem
3530 2968 3632 3024 Sa-

2048 3067 2197 3121 baeos
2244 3064 2322 3120 ait
2349 3069 2474 3120 ess'e
2501 3061 2679 3119 dietos
2705 3063 2774 3118 ab
2811 3062 2946 3117 urbe
2989 3061 3168 3131 Saba,
3201 3075 3324 3132 quae
3363 3069 3528 3134 caput
3549 3074 3632 3120 est

1967 3143 2009 3203 C
2044 3156 2215 3212 totius
2244 3157 2452 3225 gentis;
2490 3169 2636 3210 nunc
2668 3168 2799 3209 vero
2834 3151 3144 3209 Homeritas
3177 3152 3387 3209 vocari.

2122 3247 2174 3302 7.
2209 3247 2536 3302 Arianorum
2570 3245 2838 3314 synodus,
2865 3254 2914 3299 et
2948 3240 3220 3298 Eustathii
3253 3243 3529 3312 depositio.
3559 3273 3628 3284 -

2052 3340 2143 3395 Ait
2165 3339 2588 3410 PhilOStOrgitls,
2616 3333 2940 3405 Eusebium,
2969 3335 3157 3392 Marim
3183 3346 3239 3392 et
3265 3331 3632 3407 Theognium,

2053 3440 2180 3504 post
2225 3433 2522 3488 triennium
2567 3430 2913 3488 Constantini
2965 3429 3310 3500 imperatoris
3355 3429 3518 3500 jussu
3562 3428 3634 3483 ab

2053 3523 2245 3579 exsilio
2268 3515 2574 3588 revocatos,
2600 3520 2910 3594 symbolum
2933 3520 3206 3576 haeretica:
3230 3518 3354 3576 ﬁdei
3370 3517 3632 3583 edidisse,

2054 3621 2108 3668 et
2151 3621 2595 3685 quaquaverSum
2654 3613 2876 3669 misisse
2929 3613 2996 3668 ad
3049 3613 3387 3668 eversionem
3439 3610 3633 3682 synodi

2052 3705 2321 3772 Nicaeum;
2361 3707 2732 3764 Alexandrum
2765 3721 2984 3779 quoque
3033 3705 3354 3776 episcopum
3394 3703 3634 3759 Alexan-

2052 3799 2186 3854 dria:
2215 3799 2284 3855 ab
2304 3799 2495 3855 iisdem
2522 3799 2831 3870 depositum
2857 3813 2978 3856 esse
2993 3806 3048 3853 et
3075 3795 3632 3860 excommunicatum,

2054 3906 2119 3946 eo
2152 3891 2299 3961 quod
2336 3892 2403 3946 ad
2444 3891 2936 3948 consubstantialis
2975 3889 3138 3945 tidem
3167 3889 3350 3945 denuo
3381 3902 3635 3944 reversus

2055 3990 2222 4037 esset.
2264 3981 2372 4053 (18)
2402 3981 2510 4038 Sed
2533 3991 2588 4038 et
2608 3981 2953 4038 Eustathium
2977 3979 3401 4035 Antiochensem
3419 3978 3634 4048 episco-

2053 4083 2184 4144 pum
2216 4072 2442 4142 perinde
2469 4073 2538 4128 ab
2565 4074 2757 4129 iisdem
2780 4071 3091 4142 depositum
3116 4086 3268 4138 esse,
3293 4088 3417 4128 cum
3440 4072 3636 4143 puellae

1597 4245 1839 4292 VALESII
1881 4243 2382 4290 ANNOTATIONES.

425 4407 545 4479 (15)
585 4405 909 4462 Theodorit.
939 4407 1105 4479 lib._l,
1136 4422 1185 4463 c.
1222 4408 1313 4463 25.

428 4474 547 4550 (16)
582 4479 880 4550 Θεόφιλον
921 4477 1146 4550 εἰσάγει
1173 4480 1273 4533 τὸν
1324 4477 1529 4550 Ἰνδόν.
1573 4474 1727 4531 Hunc
1760 4475 1940 4550 Theo-

357 4546 576 4619 philurn
613 4546 1018 4619 Philestorgius
1046 4559 1309 4618 perpetuo
1333 4548 1523 4619 Indum
1555 4555 1734 4610 vocat,
1768 4556 1828 4619 ut
1859 4547 1938 4599 vi-

356 4617 488 4674 dere
511 4626 600 4674 est
625 4617 681 4672 in
700 4619 972 4688 excerptis
991 4634 1054 4673 ex
1073 4617 1164 4673 lib.
1195 4634 1254 4674 ιιι
1271 4628 1325 4675 et
1348 4633 1420 4679 Iv.
1446 4618 1536 4674 Sic
1559 4625 1739 4672 autem
1763 4617 1942 4688 dictus

357 4699 446 4744 est
473 4687 978 4758 Theophilus,’seu
1013 4690 1159 4758 quod
1193 4690 1464 4758 oriundus
1489 4697 1638 4744 esset
1671 4702 1734 4741 ex
1773 4687 1944 4748 India,

360 4775 456 4813 seu
500 4757 648 4827 quia
670 4759 884 4828 legatus
925 4760 993 4814 ad
1031 4757 1214 4823 indos,
1250 4760 1363 4814 sive
1407 4757 1693 4828 Ethiopes
1743 4758 1947 4828 missus

359 4829 549 4884 fuerat
589 4843 621 4883 a
652 4827 999 4895 Constantio,
1029 4830 1492 4897 quemadmodum
1531 4827 1692 4883 docet
1761 4827 1946 4882 Philo-

359 4900 634 4969 ator-gius.
657 4898 818 4969 Certe
868 4898 1163 4969 Gregorius
1209 4899 1486 4969 Nyssenus
1533 4900 1588 4953 in
1627 4899 1722 4952 lib.
1776 4898 1949 4966 primo

358 4967 553 5022 contra
568 4967 916 5038 Eunomium,
933 4967 1290 5038 Theophilum
1309 4971 1452 5024 hunc
1473 4969 1753 5038 Blemmyn
1772 4975 1949 5038 vocat,

359 5039 554 5108 aitque
587 5037 910 5092 familiarem
949 5037 1100 5108 illum
1128 5039 1298 5094 fuisse
1323 5040 1555 5094 Caesaris
1584 5037 1721 5092 Galli
1755 5057 1768 5092 :
1802 5037 1948 5107 quod

360 5107 592 5180 quidem
620 5116 850 5180 testatur
870 5108 1031 5180 etiam
1058 5107 1458 5179 Philostorgius
1484 5110 1542 5180 in
1574 5109 1712 5180 libro
1742 5125 1812 5162 ιν.
1837 5108 1949 5180 ⁷[ιο-

363 5176 465 5233 éus
492 5177 743 5250 Gregorii
768 5176 995 5250 Nysseni
1026 5179 1103 5250 sic
1133 5180 1294 5234 habet
1323 5176 1626 5250 εΤινώσκει
1649 5179 1746 5250 τὴν
1771 5176 1954 5250 καινο-

364 5247 581 5339 φωέιαν
596 5243 801 5339 ia:th
817 5243 980 5339 ξέοιᾈὸ
1009 5249 1262 5336 Βλέμμυς
1285 5251 1561 5333 Θεόφιλος,
1576 5243 1652 5339 ’ᾤ’
1667 5243 1954 5339 συνηθείας

364 5317 514 5383 τινὸς
549 5319 678 5388 περὶ
702 5317 796 5371 τὸν
821 5318 1019 5372 Γάλλον
1055 5317 1535 5392 προῦπαρχοὺσης,
1567 5321 1596 5372 ὁ
1639 5317 1843 5382 Ἀἐτιος
1875 5321 1955 5381 εις

365 5385 440 5443 τὰ
464 5388 719 5460 βασίλεια
743 5387 809 5442 δι’
843 5388 1009 5442 αὑτοῦ
1045 5391 1360 5462 παρεδύετο.
1396 5391 1511 5446 Nisi
1541 5389 1680 5445 forte
1707 5391 1955 5444 dicamus

1977 4414 2024 4474 ι)
2050 4403 2358 4476 Blemmyas
2388 4403 2614 4476 perinde
2641 4417 2706 4458 ac
2731 4402 3020 4476 @thiopas'
3036 4403 3332 4476 vicinosga
3356 4377 3636 4463 veteribus

2049 4475 2212 4529 Indos
2245 4465 2367 4530 esse
2389 4465 2714 4544 appellatos.
2749 4474 2894 4545 Sane
2921 4465 3230 4545 Blemmycs
3255 4465 3441 4545 Mauri
3469 4478 3638 4531 etiam

2049 4545 2182 4600 dicti
2213 4554 2360 4608 sunt,
2389 4541 2760 4608 uii‘discimus
2775 4558 2842 4600 ex
2859 4541 3152 4600 Ammonio
3183 4545 3237 4599 in
3267 4544 3359 4601 lib.
3385 4545 3466 4600 De
3500 4550 3640 4602 crede

2051 4614 2281 4670 Patrum
2310 4617 2365 4668 in
2392 4627 2567 4670 monte
2596 4613 2749 4668 Sina.

2120 4685 2232 4756 (l7)
2278 4685 2439 4739 Σάϐα
2477 4685 2594 4755 μὲν
2638 4683 2848 4756 πάλαι.
2893 4683 2947 4756 1η
2986 4701 3090 4741 ms.
3129 4686 3316 4743 codice
3363 4687 3640 4744 Samuelis

2048 4756 2310 4811 Bocharti
2351 4757 2615 4810 scribitur
2649 4755 2845 4810 Σάϐαι.
2888 4755 3063 4821 Quam
3105 4757 3396 4812 lectionem
3445 4759 3642 4814 conﬁr-

2047 4835 2190 4899 mat
2215 4826 2528 4894 Stephanus
2565 4825 2860 4896 Byzantius
2887 4866 2900 4888 ,
2944 4828 3032 4894 qui
3060 4830 3414 4899 metropolim
3463 4830 3638 4899 ipsam

2050 4897 2124 4950 ita
2143 4897 2343 4951 dictam
2369 4912 2490 4951 esse
2514 4905 2744 4950 testatur
2768 4899 2820 4950 in
2844 4913 2973 4949 voco
3000 4898 3189 4953 Σάϐαι.
3218 4897 3645 4954 Arrianusvcro

2051 4968 2121 5040 ing
2142 4968 2352 5038 periplo
2381 4968 2548 5040 maris
2580 4967 2888 5040 Erythraei,
2925 4969 3114 5040 urbem
3145 4970 3318 5038 ipsam
3355 4969 3505 5040 Σὰϐη
3536 4985 3634 5024 ιιο-

2051 5036 2514 5110 ῃιὶιιιιι,“ροριι108
2546 5036 2676 5110 vero
2702 5036 3100 5110 Sabaitas,_qui
3131 5036 3310 5095 cidem
3332 5043 3444 5110 regi
3478 5036 3639 5110 pare-

2051 5108 2183 5162 bant
2213 5107 2299 5164 cui
2349 5107 2664 5163 Homeritze.
2705 5108 2939 5162 Proinde
2981 5108 3202 5165 Sabaeos
3245 5111 3314 5164 ab
3347 5107 3640 5165 [leniet-itis

2051 5179 2341 5249 distinguit
2369 5177 2931 5249 Arrianus.rUrauius
2959 5183 3180 5249 quoque
3211 5179 3265 5233 in
3301 5180 3396 5233 lib.
3429 5195 3442 5231 ι
3496 5176 3641 5249 Ανα-

2057 5246 2289 5304 ὺὶεονιῐηι
2319 5288 2333 5309 ,
2387 5247 2608 5304 Sabaeos
2641 5248 2710 5302 ab
2746 5246 3038 5302 Homer-itis
3069 5246 3322 5317 separat,
3357 5257 3415 5302 ut
3459 5248 3642 5303 vidcrc

2053 5329 2136 5373 est
2162 5317 2673 5390 apudStephanum
2716 5319 2770 5372 in
2803 5333 2935 5372 voce
2957 5319 3339 5390 χατραμῶται.

2129 5391 2241 5459 (18)
2273 5388 2590 5445 Theodorit.
2625 5389 2660 5443 1.
2694 5405 2731 5453 ι,
2768 5405 2817 5444 c.
2861 5390 2951 5442 21.

1851 5575 2199 5620 VARIORUM.

436 5697 518 5775 (et)
555 5700 664 5775 Καὶ
693 5701 810 5775 tot
851 5704 1306 5775 _’A.te€ar6ps£ac
1362 5705 1757 5773 Ἀλέξανδρον
1815 5708 1954 5758 καθ-

372 5769 565 5849 στιεζν.
603 5769 715 5826 Hoc
742 5772 1098 5849 falsissimum
1125 5769 1207 5849 est
1239 5794 1251 5829 ι
1282 5769 1423 5849 inter
1443 5769 1810 5849 romnes'enim
1869 5777 1952 5849 hi-

378 5844 617 5896 storicos
645 5852 876 5908 constat,
912 5844 1282 5900 Alexandrum
1307 5848 1453 5901 brevi
1491 5847 1747 5914 temporis
1775 5847 1950 5915 spatio

2062 5706 2294 5758 concilio
2342 5706 2562 5762 Nic-.eno
2597 5706 2988 5774 supervixisse.
3033 5703 3241 5772 Quinto
3282 5711 3406 5774 post
3456 5717 3640 5760 Iliense

2424 5773 2780 5833 Athanasium
2812 5820 2824 5845 ,
2861 5777 3019 5848 Apol.
3079 5792 3142 5845 ιι,
3180 5791 3304 5848 pag.
3340 5773 3462 5843 565,
3505 5775 3638 5832 edit.
