4062 6332
270 418 379 481 ιη

1314 419 1872 478 ECCLESIASTICE
1911 415 2263 473 HiSTORl/E
2301 412 2429 468 LIB.
2473 411 2540 467 ll.

3419 409 3528 466 478

271 531 475 596 ἄλλους
510 532 760 605 μαθητὰς
807 534 1133 608 ἀναγράφει,
1186 530 1268 600 οἷς
1322 537 1412 590 xui.
1457 536 1715 591 Εὑσέϐιον
1762 534 1852 588 τὸν

1958 547 2081 587 cum
2113 530 2317 585 multos
2338 528 2480 584 alios
2505 522 2808 596 discipulos
2831 532 3081 580 recenset
3105 523 3527 596 Philostorgius.

272 623 667 695 Νικομηδείας,
721 626 817 680 καὶ
869 627 1053 698 Μάριν
1095 626 1187 680 τὸν
1235 628 1594 699 Χαλκηδόνος,
1629 628 1722 681 καὶ
1761 626 1853 680 τὸν

274 714 509 779 Νικαίας
539 716 763 786 Θέογνιν
804 720 1105 783 συντάττει,
1136 719 1230 773 καὶ
1264 720 1534 785 Λεόντιον,
1568 719 1660 773 τὸν
1696 717 1854 771 ὓστε-

280 822 371 878 ρον
414 807 679 875 γεγονότα
722 809 821 880 τῆς
882 811 1213 882 Ἀντιοχείας
1254 811 1569 876 ἐπίσκοπον,
1602 811 1695 864 καὶ
1737 804 1862 863 Ἀν-’

277 897 467 953 τώνιον
499 898 592 955 τὸν
639 901 854 972 Ταρσοῦ
881 902 982 974 τῆς
1029 902 1303 968 Κιλικίας,
1349 904 1443 955 καὶ
1475 901 1851 972 Μηνόφαντον,

279 992 372 1045 καὶ
426 989 754 1063 Νεομήνιον,
809 996 903 1053 καὶ
953 995 1235 1063 Εὑδὸξιον·
1294 996 1356 1053 οὐ
1420 996 1527 1067 μὴν
1576 995 1712 1050 ἀλλά
1761 995 1855 1052 καὶ

290 1080 640 1154 Ἀλέξανδρον
690 1084 785 1137 καὶ
841 1085 1113 1157 ’Δστέριον
1156 1086 1247 1138 τὸν
1299 1084 1711 1156 Καππαδόκηνο
1759 1084 1854 1149 οὓς

275 1175 370 1230 καὶ
408 1174 719 1246 Ἐλληνίσαι
746 1176 880 1247 φησὶ
908 1177 1161 1242 ἐνδόντας
1193 1180 1259 1248 τῇ
1294 1178 1403 1231 τῶν
1426 1177 1701 1249 τυράννων
1726 1176 1815 1249 βία
1836 1194 1849 1207 ·

282 1263 511 1337 ὕστερον
566 1266 621 1320 δὲ
660 1268 1100 1323 ἀνακαλέσασθαι
1147 1269 1243 1345 τὴν
1293 1263 1485 1342 ἧτταν,
1546 1268 1854 1341 συμϐαλλο-

279 1356 441 1428 μένου
473 1358 659 1421 αὑτοϊς
694 1359 830 1429 πρὸς
866 1359 967 1432 τὴν
997 1361 1284 1433 μετάνοιαν
1316 1362 1411 1415 τοῦ
1441 1361 1780 1418 διδασκάλου.

348 1452 427 1500 ιε’.
475 1447 602 1501 Ὅτι
643 1449 752 1502 τῶν
785 1451 1090 1523 εἰρημένων
1125 1451 1406 1505 ’Λντώνιον
1439 1452 1538 1523 μὲν
1573 1453 1666 1506 καὶ
1694 1451 1854 1505 Λεόν-

271 1551 410 1597 τιον,
445 1538 843 1611 ἀπαράτρωτον
880 1540 979 1613 τὴν
1024 1543 1305 1597 εὑσέϐειαν
1338 1543 1447 1615 (5⁵3)
1486 1543 1853 1597 διασώσασθαι

272 1626 421 1701 λέγει
442 1647 457 1662 ο
496 1629 754 1685 Εὑσέϐιον
786 1631 843 1684 δὲ
890 1632 985 1687 καὶ
1012 1634 1193 1706 Μάριν
1217 1633 1307 1686 καὶ
1350 1633 1595 1702 Θέογνιν,
1649 1651 1852 1686 συναπ-

271 1720 512 1792 αχθῆναι
541 1722 639 1805 μὲν
668 1725 734 1793 τῇ
754 1722 891 1800 κατά
912 1723 1146 1779 Νίκαιαν
1176 1724 1394 1796 συνόδῳ,
1426 1725 1773 1796 ἀνενεχθῆναι
1796 1724 1854 1778 δὲ

272 1810 375 1881 τῆς
418 1809 742 1881 μεταϐολῆς.
788 1810 891 1864 τὸν
920 1811 976 1864 δὲ
1020 1813 1200 1880 Μάριν
1232 1810 1440 1865 ἐκεῖθεν
1476 1810 1864 1882 ἀνενεχθέντα,’

1960 630 2074 676 tum
2111 619 2385 690 praecipue
2442 616 2741 672 Eusebium
2796 616 3112 685 episcopum
3164 615 3529 683 Nicomediae,

1958 709 2150 764 Marim
2184 706 2545 765 Chalcedonis
2566 746 2581 768 ,
2622 705 2926 777 Theognim
2960 704 3183 772 Nicaeae;
3238 705 3529 761 Leontium

1956 810 2216 871 pra:terea
2241 799 2335 870 qui
2386 797 2732 868 postmodum
2773 797 3064 868 episcopus
3110 796 3416 853 Antiochiae
3446 796 3533 853 fa-

1958 903 2078 947 ctus
2105 900 2208 957 est,
2235 898 2288 945 et
2315 889 2611 943 Antonium
2645 887 2801 943 Tarsi
2838 886 3076 953 Ciliciae;
3106 886 3531 956 Menophantum

1957 985 2087 1041 item
2118 992 2172 1040 et
2204 981 2535 1037 Numenium
2570 990 2734 1050 atque
2770 979 3115 1044 Eudoxium;
3161 980 3530 1035 Alexandrum

1956 1086 2175 1145 quoque
2223 1080 2278 1127 et
2307 1069 2584 1125 Asterium
2629 1068 3049 1138 Cappadocem:
3090 1084 3229 1140 quos
3260 1070 3426 1123 etiam
3457 1069 3535 1123 ait

1956 1169 2312 1234 tyrannorum
2358 1160 2612 1215 cedentes
2649 1158 2956 1224 violentiae,
2992 1158 3097 1213 diis
3128 1158 3413 1228 gentilium
3438 1172 3532 1212 sa-

1956 1255 2262 1318 criﬁcasse;
2297 1261 2485 1323 postea
2521 1261 2704 1305 tamen
2737 1250 2951 1320 lapsum
2987 1265 3150 1305 suum
3180 1250 3531 1316 emendasse,

1955 1347 2219 1419 magistro
2249 1345 2383 1415 ipsis
2421 1345 2488 1400 ad
2522 1344 2899 1414 pmuitentiam
2938 1342 3265 1413 opitulante.

2024 1438 2112 1493 15.
2152 1436 2229 1491 Ex
2268 1436 2596 1507 supradictis
2631 1444 2812 1491 autem
2837 1474 2854 1499 ,
2883 1434 3182 1505 Antonium
3216 1436 3435 1505 quidem
3468 1450 3533 1492 ac

1954 1532 2241 1587 Leontium
2284 1531 2552 1601 integram
2600 1538 2765 1599 atque
2808 1529 3075 1584 illibatam
3118 1529 3375 1597 pietatem
3418 1544 3535 1584 ser-

1953 1637 2112 1677 vasse
2143 1621 2303 1688 dicit;
2337 1620 2636 1677 Eusebium
2666 1635 2798 1677 vero
2827 1628 2881 1674 et
2910 1618 3215 1689 Theognim
3246 1634 3310 1674 ac
3336 1618 3529 1674 lar-im

1955 1727 1986 1766 a
2022 1713 2237 1768 Nicmna
2268 1711 2492 1783 quidem
2532 1711 2746 1783 synodo
2782 1711 2839 1767 in
2872 1720 3245 1766 transversum
3275 1710 3533 1779 abreptos

1953 1820 2075 1859 esse
2096 1849 2110 1871 ,
2134 1813 2326 1875 postea
2348 1819 2480 1860 vero
2506 1804 2575 1860 ad
2602 1804 2892 1875 pristinam
2919 1802 3250 1859 sententiam
3282 1802 3532 1857 rediisse.

272 1902 357 1965 είς
396 1900 594 1972 ἑτέραν
626 1898 782 1966 αὖθις
833 1902 1222 1972 κατολισθῆσαι
1251 1902 1499 1967 ἀτοπίαν,
1544 1904 1638 1956 καὶ
1665 1900 1729 1973 δὴ
1757 1902 1851 1957 καὶ

1958 1898 2144 1953 Marim
2202 1907 2384 1954 tamen
2435 1898 2528 1968 qui
2581 1897 2650 1952 ad
2695 1910 2886 1951 sanam
2927 1893 3237 1950 doctrinam
3279 1906 3537 1948 reversus

269 1989 364 2044 τὸν
392 1990 620 2059 Θέογνιν
639 2007 654 2021 ο
685 1989 744 2055 ὃς
771 1991 862 2045 τὸν
893 1991 1026 2048 Θεὸν
1056 1992 1151 2045 καὶ
1191 1992 1297 2063 πρὸ
1329 1991 1421 2045 τοῦ
1453 1992 1714 2062 γεννῆσαι
1758 1990 1849 2043 τὸν

273 2079 403 2134 Υίὸν
437 2079 658 2152 Πατέρα
707 2079 899 2146 οἴεται,
934 2080 1030 2136 ἀτε
1058 2080 1122 2152 δὴ
1159 2081 1256 2153 τὴν
1277 2080 1504 2152 δύναμιν
1532 2080 1722 2152 ἔχοντα
1754 2079 1847 2133 τοῦ

270 2173 555 2247 γεννῆσαι.
596 2171 758 2226 Ἀλλά
806 2172 872 2245 δὴ
904 2173 999 2225 καὶ
1042 2174 1131 2226 τὸν
1169 2172 1444 2244 Ἀστέριον
1501 2172 1850 2245 παρατρέψαι

271 2266 332 2320 τὸ
350 2266 632 2338 φρόνημα,
653 2266 1071 2338 ἀπαράλλακτον
1101 2266 1372 2335 εἰκόνα(α)
1392 2266 1489 2336 τῆς
1518 2267 1613 2318 τοῦ
1637 2264 1850 2335 Πατρὸς

270 2356 460 2420 οὐσίας
481 2352 619 2411 εἶναι
646 2356 737 2410 τὸν
767 2356 895 2410 Υίὸν
920 2358 978 2411 ὲν
1020 2358 1134 2420 τοῖς
1162 2354 1323 2410 αὑτοῦ
1349 2356 1527 2425 λόγοις
1557 2356 1651 2410 καὶ
1679 2356 1853 2425 γράμ-

273 2465 409 2523 μασι
437 2447 946 2521 διαμαρτυράμενον
980 2450 1114 2521 (55).

342 2717 439 2777 ις’.
484 2710 607 2763 Ὀτι
648 2709 712 2763 τὸ
738 2710 1058 2781 τριακοστὸν
1086 2708 1338 2781 δεύτερον
1382 2709 1502 2773 ἔτος
1543 2708 1851 2767 ἐπιϐαίνον-

270 2819 358 2867 τος
382 2802 488 2874 τῆς
520 2800 798 2872 βασιλείας
837 2800 1003 2855 αὑτοῦ
1035 2800 1472 2865 Κωνσταντίνου,
1507 2804 1566 2855 ὲν
1604 2802 1850 2872 Νικομηο

268 2892 385 2964 δείᾳ
412 2892 731 2962 φαρμάκοις
758 2891 861 2945 ὑπὸ
900 2890 1011 2945 τῶν
1054 2891 1298 2962 ἀδελφῶν
1330 2892 1581 2946 τεθνάναι
1610 2891 1682 2963 (b)
1715 2892 1852 2962 γρά-

270 3002 391 3054 ψει’
426 2985 598 3054 ἐγγὺς
640 2983 696 3037 δὲ
738 2982 831 3038 τοῦ
860 2984 1047 3048 τέλους
1082 2983 1345 3053 γεγονότα
1393 2984 1485 3037 καὶ
1530 2982 1849 3054 αἰσθόμενον

268 3076 368 3146 τῆς
397 3075 716 3147 ἐπιϐουλῆς,
752 3074 1010 3147 διαθήκας
1035 3092 1094 3129 τε
1125 3076 1354 3146 γράψαι,
1384 3074 1652 3147 τιμωρίαν
1681 3076 1846 3128 ἀπαι-

266 3167 469 3231 τοὺσας
500 3168 627 3231 τοὺς
655 3166 960 3230 ἀνελόντας,
988 3166 1082 3220 καὶ
1111 3166 1313 3236 ταύτην
1336 3163 1730 3237 εἰσπράξασθαι
1753 3165 1844 3219 τὸν

1960 1988 2172 2051 fuerat,
2218 1989 2273 2043 in
2318 1989 2485 2044 alium
2526 1987 2707 2043 denuo
2755 2001 2999 2042 errorem
3041 1985 3356 2055 prolapsum
3390 1998 3535 2039 esse.

1963 2079 2083 2136 Pari
2112 2081 2277 2136 modo
2303 2081 2466 2136 etiam
2498 2079 2799 2151 Theognim
2820 2117 2836 2144 ,
2867 2080 2967 2148 qui
2991 2076 3164 2132 Deum
3192 2076 3356 2133 etiam
3384 2082 3539 2130 ante-

1960 2188 2124 2243 quam
2159 2172 2437 2243 genuisset
2464 2172 2631 2227 ﬁlium
2653 2212 2669 2234 ,
2703 2170 2918 2225 Patrem
2959 2167 3136 2225 fuisse
3160 2166 3535 2232 existimavit,

1963 2273 2149 2334 utpote
2175 2263 2268 2333 qui
2298 2262 2551 2333 gignendi
2602 2262 2713 2316 vim
2748 2261 2996 2316 haberet.
3031 2258 3139 2314 Sed
3170 2267 3225 2314 et
3260 2258 3539 2313 Asterium

1963 2354 2189 2411 Lueiani
2236 2354 2541 2409 doctrinam
2572 2351 2933 2421 interpolasse
2967 2349 3177 2416 scribit,
3217 2349 3415 2418 quippe
3443 2347 3536 2418 qui

1961 2447 2018 2500 in
2044 2444 2263 2515 scriptis
2291 2454 2348 2498 et
2377 2444 2716 2498 orationibus
2747 2442 2865 2498 suis
2892 2440 3143 2503 allirmet,
3180 2438 3378 2493 Filium
3409 2440 3541 2495 sub-

1961 2536 2176 2592 stantiae
2202 2534 2384 2590 Patris
2416 2534 2712 2604 imaginem
2742 2544 2865 2588 esse
2908 2530 3060 2585 nulla
3103 2528 3162 2583 in
3192 2542 3253 2583 re
3286 2527 3541 2583 diﬂcren-

1959 2634 2093 2683 tem.

2032 2717 2121 2774 16.
2160 2717 2500 2773 Constantini
2527 2718 2607 2771 M.
2639 2715 2810 2770 obitus
2839 2724 2888 2770 et
2924 2723 3312 2770 testamentum.
3342 2742 3414 2754 -—
3449 2712 3540 2769 Ait

1959 2805 2418 2875 Constantinum,
2468 2822 2595 2862 cum
2628 2806 2966 2862 tricesimum
3001 2821 3069 2862 ac
3108 2805 3411 2862 secundum
3441 2819 3542 2860 an-

1960 2914 2089 2956 num
2123 2899 2334 2969 imperii
2362 2899 2448 2954 sui
2473 2899 2756 2968 ingressus
2782 2906 2949 2964 esset,
2980 2912 3191 2953 veneno
3217 2912 3248 2951 a
3271 2895 3539 2951 fratribus

1961 2990 2079 3046 suis
2108 2998 2361 3045 necatum
2390 3005 2512 3045 esse
2537 2987 2891 3045 Nicomediae.
2924 2974 3175 3058 Cumque
3205 2987 3384 3043 exitus
3410 2986 3537 3041 vita:

1958 3082 2072 3155 jam
2106 3083 2357 3148 instaret,
2387 3082 2686 3152 compertis
2726 3080 2941 3136 insidiis
2977 3088 3363 3136 testamentum
3404 3077 3541 3134 scri-

1960 3174 2158 3245 psisse,
2176 3188 2286 3244 quo
2314 3172 2630 3238 mandabat,
2658 3181 2717 3228 ut
2736 3172 2786 3227 in
2817 3178 3070 3227 auctores
3095 3170 3262 3226 caedis
3283 3168 3540 3224 animad-
3618 3244 3623 3253 .

266 3258 758 3334 προκαταλαϐόντα
796 3258 906 3314 τῶν
938 3257 1145 3312 παίδων
1179 3256 1455 3322 κελεῦσαι,
1499 3257 1609 3311 δέει
1638 3256 1734 3311 τοῦ
1767 3258 1842 3329 μή

1958 3273 2279 3330 verteretur;
2333 3263 2678 3335 jussisseque
2725 3273 2785 3318 ut
2842 3278 2909 3319 et
2971 3262 3162 3318 liberis
3212 3261 3329 3318 suis
3372 3261 3419 3315 is
3446 3261 3540 3332 qui

265 3370 321 3407 τι
349 3352 640 3413 κάκείνους
663 3350 776 3421 (54)
804 3351 897 3404 ὑπ’
933 3348 1118 3404 αὐτῶν
1140 3351 1325 3420 ὅμοιον
1359 3349 1696 3420 ὑποστῆναι·
1729 3348 1850 3403 δοῦρ

266 3443 352 3498 ναί
378 3461 441 3497 τε
470 3443 572 3507 τὰς
591 3443 851 3514 διαθήκας
894 3441 1139 3513 Εὑσεϐίῳ
1158 3441 1234 3511 τῷ
1272 3441 1654 3512 Νικομηδείας.
1670 3441 1773 3497 Τὸν
1794 3440 1851 3497 δὲ

266 3535 621 3605 ὑφορώμενον
647 3534 772 3596 τοὺς
791 3532 883 3589 τοὺ⁹
907 3533 1167 3604 βασιλέως
1190 3533 1470 3603 ἀδελφοὺς,
1506 3536 1579 3605 μή
1608 3551 1736 3589 ποτε
1757 3535 1853 3605 ζη-

266 3626 497 3697 τήσειαν
521 3625 711 3690 αὑτάς,
728 3627 824 3679 καὶ
846 3626 1147 3697 ἀναμαθείν
1171 3624 1239 3678 τά
1275 3626 1637 3695 γεγραμμένα
1666 3625 1854 3695 βουλη-

271 3717 443 3782 θεῖεν,
490 3718 725 3771 ἐνθεῖναι
767 3721 832 3789 τῇ
885 3718 1030 3789 χειρὶ⁸
1068 3716 1161 3770 τοῦ
1194 3716 1387 3789 νεκροῦ
1416 3717 1476 3769 τὸ
1507 3716 1730 3788 βιϐλίον,
1764 3717 1856 3770 κα)⁸

267 3810 591 3884 παραϐὗσαι
610 3813 722 3875 τοῖς
743 3810 998 3882 ἱματίοις.
1031 3807 1510 3880 Ἐπιζητησάντων
1531 3809 1599 3873 δ’,
1650 3808 1725 3871 ὡς
1752 3808 1855 3862 ὑπ·

268 3901 766 3974 ενόει(55),λαϐεἷν
790 3903 891 3973 μὲν
918 3901 1106 3972 φάναι,
1125 3900 1579 3972 ἀντιωραδοῦναι
1607 3899 1663 3953 δὲ
1690 3898 1853 3953 πάλιν

266 3995 352 4057 εἰς
396 3997 588 4066 χεῖρας
619 3994 973 4066 ὁμολογῆσαι.
1020 3986 1157 4046 Εἶτα
1194 3992 1334 4064 μετά
1371 3991 1544 4046 ταῦτα
1589 3991 1850 4062 ἀνελόμε-

266 4102 393 4151 νον,
456 4085 819 4156 Κωνσταντίῳ
867 4085 944 4158 τῷ
993 4085 1158 4139 αὑτοῦ
1217 4084 1367 4139 παιδὶ
1429 4083 1731 4155 ἐγχειρίσαι
1790 4082 1851 4136 τὸ

266 4175 512 4248 γράμμα
556 4177 930 4248 προφθάσαντι
979 4177 1108 4241 τοὺς
1138 4176 1329 4239 ἀλλους
1351 4192 1365 4205 ·
1408 4175 1500 4228 τὸν
1543 4174 1600 4229 δὲ
1641 4172 1757 4245 μετ’
1786 4175 1846 4228 οὑ

1956 3359 2170 3429 primus
2191 3356 2521 3421 advenisset,
2556 3370 2748 3425 poenas
2769 3355 2838 3410 de
2867 3354 2976 3410 illis
3002 3364 3268 3420 sumeret,
3296 3370 3365 3409 ne
3394 3353 3539 3411 forte

1956 3446 2064 3518 ipsi
2101 3459 2323 3516 quoque
2357 3444 2527 3501 simili
2562 3444 2757 3499 fraude
2784 3445 2854 3499 ab
2890 3444 3001 3499 illis
3032 3444 3542 3515 exstinguerentttr.

1957 3538 2130 3593 Porro
2181 3535 2493 3591 testamenti
2539 3535 2759 3591 tabulas
2808 3550 2839 3590 a
2892 3534 3258 3591 Constantino
3316 3534 3545 3592 traditas

1958 3643 2080 3685 esse
2097 3628 2337 3683 Eusebio
2361 3625 2762 3683 Nicomediensi
2784 3629 3064 3699 episcopo.
3094 3626 3251 3682 Hunc
3279 3642 3407 3683 vero
3431 3639 3545 3683 mo-

1960 3726 2203 3774 tuentem
2233 3733 2302 3773 ne
2331 3717 2687 3788 imperatoris
2726 3718 2929 3775 fratres
2956 3734 3050 3776 eas
3082 3719 3428 3790 requirerent
3447 3756 3466 3786 ,
3490 3725 3546 3776 et

1959 3808 2091 3880 quid
2125 3809 2181 3863 in
2226 3809 2335 3864 illis
2380 3809 2647 3881 scriptum
2679 3817 2827 3867 esset
2871 3824 3202 3880 cognoscere
3245 3817 3546 3880 cuperent,

1958 3900 2174 3956 tabulas
2217 3899 2272 3954 in
2303 3900 2506 3954 mortui
2544 3916 2710 3959 manu
2743 3902 3099 3974 reposuisse,
3128 3902 3265 3956 etin
3299 3900 3547 3960 vestibus

1956 3993 2079 4062 eius
2116 3994 2444 4049 occultasse.
2488 3991 2628 4049 Cum
2677 3994 2843 4065 igitur
2872 3994 2986 4059 ιίὶί,
3035 3995 3182 4050 sicut
3224 3994 3543 4062 suspicatus

1957 4083 2138 4139 fuerat
2172 4083 2442 4141 Eusebius
2463 4123 2479 4150 ,
2510 4087 2826 4141 testamenti
2873 4086 3089 4140 tabulas
3114 4086 3534 4156 requisiissent',

1957 4174 2256 4233 Eusebium
2309 4178 2661 4249 respondisse
2692 4193 2707 4231 :
2742 4191 2803 4235 se
2851 4177 3073 4248 quidem
3104 4185 3200 4235 e'as
3228 4179 3544 4249 accepisse,

1510 4326 1751 4371 VALESR
1789 4326 2292 4379 ANNOTATIONES.
2320 4390 2323 4393 _

346 4454 462 4540 (ξε)
507 4452 959 4540 ξΑπαράτρῳτοες
982 4457 1096 4525 τὴν
1125 4453 1657 4540 ἀσέϐειανηρνοοοι
1682 4455 1850 4540 dubio

1958 4455 2048 4540 ὑπ’
2079 4456 2265 4540 αὐτῶν
2284 4457 2475 4540 ϐμοισν
2515 4457 2835 4540 ὑποστῆναι.
2883 4455 2975 4512 Sic
3010 4454 3177 4540 etiam
3207 4451 3384 4540 Lucas
3419 4448 3547 4540 1ξοῖ-

270 4524 631 4653 !sgciﬁentlum
656 4524 1095 4590 ’est‘si’icéb‘etav,
1129 4535 1189 4582 ut
1216 4527 1412 4597 legitur
1438 4527 1494 4581 in
1525 4541 1625 4583 ms.
1664 4526 1852 4582 codice

427 4613 489 4653 ar
517 4614 556 4650 ι.

427 4605 556 4653 arti.

346 4669 458 4738 (33)
489 4665 1066 4738 Διαμαρτυρομένης.
1124 4665 1261 4732 Quis
1279 4682 1401 4738 pou
1430 4666 1575 4721 videt
1610 4668 1853 4723 scriben-

274 4736 407 4807 dum
442 4736 532 4791 hic
564 4753 687 4792 esse
718 4737 1251 4807 διαμαρτυρόμενονῖ
1267 4736 1427 4793 Certe
1446 4738 1501 4791 in
1533 4751 1637 4791 ms.
1666 4739 1855 4793 codice

275 4806 532 4878 Boigliarti
562 4808 759 4878 legitur
786 4806 1309 4878 διαμαρτυρόμενος.

349 4876 465 4948 (54)
505 4877 809 4948 Κελεῦσαι
835 4875 911 4948 ,δὲ
935 4875 988 4929 ει
1013 4875 1226 4948 mem;
1241 4893 1300 4948 Et.
1322 4876 1665 4948 κάκείνους.
1682 4875 1856 4946 Hujus

275 4945 383 5002 loci
414 4945 730 5002 emendatio
761 4947 987 5001 debetur
1018 4946 1191 5001 codici
1239 4945 1624 5010 Bochartiano,
1656 4947 1711 5001 in
1747 4945 1856 5015 quo

278 5017 355 5087 ita
373 5018 635 5087 scribitur
655 5036 670 5071 :
691 5017 801 5070 Καὶ
832 5016 1035 5085 ταύτην
1055 5016 1453 5087 εἰσπράξασθαι
1466 5018 1559 5070 τὸν
1584 5033 1860 5087 προκατα-

276 5085 513 5149 λαϐόντα.
548 5086 656 5142 τῶν
698 5087 904 5142 παίδων
951 5085 1228 5151 κελεῦσαι,
1259 5088 1366 5143 δέει
1404 5089 1475 5159 μή
1496 5104 1547 5141 τι
1574 5085 1861 5149 κάκείνως

1958 4528 2170 4585 stenius
2200 4528 2267 4581 ad
2305 4527 2448 4583 latus
2479 4528 2562 4583 sui
2598 4527 2802 4583 codicis
2830 4527 3170 4591 emendarat,
3206 4530 3418 4578 retento
3458 4533 3545 4579 ta—

1959 4612 2085 4651 men
2120 4598 2350 4652 articulo
2387 4597 2503 4652 τοῢ.
2548 4596 2748 4652 Verum
2782 4597 2829 4653 si
2876 4597 3141 4653 articulus
3177 4596 3279 4649 iste
3309 4592 3540 4649 retinea-

1960 4676 2079 4738 tur,
2116 4669 2537 4738 expungendum
2568 4667 2673 4723 erit
2703 4668 3021 4738 adverbium
3058 4666 3155 4738 μή,
3177 4672 3266 4738 et_
3285 4663 3444 4738 locus
3473 4660 3548 4717 ita

1961 4731 2221 4861 létgendus
2253 4753 2267 4793 :
2302 4731 2415 4792 δέει
2445 4738 2540 4791 τοῦ
2577 4738 2863 4803 κάκείνους
2904 4756 2956 4791 τι
3001 4731 3093 4790 ὑπ’
3121 4731 3308 4789 ἀὐτῶν
3358 4733 3546 4804 ὅμοιον

2001 4824 2290 4861 ποστηναι.

2001 4824 2290 4863 ποστηναι.

2037 4826 2594 4948 ῗῦσϐῗινῧξ-ὲπενόει.
2649 4876 2862 4932 Dudum
2912 4875 3252 4946 conieceram
3301 4873 3548 4929 scriben-

1965 4947 2101 5018 dum
2126 4962 2268 5012 esse,
2302 4947 2378 5010 ὡς
2410 4949 2648 5002 ὑπενόει.
2703 4949 3095 5018 COIIjecturant
3137 4960 3341 5018 meam-
3366 4954 3547 5018 postea

1938 5006 2311 5071 'conﬁrmavit
2340 5006 2511 5074 codex
2550 5006 2841 5084 Bocharti:
2863 5018 2915 5072 in
2947 5033 3058 5088 quo
3085 5017 3160 5070 ita
3182 5006 3383 5071 diserte
3415 5012 3549 5068 scri-

1971 5095 2127 5158 ptum
2158 5088 2361 5142 inveni.

1743 5243 2093 5290 YARIORUMI

353 5357 429 5428 (α)
496 5355 994 5428 “sagmasz
1042 5356 1268 5428 εἰκόνα.
1320 5353 1448 5411 Haec
1486 5354 1743 5411 Asterius
1790 5370 1856 5409 es

2042 5353 2473 5425 (ωνφαρμάνεοις
2494 5352 2612 5405 ὑπὸ
2643 5352 2763 5405 τῶν
2779 5350 3060 5425 ἀδελφῶν
3078 5347 3371 5425 famul-at.
3400 5343 3555 5399 ldem

281 5416 509 5483 Luciani
546 5416 796 5499 synibolo
836 5425 1061 5499 totidem
1114 5427 1295 5499 verbis
1340 5434 1617 5499 mutuatus
1650 5433 1772 5499 est,
1800 5433 1862 5480 ut
1967 5416 2115 5499 quod
2143 5416 2545 5499 Pliilostorgius
2568 5462 2582 5486 ,
2615 5425 2851 5499 produnt
2884 5416 3541 5499 .Zonaramct‘ﬂedrctms.

282 5511 359 5567 ex
387 5494 682 5567 collatione
707 5496 1007 5567 apparebit,
1040 5496 1305 5567 inquitcl.
1333 5496 1396 5551 G.
1430 5494 1857 5567 Bullus_Defens.

285 5512 352 5552 ex
387 5512 682 5553 couauone
707 5512 1007 5619 agpareim,
1040 5512 1215 5565 inquit
1239 5512 1305 5549 Cl.
1333 5512 1396 5551 υ.
1430 5512 1616 5549 nullus
1640 5512 1857 5563 ueiens.

285 5565 380 5635 ῥά.
411 5566 529 5623 Nic.
564 5575 700 5622 sect.
770 5607 787 5632 ,
819 5581 939 5634 cap.
978 5567 1068 5631 l3,
1117 5583 1171 5618 η.
1206 5566 1270 5632 6;
1313 5580 1474 5634 quem
1516 5566 1582 5619 de
1616 5564 1858 5619 Luciano

285 5636 510 5709 ejusque
532 5637 795 5709 Symbolo
818 5637 930 5709 vi‘d.
958 5635 1099 5709 apud
1126 5636 1251 5709 So_z.
1283 5637 1384 5709 lib.
1404 5650 1486 5709 Ill,
1513 5650 1631 5704 cap.
1660 5636 1712 5700 5,
1739 5646 1851 5689 not.

288 5725 338 5759 ει.
373 5704 644 5762 Bironiits
669 5706 834 5761 etiam
865 5704 1171 5760 Lucianum
1195 5706 1387 5759 haeresi
1426 5706 1657 5759 liberare
1691 5720 1856 5759 cona-

291 5786 396 5848 tur,
425 5779 564 5831 notis
612 5777 666 5830 in
701 5776 1176 5848 Martyrologium,
1207 5786 1262 5831 et
1292 5777 1592 5833 Annalibus
1629 5777 1695 5829 ad
1729 5791 1852 5829 ann.

289 5841 383 5913 δη
423 5856 479 5905 et
509 5848 637 5906 5l8.

1969 5485 2199 5548 Zonaras
2228 5496 2393 5548 verba
2424 5485 2562 5545 sunt
2596 5485 2932 5562 ε’Φάρμακόν
2967 5490 3190 5562 τιμπιείν
3219 5485 3547 5562 δηλητῄριςιν

1961 5566 2181 5631 λέγεται
2219 5566 2368 5633 παρά
2396 5562 2505 5615 τῶν
2549 5552 2882 5631 ἐτεροόοίλῶν
2913 5560 3061 5633 αὑτῷ
3100 5552 3364 5633 κερασθὲν
3390 5552 3545 5606 ἁδελ-

1966 5626 2082 5702 φῶν
2102 5649 2117 5663 ·
2148 5626 2381 5687 toxicum
2414 5650 2445 5685 α
2476 5626 2736 5700 fratribus
2764 5639 2915 5699 patre
2943 5626 3210 5702 duiituagdt
3238 5626 3418 5702 eodem
3445 5638 3543 5702 ttu-

1966 5691 2031 5756 ι’ἱδ
2069 5712 2411 5770 temperatum
2444 5691 2680 5755 li'ausisse
2711 5691 2897 5770 fertur.
2930 5704 2999 5753 At
3022 5699 3157 5753 nihil
3185 5697 3292 5752 talc
3324 5695 3393 5749 ab
3422 5691 3547 5749 aliis

1965 5769 2381 5851 lliSlOl:l('lS,Sl\'C
2404 5772 2635 5828 ethnicis
2662 5772 2773 5829 sive
2794 5769 3145 5841 Christianis,
3177 5773 3551 5825 memoratum

1967 5859 2089 5917 ΓΟΡύ
2098 5860 2196 5898 l'llll
2207 5858 2284 5898 US.
