  <div class='ocr_page' id='page_1' title='image "/cluster/home/n/w/nwhite01/storage/ocr_20150623/65/mdp.39015008972203/247.png"; bbox 0 0 4062 6332; ppageno 0'>
   <div class='ocr_carea' id='block_1_1' title="bbox 556 312 661 373">
    <p class='ocr_par' dir='ltr' id='par_1_1' title="bbox 556 312 661 373">
     <span class='ocr_line' id='line_1_1' title="bbox 556 312 661 373; baseline 0 -1"><span class='ocrx_word' id='word_1_1' title='bbox 556 312 661 373; x_wconf 54' lang='lat'><strong>383</strong></span> 
     </span>
    </p>
   </div>
   <div class='ocr_carea' id='block_1_2' title="bbox 1920 298 2407 362">
    <p class='ocr_par' dir='ltr' id='par_1_2' title="bbox 1920 298 2407 362">
     <span class='ocr_line' id='line_1_2' title="bbox 1920 298 2407 362; baseline 0.002 -3"><span class='ocrx_word' id='word_1_2' title='bbox 1920 298 2407 362; x_wconf 71' lang='lat' dir='ltr'><strong>PillLOSTOltGll</strong></span> 
     </span>
    </p>
   </div>
   <div class='ocr_carea' id='block_1_3' title="bbox 3716 292 3830 354">
    <p class='ocr_par' dir='ltr' id='par_1_3' title="bbox 3716 292 3830 354">
     <span class='ocr_line' id='line_1_3' title="bbox 3716 292 3830 354; baseline 0 0"><span class='ocrx_word' id='word_1_3' title='bbox 3716 292 3830 354; x_wconf 58' lang='grc' dir='ltr'><strong>ἄδι</strong></span> 
     </span>
    </p>
   </div>
   <div class='ocr_carea' id='block_1_4' title="bbox 557 411 2144 499">
    <p class='ocr_par' dir='ltr' id='par_1_4' title="bbox 557 423 2138 499">
     <span class='ocr_line' id='line_1_4' title="bbox 557 423 2138 499; baseline -0.014 -1"><span class='ocrx_word' id='word_1_4' title='bbox 557 437 892 497; x_wconf 62' lang='grc' dir='ltr'>εὰἰῆοεηιιίε</span> <span class='ocrx_word' id='word_1_5' title='bbox 938 430 1181 491; x_wconf 85' lang='lat' dir='ltr'><strong>ecclesiis</strong></span> <span class='ocrx_word' id='word_1_6' title='bbox 1223 427 1620 499; x_wconf 87' lang='lat' dir='ltr'><strong>impenderent.</strong></span> <span class='ocrx_word' id='word_1_7' title='bbox 1671 423 1842 495; x_wconf 82' lang='lat' dir='ltr'><strong>Hujus</strong></span> <span class='ocrx_word' id='word_1_8' title='bbox 1870 438 2034 493; x_wconf 92' lang='lat' dir='ltr'><strong>porro</strong></span> <span class='ocrx_word' id='word_1_9' title='bbox 2061 423 2138 477; x_wconf 89' lang='lat' dir='ltr'><strong>le-</strong></span> 
     </span>
    </p>
   </div>
   <div class='ocr_carea' id='block_1_5' title="bbox 2249 411 3834 499">
    <p class='ocr_par' dir='ltr' id='par_1_5' title="bbox 2249 411 3834 492">
     <span class='ocr_line' id='line_1_5' title="bbox 2249 411 3834 492; baseline -0.006 -17"><span class='ocrx_word' id='word_1_10' title='bbox 2249 422 2340 492; x_wconf 74' lang='grc' dir='ltr'><strong>τῆς</strong></span> <span class='ocrx_word' id='word_1_11' title='bbox 2365 420 2655 491; x_wconf 75' lang='grc' dir='ltr'><strong>οἰκοδομῆς</strong></span> <span class='ocrx_word' id='word_1_12' title='bbox 2682 416 2740 472; x_wconf 68' lang='grc' dir='ltr'>τὸ</span> <span class='ocrx_word' id='word_1_13' title='bbox 2769 416 3049 486; x_wconf 72' lang='grc' dir='ltr'>ἀνάλωμα.</span> <span class='ocrx_word' id='word_1_14' title='bbox 3082 413 3296 484; x_wconf 83' lang='grc' dir='ltr'>Ταύτης</span> <span class='ocrx_word' id='word_1_15' title='bbox 3318 411 3371 466; x_wconf 76' lang='grc' dir='ltr'>δέ</span> <span class='ocrx_word' id='word_1_16' title='bbox 3402 412 3500 482; x_wconf 81' lang='grc' dir='ltr'>τῆς</span> <span class='ocrx_word' id='word_1_17' title='bbox 3532 412 3834 484; x_wconf 83' lang='grc' dir='ltr'>πρεσϐείας</span> 
     </span>
    </p>
   </div>
   <div class='ocr_carea' id='block_1_6' title="bbox 560 515 2136 609">
    <p class='ocr_par' dir='ltr' id='par_1_6' title="bbox 560 515 2136 609">
     <span class='ocr_line' id='line_1_6' title="bbox 560 515 2136 609; baseline -0.014 -19"><span class='ocrx_word' id='word_1_18' title='bbox 560 532 798 609; x_wconf 87' lang='lat' dir='ltr'><strong>gationis</strong></span> <span class='ocrx_word' id='word_1_19' title='bbox 825 531 1079 602; x_wconf 81' lang='lat' dir='ltr'><strong>princeps</strong></span> <span class='ocrx_word' id='word_1_20' title='bbox 1109 533 1222 580; x_wconf 88' lang='lat' dir='ltr'><strong>erat</strong></span> <span class='ocrx_word' id='word_1_21' title='bbox 1277 519 1614 590; x_wconf 82' lang='lat' dir='ltr'><strong>Theophilus</strong></span> <span class='ocrx_word' id='word_1_22' title='bbox 1645 517 1825 572; x_wconf 89' lang='lat' dir='ltr'><strong>lndus.</strong></span> <span class='ocrx_word' id='word_1_23' title='bbox 1859 515 1963 582; x_wconf 83' lang='lat' dir='ltr'><strong>Qui</strong></span> <span class='ocrx_word' id='word_1_24' title='bbox 2009 516 2136 569; x_wconf 90' lang='lat' dir='ltr'><strong>olim</strong></span> 
     </span>
    </p>
   </div>
   <div class='ocr_carea' id='block_1_7' title="bbox 560 609 2136 700">
    <p class='ocr_par' dir='ltr' id='par_1_7' title="bbox 560 609 2136 700">
     <span class='ocr_line' id='line_1_7' title="bbox 560 609 2136 700; baseline -0.015 -16"><span class='ocrx_word' id='word_1_25' title='bbox 560 627 780 700; x_wconf 86' lang='lat' dir='ltr'><strong>quidem</strong></span> <span class='ocrx_word' id='word_1_26' title='bbox 803 618 1162 678; x_wconf 86' lang='lat' dir='ltr'><strong>Constantino</strong></span> <span class='ocrx_word' id='word_1_27' title='bbox 1186 614 1474 684; x_wconf 89' lang='lat' dir='ltr'><strong>imperium</strong></span> <span class='ocrx_word' id='word_1_28' title='bbox 1504 609 1922 667; x_wconf 88' lang='lat' dir='ltr'><strong>administrante</strong></span> <span class='ocrx_word' id='word_1_29' title='bbox 1945 609 2136 663; x_wconf 84' lang='lat' dir='ltr'><strong>admo-</strong></span> 
     </span>
    </p>
   </div>
   <div class='ocr_carea' id='block_1_8' title="bbox 562 700 2141 786">
    <p class='ocr_par' dir='ltr' id='par_1_8' title="bbox 562 700 2141 786">
     <span class='ocr_line' id='line_1_8' title="bbox 562 700 2141 786; baseline -0.012 -12"><span class='ocrx_word' id='word_1_30' title='bbox 562 719 691 775; x_wconf 86' lang='lat' dir='ltr'><strong>dum</strong></span> <span class='ocrx_word' id='word_1_31' title='bbox 720 712 956 786; x_wconf 77' lang='lat' dir='ltr'><strong>juvenis,</strong></span> <span class='ocrx_word' id='word_1_32' title='bbox 994 710 1155 764; x_wconf 77' lang='lat' dir='ltr'><strong>obses</strong></span> <span class='ocrx_word' id='word_1_33' title='bbox 1192 723 1219 761; x_wconf 90' lang='lat' dir='ltr'><strong>a</strong></span> <span class='ocrx_word' id='word_1_34' title='bbox 1258 704 1457 760; x_wconf 68' lang='lat' dir='ltr'><strong>Div-teis</strong></span> <span class='ocrx_word' id='word_1_35' title='bbox 1490 704 1689 759; x_wconf 82' lang='lat' dir='ltr'><strong>missus</strong></span> <span class='ocrx_word' id='word_1_36' title='bbox 1720 702 1895 757; x_wconf 81' lang='lat' dir='ltr'><strong>fuerat</strong></span> <span class='ocrx_word' id='word_1_37' title='bbox 1935 701 2000 756; x_wconf 90' lang='lat' dir='ltr'><strong>ad</strong></span> <span class='ocrx_word' id='word_1_38' title='bbox 2035 700 2141 755; x_wconf 83' lang='lat' dir='ltr'><strong>Ro-</strong></span> 
     </span>
    </p>
   </div>
   <div class='ocr_carea' id='block_1_9' title="bbox 562 793 2140 871">
    <p class='ocr_par' dir='ltr' id='par_1_9' title="bbox 562 793 2140 871">
     <span class='ocr_line' id='line_1_9' title="bbox 562 793 2140 871; baseline -0.011 -6"><span class='ocrx_word' id='word_1_39' title='bbox 562 824 756 865; x_wconf 89' lang='lat' dir='ltr'><strong>manos</strong></span> <span class='ocrx_word' id='word_1_40' title='bbox 787 825 799 860; x_wconf 94' lang='lat'>:</span> <span class='ocrx_word' id='word_1_41' title='bbox 838 806 1032 859; x_wconf 88' lang='lat' dir='ltr'><strong>horum</strong></span> <span class='ocrx_word' id='word_1_42' title='bbox 1074 800 1224 871; x_wconf 81' lang='lat' dir='ltr'><strong>regio</strong></span> <span class='ocrx_word' id='word_1_43' title='bbox 1248 797 1417 852; x_wconf 78' lang='lat' dir='ltr'><strong>Divus</strong></span> <span class='ocrx_word' id='word_1_44' title='bbox 1460 796 1635 851; x_wconf 90' lang='lat' dir='ltr'><strong>insula</strong></span> <span class='ocrx_word' id='word_1_45' title='bbox 1662 802 1767 850; x_wconf 83' lang='lat' dir='ltr'><strong>‘est.</strong></span> <span class='ocrx_word' id='word_1_46' title='bbox 1802 793 1993 849; x_wconf 74' lang='lat' dir='ltr'><strong>lncolaa</strong></span> <span class='ocrx_word' id='word_1_47' title='bbox 2012 807 2140 856; x_wconf 72' lang='lat' dir='ltr'><strong>vero</strong></span> 
     </span>
    </p>
   </div>
   <div class='ocr_carea' id='block_1_10' title="bbox 560 886 2142 973">
    <p class='ocr_par' dir='ltr' id='par_1_10' title="bbox 560 886 2142 973">
     <span class='ocr_line' id='line_1_10' title="bbox 560 886 2142 973; baseline -0.009 -16"><span class='ocrx_word' id='word_1_48' title='bbox 560 902 665 973; x_wconf 87' lang='lat' dir='ltr'><strong>ipsi</strong></span> <span class='ocrx_word' id='word_1_49' title='bbox 697 913 914 969; x_wconf 87' lang='lat' dir='ltr'><strong>quoque</strong></span> <span class='ocrx_word' id='word_1_50' title='bbox 944 892 1059 949; x_wconf 81' lang='lat' dir='ltr'><strong>Indi</strong></span> <span class='ocrx_word' id='word_1_51' title='bbox 1093 892 1565 964; x_wconf 82' lang='lat' dir='ltr'><strong>cognominantur.</strong></span> <span class='ocrx_word' id='word_1_52' title='bbox 1595 888 1765 945; x_wconf 87' lang='lat' dir='ltr'><strong>Porro</strong></span> <span class='ocrx_word' id='word_1_53' title='bbox 1792 890 1936 944; x_wconf 90' lang='lat' dir='ltr'><strong>hunc</strong></span> <span class='ocrx_word' id='word_1_54' title='bbox 1965 886 2142 943; x_wconf 85' lang='lat' dir='ltr'><strong>Theo-</strong></span> 
     </span>
    </p>
   </div>
   <div class='ocr_carea' id='block_1_11' title="bbox 560 982 2141 1065">
    <p class='ocr_par' dir='ltr' id='par_1_11' title="bbox 560 982 2141 1065">
     <span class='ocr_line' id='line_1_11' title="bbox 560 982 2141 1065; baseline -0.008 -18"><span class='ocrx_word' id='word_1_55' title='bbox 560 993 791 1065; x_wconf 87' lang='lat' dir='ltr'><strong>philum,</strong></span> <span class='ocrx_word' id='word_1_56' title='bbox 832 1004 957 1047; x_wconf 91' lang='lat' dir='ltr'><strong>cum</strong></span> <span class='ocrx_word' id='word_1_57' title='bbox 1008 987 1101 1041; x_wconf 88' lang='lat' dir='ltr'><strong>diu</strong></span> <span class='ocrx_word' id='word_1_58' title='bbox 1151 986 1293 1039; x_wconf 90' lang='lat' dir='ltr'><strong>inter</strong></span> <span class='ocrx_word' id='word_1_59' title='bbox 1343 982 1621 1037; x_wconf 81' lang='lat' dir='ltr'><strong>Romanos</strong></span> <span class='ocrx_word' id='word_1_60' title='bbox 1661 982 1905 1044; x_wconf 74' lang='lat' dir='ltr'><strong>vixisset,</strong></span> <span class='ocrx_word' id='word_1_61' title='bbox 1959 995 2141 1035; x_wconf 87' lang='lat' dir='ltr'><strong>mores</strong></span> 
     </span>
    </p>
   </div>
   <div class='ocr_carea' id='block_1_12' title="bbox 559 1071 2143 1146">
    <p class='ocr_par' dir='ltr' id='par_1_12' title="bbox 559 1071 2143 1146">
     <span class='ocr_line' id='line_1_12' title="bbox 559 1071 2143 1146; baseline -0.008 -6"><span class='ocrx_word' id='word_1_62' title='bbox 559 1099 693 1140; x_wconf 83' lang='lat' dir='ltr'><strong>suos</strong></span> <span class='ocrx_word' id='word_1_63' title='bbox 737 1082 806 1137; x_wconf 91' lang='lat' dir='ltr'><strong>ad</strong></span> <span class='ocrx_word' id='word_1_64' title='bbox 839 1093 1110 1136; x_wconf 89' lang='lat' dir='ltr'><strong>summam</strong></span> <span class='ocrx_word' id='word_1_65' title='bbox 1165 1076 1385 1131; x_wconf 91' lang='lat' dir='ltr'><strong>virtutis</strong></span> <span class='ocrx_word' id='word_1_66' title='bbox 1416 1073 1802 1146; x_wconf 76' lang='lat' dir='ltr'><strong>perfectionem</strong></span> <span class='ocrx_word' id='word_1_67' title='bbox 1849 1071 2143 1141; x_wconf 81' lang='lat' dir='ltr'><strong>formasse,</strong></span> 
     </span>
    </p>
   </div>
   <div class='ocr_carea' id='block_1_13' title="bbox 559 1164 2138 1239">
    <p class='ocr_par' dir='ltr' id='par_1_13' title="bbox 559 1164 2138 1239">
     <span class='ocr_line' id='line_1_13' title="bbox 559 1164 2138 1239; baseline -0.009 -9"><span class='ocrx_word' id='word_1_68' title='bbox 559 1184 614 1231; x_wconf 91' lang='lat' dir='ltr'><strong>et</strong></span> <span class='ocrx_word' id='word_1_69' title='bbox 640 1189 818 1229; x_wconf 78' lang='lat' dir='ltr'><strong>veram</strong></span> <span class='ocrx_word' id='word_1_70' title='bbox 846 1172 913 1227; x_wconf 89' lang='lat' dir='ltr'><strong>de</strong></span> <span class='ocrx_word' id='word_1_71' title='bbox 946 1172 1053 1225; x_wconf 87' lang='lat' dir='ltr'><strong>Deo</strong></span> <span class='ocrx_word' id='word_1_72' title='bbox 1086 1170 1397 1239; x_wconf 85' lang='lat' dir='ltr'><strong>opinionem</strong></span> <span class='ocrx_word' id='word_1_73' title='bbox 1423 1166 1735 1237; x_wconf 84' lang='lat' dir='ltr'><strong>amplexum</strong></span> <span class='ocrx_word' id='word_1_74' title='bbox 1765 1180 1887 1220; x_wconf 89' lang='lat' dir='ltr'><strong>esse</strong></span> <span class='ocrx_word' id='word_1_75' title='bbox 1913 1164 2138 1230; x_wconf 83' lang='lat' dir='ltr'><strong>scribit;</strong></span> 
     </span>
    </p>
   </div>
   <div class='ocr_carea' id='block_1_14' title="bbox 559 1256 2139 1329">
    <p class='ocr_par' dir='ltr' id='par_1_14' title="bbox 559 1256 2139 1329">
     <span class='ocr_line' id='line_1_14' title="bbox 559 1256 2139 1329; baseline -0.008 -6"><span class='ocrx_word' id='word_1_76' title='bbox 559 1267 653 1323; x_wconf 90' lang='lat' dir='ltr'><strong>sed</strong></span> <span class='ocrx_word' id='word_1_77' title='bbox 689 1274 742 1321; x_wconf 89' lang='lat' dir='ltr'><strong>et</strong></span> <span class='ocrx_word' id='word_1_78' title='bbox 772 1264 1132 1319; x_wconf 80' lang='lat' dir='ltr'><strong>monasticam</strong></span> <span class='ocrx_word' id='word_1_79' title='bbox 1174 1260 1342 1314; x_wconf 90' lang='lat' dir='ltr'><strong>vitam</strong></span> <span class='ocrx_word' id='word_1_80' title='bbox 1379 1274 1503 1312; x_wconf 85' lang='lat' dir='ltr'><strong>eum</strong></span> <span class='ocrx_word' id='word_1_81' title='bbox 1543 1258 1797 1329; x_wconf 81' lang='lat' dir='ltr'><strong>elegisse,</strong></span> <span class='ocrx_word' id='word_1_82' title='bbox 1827 1267 1880 1311; x_wconf 88' lang='lat' dir='ltr'><strong>et</strong></span> <span class='ocrx_word' id='word_1_83' title='bbox 1913 1256 1979 1311; x_wconf 90' lang='lat' dir='ltr'><strong>ad</strong></span> <span class='ocrx_word' id='word_1_84' title='bbox 2011 1272 2139 1326; x_wconf 86' lang='lat' dir='ltr'><strong>gra-</strong></span> 
     </span>
    </p>
   </div>
   <div class='ocr_carea' id='block_1_15' title="bbox 558 1350 2145 1426">
    <p class='ocr_par' dir='ltr' id='par_1_15' title="bbox 558 1350 2145 1426">
     <span class='ocr_line' id='line_1_15' title="bbox 558 1350 2145 1426; baseline -0.006 -11"><span class='ocrx_word' id='word_1_85' title='bbox 558 1360 689 1415; x_wconf 92' lang='lat' dir='ltr'><strong>dum</strong></span> <span class='ocrx_word' id='word_1_86' title='bbox 737 1356 952 1414; x_wconf 90' lang='lat' dir='ltr'><strong>diaconi</strong></span> <span class='ocrx_word' id='word_1_87' title='bbox 983 1364 1293 1426; x_wconf 89' lang='lat' dir='ltr'><strong>promotum</strong></span> <span class='ocrx_word' id='word_1_88' title='bbox 1328 1367 1452 1408; x_wconf 86' lang='lat' dir='ltr'><strong>esse</strong></span> <span class='ocrx_word' id='word_1_89' title='bbox 1487 1361 1736 1420; x_wconf 86' lang='lat' dir='ltr'><strong>testatur,</strong></span> <span class='ocrx_word' id='word_1_90' title='bbox 1780 1350 2019 1408; x_wconf 84' lang='lat' dir='ltr'><strong>Eusebio</strong></span> <span class='ocrx_word' id='word_1_91' title='bbox 2055 1367 2145 1406; x_wconf 87' lang='lat' dir='ltr'><strong>sa-</strong></span> 
     </span>
    </p>
   </div>
   <div class='ocr_carea' id='block_1_16' title="bbox 559 1443 2138 1515">
    <p class='ocr_par' dir='ltr' id='par_1_16' title="bbox 559 1443 2138 1515">
     <span class='ocr_line' id='line_1_16' title="bbox 559 1443 2138 1515; baseline -0.006 -8"><span class='ocrx_word' id='word_1_92' title='bbox 559 1466 684 1507; x_wconf 90' lang='lat' dir='ltr'><strong>cras</strong></span> <span class='ocrx_word' id='word_1_93' title='bbox 711 1450 762 1504; x_wconf 91' lang='lat' dir='ltr'><strong>ei</strong></span> <span class='ocrx_word' id='word_1_94' title='bbox 812 1462 1010 1503; x_wconf 89' lang='lat' dir='ltr'><strong>manus</strong></span> <span class='ocrx_word' id='word_1_95' title='bbox 1057 1447 1388 1515; x_wconf 88' lang='lat' dir='ltr'><strong>imponente.</strong></span> <span class='ocrx_word' id='word_1_96' title='bbox 1439 1443 1546 1498; x_wconf 89' lang='lat' dir='ltr'><strong>Sed</strong></span> <span class='ocrx_word' id='word_1_97' title='bbox 1574 1443 1690 1499; x_wconf 69' lang='lat' dir='ltr'><strong>haec</strong></span> <span class='ocrx_word' id='word_1_98' title='bbox 1718 1443 1937 1515; x_wconf 88' lang='lat' dir='ltr'><strong>quidem</strong></span> <span class='ocrx_word' id='word_1_99' title='bbox 1967 1443 2138 1514; x_wconf 91' lang='lat' dir='ltr'><strong>prius.</strong></span> 
     </span>
    </p>
   </div>
   <div class='ocr_carea' id='block_1_17' title="bbox 560 1537 2144 1609">
    <p class='ocr_par' dir='ltr' id='par_1_17' title="bbox 560 1537 2144 1609">
     <span class='ocr_line' id='line_1_17' title="bbox 560 1537 2144 1609; baseline -0.003 -12"><span class='ocrx_word' id='word_1_100' title='bbox 560 1543 756 1600; x_wconf 86' lang='lat' dir='ltr'><strong>Postea</strong></span> <span class='ocrx_word' id='word_1_101' title='bbox 784 1556 912 1597; x_wconf 89' lang='lat' dir='ltr'><strong>vero</strong></span> <span class='ocrx_word' id='word_1_102' title='bbox 939 1555 1062 1596; x_wconf 90' lang='lat' dir='ltr'><strong>cum</strong></span> <span class='ocrx_word' id='word_1_103' title='bbox 1090 1538 1412 1609; x_wconf 84' lang='lat' dir='ltr'><strong>legationem</strong></span> <span class='ocrx_word' id='word_1_104' title='bbox 1451 1537 1595 1594; x_wconf 88' lang='lat' dir='ltr'><strong>hanc</strong></span> <span class='ocrx_word' id='word_1_105' title='bbox 1627 1537 1930 1593; x_wconf 88' lang='lat' dir='ltr'><strong>obeundam</strong></span> <span class='ocrx_word' id='word_1_106' title='bbox 1958 1553 2144 1594; x_wconf 88' lang='lat' dir='ltr'><strong>susce-</strong></span> 
     </span>
    </p>
   </div>
   <div class='ocr_carea' id='block_1_18' title="bbox 559 1629 2143 1707">
    <p class='ocr_par' dir='ltr' id='par_1_18' title="bbox 559 1629 2143 1707">
     <span class='ocr_line' id='line_1_18' title="bbox 559 1629 2143 1707; baseline -0.004 -16"><span class='ocrx_word' id='word_1_107' title='bbox 559 1635 750 1707; x_wconf 89' lang='lat' dir='ltr'><strong>pisset,</strong></span> <span class='ocrx_word' id='word_1_108' title='bbox 790 1649 821 1688; x_wconf 93' lang='lat' dir='ltr'><strong>a</strong></span> <span class='ocrx_word' id='word_1_109' title='bbox 870 1648 983 1689; x_wconf 63' lang='lat' dir='ltr'><strong>sum</strong></span> <span class='ocrx_word' id='word_1_110' title='bbox 1027 1629 1434 1688; x_wconf 88' lang='lat' dir='ltr'><strong>communionis</strong></span> <span class='ocrx_word' id='word_1_111' title='bbox 1485 1629 1800 1685; x_wconf 88' lang='lat' dir='ltr'><strong>hominibus</strong></span> <span class='ocrx_word' id='word_1_112' title='bbox 1849 1629 2143 1700; x_wconf 87' lang='lat' dir='ltr'><strong>episcopali</strong></span> 
     </span>
    </p>
   </div>
   <div class='ocr_carea' id='block_1_19' title="bbox 560 1721 2139 1800">
    <p class='ocr_par' dir='ltr' id='par_1_19' title="bbox 560 1721 2139 1800">
     <span class='ocr_line' id='line_1_19' title="bbox 560 1721 2139 1800; baseline -0.004 -17"><span class='ocrx_word' id='word_1_113' title='bbox 560 1730 826 1800; x_wconf 83' lang='lat' dir='ltr'><strong>dignitate</strong></span> <span class='ocrx_word' id='word_1_114' title='bbox 849 1741 974 1781; x_wconf 92' lang='lat' dir='ltr'><strong>eum</strong></span> <span class='ocrx_word' id='word_1_115' title='bbox 998 1734 1252 1781; x_wconf 86' lang='lat' dir='ltr'><strong>ornatum</strong></span> <span class='ocrx_word' id='word_1_116' title='bbox 1285 1739 1430 1781; x_wconf 90' lang='lat' dir='ltr'><strong>esse.</strong></span> <span class='ocrx_word' id='word_1_117' title='bbox 1466 1721 1736 1779; x_wconf 64' lang='lat' dir='ltr'><strong>Caeterum</strong></span> <span class='ocrx_word' id='word_1_118' title='bbox 1762 1721 2139 1787; x_wconf 85' lang='lat' dir='ltr'><strong>Constantius,</strong></span> 
     </span>
    </p>
   </div>
   <div class='ocr_carea' id='block_1_20' title="bbox 2245 502 3834 581">
    <p class='ocr_par' dir='ltr' id='par_1_20' title="bbox 2245 502 3834 581">
     <span class='ocr_line' id='line_1_20' title="bbox 2245 502 3834 581; baseline -0.004 -17"><span class='ocrx_word' id='word_1_119' title='bbox 2245 515 2304 564; x_wconf 87' lang='grc' dir='ltr'>ὲν</span> <span class='ocrx_word' id='word_1_120' title='bbox 2335 513 2444 574; x_wconf 88' lang='grc' dir='ltr'>τοῖς</span> <span class='ocrx_word' id='word_1_121' title='bbox 2476 508 2712 581; x_wconf 80' lang='grc' dir='ltr'><strong>πρώτοις</strong></span> <span class='ocrx_word' id='word_1_122' title='bbox 2741 504 2810 578; x_wconf 76' lang='grc' dir='ltr'>ἦν</span> <span class='ocrx_word' id='word_1_123' title='bbox 2837 506 2931 560; x_wconf 70' lang='grc' dir='ltr'>καὶ</span> <span class='ocrx_word' id='word_1_124' title='bbox 2957 504 3213 574; x_wconf 77' lang='grc' dir='ltr'>Θεόφιλος</span> <span class='ocrx_word' id='word_1_125' title='bbox 3249 506 3277 557; x_wconf 87' lang='grc' dir='ltr'>ὁ</span> <span class='ocrx_word' id='word_1_126' title='bbox 3319 502 3496 566; x_wconf 82' lang='grc' dir='ltr'>Ἰνδός.</span> <span class='ocrx_word' id='word_1_127' title='bbox 3535 504 3631 566; x_wconf 89' lang='grc' dir='ltr'>Ὃς</span> <span class='ocrx_word' id='word_1_128' title='bbox 3660 502 3834 557; x_wconf 70' lang='grc' dir='ltr'>πάλαι</span> 
     </span>
    </p>
   </div>
   <div class='ocr_carea' id='block_1_21' title="bbox 2251 594 3836 675">
    <p class='ocr_par' dir='ltr' id='par_1_21' title="bbox 2251 594 3836 675">
     <span class='ocr_line' id='line_1_21' title="bbox 2251 594 3836 675; baseline -0.006 -18"><span class='ocrx_word' id='word_1_129' title='bbox 2251 605 2348 675; x_wconf 74' lang='grc' dir='ltr'><strong>μὲν</strong></span> <span class='ocrx_word' id='word_1_130' title='bbox 2387 600 2802 655; x_wconf 81' lang='grc' dir='ltr'>Κωνσταντίνου</span> <span class='ocrx_word' id='word_1_131' title='bbox 2846 598 2937 652; x_wconf 77' lang='grc' dir='ltr'>τοῦ</span> <span class='ocrx_word' id='word_1_132' title='bbox 2979 597 3146 651; x_wconf 81' lang='grc' dir='ltr'>πάλαι</span> <span class='ocrx_word' id='word_1_133' title='bbox 3183 595 3578 667; x_wconf 81' lang='grc' dir='ltr'><strong>βασιλεύοντος,</strong></span> <span class='ocrx_word' id='word_1_134' title='bbox 3610 595 3688 649; x_wconf 81' lang='grc' dir='ltr'>ἔτι</span> <span class='ocrx_word' id='word_1_135' title='bbox 3730 594 3836 665; x_wconf 83' lang='grc' dir='ltr'><strong>τὴν</strong></span> 
     </span>
    </p>
   </div>
   <div class='ocr_carea' id='block_1_22' title="bbox 2245 687 3835 768">
    <p class='ocr_par' dir='ltr' id='par_1_22' title="bbox 2245 687 3835 768">
     <span class='ocr_line' id='line_1_22' title="bbox 2245 687 3835 768; baseline -0.006 -19"><span class='ocrx_word' id='word_1_136' title='bbox 2245 695 2463 768; x_wconf 83' lang='grc' dir='ltr'>ἠλικίαν</span> <span class='ocrx_word' id='word_1_137' title='bbox 2492 692 2779 757; x_wconf 78' lang='grc' dir='ltr'>νεώτατος,</span> <span class='ocrx_word' id='word_1_138' title='bbox 2813 691 2936 745; x_wconf 78' lang='grc' dir='ltr'>καθ’</span> <span class='ocrx_word' id='word_1_139' title='bbox 2968 690 3205 762; x_wconf 83' lang='grc' dir='ltr'>ὁμηρίαν</span> <span class='ocrx_word' id='word_1_140' title='bbox 3251 689 3403 761; x_wconf 78' lang='grc' dir='ltr'>παρὰ</span> <span class='ocrx_word' id='word_1_141' title='bbox 3441 687 3550 741; x_wconf 87' lang='grc' dir='ltr'><strong>τῶν</strong></span> <span class='ocrx_word' id='word_1_142' title='bbox 3584 687 3835 759; x_wconf 86' lang='grc' dir='ltr'>Διϐηνῶν</span> 
     </span>
    </p>
   </div>
   <div class='ocr_carea' id='block_1_23' title="bbox 2246 774 3834 856">
    <p class='ocr_par' dir='ltr' id='par_1_23' title="bbox 2246 774 3834 856">
     <span class='ocr_line' id='line_1_23' title="bbox 2246 774 3834 856; baseline -0.004 -17"><span class='ocrx_word' id='word_1_143' title='bbox 2246 784 2600 856; x_wconf 81' lang='grc' dir='ltr'><strong>καλουμένων</strong></span> <span class='ocrx_word' id='word_1_144' title='bbox 2646 782 2757 853; x_wconf 64' lang='lat'><strong>(42)</strong></span> <span class='ocrx_word' id='word_1_145' title='bbox 2792 784 2872 846; x_wconf 87' lang='grc' dir='ltr'><strong>είς</strong></span> <span class='ocrx_word' id='word_1_146' title='bbox 2917 779 3223 851; x_wconf 80' lang='grc' dir='ltr'>Ῥωμαίους</span> <span class='ocrx_word' id='word_1_147' title='bbox 3261 778 3460 850; x_wconf 78' lang='grc' dir='ltr'>ἐστάλη</span> <span class='ocrx_word' id='word_1_148' title='bbox 3486 793 3501 809; x_wconf 76' lang='grc'><strong><em>⁸</em></strong></span> <span class='ocrx_word' id='word_1_149' title='bbox 3554 774 3750 842; x_wconf 80' lang='grc' dir='ltr'>Διϐοὖς</span> <span class='ocrx_word' id='word_1_150' title='bbox 3776 780 3834 847; x_wconf 77' lang='grc' dir='ltr'>γ’</span> 
     </span>
    </p>
   </div>
   <div class='ocr_carea' id='block_1_24' title="bbox 2247 862 3835 945">
    <p class='ocr_par' dir='ltr' id='par_1_24' title="bbox 2247 862 3835 945">
     <span class='ocr_line' id='line_1_24' title="bbox 2247 862 3835 945; baseline -0.006 -13"><span class='ocrx_word' id='word_1_151' title='bbox 2247 878 2394 932; x_wconf 73' lang='grc' dir='ltr'>ἐστὶν</span> <span class='ocrx_word' id='word_1_152' title='bbox 2428 876 2613 939; x_wconf 80' lang='grc' dir='ltr'>αὐτοῖς</span> <span class='ocrx_word' id='word_1_153' title='bbox 2640 877 2673 945; x_wconf 82' lang='grc' dir='ltr'>ἡ</span> <span class='ocrx_word' id='word_1_154' title='bbox 2714 875 2874 945; x_wconf 83' lang='grc' dir='ltr'>νῆσος</span> <span class='ocrx_word' id='word_1_155' title='bbox 2903 871 3075 943; x_wconf 79' lang='grc' dir='ltr'>χώρα.</span> <span class='ocrx_word' id='word_1_156' title='bbox 3109 869 3230 924; x_wconf 90' lang='grc' dir='ltr'><strong>Τῶν</strong></span> <span class='ocrx_word' id='word_1_157' title='bbox 3265 871 3444 924; x_wconf 86' lang='grc' dir='ltr'>Ἰνδῶν</span> <span class='ocrx_word' id='word_1_158' title='bbox 3475 870 3530 923; x_wconf 84' lang='grc' dir='ltr'><strong>δέ</strong></span> <span class='ocrx_word' id='word_1_159' title='bbox 3555 869 3650 923; x_wconf 67' lang='grc' dir='ltr'><strong>καὶ</strong></span> <span class='ocrx_word' id='word_1_160' title='bbox 3676 862 3835 923; x_wconf 71' lang='grc' dir='ltr'>οὗτοι</span> 
     </span>
    </p>
   </div>
   <div class='ocr_carea' id='block_1_25' title="bbox 2248 961 3836 1041">
    <p class='ocr_par' dir='ltr' id='par_1_25' title="bbox 2248 961 3836 1041">
     <span class='ocr_line' id='line_1_25' title="bbox 2248 961 3836 1041; baseline -0.004 -19"><span class='ocrx_word' id='word_1_161' title='bbox 2248 968 2473 1041; x_wconf 82' lang='grc' dir='ltr'>φέρουσι</span> <span class='ocrx_word' id='word_1_162' title='bbox 2503 967 2566 1020; x_wconf 84' lang='grc' dir='ltr'><strong>τὸ</strong></span> <span class='ocrx_word' id='word_1_163' title='bbox 2594 966 2910 1037; x_wconf 82' lang='grc' dir='ltr'>ἐπώνυμον·</span> <span class='ocrx_word' id='word_1_164' title='bbox 2956 963 3047 1018; x_wconf 81' lang='grc' dir='ltr'><strong>τὸν</strong></span> <span class='ocrx_word' id='word_1_165' title='bbox 3080 962 3261 1035; x_wconf 87' lang='grc' dir='ltr'>μέντοι</span> <span class='ocrx_word' id='word_1_166' title='bbox 3288 962 3567 1031; x_wconf 74' lang='grc' dir='ltr'>Θεόφιλον,</span> <span class='ocrx_word' id='word_1_167' title='bbox 3598 963 3696 1015; x_wconf 70' lang='grc' dir='ltr'><strong>οὐκ</strong></span> <span class='ocrx_word' id='word_1_168' title='bbox 3721 961 3836 1015; x_wconf 85' lang='grc' dir='ltr'>ὀλί-</span> 
     </span>
    </p>
   </div>
   <div class='ocr_carea' id='block_1_26' title="bbox 2246 1053 3839 1130">
    <p class='ocr_par' dir='ltr' id='par_1_26' title="bbox 2246 1053 3839 1130">
     <span class='ocr_line' id='line_1_26' title="bbox 2246 1053 3839 1130; baseline -0.005 -16"><span class='ocrx_word' id='word_1_169' title='bbox 2246 1078 2343 1129; x_wconf 91' lang='grc' dir='ltr'><strong>γον</strong></span> <span class='ocrx_word' id='word_1_170' title='bbox 2381 1057 2675 1130; x_wconf 86' lang='grc' dir='ltr'>Ῥωμαίοις</span> <span class='ocrx_word' id='word_1_171' title='bbox 2712 1055 3134 1129; x_wconf 77' lang='grc' dir='ltr'>ἐνδιατρίψαντα</span> <span class='ocrx_word' id='word_1_172' title='bbox 3166 1054 3378 1127; x_wconf 83' lang='grc' dir='ltr'>χρόνον,</span> <span class='ocrx_word' id='word_1_173' title='bbox 3418 1056 3489 1108; x_wconf 81' lang='grc' dir='ltr'>τά</span> <span class='ocrx_word' id='word_1_174' title='bbox 3516 1072 3573 1107; x_wconf 88' lang='grc' dir='ltr'><strong>τε</strong></span> <span class='ocrx_word' id='word_1_175' title='bbox 3603 1053 3710 1125; x_wconf 74' lang='grc' dir='ltr'>ἢθη</span> <span class='ocrx_word' id='word_1_176' title='bbox 3752 1054 3839 1118; x_wconf 83' lang='grc' dir='ltr'><strong>είς</strong></span> 
     </span>
    </p>
   </div>
   <div class='ocr_carea' id='block_1_27' title="bbox 2246 1146 3838 1226">
    <p class='ocr_par' dir='ltr' id='par_1_27' title="bbox 2246 1146 3838 1226">
     <span class='ocr_line' id='line_1_27' title="bbox 2246 1146 3838 1226; baseline -0.004 -19"><span class='ocrx_word' id='word_1_177' title='bbox 2246 1151 2307 1207; x_wconf 80' lang='grc' dir='ltr'><strong>τὸ</strong></span> <span class='ocrx_word' id='word_1_178' title='bbox 2336 1154 2636 1226; x_wconf 84' lang='grc' dir='ltr'>ἀκρότατον</span> <span class='ocrx_word' id='word_1_179' title='bbox 2678 1149 2815 1222; x_wconf 81' lang='grc' dir='ltr'>πρὸς</span> <span class='ocrx_word' id='word_1_180' title='bbox 2848 1149 3051 1221; x_wconf 80' lang='grc' dir='ltr'>ἀρετὴν</span> <span class='ocrx_word' id='word_1_181' title='bbox 3082 1148 3363 1220; x_wconf 81' lang='grc' dir='ltr'>ρυθμίσαι,</span> <span class='ocrx_word' id='word_1_182' title='bbox 3398 1147 3492 1201; x_wconf 69' lang='grc' dir='ltr'><strong>καὶ</strong></span> <span class='ocrx_word' id='word_1_183' title='bbox 3532 1148 3631 1218; x_wconf 82' lang='grc' dir='ltr'><strong>τὴν</strong></span> <span class='ocrx_word' id='word_1_184' title='bbox 3673 1146 3838 1214; x_wconf 80' lang='grc' dir='ltr'>δόξαν</span> 
     </span>
    </p>
   </div>
   <div class='ocr_carea' id='block_1_28' title="bbox 2248 1239 3833 1318">
    <p class='ocr_par' dir='ltr' id='par_1_28' title="bbox 2248 1239 3833 1318">
     <span class='ocr_line' id='line_1_28' title="bbox 2248 1239 3833 1318; baseline -0.004 -19"><span class='ocrx_word' id='word_1_185' title='bbox 2248 1241 2386 1318; x_wconf 79' lang='grc' dir='ltr'>πρὸς</span> <span class='ocrx_word' id='word_1_186' title='bbox 2423 1244 2730 1307; x_wconf 80' lang='grc' dir='ltr'>εὐσέϐειαν,</span> <span class='ocrx_word' id='word_1_187' title='bbox 2759 1241 2853 1297; x_wconf 76' lang='grc' dir='ltr'>καὶ</span> <span class='ocrx_word' id='word_1_188' title='bbox 2886 1242 2979 1297; x_wconf 75' lang='grc' dir='ltr'><strong>τὸν</strong></span> <span class='ocrx_word' id='word_1_189' title='bbox 3033 1240 3317 1313; x_wconf 87' lang='grc' dir='ltr'>μοναύλιον</span> <span class='ocrx_word' id='word_1_190' title='bbox 3369 1239 3653 1295; x_wconf 82' lang='grc' dir='ltr'>ἀνελέσθαι</span> <span class='ocrx_word' id='word_1_191' title='bbox 3687 1239 3833 1310; x_wconf 78' lang='grc' dir='ltr'>βίονο</span> 
     </span>
    </p>
   </div>
   <div class='ocr_carea' id='block_1_29' title="bbox 2247 1331 3839 1410">
    <p class='ocr_par' dir='ltr' id='par_1_29' title="bbox 2247 1331 3839 1410">
     <span class='ocr_line' id='line_1_29' title="bbox 2247 1331 3839 1410; baseline -0.004 -18"><span class='ocrx_word' id='word_1_192' title='bbox 2247 1340 2341 1393; x_wconf 68' lang='grc' dir='ltr'><strong>κα)¹</strong></span> <span class='ocrx_word' id='word_1_193' title='bbox 2356 1339 2421 1410; x_wconf 73' lang='grc' dir='ltr'><strong>δὴ</strong></span> <span class='ocrx_word' id='word_1_194' title='bbox 2440 1338 2535 1392; x_wconf 75' lang='grc' dir='ltr'>καὶ</span> <span class='ocrx_word' id='word_1_195' title='bbox 2553 1337 2632 1400; x_wconf 87' lang='grc' dir='ltr'><strong>είς</strong></span> <span class='ocrx_word' id='word_1_196' title='bbox 2655 1336 2754 1406; x_wconf 87' lang='grc' dir='ltr'>βαθ</span> <span class='ocrx_word' id='word_1_197' title='bbox 2763 1332 2861 1407; x_wconf 72' lang='grc' dir='ltr'>μὸν</span> <span class='ocrx_word' id='word_1_198' title='bbox 2875 1334 3135 1391; x_wconf 87' lang='grc' dir='ltr'>διακόνων</span> <span class='ocrx_word' id='word_1_199' title='bbox 3166 1331 3548 1405; x_wconf 80' lang='grc' dir='ltr'>παραγγεῖλαι,</span> <span class='ocrx_word' id='word_1_200' title='bbox 3571 1331 3839 1385; x_wconf 79' lang='grc' dir='ltr'>Εὑσεϐίου</span> 
     </span>
    </p>
   </div>
   <div class='ocr_carea' id='block_1_30' title="bbox 2247 1423 3839 1502">
    <p class='ocr_par' dir='ltr' id='par_1_30' title="bbox 2247 1423 3839 1502">
     <span class='ocr_line' id='line_1_30' title="bbox 2247 1423 3839 1502; baseline -0.004 -18"><span class='ocrx_word' id='word_1_201' title='bbox 2247 1430 2346 1496; x_wconf 82' lang='grc' dir='ltr'>τὰς</span> <span class='ocrx_word' id='word_1_202' title='bbox 2375 1431 2694 1502; x_wconf 73' lang='grc' dir='ltr'>ίερουργοὺς</span> <span class='ocrx_word' id='word_1_203' title='bbox 2723 1426 2873 1499; x_wconf 81' lang='grc' dir='ltr'>αύτῷ</span> <span class='ocrx_word' id='word_1_204' title='bbox 2905 1430 3096 1499; x_wconf 85' lang='grc' dir='ltr'>χεῖρας</span> <span class='ocrx_word' id='word_1_205' title='bbox 3133 1423 3458 1496; x_wconf 78' lang='grc' dir='ltr'>ἐπιθεμένου</span> <span class='ocrx_word' id='word_1_206' title='bbox 3485 1424 3641 1496; x_wconf 79' lang='grc' dir='ltr'>(ἀλλὰ</span> <span class='ocrx_word' id='word_1_207' title='bbox 3661 1423 3839 1478; x_wconf 81' lang='grc' dir='ltr'>ταῦτα</span> 
     </span>
    </p>
   </div>
   <div class='ocr_carea' id='block_1_31' title="bbox 2251 1515 3838 1594">
    <p class='ocr_par' dir='ltr' id='par_1_31' title="bbox 2251 1515 3838 1594">
     <span class='ocr_line' id='line_1_31' title="bbox 2251 1515 3838 1594; baseline -0.005 -18"><span class='ocrx_word' id='word_1_208' title='bbox 2251 1522 2349 1594; x_wconf 84' lang='grc' dir='ltr'><strong>μὲν</strong></span> <span class='ocrx_word' id='word_1_209' title='bbox 2371 1518 2674 1593; x_wconf 83' lang='grc' dir='ltr'>πρότερον),</span> <span class='ocrx_word' id='word_1_210' title='bbox 2709 1517 2808 1591; x_wconf 81' lang='grc' dir='ltr'>τὴν</span> <span class='ocrx_word' id='word_1_211' title='bbox 2855 1517 2913 1572; x_wconf 83' lang='grc' dir='ltr'><strong>δὲ</strong></span> <span class='ocrx_word' id='word_1_212' title='bbox 2943 1517 3238 1589; x_wconf 89' lang='grc' dir='ltr'>πρεσϐείαν</span> <span class='ocrx_word' id='word_1_213' title='bbox 3278 1515 3577 1570; x_wconf 82' lang='grc' dir='ltr'>ὑπελθόντα</span> <span class='ocrx_word' id='word_1_214' title='bbox 3616 1515 3710 1570; x_wconf 72' lang='grc' dir='ltr'><strong>καὶ</strong></span> <span class='ocrx_word' id='word_1_215' title='bbox 3741 1516 3838 1586; x_wconf 87' lang='grc' dir='ltr'>ἐφ-</span> 
     </span>
    </p>
   </div>
   <div class='ocr_carea' id='block_1_32' title="bbox 2247 1606 3836 1689">
    <p class='ocr_par' dir='ltr' id='par_1_32' title="bbox 2247 1606 3836 1689">
     <span class='ocr_line' id='line_1_32' title="bbox 2247 1606 3836 1689; baseline -0.004 -19"><span class='ocrx_word' id='word_1_216' title='bbox 2247 1619 2374 1689; x_wconf 84' lang='grc' dir='ltr'>όρου</span> <span class='ocrx_word' id='word_1_217' title='bbox 2413 1616 2598 1671; x_wconf 87' lang='grc' dir='ltr'>λαϐεῖν</span> <span class='ocrx_word' id='word_1_218' title='bbox 2644 1612 2795 1686; x_wconf 86' lang='grc' dir='ltr'>παρὰ</span> <span class='ocrx_word' id='word_1_219' title='bbox 2835 1612 2946 1667; x_wconf 85' lang='grc' dir='ltr'><strong>τῶν</strong></span> <span class='ocrx_word' id='word_1_220' title='bbox 2994 1610 3262 1684; x_wconf 72' lang='grc' dir='ltr'>ὁμοδόξων</span> <span class='ocrx_word' id='word_1_221' title='bbox 3319 1610 3536 1683; x_wconf 75' lang='grc' dir='ltr'>ἀξίωμα</span> <span class='ocrx_word' id='word_1_222' title='bbox 3576 1610 3709 1681; x_wconf 73' lang='grc'><strong>(45).</strong></span> <span class='ocrx_word' id='word_1_223' title='bbox 3776 1606 3836 1663; x_wconf 75' lang='grc' dir='ltr'>ὐ</span> 
     </span>
    </p>
   </div>
   <div class='ocr_carea' id='block_1_33' title="bbox 2252 1702 3836 1783">
    <p class='ocr_par' dir='ltr' id='par_1_33' title="bbox 2252 1702 3836 1783">
     <span class='ocr_line' id='line_1_33' title="bbox 2252 1702 3836 1783; baseline -0.003 -20"><span class='ocrx_word' id='word_1_224' title='bbox 2252 1709 2434 1783; x_wconf 84' lang='grc' dir='ltr'>μέντοι</span> <span class='ocrx_word' id='word_1_225' title='bbox 2478 1708 2859 1771; x_wconf 85' lang='grc' dir='ltr'>Κωνστάντιος</span> <span class='ocrx_word' id='word_1_226' title='bbox 2908 1704 3346 1777; x_wconf 83' lang='grc' dir='ltr'>μεγαλοπρεπῶς</span> <span class='ocrx_word' id='word_1_227' title='bbox 3389 1702 3484 1758; x_wconf 73' lang='grc' dir='ltr'>κα).</span> <span class='ocrx_word' id='word_1_228' title='bbox 3515 1706 3594 1767; x_wconf 84' lang='grc' dir='ltr'><strong>είς</strong></span> <span class='ocrx_word' id='word_1_229' title='bbox 3621 1705 3682 1757; x_wconf 87' lang='grc' dir='ltr'><strong>τὸ</strong></span> <span class='ocrx_word' id='word_1_230' title='bbox 3728 1703 3836 1773; x_wconf 84' lang='grc' dir='ltr'>μά·-</span> 
     </span>
    </p>
   </div>
   <div class='ocr_carea' id='block_1_34' title="bbox 567 1792 2144 1890">
    <p class='ocr_par' dir='ltr' id='par_1_34' title="bbox 567 1792 2143 1890">
     <span class='ocr_line' id='line_1_34' title="bbox 567 1792 2143 1890; baseline -0.004 -14"><span class='ocrx_word' id='word_1_231' title='bbox 567 1792 692 1877; x_wconf 42' lang='lat' dir='ltr'><strong>cuvm</strong></span> <span class='ocrx_word' id='word_1_232' title='bbox 717 1819 1043 1890; x_wconf 79' lang='lat' dir='ltr'><strong>legationem</strong></span> <span class='ocrx_word' id='word_1_233' title='bbox 1068 1816 1410 1889; x_wconf 86' lang='lat' dir='ltr'><strong>magnificam</strong></span> <span class='ocrx_word' id='word_1_234' title='bbox 1432 1823 1487 1871; x_wconf 89' lang='lat' dir='ltr'><strong>et</strong></span> <span class='ocrx_word' id='word_1_235' title='bbox 1520 1814 1673 1869; x_wconf 81' lang='lat' dir='ltr'><strong>valde</strong></span> <span class='ocrx_word' id='word_1_236' title='bbox 1700 1812 1996 1884; x_wconf 86' lang='lat' dir='ltr'><strong>gratiosam</strong></span> <span class='ocrx_word' id='word_1_237' title='bbox 2020 1828 2143 1870; x_wconf 89' lang='lat' dir='ltr'><strong>esse</strong></span> 
     </span>
    </p>
   </div>
   <div class='ocr_carea' id='block_1_35' title="bbox 2249 1792 3833 1890">
    <p class='ocr_par' dir='ltr' id='par_1_35' title="bbox 2249 1792 3833 1871">
     <span class='ocr_line' id='line_1_35' title="bbox 2249 1792 3833 1871; baseline -0.004 -17"><span class='ocrx_word' id='word_1_238' title='bbox 2249 1800 2401 1854; x_wconf 83' lang='grc' dir='ltr'>λιστα</span> <span class='ocrx_word' id='word_1_239' title='bbox 2427 1798 2537 1871; x_wconf 74' lang='grc' dir='ltr'><strong>(Η)</strong></span> <span class='ocrx_word' id='word_1_240' title='bbox 2573 1795 2968 1869; x_wconf 81' lang='grc' dir='ltr'>κεχαρισμένον</span> <span class='ocrx_word' id='word_1_241' title='bbox 2992 1794 3091 1867; x_wconf 83' lang='grc' dir='ltr'><strong>τὴν</strong></span> <span class='ocrx_word' id='word_1_242' title='bbox 3113 1792 3410 1866; x_wconf 88' lang='grc' dir='ltr'>πρεσϐείαν</span> <span class='ocrx_word' id='word_1_243' title='bbox 3446 1793 3700 1859; x_wconf 86' lang='grc' dir='ltr'>στέλλων,</span> <span class='ocrx_word' id='word_1_244' title='bbox 3736 1792 3833 1847; x_wconf 75' lang='grc' dir='ltr'>καὶ</span> 
     </span>
    </p>
   </div>
   <div class='ocr_carea' id='block_1_36' title="bbox 562 1903 2140 1981">
    <p class='ocr_par' dir='ltr' id='par_1_36' title="bbox 562 1903 2140 1981">
     <span class='ocr_line' id='line_1_36' title="bbox 562 1903 2140 1981; baseline -0.006 -13"><span class='ocrx_word' id='word_1_245' title='bbox 562 1912 743 1977; x_wconf 85' lang='lat' dir='ltr'><strong>vellet,</strong></span> <span class='ocrx_word' id='word_1_246' title='bbox 773 1913 1038 1968; x_wconf 90' lang='lat' dir='ltr'><strong>ducentos</strong></span> <span class='ocrx_word' id='word_1_247' title='bbox 1073 1924 1246 1981; x_wconf 80' lang='lat' dir='ltr'><strong>equos</strong></span> <span class='ocrx_word' id='word_1_248' title='bbox 1290 1924 1356 1964; x_wconf 80' lang='lat' dir='ltr'><strong>ex</strong></span> <span class='ocrx_word' id='word_1_249' title='bbox 1389 1907 1737 1979; x_wconf 87' lang='lat' dir='ltr'><strong>Cappadocia</strong></span> <span class='ocrx_word' id='word_1_250' title='bbox 1763 1903 2140 1977; x_wconf 67' lang='lat' dir='ltr'><strong>generosissi~</strong></span> 
     </span>
    </p>
   </div>
   <div class='ocr_carea' id='block_1_37' title="bbox 564 1994 2148 2071">
    <p class='ocr_par' dir='ltr' id='par_1_37' title="bbox 564 1994 2148 2071">
     <span class='ocr_line' id='line_1_37' title="bbox 564 1994 2148 2071; baseline -0.003 -14"><span class='ocrx_word' id='word_1_251' title='bbox 564 2017 684 2058; x_wconf 88' lang='lat' dir='ltr'><strong>mos</strong></span> <span class='ocrx_word' id='word_1_252' title='bbox 710 1994 940 2057; x_wconf 60' lang='lat' dir='ltr'><strong>navibu‘s</strong></span> <span class='ocrx_word' id='word_1_253' title='bbox 970 2001 1277 2071; x_wconf 88' lang='lat' dir='ltr'><strong>impositos,</strong></span> <span class='ocrx_word' id='word_1_254' title='bbox 1312 2000 1594 2069; x_wconf 86' lang='lat' dir='ltr'><strong>multaque</strong></span> <span class='ocrx_word' id='word_1_255' title='bbox 1619 1998 1723 2053; x_wconf 89' lang='lat' dir='ltr'><strong>alia</strong></span> <span class='ocrx_word' id='word_1_256' title='bbox 1752 1998 1915 2063; x_wconf 90' lang='lat' dir='ltr'><strong>dona,</strong></span> <span class='ocrx_word' id='word_1_257' title='bbox 1947 1998 2148 2069; x_wconf 87' lang='lat' dir='ltr'><strong>partim</strong></span> 
     </span>
    </p>
   </div>
   <div class='ocr_carea' id='block_1_38' title="bbox 563 2084 2149 2156">
    <p class='ocr_par' dir='ltr' id='par_1_38' title="bbox 563 2084 2149 2156">
     <span class='ocr_line' id='line_1_38' title="bbox 563 2084 2149 2156; baseline -0.006 -8"><span class='ocrx_word' id='word_1_258' title='bbox 563 2092 633 2148; x_wconf 85' lang='lat' dir='ltr'><strong>ad</strong></span> <span class='ocrx_word' id='word_1_259' title='bbox 650 2090 1045 2148; x_wconf 85' lang='lat' dir='ltr'><strong>conciliandam</strong></span> <span class='ocrx_word' id='word_1_260' title='bbox 1072 2088 1511 2152; x_wconf 89' lang='lat' dir='ltr'><strong>admirationem,</strong></span> <span class='ocrx_word' id='word_1_261' title='bbox 1530 2086 1728 2156; x_wconf 85' lang='lat' dir='ltr'><strong>partim</strong></span> <span class='ocrx_word' id='word_1_262' title='bbox 1751 2085 1817 2140; x_wconf 88' lang='lat' dir='ltr'><strong>ad</strong></span> <span class='ocrx_word' id='word_1_263' title='bbox 1835 2084 2149 2139; x_wconf 88' lang='lat' dir='ltr'><strong>alliciendos</strong></span> 
     </span>
    </p>
   </div>
   <div class='ocr_carea' id='block_1_39' title="bbox 563 2173 2149 2250">
    <p class='ocr_par' dir='ltr' id='par_1_39' title="bbox 563 2173 2149 2250">
     <span class='ocr_line' id='line_1_39' title="bbox 563 2173 2149 2250; baseline -0.004 -12"><span class='ocrx_word' id='word_1_264' title='bbox 563 2183 780 2239; x_wconf 88' lang='lat' dir='ltr'><strong>animos</strong></span> <span class='ocrx_word' id='word_1_265' title='bbox 827 2182 995 2237; x_wconf 88' lang='lat' dir='ltr'><strong>misit.</strong></span> <span class='ocrx_word' id='word_1_266' title='bbox 1049 2178 1387 2250; x_wconf 86' lang='lat' dir='ltr'><strong>Theophilus</strong></span> <span class='ocrx_word' id='word_1_267' title='bbox 1440 2178 1606 2249; x_wconf 82' lang='lat' dir='ltr'><strong>igitur</strong></span> <span class='ocrx_word' id='word_1_268' title='bbox 1647 2191 1772 2232; x_wconf 91' lang='lat' dir='ltr'><strong>cum</strong></span> <span class='ocrx_word' id='word_1_269' title='bbox 1815 2174 1882 2230; x_wconf 90' lang='lat' dir='ltr'><strong>ad</strong></span> <span class='ocrx_word' id='word_1_270' title='bbox 1927 2173 2149 2231; x_wconf 71' lang='lat' dir='ltr'><strong>Sabaaos</strong></span> 
     </span>
    </p>
   </div>
   <div class='ocr_carea' id='block_1_40' title="bbox 565 2268 2149 2344">
    <p class='ocr_par' dir='ltr' id='par_1_40' title="bbox 565 2268 2149 2344">
     <span class='ocr_line' id='line_1_40' title="bbox 565 2268 2149 2344; baseline -0.005 -14"><span class='ocrx_word' id='word_1_271' title='bbox 565 2273 822 2338; x_wconf 79' lang='lat' dir='ltr'><strong>venisset,</strong></span> <span class='ocrx_word' id='word_1_272' title='bbox 856 2272 1033 2344; x_wconf 90' lang='lat' dir='ltr'><strong>gentis</strong></span> <span class='ocrx_word' id='word_1_273' title='bbox 1064 2272 1294 2343; x_wconf 83' lang='lat' dir='ltr'><strong>principi</strong></span> <span class='ocrx_word' id='word_1_274' title='bbox 1328 2268 1661 2340; x_wconf 86' lang='lat' dir='ltr'><strong>persuadere</strong></span> <span class='ocrx_word' id='word_1_275' title='bbox 1692 2277 1922 2323; x_wconf 90' lang='lat' dir='ltr'><strong>conatus</strong></span> <span class='ocrx_word' id='word_1_276' title='bbox 1952 2274 2056 2331; x_wconf 88' lang='lat' dir='ltr'><strong>est,</strong></span> <span class='ocrx_word' id='word_1_277' title='bbox 2089 2275 2149 2323; x_wconf 89' lang='lat' dir='ltr'><strong>ut</strong></span> 
     </span>
    </p>
   </div>
   <div class='ocr_carea' id='block_1_41' title="bbox 560 2359 2144 2434">
    <p class='ocr_par' dir='ltr' id='par_1_41' title="bbox 560 2359 2144 2434">
     <span class='ocr_line' id='line_1_41' title="bbox 560 2359 2144 2434; baseline -0.007 -12"><span class='ocrx_word' id='word_1_278' title='bbox 560 2367 838 2423; x_wconf 86' lang='lat' dir='ltr'><strong>Christum</strong></span> <span class='ocrx_word' id='word_1_279' title='bbox 879 2365 1101 2429; x_wconf 88' lang='lat' dir='ltr'><strong>coleret,</strong></span> <span class='ocrx_word' id='word_1_280' title='bbox 1147 2372 1201 2419; x_wconf 88' lang='lat' dir='ltr'><strong>et</strong></span> <span class='ocrx_word' id='word_1_281' title='bbox 1241 2379 1269 2416; x_wconf 91' lang='lat' dir='ltr'><strong>a</strong></span> <span class='ocrx_word' id='word_1_282' title='bbox 1299 2359 1585 2434; x_wconf 85' lang='lat' dir='ltr'><strong>gentilium</strong></span> <span class='ocrx_word' id='word_1_283' title='bbox 1626 2374 1814 2415; x_wconf 89' lang='lat' dir='ltr'><strong>errore</strong></span> <span class='ocrx_word' id='word_1_284' title='bbox 1852 2359 2144 2414; x_wconf 81' lang='lat' dir='ltr'><strong>recederet.</strong></span> 
     </span>
    </p>
   </div>
   <div class='ocr_carea' id='block_1_42' title="bbox 561 2450 2147 2526">
    <p class='ocr_par' dir='ltr' id='par_1_42' title="bbox 561 2450 2147 2526">
     <span class='ocr_line' id='line_1_42' title="bbox 561 2450 2147 2526; baseline -0.006 -12"><span class='ocrx_word' id='word_1_285' title='bbox 561 2457 629 2514; x_wconf 84' lang='lat' dir='ltr'><strong>Et</strong></span> <span class='ocrx_word' id='word_1_286' title='bbox 673 2457 985 2514; x_wconf 69' lang='lat' dir='ltr'><strong>Judaaorum</strong></span> <span class='ocrx_word' id='word_1_287' title='bbox 1053 2456 1274 2526; x_wconf 89' lang='lat' dir='ltr'><strong>quidem</strong></span> <span class='ocrx_word' id='word_1_288' title='bbox 1336 2454 1495 2510; x_wconf 85' lang='lat' dir='ltr'><strong>solita</strong></span> <span class='ocrx_word' id='word_1_289' title='bbox 1543 2452 1692 2508; x_wconf 90' lang='lat' dir='ltr'><strong>fraus</strong></span> <span class='ocrx_word' id='word_1_290' title='bbox 1733 2467 1796 2508; x_wconf 93' lang='lat' dir='ltr'><strong>ac</strong></span> <span class='ocrx_word' id='word_1_291' title='bbox 1839 2451 2046 2506; x_wconf 88' lang='lat' dir='ltr'><strong>malitia</strong></span> <span class='ocrx_word' id='word_1_292' title='bbox 2091 2450 2147 2505; x_wconf 93' lang='lat' dir='ltr'><strong>in</strong></span> 
     </span>
    </p>
   </div>
   <div class='ocr_carea' id='block_1_43' title="bbox 561 2542 2144 2622">
    <p class='ocr_par' dir='ltr' id='par_1_43' title="bbox 561 2542 2144 2622">
     <span class='ocr_line' id='line_1_43' title="bbox 561 2542 2144 2622; baseline -0.006 -17"><span class='ocrx_word' id='word_1_293' title='bbox 561 2548 1053 2622; x_wconf 79' lang='lat' dir='ltr'><strong>profundissimum</strong></span> <span class='ocrx_word' id='word_1_294' title='bbox 1096 2545 1373 2600; x_wconf 87' lang='lat' dir='ltr'><strong>silentium</strong></span> <span class='ocrx_word' id='word_1_295' title='bbox 1429 2558 1549 2599; x_wconf 83' lang='lat' dir='ltr'><strong>sese</strong></span> <span class='ocrx_word' id='word_1_296' title='bbox 1590 2542 1787 2599; x_wconf 90' lang='lat' dir='ltr'><strong>abdere</strong></span> <span class='ocrx_word' id='word_1_297' title='bbox 1825 2550 2010 2597; x_wconf 90' lang='lat' dir='ltr'><strong>coacta</strong></span> <span class='ocrx_word' id='word_1_298' title='bbox 2042 2550 2144 2605; x_wconf 89' lang='lat' dir='ltr'><strong>est,</strong></span> 
     </span>
    </p>
   </div>
   <div class='ocr_carea' id='block_1_44' title="bbox 562 2632 2146 2708">
    <p class='ocr_par' dir='ltr' id='par_1_44' title="bbox 562 2632 2146 2708">
     <span class='ocr_line' id='line_1_44' title="bbox 562 2632 2146 2708; baseline -0.006 -12"><span class='ocrx_word' id='word_1_299' title='bbox 562 2657 685 2697; x_wconf 90' lang='lat' dir='ltr'><strong>cum</strong></span> <span class='ocrx_word' id='word_1_300' title='bbox 721 2636 1059 2708; x_wconf 88' lang='lat' dir='ltr'><strong>Theophilus</strong></span> <span class='ocrx_word' id='word_1_301' title='bbox 1106 2636 1441 2691; x_wconf 88' lang='lat' dir='ltr'><strong>admirandis</strong></span> <span class='ocrx_word' id='word_1_302' title='bbox 1480 2634 1741 2705; x_wconf 81' lang='lat' dir='ltr'><strong>operibus</strong></span> <span class='ocrx_word' id='word_1_303' title='bbox 1784 2634 1945 2690; x_wconf 86' lang='lat' dir='ltr'><strong>editis</strong></span> <span class='ocrx_word' id='word_1_304' title='bbox 1984 2632 2146 2688; x_wconf 85' lang='lat' dir='ltr'><strong>fidem</strong></span> 
     </span>
    </p>
   </div>
   <div class='ocr_carea' id='block_1_45' title="bbox 560 2724 2143 2797">
    <p class='ocr_par' dir='ltr' id='par_1_45' title="bbox 560 2724 2143 2797">
     <span class='ocr_line' id='line_1_45' title="bbox 560 2724 2143 2797; baseline -0.006 -8"><span class='ocrx_word' id='word_1_305' title='bbox 560 2732 764 2789; x_wconf 87' lang='lat' dir='ltr'><strong>Christi</strong></span> <span class='ocrx_word' id='word_1_306' title='bbox 784 2731 1039 2785; x_wconf 90' lang='lat' dir='ltr'><strong>invictam</strong></span> <span class='ocrx_word' id='word_1_307' title='bbox 1059 2744 1180 2784; x_wconf 88' lang='lat' dir='ltr'><strong>esse</strong></span> <span class='ocrx_word' id='word_1_308' title='bbox 1199 2728 1364 2783; x_wconf 85' lang='lat' dir='ltr'><strong>semel</strong></span> <span class='ocrx_word' id='word_1_309' title='bbox 1384 2736 1549 2796; x_wconf 88' lang='lat' dir='ltr'><strong>atque</strong></span> <span class='ocrx_word' id='word_1_310' title='bbox 1574 2728 1771 2797; x_wconf 77' lang='lat' dir='ltr'><strong>iterum</strong></span> <span class='ocrx_word' id='word_1_311' title='bbox 1796 2724 2143 2782; x_wconf 85' lang='lat' dir='ltr'><strong>ostendisset.</strong></span> 
     </span>
    </p>
   </div>
   <div class='ocr_carea' id='block_1_46' title="bbox 561 2818 2148 2895">
    <p class='ocr_par' dir='ltr' id='par_1_46' title="bbox 561 2818 2148 2895">
     <span class='ocr_line' id='line_1_46' title="bbox 561 2818 2148 2895; baseline -0.003 -17"><span class='ocrx_word' id='word_1_312' title='bbox 561 2822 786 2895; x_wconf 87' lang='lat' dir='ltr'><strong>Legatio</strong></span> <span class='ocrx_word' id='word_1_313' title='bbox 819 2836 949 2877; x_wconf 90' lang='lat' dir='ltr'><strong>vero</strong></span> <span class='ocrx_word' id='word_1_314' title='bbox 979 2819 1190 2876; x_wconf 89' lang='lat' dir='ltr'><strong>felicem</strong></span> <span class='ocrx_word' id='word_1_315' title='bbox 1220 2819 1426 2875; x_wconf 86' lang='lat' dir='ltr'><strong>exitum</strong></span> <span class='ocrx_word' id='word_1_316' title='bbox 1470 2819 1664 2874; x_wconf 87' lang='lat' dir='ltr'><strong>sortita</strong></span> <span class='ocrx_word' id='word_1_317' title='bbox 1710 2825 1812 2884; x_wconf 89' lang='lat' dir='ltr'><strong>est,</strong></span> <span class='ocrx_word' id='word_1_318' title='bbox 1844 2834 1969 2874; x_wconf 92' lang='lat' dir='ltr'><strong>cum</strong></span> <span class='ocrx_word' id='word_1_319' title='bbox 1996 2818 2148 2889; x_wconf 89' lang='lat' dir='ltr'><strong>prin-</strong></span> 
     </span>
    </p>
   </div>
   <div class='ocr_carea' id='block_1_47' title="bbox 550 2910 2145 2985">
    <p class='ocr_par' dir='ltr' id='par_1_47' title="bbox 550 2910 2145 2985">
     <span class='ocr_line' id='line_1_47' title="bbox 550 2910 2145 2985; baseline -0.003 -14"><span class='ocrx_word' id='word_1_320' title='bbox 550 2917 690 2985; x_wconf 81' lang='lat' dir='ltr'><strong>ceps</strong></span> <span class='ocrx_word' id='word_1_321' title='bbox 715 2914 890 2985; x_wconf 87' lang='lat' dir='ltr'><strong>gentis</strong></span> <span class='ocrx_word' id='word_1_322' title='bbox 933 2913 1081 2969; x_wconf 90' lang='lat' dir='ltr'><strong>illius</strong></span> <span class='ocrx_word' id='word_1_323' title='bbox 1122 2913 1339 2968; x_wconf 88' lang='lat' dir='ltr'><strong>sincero</strong></span> <span class='ocrx_word' id='word_1_324' title='bbox 1362 2912 1548 2968; x_wconf 88' lang='lat' dir='ltr'><strong>animo</strong></span> <span class='ocrx_word' id='word_1_325' title='bbox 1580 2910 1647 2966; x_wconf 91' lang='lat' dir='ltr'><strong>ad</strong></span> <span class='ocrx_word' id='word_1_326' title='bbox 1675 2926 1863 2967; x_wconf 89' lang='lat' dir='ltr'><strong>veram</strong></span> <span class='ocrx_word' id='word_1_327' title='bbox 1890 2911 2145 2982; x_wconf 89' lang='lat' dir='ltr'><strong>pietatem</strong></span> 
     </span>
    </p>
   </div>
   <div class='ocr_carea' id='block_1_48' title="bbox 560 3001 2141 3076">
    <p class='ocr_par' dir='ltr' id='par_1_48' title="bbox 560 3001 2141 3076">
     <span class='ocr_line' id='line_1_48' title="bbox 560 3001 2141 3076; baseline -0.004 -13"><span class='ocrx_word' id='word_1_328' title='bbox 560 3007 890 3072; x_wconf 87' lang='lat' dir='ltr'><strong>transiisset,</strong></span> <span class='ocrx_word' id='word_1_329' title='bbox 916 3015 972 3062; x_wconf 91' lang='lat' dir='ltr'><strong>et</strong></span> <span class='ocrx_word' id='word_1_330' title='bbox 1001 3015 1113 3063; x_wconf 90' lang='lat' dir='ltr'><strong>tres</strong></span> <span class='ocrx_word' id='word_1_331' title='bbox 1144 3006 1403 3062; x_wconf 82' lang='lat' dir='ltr'><strong>ecclesias</strong></span> <span class='ocrx_word' id='word_1_332' title='bbox 1434 3005 1490 3060; x_wconf 92' lang='lat' dir='ltr'><strong>in</strong></span> <span class='ocrx_word' id='word_1_333' title='bbox 1521 3020 1585 3060; x_wconf 90' lang='lat' dir='ltr'><strong>ea</strong></span> <span class='ocrx_word' id='word_1_334' title='bbox 1618 3003 1843 3076; x_wconf 83' lang='lat' dir='ltr'><strong>regione</strong></span> <span class='ocrx_word' id='word_1_335' title='bbox 1877 3001 2141 3059; x_wconf 40' lang='lat' dir='ltr'><strong>aediﬁcas</strong></span> 
     </span>
    </p>
   </div>
   <div class='ocr_carea' id='block_1_49' title="bbox 559 3094 2146 3167">
    <p class='ocr_par' dir='ltr' id='par_1_49' title="bbox 559 3094 2146 3167">
     <span class='ocr_line' id='line_1_49' title="bbox 559 3094 2146 3167; baseline -0.006 -11"><span class='ocrx_word' id='word_1_336' title='bbox 559 3106 663 3163; x_wconf 86' lang='lat' dir='ltr'><strong>set,</strong></span> <span class='ocrx_word' id='word_1_337' title='bbox 698 3113 809 3152; x_wconf 94' lang='lat' dir='ltr'><strong>non</strong></span> <span class='ocrx_word' id='word_1_338' title='bbox 841 3106 1021 3152; x_wconf 89' lang='lat' dir='ltr'><strong>tamen</strong></span> <span class='ocrx_word' id='word_1_339' title='bbox 1047 3112 1111 3153; x_wconf 81' lang='lat' dir='ltr'><strong>ex</strong></span> <span class='ocrx_word' id='word_1_340' title='bbox 1147 3111 1212 3151; x_wconf 82' lang='lat' dir='ltr'><strong>ea</strong></span> <span class='ocrx_word' id='word_1_341' title='bbox 1257 3096 1491 3167; x_wconf 86' lang='lat' dir='ltr'><strong>pecunia</strong></span> <span class='ocrx_word' id='word_1_342' title='bbox 1532 3110 1697 3166; x_wconf 89' lang='lat' dir='ltr'><strong>quam</strong></span> <span class='ocrx_word' id='word_1_343' title='bbox 1730 3095 1890 3167; x_wconf 88' lang='lat' dir='ltr'><strong>legati</strong></span> <span class='ocrx_word' id='word_1_344' title='bbox 1935 3094 2005 3149; x_wconf 89' lang='lat' dir='ltr'><strong>ab</strong></span> <span class='ocrx_word' id='word_1_345' title='bbox 2046 3094 2146 3148; x_wconf 87' lang='lat' dir='ltr'><strong>im-</strong></span> 
     </span>
    </p>
   </div>
   <div class='ocr_carea' id='block_1_50' title="bbox 555 3184 2143 3262">
    <p class='ocr_par' dir='ltr' id='par_1_50' title="bbox 555 3184 2143 3262">
     <span class='ocr_line' id='line_1_50' title="bbox 555 3184 2143 3262; baseline -0.001 -18"><span class='ocrx_word' id='word_1_346' title='bbox 555 3198 812 3262; x_wconf 86' lang='lat' dir='ltr'><strong>peratore</strong></span> <span class='ocrx_word' id='word_1_347' title='bbox 834 3203 1024 3244; x_wconf 82' lang='lat' dir='ltr'><strong>secum</strong></span> <span class='ocrx_word' id='word_1_348' title='bbox 1065 3187 1377 3253; x_wconf 86' lang='lat' dir='ltr'><strong>attulerant,</strong></span> <span class='ocrx_word' id='word_1_349' title='bbox 1410 3201 1598 3241; x_wconf 89' lang='lat' dir='ltr'><strong>verum</strong></span> <span class='ocrx_word' id='word_1_350' title='bbox 1634 3185 1793 3241; x_wconf 86' lang='lat' dir='ltr'><strong>exiis</strong></span> <span class='ocrx_word' id='word_1_351' title='bbox 1832 3184 2143 3255; x_wconf 88' lang='lat' dir='ltr'><strong>sumptibus</strong></span> 
     </span>
    </p>
   </div>
   <div class='ocr_carea' id='block_1_51' title="bbox 559 3273 2148 3350">
    <p class='ocr_par' dir='ltr' id='par_1_51' title="bbox 559 3273 2148 3350">
     <span class='ocr_line' id='line_1_51' title="bbox 559 3273 2148 3350; baseline -0.004 -15"><span class='ocrx_word' id='word_1_352' title='bbox 559 3293 700 3350; x_wconf 85' lang='lat' dir='ltr'><strong>quos</strong></span> <span class='ocrx_word' id='word_1_353' title='bbox 728 3279 844 3349; x_wconf 91' lang='lat' dir='ltr'><strong>ipse</strong></span> <span class='ocrx_word' id='word_1_354' title='bbox 884 3276 1052 3332; x_wconf 89' lang='lat' dir='ltr'><strong>alacri</strong></span> <span class='ocrx_word' id='word_1_355' title='bbox 1085 3276 1271 3331; x_wconf 89' lang='lat' dir='ltr'><strong>animo</strong></span> <span class='ocrx_word' id='word_1_356' title='bbox 1296 3290 1361 3330; x_wconf 80' lang='lat' dir='ltr'><strong>ex</strong></span> <span class='ocrx_word' id='word_1_357' title='bbox 1392 3275 1603 3345; x_wconf 69' lang='lat' dir='ltr'><strong>privata</strong></span> <span class='ocrx_word' id='word_1_358' title='bbox 1642 3274 1873 3345; x_wconf 90' lang='lat' dir='ltr'><strong>pecunia</strong></span> <span class='ocrx_word' id='word_1_359' title='bbox 1899 3273 2148 3346; x_wconf 90' lang='lat' dir='ltr'><strong>suppedi-</strong></span> 
     </span>
    </p>
   </div>
   <div class='ocr_carea' id='block_1_52' title="bbox 561 3365 2146 3438">
    <p class='ocr_par' dir='ltr' id='par_1_52' title="bbox 561 3365 2146 3438">
     <span class='ocr_line' id='line_1_52' title="bbox 561 3365 2146 3438; baseline -0.004 -12"><span class='ocrx_word' id='word_1_360' title='bbox 561 3371 716 3436; x_wconf 88' lang='lat' dir='ltr'><strong>tavit,</strong></span> <span class='ocrx_word' id='word_1_361' title='bbox 740 3368 1080 3425; x_wconf 84' lang='lat' dir='ltr'><strong>admirandis</strong></span> <span class='ocrx_word' id='word_1_362' title='bbox 1107 3366 1394 3437; x_wconf 87' lang='lat' dir='ltr'><strong>Theophili</strong></span> <span class='ocrx_word' id='word_1_363' title='bbox 1415 3366 1672 3438; x_wconf 89' lang='lat' dir='ltr'><strong>operibus</strong></span> <span class='ocrx_word' id='word_1_364' title='bbox 1692 3365 1956 3436; x_wconf 81' lang='lat' dir='ltr'><strong>aequalem</strong></span> <span class='ocrx_word' id='word_1_365' title='bbox 1977 3365 2146 3420; x_wconf 88' lang='lat' dir='ltr'><strong>animi</strong></span> 
     </span>
    </p>
   </div>
   <div class='ocr_carea' id='block_1_53' title="bbox 560 3455 2146 3533">
    <p class='ocr_par' dir='ltr' id='par_1_53' title="bbox 560 3455 2146 3533">
     <span class='ocr_line' id='line_1_53' title="bbox 560 3455 2146 3533; baseline 0 -18"><span class='ocrx_word' id='word_1_366' title='bbox 560 3462 649 3516; x_wconf 90' lang='lat' dir='ltr'><strong>sui</strong></span> <span class='ocrx_word' id='word_1_367' title='bbox 694 3459 1126 3533; x_wconf 89' lang='lat' dir='ltr'><strong>magnitudinem</strong></span> <span class='ocrx_word' id='word_1_368' title='bbox 1179 3458 1435 3514; x_wconf 79' lang='lat' dir='ltr'><strong>exhibere</strong></span> <span class='ocrx_word' id='word_1_369' title='bbox 1492 3456 1849 3513; x_wconf 89' lang='lat' dir='ltr'><strong>contendens.</strong></span> <span class='ocrx_word' id='word_1_370' title='bbox 1908 3455 1985 3512; x_wconf 85' lang='lat' dir='ltr'><strong>Ex</strong></span> <span class='ocrx_word' id='word_1_371' title='bbox 2038 3457 2146 3515; x_wconf 78' lang='lat' dir='ltr'><strong>illis</strong></span> 
     </span>
    </p>
   </div>
   <div class='ocr_carea' id='block_1_54' title="bbox 561 3549 2145 3620">
    <p class='ocr_par' dir='ltr' id='par_1_54' title="bbox 561 3549 2145 3620">
     <span class='ocr_line' id='line_1_54' title="bbox 561 3549 2145 3620; baseline -0.003 -11"><span class='ocrx_word' id='word_1_372' title='bbox 561 3561 744 3609; x_wconf 79' lang='lat' dir='ltr'><strong>autem</strong></span> <span class='ocrx_word' id='word_1_373' title='bbox 809 3551 1058 3608; x_wconf 88' lang='lat' dir='ltr'><strong>ecclesiis</strong></span> <span class='ocrx_word' id='word_1_374' title='bbox 1095 3564 1262 3605; x_wconf 89' lang='lat' dir='ltr'><strong>unam</strong></span> <span class='ocrx_word' id='word_1_375' title='bbox 1295 3549 1514 3620; x_wconf 88' lang='lat' dir='ltr'><strong>quidem</strong></span> <span class='ocrx_word' id='word_1_376' title='bbox 1560 3549 1615 3604; x_wconf 91' lang='lat' dir='ltr'><strong>in</strong></span> <span class='ocrx_word' id='word_1_377' title='bbox 1648 3549 1937 3620; x_wconf 87' lang='lat' dir='ltr'><strong>metropoli</strong></span> <span class='ocrx_word' id='word_1_378' title='bbox 1978 3549 2145 3605; x_wconf 88' lang='lat' dir='ltr'><strong>totius</strong></span> 
     </span>
    </p>
   </div>
   <div class='ocr_carea' id='block_1_55' title="bbox 2251 1886 3833 1955">
    <p class='ocr_par' dir='ltr' id='par_1_55' title="bbox 2251 1886 3833 1955">
     <span class='ocr_line' id='line_1_55' title="bbox 2251 1886 3833 1955; baseline -0.005 -10"><span class='ocrx_word' id='word_1_379' title='bbox 2251 1892 2450 1955; x_wconf 73' lang='grc' dir='ltr'>ἵππους</span> <span class='ocrx_word' id='word_1_380' title='bbox 2483 1893 2564 1954; x_wconf 88' lang='grc' dir='ltr'><strong>είς</strong></span> <span class='ocrx_word' id='word_1_381' title='bbox 2594 1889 2903 1951; x_wconf 80' lang='grc' dir='ltr'>διακοσίους</span> <span class='ocrx_word' id='word_1_382' title='bbox 2925 1886 3034 1941; x_wconf 89' lang='grc' dir='ltr'><strong>τῶν</strong></span> <span class='ocrx_word' id='word_1_383' title='bbox 3079 1890 3145 1942; x_wconf 86' lang='grc' dir='ltr'><strong>ἐκ</strong></span> <span class='ocrx_word' id='word_1_384' title='bbox 3181 1886 3575 1949; x_wconf 84' lang='grc' dir='ltr'>Καππαδοκίας</span> <span class='ocrx_word' id='word_1_385' title='bbox 3610 1886 3833 1954; x_wconf 84' lang='grc' dir='ltr'>εὐγενε-</span> 
     </span>
    </p>
   </div>
   <div class='ocr_carea' id='block_1_56' title="bbox 2252 1976 3833 2051">
    <p class='ocr_par' dir='ltr' id='par_1_56' title="bbox 2252 1976 3833 2051">
     <span class='ocr_line' id='line_1_56' title="bbox 2252 1976 3833 2051; baseline -0.005 -13"><span class='ocrx_word' id='word_1_386' title='bbox 2252 1984 2462 2038; x_wconf 81' lang='grc' dir='ltr'>στάτων</span> <span class='ocrx_word' id='word_1_387' title='bbox 2483 1983 2823 2051; x_wconf 77' lang='grc' dir='ltr'>ἱππαγωγοῖς</span> <span class='ocrx_word' id='word_1_388' title='bbox 2842 1980 3048 2043; x_wconf 85' lang='grc' dir='ltr'>πλοίοις</span> <span class='ocrx_word' id='word_1_389' title='bbox 3069 1977 3483 2050; x_wconf 81' lang='grc' dir='ltr'>κομιζομένους,</span> <span class='ocrx_word' id='word_1_390' title='bbox 3508 1977 3602 2030; x_wconf 79' lang='grc' dir='ltr'>καὶ</span> <span class='ocrx_word' id='word_1_391' title='bbox 3630 1976 3833 2041; x_wconf 81' lang='grc' dir='ltr'>πολλὰς</span> 
     </span>
    </p>
   </div>
   <div class='ocr_carea' id='block_1_57' title="bbox 2250 2068 3834 2143">
    <p class='ocr_par' dir='ltr' id='par_1_57' title="bbox 2250 2068 3834 2143">
     <span class='ocr_line' id='line_1_57' title="bbox 2250 2068 3834 2143; baseline -0.005 -14"><span class='ocrx_word' id='word_1_392' title='bbox 2250 2075 2416 2137; x_wconf 75' lang='grc' dir='ltr'>ἄλλας</span> <span class='ocrx_word' id='word_1_393' title='bbox 2459 2072 2670 2143; x_wconf 84' lang='grc' dir='ltr'>δωρεὰς</span> <span class='ocrx_word' id='word_1_394' title='bbox 2718 2074 2798 2137; x_wconf 84' lang='grc' dir='ltr'><strong>είς</strong></span> <span class='ocrx_word' id='word_1_395' title='bbox 2833 2072 2897 2126; x_wconf 82' lang='grc' dir='ltr'>τὸ</span> <span class='ocrx_word' id='word_1_396' title='bbox 2934 2071 3392 2126; x_wconf 85' lang='grc' dir='ltr'>πολυτελέστατον</span> <span class='ocrx_word' id='word_1_397' title='bbox 3429 2068 3614 2141; x_wconf 81' lang='grc' dir='ltr'>θαῦμα</span> <span class='ocrx_word' id='word_1_398' title='bbox 3657 2086 3834 2137; x_wconf 87' lang='grc' dir='ltr'>παρα-</span> 
     </span>
    </p>
   </div>
   <div class='ocr_carea' id='block_1_58' title="bbox 2252 2160 3835 2237">
    <p class='ocr_par' dir='ltr' id='par_1_58' title="bbox 2252 2160 3835 2237">
     <span class='ocr_line' id='line_1_58' title="bbox 2252 2160 3835 2237; baseline -0.003 -17"><span class='ocrx_word' id='word_1_399' title='bbox 2252 2168 2420 2237; x_wconf 86' lang='grc' dir='ltr'>σχεῖν,</span> <span class='ocrx_word' id='word_1_400' title='bbox 2450 2166 2545 2218; x_wconf 78' lang='grc' dir='ltr'><strong>καὶ</strong></span> <span class='ocrx_word' id='word_1_401' title='bbox 2574 2164 2928 2237; x_wconf 86' lang='grc' dir='ltr'>θελκτηρίους</span> <span class='ocrx_word' id='word_1_402' title='bbox 2973 2161 3369 2233; x_wconf 76' lang='grc' dir='ltr'>συνεξέπεμψε.</span> <span class='ocrx_word' id='word_1_403' title='bbox 3401 2160 3741 2219; x_wconf 81' lang='grc' dir='ltr'>Καταλαϐὼν</span> <span class='ocrx_word' id='word_1_404' title='bbox 3775 2160 3835 2215; x_wconf 81' lang='grc' dir='ltr'><strong>δέ</strong></span> 
     </span>
    </p>
   </div>
   <div class='ocr_carea' id='block_1_59' title="bbox 2249 2252 3835 2327">
    <p class='ocr_par' dir='ltr' id='par_1_59' title="bbox 2249 2252 3835 2327">
     <span class='ocr_line' id='line_1_59' title="bbox 2249 2252 3835 2327; baseline -0.004 -15"><span class='ocrx_word' id='word_1_405' title='bbox 2249 2260 2375 2321; x_wconf 79' lang='grc' dir='ltr'>τοὺς</span> <span class='ocrx_word' id='word_1_406' title='bbox 2424 2255 2693 2320; x_wconf 80' lang='grc' dir='ltr'>Σαϐαίους</span> <span class='ocrx_word' id='word_1_407' title='bbox 2740 2254 2768 2310; x_wconf 86' lang='grc'><em>6</em></span> <span class='ocrx_word' id='word_1_408' title='bbox 2813 2254 3109 2327; x_wconf 82' lang='grc' dir='ltr'>Θεόφιλος,</span> <span class='ocrx_word' id='word_1_409' title='bbox 3167 2253 3374 2307; x_wconf 84' lang='grc' dir='ltr'>πείθειν</span> <span class='ocrx_word' id='word_1_410' title='bbox 3411 2253 3686 2325; x_wconf 73' lang='grc' dir='ltr'>ἐπεχείρει</span> <span class='ocrx_word' id='word_1_411' title='bbox 3741 2252 3835 2305; x_wconf 76' lang='grc' dir='ltr'>τὸν</span> 
     </span>
    </p>
   </div>
   <div class='ocr_carea' id='block_1_60' title="bbox 2250 2345 3836 2420">
    <p class='ocr_par' dir='ltr' id='par_1_60' title="bbox 2250 2345 3836 2420">
     <span class='ocr_line' id='line_1_60' title="bbox 2250 2345 3836 2420; baseline -0.003 -19"><span class='ocrx_word' id='word_1_412' title='bbox 2250 2349 2545 2420; x_wconf 85' lang='grc' dir='ltr'>ἐθνάρχην,</span> <span class='ocrx_word' id='word_1_413' title='bbox 2586 2348 2822 2418; x_wconf 87' lang='grc' dir='ltr'>Χριστόν</span> <span class='ocrx_word' id='word_1_414' title='bbox 2851 2364 2910 2400; x_wconf 88' lang='grc' dir='ltr'><strong>τε</strong></span> <span class='ocrx_word' id='word_1_415' title='bbox 2956 2345 3136 2401; x_wconf 88' lang='grc' dir='ltr'>σέϐειν</span> <span class='ocrx_word' id='word_1_416' title='bbox 3172 2346 3392 2409; x_wconf 76' lang='grc' dir='ltr'>εἰδέναι,</span> <span class='ocrx_word' id='word_1_417' title='bbox 3437 2346 3532 2399; x_wconf 75' lang='grc' dir='ltr'>καὶ</span> <span class='ocrx_word' id='word_1_418' title='bbox 3568 2346 3667 2416; x_wconf 81' lang='grc' dir='ltr'>τῆς</span> <span class='ocrx_word' id='word_1_419' title='bbox 3719 2345 3836 2399; x_wconf 83' lang='grc' dir='ltr'><strong>Ἐλ-</strong></span> 
     </span>
    </p>
   </div>
   <div class='ocr_carea' id='block_1_61' title="bbox 2248 2441 3835 2517">
    <p class='ocr_par' dir='ltr' id='par_1_61' title="bbox 2248 2441 3835 2517">
     <span class='ocr_line' id='line_1_61' title="bbox 2248 2441 3835 2517; baseline -0.004 -18"><span class='ocrx_word' id='word_1_420' title='bbox 2248 2446 2476 2517; x_wconf 84' lang='grc' dir='ltr'>ληνικῆς</span> <span class='ocrx_word' id='word_1_421' title='bbox 2508 2445 2717 2517; x_wconf 86' lang='grc' dir='ltr'>πλάνης</span> <span class='ocrx_word' id='word_1_422' title='bbox 2746 2442 3070 2514; x_wconf 83' lang='grc' dir='ltr'>ἀποστῆναι.</span> <span class='ocrx_word' id='word_1_423' title='bbox 3126 2443 3192 2495; x_wconf 83' lang='grc' dir='ltr'><strong>Ἠ</strong></span> <span class='ocrx_word' id='word_1_424' title='bbox 3224 2441 3282 2495; x_wconf 83' lang='grc' dir='ltr'><strong>δέ</strong></span> <span class='ocrx_word' id='word_1_425' title='bbox 3316 2441 3425 2497; x_wconf 88' lang='grc' dir='ltr'><strong>τῶν</strong></span> <span class='ocrx_word' id='word_1_426' title='bbox 3466 2441 3730 2496; x_wconf 80' lang='grc' dir='ltr'>Ἰουδαίων</span> <span class='ocrx_word' id='word_1_427' title='bbox 3758 2442 3835 2494; x_wconf 83' lang='grc' dir='ltr'><strong>οἰ-</strong></span> 
     </span>
    </p>
   </div>
   <div class='ocr_carea' id='block_1_62' title="bbox 2250 2530 3835 2607">
    <p class='ocr_par' dir='ltr' id='par_1_62' title="bbox 2250 2530 3835 2607">
     <span class='ocr_line' id='line_1_62' title="bbox 2250 2530 3835 2607; baseline -0.004 -15"><span class='ocrx_word' id='word_1_428' title='bbox 2250 2539 2376 2593; x_wconf 89' lang='grc' dir='ltr'>κεία</span> <span class='ocrx_word' id='word_1_429' title='bbox 2421 2537 2655 2603; x_wconf 87' lang='grc' dir='ltr'>ἐπίνοια,</span> <span class='ocrx_word' id='word_1_430' title='bbox 2707 2537 2801 2591; x_wconf 84' lang='grc' dir='ltr'>τοῦ</span> <span class='ocrx_word' id='word_1_431' title='bbox 2840 2535 3100 2606; x_wconf 80' lang='grc' dir='ltr'>Θεοφίλου</span> <span class='ocrx_word' id='word_1_432' title='bbox 3142 2534 3467 2607; x_wconf 83' lang='grc' dir='ltr'>παραδόξοις</span> <span class='ocrx_word' id='word_1_433' title='bbox 3511 2534 3694 2607; x_wconf 79' lang='grc' dir='ltr'>ἔργοις</span> <span class='ocrx_word' id='word_1_434' title='bbox 3738 2530 3835 2587; x_wconf 75' lang='grc' dir='ltr'>καὶ</span> 
     </span>
    </p>
   </div>
   <div class='ocr_carea' id='block_1_63' title="bbox 2251 2624 3835 2701">
    <p class='ocr_par' dir='ltr' id='par_1_63' title="bbox 2251 2624 3835 2701">
     <span class='ocr_line' id='line_1_63' title="bbox 2251 2624 3835 2701; baseline -0.004 -16"><span class='ocrx_word' id='word_1_435' title='bbox 2251 2629 2399 2695; x_wconf 76' lang='grc' dir='ltr'>ἅπαξ</span> <span class='ocrx_word' id='word_1_436' title='bbox 2425 2628 2517 2683; x_wconf 76' lang='grc' dir='ltr'><strong>καὶ</strong></span> <span class='ocrx_word' id='word_1_437' title='bbox 2540 2629 2621 2693; x_wconf 63' lang='grc' dir='ltr'>δὶς</span> <span class='ocrx_word' id='word_1_438' title='bbox 2640 2629 2736 2701; x_wconf 83' lang='grc' dir='ltr'><strong>τὴν</strong></span> <span class='ocrx_word' id='word_1_439' title='bbox 2760 2629 2838 2693; x_wconf 85' lang='grc' dir='ltr'>εἰς</span> <span class='ocrx_word' id='word_1_440' title='bbox 2859 2627 3094 2700; x_wconf 83' lang='grc' dir='ltr'>Χριστὸν</span> <span class='ocrx_word' id='word_1_441' title='bbox 3118 2626 3308 2682; x_wconf 88' lang='grc' dir='ltr'>πίστιν</span> <span class='ocrx_word' id='word_1_442' title='bbox 3330 2626 3541 2698; x_wconf 80' lang='grc' dir='ltr'>ἄμαχον</span> <span class='ocrx_word' id='word_1_443' title='bbox 3572 2624 3835 2690; x_wconf 79' lang='grc' dir='ltr'>ἐπιδειξα-</span> 
     </span>
    </p>
   </div>
   <div class='ocr_carea' id='block_1_64' title="bbox 2251 2704 3835 2794">
    <p class='ocr_par' dir='ltr' id='par_1_64' title="bbox 2251 2704 3835 2794">
     <span class='ocr_line' id='line_1_64' title="bbox 2251 2704 3835 2794; baseline -0.003 -19"><span class='ocrx_word' id='word_1_444' title='bbox 2251 2721 2436 2794; x_wconf 83' lang='grc' dir='ltr'>μένου,</span> <span class='ocrx_word' id='word_1_445' title='bbox 2464 2722 2545 2784; x_wconf 86' lang='grc' dir='ltr'><strong>είς</strong></span> <span class='ocrx_word' id='word_1_446' title='bbox 2585 2720 2743 2791; x_wconf 80' lang='grc' dir='ltr'>σιγὴν</span> <span class='ocrx_word' id='word_1_447' title='bbox 2783 2718 2881 2790; x_wconf 86' lang='grc' dir='ltr'>μὲν</span> <span class='ocrx_word' id='word_1_448' title='bbox 2916 2704 3166 2789; x_wconf 64' lang='grc' dir='ltr'>βαθεῖαν,</span> <span class='ocrx_word' id='word_1_449' title='bbox 3188 2719 3284 2772; x_wconf 79' lang='grc' dir='ltr'>καὶ</span> <span class='ocrx_word' id='word_1_450' title='bbox 3313 2718 3444 2775; x_wconf 78' lang='grc' dir='ltr'>ᾰκον</span> <span class='ocrx_word' id='word_1_451' title='bbox 3463 2718 3522 2771; x_wconf 83' lang='grc' dir='ltr'><strong>τὸ</strong></span> <span class='ocrx_word' id='word_1_452' title='bbox 3548 2716 3835 2772; x_wconf 80' lang='grc' dir='ltr'>ἀντιπνέον</span> 
     </span>
    </p>
   </div>
   <div class='ocr_carea' id='block_1_65' title="bbox 2250 2809 3829 2886">
    <p class='ocr_par' dir='ltr' id='par_1_65' title="bbox 2250 2809 3829 2886">
     <span class='ocr_line' id='line_1_65' title="bbox 2250 2809 3829 2886; baseline -0.002 -19"><span class='ocrx_word' id='word_1_453' title='bbox 2250 2813 2360 2886; x_wconf 73' lang='grc'><strong>(45)</strong></span> <span class='ocrx_word' id='word_1_454' title='bbox 2390 2812 2610 2867; x_wconf 87' lang='grc' dir='ltr'>κατέδυ.</span> <span class='ocrx_word' id='word_1_455' title='bbox 2641 2811 2724 2865; x_wconf 84' lang='grc' dir='ltr'><strong>Τὰ</strong></span> <span class='ocrx_word' id='word_1_456' title='bbox 2755 2811 2812 2865; x_wconf 83' lang='grc' dir='ltr'><strong>δὲ</strong></span> <span class='ocrx_word' id='word_1_457' title='bbox 2849 2811 2949 2884; x_wconf 79' lang='grc' dir='ltr'>τῆς</span> <span class='ocrx_word' id='word_1_458' title='bbox 2986 2812 3282 2884; x_wconf 86' lang='grc' dir='ltr'>πρεσϐείας</span> <span class='ocrx_word' id='word_1_459' title='bbox 3310 2810 3371 2865; x_wconf 86' lang='grc' dir='ltr'>τδ</span> <span class='ocrx_word' id='word_1_460' title='bbox 3402 2810 3571 2883; x_wconf 90' lang='grc' dir='ltr'>πέρας</span> <span class='ocrx_word' id='word_1_461' title='bbox 3592 2809 3829 2880; x_wconf 78' lang='grc' dir='ltr'>ἐδέχετο,</span> 
     </span>
    </p>
   </div>
   <div class='ocr_carea' id='block_1_66' title="bbox 2248 2900 3828 2977">
    <p class='ocr_par' dir='ltr' id='par_1_66' title="bbox 2248 2900 3828 2977">
     <span class='ocr_line' id='line_1_66' title="bbox 2248 2900 3828 2977; baseline -0.005 -17"><span class='ocrx_word' id='word_1_462' title='bbox 2248 2904 2583 2977; x_wconf 87' lang='grc' dir='ltr'>καθαρότητι</span> <span class='ocrx_word' id='word_1_463' title='bbox 2610 2902 2837 2977; x_wconf 86' lang='grc' dir='ltr'>γνώμης</span> <span class='ocrx_word' id='word_1_464' title='bbox 2855 2903 2948 2957; x_wconf 82' lang='grc' dir='ltr'>τοῦ</span> <span class='ocrx_word' id='word_1_465' title='bbox 2967 2903 3065 2976; x_wconf 78' lang='grc' dir='ltr'>τὴν</span> <span class='ocrx_word' id='word_1_466' title='bbox 3089 2904 3265 2976; x_wconf 75' lang='grc' dir='ltr'>ἀρχὴν</span> <span class='ocrx_word' id='word_1_467' title='bbox 3291 2902 3501 2974; x_wconf 82' lang='grc' dir='ltr'>ἔχοντος</span> <span class='ocrx_word' id='word_1_468' title='bbox 3523 2900 3617 2955; x_wconf 83' lang='grc' dir='ltr'>τοῦ</span> <span class='ocrx_word' id='word_1_469' title='bbox 3641 2900 3828 2965; x_wconf 83' lang='grc' dir='ltr'>ἔθνους</span> 
     </span>
    </p>
   </div>
   <div class='ocr_carea' id='block_1_67' title="bbox 2250 2979 3828 3071">
    <p class='ocr_par' dir='ltr' id='par_1_67' title="bbox 2250 2979 3828 3071">
     <span class='ocr_line' id='line_1_67' title="bbox 2250 2979 3828 3071; baseline -0.005 -19"><span class='ocrx_word' id='word_1_470' title='bbox 2250 2998 2389 3071; x_wconf 79' lang='grc' dir='ltr'>πρὸς</span> <span class='ocrx_word' id='word_1_471' title='bbox 2415 2995 2514 3068; x_wconf 84' lang='grc' dir='ltr'>τὴν</span> <span class='ocrx_word' id='word_1_472' title='bbox 2542 2979 2827 3050; x_wconf 74' lang='grc' dir='ltr'>εὐσέϐειαν</span> <span class='ocrx_word' id='word_1_473' title='bbox 2849 2996 3262 3061; x_wconf 85' lang='grc' dir='ltr'>ἀποκλίναντος,</span> <span class='ocrx_word' id='word_1_474' title='bbox 3295 2994 3388 3049; x_wconf 76' lang='grc' dir='ltr'>καὶ</span> <span class='ocrx_word' id='word_1_475' title='bbox 3418 2996 3569 3066; x_wconf 85' lang='grc' dir='ltr'>τρεῖς</span> <span class='ocrx_word' id='word_1_476' title='bbox 3591 2993 3655 3045; x_wconf 85' lang='grc' dir='ltr'><strong>οὐ</strong></span> <span class='ocrx_word' id='word_1_477' title='bbox 3698 2991 3828 3063; x_wconf 85' lang='grc' dir='ltr'>μίαν</span> 
     </span>
    </p>
   </div>
   <div class='ocr_carea' id='block_1_68' title="bbox 2249 3077 3830 3161">
    <p class='ocr_par' dir='ltr' id='par_1_68' title="bbox 2249 3077 3830 3161">
     <span class='ocr_line' id='line_1_68' title="bbox 2249 3077 3830 3161; baseline -0.004 -16"><span class='ocrx_word' id='word_1_478' title='bbox 2249 3088 2544 3160; x_wconf 86' lang='grc' dir='ltr'>ἐκκλησίας</span> <span class='ocrx_word' id='word_1_479' title='bbox 2573 3086 2676 3142; x_wconf 81' lang='grc' dir='ltr'><strong>ἀνὰ</strong></span> <span class='ocrx_word' id='word_1_480' title='bbox 2713 3088 2810 3161; x_wconf 76' lang='grc' dir='ltr'><strong>τὴν</strong></span> <span class='ocrx_word' id='word_1_481' title='bbox 2850 3089 3034 3161; x_wconf 84' lang='grc' dir='ltr'>χώραν</span> <span class='ocrx_word' id='word_1_482' title='bbox 3066 3089 3488 3159; x_wconf 79' lang='grc' dir='ltr'>ἀναστήσαντος,</span> <span class='ocrx_word' id='word_1_483' title='bbox 3522 3085 3623 3139; x_wconf 73' lang='grc' dir='ltr'><strong>οὐκ</strong></span> <span class='ocrx_word' id='word_1_484' title='bbox 3653 3084 3713 3150; x_wconf 81' lang='grc' dir='ltr'>ἐξ</span> <span class='ocrx_word' id='word_1_485' title='bbox 3750 3077 3830 3139; x_wconf 73' lang='grc' dir='ltr'>ὧν</span> 
     </span>
    </p>
   </div>
   <div class='ocr_carea' id='block_1_69' title="bbox 2245 3176 3834 3255">
    <p class='ocr_par' dir='ltr' id='par_1_69' title="bbox 2245 3176 3834 3255">
     <span class='ocr_line' id='line_1_69' title="bbox 2245 3176 3834 3255; baseline -0.004 -19"><span class='ocrx_word' id='word_1_486' title='bbox 2245 3184 2293 3237; x_wconf 79' lang='lat' dir='ltr'><strong>oi</strong></span> <span class='ocrx_word' id='word_1_487' title='bbox 2336 3181 2598 3255; x_wconf 86' lang='grc' dir='ltr'>πρέσϐεις</span> <span class='ocrx_word' id='word_1_488' title='bbox 2635 3181 2830 3255; x_wconf 74' lang='grc' dir='ltr'>ἔφερον</span> <span class='ocrx_word' id='word_1_489' title='bbox 2869 3181 3162 3254; x_wconf 80' lang='grc' dir='ltr'>βασιλικῶν</span> <span class='ocrx_word' id='word_1_490' title='bbox 3200 3179 3592 3251; x_wconf 83' lang='grc' dir='ltr'>ἀναλωμάτων,</span> <span class='ocrx_word' id='word_1_491' title='bbox 3627 3176 3741 3233; x_wconf 78' lang='grc' dir='ltr'>ἀλλ’</span> <span class='ocrx_word' id='word_1_492' title='bbox 3769 3177 3834 3243; x_wconf 80' lang='grc' dir='ltr'><strong>ἐξ</strong></span> 
     </span>
    </p>
   </div>
   <div class='ocr_carea' id='block_1_70' title="bbox 2248 3267 3830 3351">
    <p class='ocr_par' dir='ltr' id='par_1_70' title="bbox 2248 3267 3830 3351">
     <span class='ocr_line' id='line_1_70' title="bbox 2248 3267 3830 3351; baseline -0.002 -23"><span class='ocrx_word' id='word_1_493' title='bbox 2248 3267 2323 3329; x_wconf 82' lang='grc' dir='ltr'>ὧν</span> <span class='ocrx_word' id='word_1_494' title='bbox 2371 3274 2534 3341; x_wconf 79' lang='grc' dir='ltr'>αὐτὸς</span> <span class='ocrx_word' id='word_1_495' title='bbox 2561 3276 2768 3351; x_wconf 77' lang='grc' dir='ltr'>ἐκεῖνος</span> <span class='ocrx_word' id='word_1_496' title='bbox 2806 3274 3104 3347; x_wconf 86' lang='grc' dir='ltr'>προθύμως</span> <span class='ocrx_word' id='word_1_497' title='bbox 3143 3275 3354 3329; x_wconf 74' lang='grc' dir='ltr'>οἴκοθεν</span> <span class='ocrx_word' id='word_1_498' title='bbox 3396 3273 3684 3347; x_wconf 78' lang='grc' dir='ltr'>ἐχορήγειο</span> <span class='ocrx_word' id='word_1_499' title='bbox 3735 3271 3830 3325; x_wconf 72' lang='grc' dir='ltr'>καὶ</span> 
     </span>
    </p>
   </div>
   <div class='ocr_carea' id='block_1_71' title="bbox 2242 3366 3834 3441">
    <p class='ocr_par' dir='ltr' id='par_1_71' title="bbox 2242 3366 3834 3441">
     <span class='ocr_line' id='line_1_71' title="bbox 2242 3366 3834 3441; baseline -0.002 -19"><span class='ocrx_word' id='word_1_500' title='bbox 2242 3367 2322 3440; x_wconf 83' lang='grc' dir='ltr'>τῷ</span> <span class='ocrx_word' id='word_1_501' title='bbox 2368 3368 2607 3440; x_wconf 85' lang='grc' dir='ltr'>θαύματι</span> <span class='ocrx_word' id='word_1_502' title='bbox 2637 3368 2747 3423; x_wconf 89' lang='grc' dir='ltr'><strong>τῶν</strong></span> <span class='ocrx_word' id='word_1_503' title='bbox 2794 3368 3056 3439; x_wconf 78' lang='grc' dir='ltr'>Θεοφίλου</span> <span class='ocrx_word' id='word_1_504' title='bbox 3108 3367 3309 3441; x_wconf 78' lang='grc' dir='ltr'>ἔργων,</span> <span class='ocrx_word' id='word_1_505' title='bbox 3354 3366 3640 3439; x_wconf 84' lang='grc' dir='ltr'>ἐνάμιλλον</span> <span class='ocrx_word' id='word_1_506' title='bbox 3691 3382 3834 3436; x_wconf 85' lang='grc' dir='ltr'>παρ-</span> 
     </span>
    </p>
   </div>
   <div class='ocr_carea' id='block_1_72' title="bbox 2246 3450 3879 3533">
    <p class='ocr_par' dir='ltr' id='par_1_72' title="bbox 2246 3450 3879 3533">
     <span class='ocr_line' id='line_1_72' title="bbox 2246 3450 3879 3533; baseline -0.002 -19"><span class='ocrx_word' id='word_1_507' title='bbox 2246 3460 2392 3532; x_wconf 87' lang='grc' dir='ltr'>έχειν</span> <span class='ocrx_word' id='word_1_508' title='bbox 2441 3461 2809 3533; x_wconf 84' lang='grc' dir='ltr'>ἐφιλοτιμεῖτο</span> <span class='ocrx_word' id='word_1_509' title='bbox 2849 3461 2912 3515; x_wconf 81' lang='grc' dir='ltr'><strong>τὸ</strong></span> <span class='ocrx_word' id='word_1_510' title='bbox 2942 3460 3244 3533; x_wconf 84' lang='grc' dir='ltr'>πρόθυμον.</span> <span class='ocrx_word' id='word_1_511' title='bbox 3277 3461 3401 3516; x_wconf 87' lang='grc' dir='ltr'><strong>Τῶν</strong></span> <span class='ocrx_word' id='word_1_512' title='bbox 3438 3460 3495 3515; x_wconf 82' lang='grc' dir='ltr'><strong>δὲ</strong></span> <span class='ocrx_word' id='word_1_513' title='bbox 3526 3458 3830 3531; x_wconf 83' lang='grc' dir='ltr'>ἐκκλησιῶν</span> <span class='ocrx_word' id='word_1_514' title='bbox 3863 3450 3879 3471; x_wconf 78' lang='grc'><strong><em>⁵</em></strong></span> 
     </span>
    </p>
   </div>
   <div class='ocr_carea' id='block_1_73' title="bbox 2247 3550 3826 3625">
    <p class='ocr_par' dir='ltr' id='par_1_73' title="bbox 2247 3550 3826 3625">
     <span class='ocr_line' id='line_1_73' title="bbox 2247 3550 3826 3625; baseline 0 -21"><span class='ocrx_word' id='word_1_515' title='bbox 2247 3550 2378 3623; x_wconf 87' lang='grc' dir='ltr'>μίαν</span> <span class='ocrx_word' id='word_1_516' title='bbox 2410 3550 2510 3624; x_wconf 78' lang='grc' dir='ltr'><strong>μὲν</strong></span> <span class='ocrx_word' id='word_1_517' title='bbox 2536 3553 2595 3605; x_wconf 84' lang='grc' dir='ltr'><strong>ἐν</strong></span> <span class='ocrx_word' id='word_1_518' title='bbox 2625 3553 2765 3625; x_wconf 79' lang='grc' dir='ltr'>αὐτῇ</span> <span class='ocrx_word' id='word_1_519' title='bbox 2795 3554 2862 3625; x_wconf 78' lang='grc' dir='ltr'>τῇ</span> <span class='ocrx_word' id='word_1_520' title='bbox 2900 3552 3233 3625; x_wconf 82' lang='grc' dir='ltr'>μητροπόλει</span> <span class='ocrx_word' id='word_1_521' title='bbox 3259 3551 3355 3607; x_wconf 77' lang='grc' dir='ltr'>τοῦ</span> <span class='ocrx_word' id='word_1_522' title='bbox 3401 3552 3601 3617; x_wconf 80' lang='grc' dir='ltr'>παντὸς</span> <span class='ocrx_word' id='word_1_523' title='bbox 3640 3550 3826 3614; x_wconf 81' lang='grc' dir='ltr'>ἔθνους</span> 
     </span>
    </p>
   </div>
   <div class='ocr_carea' id='block_1_74' title="bbox 1788 3702 2571 3752">
    <p class='ocr_par' dir='ltr' id='par_1_74' title="bbox 1788 3702 2571 3752">
     <span class='ocr_line' id='line_1_74' title="bbox 1788 3702 2571 3752; baseline 0.001 -2"><span class='ocrx_word' id='word_1_524' title='bbox 1788 3702 2032 3750; x_wconf 67' lang='grc' dir='ltr'>ναιεειι</span> <span class='ocrx_word' id='word_1_525' title='bbox 2070 3702 2571 3752; x_wconf 75' lang='lat' dir='ltr'><strong>ANNOTATIONES.</strong></span> 
     </span>
    </p>
   </div>
   <div class='ocr_carea' id='block_1_75' title="bbox 633 3804 2144 3883">
    <p class='ocr_par' dir='ltr' id='par_1_75' title="bbox 633 3804 2144 3883">
     <span class='ocr_line' id='line_1_75' title="bbox 633 3804 2144 3883; baseline -0.001 -18"><span class='ocrx_word' id='word_1_526' title='bbox 633 3810 748 3883; x_wconf 62' lang='grc' dir='ltr'><strong>(ιε)</strong></span> <span class='ocrx_word' id='word_1_527' title='bbox 788 3808 946 3883; x_wconf 70' lang='grc' dir='ltr'><strong>Πρρς</strong></span> <span class='ocrx_word' id='word_1_528' title='bbox 976 3807 1135 3883; x_wconf 66' lang='grc' dir='ltr'><strong>τοὺς⁸</strong></span> <span class='ocrx_word' id='word_1_529' title='bbox 1159 3804 1426 3883; x_wconf 56' lang='grc' dir='ltr'>Διϐηνῶας</span> <span class='ocrx_word' id='word_1_530' title='bbox 1459 3805 1897 3883; x_wconf 65' lang='grc' dir='ltr'><strong>Δθιιιλουμέιο-ούς.</strong></span> <span class='ocrx_word' id='word_1_531' title='bbox 1941 3808 2144 3865; x_wconf 86' lang='lat' dir='ltr'><strong>Assen-</strong></span> 
     </span>
    </p>
   </div>
   <div class='ocr_carea' id='block_1_76' title="bbox 566 3877 2140 3948">
    <p class='ocr_par' dir='ltr' id='par_1_76' title="bbox 566 3877 2140 3948">
     <span class='ocr_line' id='line_1_76' title="bbox 566 3877 2140 3948; baseline -0.003 -10"><span class='ocrx_word' id='word_1_532' title='bbox 566 3877 673 3938; x_wconf 81' lang='lat' dir='ltr'><strong>tior</strong></span> <span class='ocrx_word' id='word_1_533' title='bbox 707 3877 869 3936; x_wconf 67' lang='lat' dir='ltr'><strong>Lucae</strong></span> <span class='ocrx_word' id='word_1_534' title='bbox 899 3879 1200 3944; x_wconf 88' lang='lat' dir='ltr'><strong>Holstenio,</strong></span> <span class='ocrx_word' id='word_1_535' title='bbox 1234 3879 1329 3948; x_wconf 72' lang='lat' dir='ltr'><strong>Qui</strong></span> <span class='ocrx_word' id='word_1_536' title='bbox 1362 3879 1431 3932; x_wconf 85' lang='lat' dir='ltr'><strong>ad</strong></span> <span class='ocrx_word' id='word_1_537' title='bbox 1458 3878 1600 3948; x_wconf 78' lang='lat' dir='ltr'><strong>latus</strong></span> <span class='ocrx_word' id='word_1_538' title='bbox 1628 3877 1715 3933; x_wconf 86' lang='lat' dir='ltr'><strong>sui</strong></span> <span class='ocrx_word' id='word_1_539' title='bbox 1750 3880 1873 3934; x_wconf 92' lang='lat' dir='ltr'><strong>cod.</strong></span> <span class='ocrx_word' id='word_1_540' title='bbox 1909 3882 2140 3935; x_wconf 58' lang='lat' dir='ltr'><strong>adusta.</strong></span> 
     </span>
    </p>
   </div>
   <div class='ocr_carea' id='block_1_77' title="bbox 562 3947 2144 4022">
    <p class='ocr_par' dir='ltr' id='par_1_77' title="bbox 562 3947 2144 4022">
     <span class='ocr_line' id='line_1_77' title="bbox 562 3947 2144 4022; baseline -0.003 -14"><span class='ocrx_word' id='word_1_541' title='bbox 562 3954 642 4008; x_wconf 91' lang='lat' dir='ltr'><strong>vit</strong></span> <span class='ocrx_word' id='word_1_542' title='bbox 667 3950 954 4022; x_wconf 82' lang='lat' dir='ltr'><strong>legendum</strong></span> <span class='ocrx_word' id='word_1_543' title='bbox 981 3950 1083 4005; x_wconf 85' lang='lat' dir='ltr'><strong>sibi</strong></span> <span class='ocrx_word' id='word_1_544' title='bbox 1120 3947 1312 4022; x_wconf 76' lang='lat' dir='ltr'><strong>videri,</strong></span> <span class='ocrx_word' id='word_1_545' title='bbox 1346 3947 1495 4022; x_wconf 74' lang='grc' dir='ltr'>παρὰ</span> <span class='ocrx_word' id='word_1_546' title='bbox 1521 3947 1633 4022; x_wconf 75' lang='grc' dir='ltr'><strong>τῶν</strong></span> <span class='ocrx_word' id='word_1_547' title='bbox 1668 3948 1912 4020; x_wconf 88' lang='grc' dir='ltr'>Διϐηνῶν</span> <span class='ocrx_word' id='word_1_548' title='bbox 1945 3949 2144 4022; x_wconf 57' lang='grc' dir='ltr'>καλου-</span> 
     </span>
    </p>
   </div>
   <div class='ocr_carea' id='block_1_78' title="bbox 568 4006 2143 4096">
    <p class='ocr_par' dir='ltr' id='par_1_78' title="bbox 568 4006 2143 4096">
     <span class='ocr_line' id='line_1_78' title="bbox 568 4006 2143 4096; baseline 0 -19"><span class='ocrx_word' id='word_1_549' title='bbox 568 4006 767 4096; x_wconf 70' lang='grc' dir='ltr'>μένωῖῖ.</span> <span class='ocrx_word' id='word_1_550' title='bbox 799 4020 1133 4096; x_wconf 71' lang='lat' dir='ltr'><strong>Quanquam</strong></span> <span class='ocrx_word' id='word_1_551' title='bbox 1150 4006 1532 4096; x_wconf 50' lang='lat' dir='ltr'><strong>n965_&#39;ret_ineri</strong></span> <span class='ocrx_word' id='word_1_552' title='bbox 1554 4019 1715 4096; x_wconf 37' lang='lat' dir='ltr'><strong>entiam</strong></span> <span class='ocrx_word' id='word_1_553' title='bbox 1748 4006 1925 4096; x_wconf 78' lang='lat' dir='ltr'><strong>potest</strong></span> <span class='ocrx_word' id='word_1_554' title='bbox 1951 4006 2143 4096; x_wconf 71' lang='lat' dir='ltr'><strong>eodem</strong></span> 
     </span>
    </p>
   </div>
   <div class='ocr_carea' id='block_1_79' title="bbox 564 4088 2145 4159">
    <p class='ocr_par' dir='ltr' id='par_1_79' title="bbox 564 4088 2145 4159">
     <span class='ocr_line' id='line_1_79' title="bbox 564 4088 2145 4159; baseline -0.004 -9"><span class='ocrx_word' id='word_1_555' title='bbox 564 4088 755 4151; x_wconf 69' lang='lat' dir='ltr'><strong>sensu.</strong></span> <span class='ocrx_word' id='word_1_556' title='bbox 802 4088 993 4146; x_wconf 54' lang='lat' dir='ltr'><strong>Porro&#39;</strong></span> <span class='ocrx_word' id='word_1_557' title='bbox 1014 4091 1087 4145; x_wconf 86' lang='lat' dir='ltr'><strong>ab</strong></span> <span class='ocrx_word' id='word_1_558' title='bbox 1120 4088 1208 4144; x_wconf 84' lang='lat' dir='ltr'><strong>his</strong></span> <span class='ocrx_word' id='word_1_559' title='bbox 1243 4089 1437 4144; x_wconf 66' lang='lat' dir='ltr'><strong>Divaais</strong></span> <span class='ocrx_word' id='word_1_560' title='bbox 1465 4090 1542 4144; x_wconf 92' lang='lat' dir='ltr'><strong>ait</strong></span> <span class='ocrx_word' id='word_1_561' title='bbox 1569 4088 1969 4159; x_wconf 64' lang='lat' dir='ltr'><strong>Philos&#39;torgius</strong></span> <span class='ocrx_word' id='word_1_562' title='bbox 1997 4089 2145 4146; x_wconf 89' lang='lat' dir='ltr'><strong>obsi-</strong></span> 
     </span>
    </p>
   </div>
   <div class='ocr_carea' id='block_1_80' title="bbox 564 4158 2147 4229">
    <p class='ocr_par' dir='ltr' id='par_1_80' title="bbox 564 4158 2147 4229">
     <span class='ocr_line' id='line_1_80' title="bbox 564 4158 2147 4229; baseline -0.003 -10"><span class='ocrx_word' id='word_1_563' title='bbox 564 4168 685 4220; x_wconf 86' lang='lat' dir='ltr'><strong>dem</strong></span> <span class='ocrx_word' id='word_1_564' title='bbox 719 4163 948 4218; x_wconf 86' lang='lat' dir='ltr'><strong>missum</strong></span> <span class='ocrx_word' id='word_1_565' title='bbox 975 4176 1095 4216; x_wconf 91' lang='lat' dir='ltr'><strong>esse</strong></span> <span class='ocrx_word' id='word_1_566' title='bbox 1114 4162 1182 4215; x_wconf 93' lang='lat' dir='ltr'><strong>ad</strong></span> <span class='ocrx_word' id='word_1_567' title='bbox 1207 4160 1628 4215; x_wconf 86' lang='lat' dir='ltr'><strong>Constantinum</strong></span> <span class='ocrx_word' id='word_1_568' title='bbox 1659 4158 1936 4229; x_wconf 80' lang='lat' dir='ltr'><strong>Magnum,</strong></span> <span class='ocrx_word' id='word_1_569' title='bbox 1967 4159 2147 4215; x_wconf 86' lang='lat' dir='ltr'><strong>Theo-</strong></span> 
     </span>
    </p>
   </div>
   <div class='ocr_carea' id='block_1_81' title="bbox 565 4230 2147 4307">
    <p class='ocr_par' dir='ltr' id='par_1_81' title="bbox 565 4230 2147 4307">
     <span class='ocr_line' id='line_1_81' title="bbox 565 4230 2147 4307; baseline -0.003 -17"><span class='ocrx_word' id='word_1_570' title='bbox 565 4236 772 4307; x_wconf 82' lang='lat' dir='ltr'><strong>philum</strong></span> <span class='ocrx_word' id='word_1_571' title='bbox 798 4231 1031 4307; x_wconf 62' lang='lat' dir='ltr'><strong>indum,</strong></span> <span class='ocrx_word' id='word_1_572' title='bbox 1061 4231 1190 4307; x_wconf 71' lang='lat' dir='ltr'><strong>dum</strong></span> <span class='ocrx_word' id='word_1_573' title='bbox 1222 4231 1404 4307; x_wconf 79' lang='lat' dir='ltr'><strong>adhuc</strong></span> <span class='ocrx_word' id='word_1_574' title='bbox 1444 4239 1589 4307; x_wconf 81' lang='lat' dir='ltr'><strong>esset</strong></span> <span class='ocrx_word' id='word_1_575' title='bbox 1632 4231 1981 4307; x_wconf 44' lang='lat' dir='ltr'><strong>adolescens,</strong></span> <span class='ocrx_word' id='word_1_576' title='bbox 2016 4230 2147 4307; x_wconf 79' lang='lat' dir='ltr'><strong>Erat</strong></span> 
     </span>
    </p>
   </div>
   <div class='ocr_carea' id='block_1_82' title="bbox 566 4300 2147 4378">
    <p class='ocr_par' dir='ltr' id='par_1_82' title="bbox 566 4300 2147 4378">
     <span class='ocr_line' id='line_1_82' title="bbox 566 4300 2147 4378; baseline -0.003 -17"><span class='ocrx_word' id='word_1_577' title='bbox 566 4300 727 4378; x_wconf 78' lang='lat' dir='ltr'><strong>igitur</strong></span> <span class='ocrx_word' id='word_1_578' title='bbox 756 4301 1219 4378; x_wconf 72' lang='lat' dir='ltr'><strong>bic__&#39;l‘he9ph_ilus</strong></span> <span class='ocrx_word' id='word_1_579' title='bbox 1248 4300 1660 4378; x_wconf 69' lang='lat' dir='ltr'><strong>Divzeus,_ort_us</strong></span> <span class='ocrx_word' id='word_1_580' title='bbox 1698 4315 1767 4357; x_wconf 80' lang='lat' dir='ltr'><strong>ex</strong></span> <span class='ocrx_word' id='word_1_581' title='bbox 1812 4300 2147 4378; x_wconf 73' lang='lat' dir='ltr'><strong>Divainsula</strong></span> 
     </span>
    </p>
   </div>
   <div class='ocr_carea' id='block_1_83' title="bbox 566 4369 2146 4441">
    <p class='ocr_par' dir='ltr' id='par_1_83' title="bbox 566 4369 2146 4441">
     <span class='ocr_line' id='line_1_83' title="bbox 566 4369 2146 4441; baseline -0.002 -10"><span class='ocrx_word' id='word_1_582' title='bbox 566 4369 735 4431; x_wconf 62' lang='lat' dir='ltr'><strong>n&#39;iaris</strong></span> <span class='ocrx_word' id='word_1_583' title='bbox 775 4373 962 4428; x_wconf 92' lang='lat' dir='ltr'><strong>Indici.</strong></span> <span class='ocrx_word' id='word_1_584' title='bbox 1006 4369 1181 4441; x_wconf 82' lang='lat' dir='ltr'><strong>Hujus</strong></span> <span class='ocrx_word' id='word_1_585' title='bbox 1225 4371 1461 4441; x_wconf 88' lang='lat' dir='ltr'><strong>nationis</strong></span> <span class='ocrx_word' id='word_1_586' title='bbox 1497 4369 1693 4427; x_wconf 69' lang='lat' dir='ltr'><strong>Indicae</strong></span> <span class='ocrx_word' id='word_1_587' title='bbox 1736 4370 1986 4441; x_wconf 79' lang='lat' dir='ltr'><strong>meminit</strong></span> <span class='ocrx_word' id='word_1_588' title='bbox 2011 4373 2146 4429; x_wconf 79' lang='lat' dir='ltr'><strong>Am-</strong></span> 
     </span>
    </p>
   </div>
   <div class='ocr_carea' id='block_1_84' title="bbox 566 4440 2145 4512">
    <p class='ocr_par' dir='ltr' id='par_1_84' title="bbox 566 4440 2145 4512">
     <span class='ocr_line' id='line_1_84' title="bbox 566 4440 2145 4512; baseline -0.004 -9"><span class='ocrx_word' id='word_1_589' title='bbox 566 4448 785 4503; x_wconf 78' lang='lat' dir='ltr'><strong>mianus</strong></span> <span class='ocrx_word' id='word_1_590' title='bbox 818 4440 1186 4508; x_wconf 82' lang='lat' dir='ltr'><strong>Marcellinus,</strong></span> <span class='ocrx_word' id='word_1_591' title='bbox 1222 4440 1452 4512; x_wconf 87' lang='lat' dir='ltr'><strong>inlibro</strong></span> <span class='ocrx_word' id='word_1_592' title='bbox 1501 4456 1638 4512; x_wconf 71' lang='lat' dir='ltr'><strong>x_xtt,</strong></span> <span class='ocrx_word' id='word_1_593' title='bbox 1687 4457 1811 4512; x_wconf 85' lang='lat' dir='ltr'><strong>pag.</strong></span> <span class='ocrx_word' id='word_1_594' title='bbox 1858 4440 1986 4510; x_wconf 65' lang='lat' dir='ltr'><strong>9H,</strong></span> <span class='ocrx_word' id='word_1_595' title='bbox 2025 4442 2145 4496; x_wconf 86' lang='lat' dir='ltr'><strong>edi-</strong></span> 
     </span>
    </p>
   </div>
   <div class='ocr_carea' id='block_1_85' title="bbox 2248 3806 3832 3882">
    <p class='ocr_par' dir='ltr' id='par_1_85' title="bbox 2248 3806 3832 3882">
     <span class='ocr_line' id='line_1_85' title="bbox 2248 3806 3832 3882; baseline 0.001 -18"><span class='ocrx_word' id='word_1_596' title='bbox 2248 3817 2426 3882; x_wconf 86' lang='lat' dir='ltr'><strong>crates</strong></span> <span class='ocrx_word' id='word_1_597' title='bbox 2457 3818 2623 3880; x_wconf 89' lang='lat' dir='ltr'><strong>atque</strong></span> <span class='ocrx_word' id='word_1_598' title='bbox 2669 3806 3028 3882; x_wconf 81' lang='lat' dir='ltr'><strong>Sozomenus,</strong></span> <span class='ocrx_word' id='word_1_599' title='bbox 3064 3806 3274 3882; x_wconf 82' lang='lat' dir='ltr'><strong>Ariani,</strong></span> <span class='ocrx_word' id='word_1_600' title='bbox 3327 3810 3611 3867; x_wconf 82' lang='lat' dir='ltr'><strong>Athanasii</strong></span> <span class='ocrx_word' id='word_1_601' title='bbox 3643 3810 3832 3882; x_wconf 68' lang='lat' dir='ltr'><strong>gloria:</strong></span> 
     </span>
    </p>
   </div>
   <div class='ocr_carea' id='block_1_86' title="bbox 2246 3880 3836 3953">
    <p class='ocr_par' dir='ltr' id='par_1_86' title="bbox 2246 3880 3836 3953">
     <span class='ocr_line' id='line_1_86' title="bbox 2246 3880 3836 3953; baseline 0.002 -19"><span class='ocrx_word' id='word_1_602' title='bbox 2246 3880 2573 3953; x_wconf 81' lang='lat' dir='ltr'><strong>invidentes,</strong></span> <span class='ocrx_word' id='word_1_603' title='bbox 2605 3888 2679 3953; x_wconf 83' lang='lat' dir='ltr'><strong>ut_</strong></span> <span class='ocrx_word' id='word_1_604' title='bbox 2703 3881 3191 3953; x_wconf 27' lang='lat' dir='ltr'><strong>suumudogmain</strong></span> <span class='ocrx_word' id='word_1_605' title='bbox 3221 3880 3329 3936; x_wconf 88' lang='lat' dir='ltr'><strong>illis</strong></span> <span class='ocrx_word' id='word_1_606' title='bbox 3371 3880 3686 3953; x_wconf 66' lang='lat' dir='ltr'><strong>regionibus</strong></span> <span class='ocrx_word' id='word_1_607' title='bbox 3716 3881 3836 3937; x_wconf 81' lang='lat' dir='ltr'><strong>dis-</strong></span> 
     </span>
    </p>
   </div>
   <div class='ocr_carea' id='block_1_87' title="bbox 2247 3949 3839 4020">
    <p class='ocr_par' dir='ltr' id='par_1_87' title="bbox 2247 3949 3839 4020">
     <span class='ocr_line' id='line_1_87' title="bbox 2247 3949 3839 4020; baseline 0.001 -15"><span class='ocrx_word' id='word_1_608' title='bbox 2247 3951 2604 4016; x_wconf 77' lang='lat' dir='ltr'><strong>seminarent,</strong></span> <span class='ocrx_word' id='word_1_609' title='bbox 2636 3949 2999 4020; x_wconf 85' lang='lat' dir='ltr'><strong>Theophilum</strong></span> <span class='ocrx_word' id='word_1_610' title='bbox 3038 3950 3230 4007; x_wconf 84' lang='lat' dir='ltr'><strong>Indum</strong></span> <span class='ocrx_word' id='word_1_611' title='bbox 3280 3966 3349 4006; x_wconf 89' lang='lat' dir='ltr'><strong>eo</strong></span> <span class='ocrx_word' id='word_1_612' title='bbox 3380 3949 3706 4007; x_wconf 84' lang='lat' dir='ltr'><strong>mittendum</strong></span> <span class='ocrx_word' id='word_1_613' title='bbox 3738 3968 3839 4007; x_wconf 85' lang='lat' dir='ltr'><strong>cu-</strong></span> 
     </span>
    </p>
   </div>
   <div class='ocr_carea' id='block_1_88' title="bbox 2244 4021 3838 4093">
    <p class='ocr_par' dir='ltr' id='par_1_88' title="bbox 2244 4021 3838 4093">
     <span class='ocr_line' id='line_1_88' title="bbox 2244 4021 3838 4093; baseline 0.002 -18"><span class='ocrx_word' id='word_1_614' title='bbox 2244 4031 2441 4093; x_wconf 72' lang='lat' dir='ltr'><strong>rarunt</strong></span> <span class='ocrx_word' id='word_1_615' title='bbox 2484 4040 2498 4078; x_wconf 92' lang='lat'><strong>:</strong></span> <span class='ocrx_word' id='word_1_616' title='bbox 2544 4036 2706 4091; x_wconf 89' lang='lat' dir='ltr'><strong>quem</strong></span> <span class='ocrx_word' id='word_1_617' title='bbox 2755 4021 2997 4093; x_wconf 78' lang='lat' dir='ltr'><strong>episcopi</strong></span> <span class='ocrx_word' id='word_1_618' title='bbox 3053 4021 3318 4093; x_wconf 78' lang='lat' dir='ltr'><strong>dignitate</strong></span> <span class='ocrx_word' id='word_1_619' title='bbox 3365 4021 3715 4086; x_wconf 85' lang='lat' dir='ltr'><strong>decorarunt,</strong></span> <span class='ocrx_word' id='word_1_620' title='bbox 3774 4030 3838 4078; x_wconf 94' lang='lat' dir='ltr'><strong>ut</strong></span> 
     </span>
    </p>
   </div>
   <div class='ocr_carea' id='block_1_89' title="bbox 2243 4089 3839 4163">
    <p class='ocr_par' dir='ltr' id='par_1_89' title="bbox 2243 4089 3839 4163">
     <span class='ocr_line' id='line_1_89' title="bbox 2243 4089 3839 4163; baseline 0.001 -18"><span class='ocrx_word' id='word_1_621' title='bbox 2243 4091 2397 4163; x_wconf 71' lang='lat' dir='ltr'><strong>illum</strong></span> <span class='ocrx_word' id='word_1_622' title='bbox 2424 4089 2759 4163; x_wconf 74' lang='lat' dir='ltr'><strong>opponerent</strong></span> <span class='ocrx_word' id='word_1_623' title='bbox 2789 4089 3137 4163; x_wconf 54' lang='lat' dir='ltr'><strong>Frumentioi</strong></span> <span class='ocrx_word' id='word_1_624' title='bbox 3174 4090 3317 4157; x_wconf 86' lang='lat' dir='ltr'><strong>Quin</strong></span> <span class='ocrx_word' id='word_1_625' title='bbox 3343 4093 3509 4146; x_wconf 90' lang='lat' dir='ltr'><strong>etiam</strong></span> <span class='ocrx_word' id='word_1_626' title='bbox 3538 4103 3839 4148; x_wconf 89' lang='lat' dir='ltr'><strong>suaserunt</strong></span> 
     </span>
    </p>
   </div>
   <div class='ocr_carea' id='block_1_90' title="bbox 2243 4160 3834 4233">
    <p class='ocr_par' dir='ltr' id='par_1_90' title="bbox 2243 4160 3834 4233">
     <span class='ocr_line' id='line_1_90' title="bbox 2243 4160 3834 4233; baseline 0 -17"><span class='ocrx_word' id='word_1_627' title='bbox 2243 4160 2568 4233; x_wconf 83' lang='lat' dir='ltr'><strong>Constantio</strong></span> <span class='ocrx_word' id='word_1_628' title='bbox 2594 4162 2933 4233; x_wconf 85' lang='lat' dir='ltr'><strong>imperatori,</strong></span> <span class='ocrx_word' id='word_1_629' title='bbox 2955 4170 3013 4216; x_wconf 91' lang='lat' dir='ltr'><strong>ut</strong></span> <span class='ocrx_word' id='word_1_630' title='bbox 3042 4164 3108 4217; x_wconf 90' lang='lat' dir='ltr'><strong>ad</strong></span> <span class='ocrx_word' id='word_1_631' title='bbox 3133 4170 3395 4231; x_wconf 85' lang='lat' dir='ltr'><strong>tyrannos</strong></span> <span class='ocrx_word' id='word_1_632' title='bbox 3417 4164 3834 4233; x_wconf 74' lang='lat' dir='ltr'><strong>;Axumitarum</strong></span> 
     </span>
    </p>
   </div>
   <div class='ocr_carea' id='block_1_91' title="bbox 2247 4231 3838 4302">
    <p class='ocr_par' dir='ltr' id='par_1_91' title="bbox 2247 4231 3838 4302">
     <span class='ocr_line' id='line_1_91' title="bbox 2247 4231 3838 4302; baseline 0 -16"><span class='ocrx_word' id='word_1_633' title='bbox 2247 4231 2349 4302; x_wconf 91' lang='lat' dir='ltr'><strong>(sic</strong></span> <span class='ocrx_word' id='word_1_634' title='bbox 2379 4233 2527 4288; x_wconf 89' lang='lat' dir='ltr'><strong>enim</strong></span> <span class='ocrx_word' id='word_1_635' title='bbox 2582 4231 2803 4302; x_wconf 83' lang='lat' dir='ltr'><strong>regulos</strong></span> <span class='ocrx_word' id='word_1_636' title='bbox 2837 4248 3028 4288; x_wconf 89' lang='lat' dir='ltr'><strong>earum</strong></span> <span class='ocrx_word' id='word_1_637' title='bbox 3068 4233 3347 4302; x_wconf 81' lang='lat' dir='ltr'><strong>nationum</strong></span> <span class='ocrx_word' id='word_1_638' title='bbox 3392 4231 3667 4302; x_wconf 86' lang='lat' dir='ltr'><strong>appellare</strong></span> <span class='ocrx_word' id='word_1_639' title='bbox 3692 4247 3838 4302; x_wconf 62' lang='lat' dir='ltr'><strong>cgn-</strong></span> 
     </span>
    </p>
   </div>
   <div class='ocr_carea' id='block_1_92' title="bbox 2245 4301 3842 4374">
    <p class='ocr_par' dir='ltr' id='par_1_92' title="bbox 2245 4301 3842 4374">
     <span class='ocr_line' id='line_1_92' title="bbox 2245 4301 3842 4374; baseline -0.002 -16"><span class='ocrx_word' id='word_1_640' title='bbox 2245 4301 2556 4374; x_wconf 82' lang='lat' dir='ltr'><strong>sueverant,</strong></span> <span class='ocrx_word' id='word_1_641' title='bbox 2590 4301 2669 4357; x_wconf 21' lang='lat' dir='ltr'><strong>uti</strong></span> <span class='ocrx_word' id='word_1_642' title='bbox 2685 4303 2845 4360; x_wconf 87' lang='lat' dir='ltr'><strong>docet</strong></span> <span class='ocrx_word' id='word_1_643' title='bbox 2871 4304 3139 4357; x_wconf 80' lang='lat' dir='ltr'><strong>Arrianus</strong></span> <span class='ocrx_word' id='word_1_644' title='bbox 3163 4302 3218 4356; x_wconf 89' lang='lat' dir='ltr'><strong>in</strong></span> <span class='ocrx_word' id='word_1_645' title='bbox 3262 4301 3475 4374; x_wconf 81' lang='lat' dir='ltr'><strong>Periplo</strong></span> <span class='ocrx_word' id='word_1_646' title='bbox 3504 4303 3669 4357; x_wconf 77' lang='lat' dir='ltr'><strong>maris</strong></span> <span class='ocrx_word' id='word_1_647' title='bbox 3691 4301 3842 4374; x_wconf 56' lang='lat' dir='ltr'><strong>Ergo</strong></span> 
     </span>
    </p>
   </div>
   <div class='ocr_carea' id='block_1_93' title="bbox 2248 4372 3841 4443">
    <p class='ocr_par' dir='ltr' id='par_1_93' title="bbox 2248 4372 3841 4443">
     <span class='ocr_line' id='line_1_93' title="bbox 2248 4372 3841 4443; baseline -0.001 -15"><span class='ocrx_word' id='word_1_648' title='bbox 2248 4373 2423 4443; x_wconf 79' lang='lat' dir='ltr'><strong>thrwi)</strong></span> <span class='ocrx_word' id='word_1_649' title='bbox 2461 4374 2671 4428; x_wconf 85' lang='lat' dir='ltr'><strong>litteras</strong></span> <span class='ocrx_word' id='word_1_650' title='bbox 2714 4376 2996 4437; x_wconf 90' lang='lat' dir='ltr'><strong>scriberet,</strong></span> <span class='ocrx_word' id='word_1_651' title='bbox 3052 4374 3253 4443; x_wconf 88' lang='lat' dir='ltr'><strong>quibus</strong></span> <span class='ocrx_word' id='word_1_652' title='bbox 3292 4373 3551 4442; x_wconf 87' lang='lat' dir='ltr'><strong>poscebat</strong></span> <span class='ocrx_word' id='word_1_653' title='bbox 3589 4382 3652 4427; x_wconf 91' lang='lat' dir='ltr'><strong>ut</strong></span> <span class='ocrx_word' id='word_1_654' title='bbox 3689 4372 3841 4427; x_wconf 80' lang='lat' dir='ltr'><strong>Fru-</strong></span> 
     </span>
    </p>
   </div>
   <div class='ocr_carea' id='block_1_94' title="bbox 2250 4443 3842 4514">
    <p class='ocr_par' dir='ltr' id='par_1_94' title="bbox 2250 4443 3842 4514">
     <span class='ocr_line' id='line_1_94' title="bbox 2250 4443 3842 4514; baseline 0.001 -17"><span class='ocrx_word' id='word_1_655' title='bbox 2250 4445 2491 4500; x_wconf 85' lang='lat' dir='ltr'><strong>mentius</strong></span> <span class='ocrx_word' id='word_1_656' title='bbox 2521 4458 2587 4499; x_wconf 74' lang='lat' dir='ltr'><strong>ex</strong></span> <span class='ocrx_word' id='word_1_657' title='bbox 2628 4444 2738 4499; x_wconf 88' lang='lat' dir='ltr'><strong>illis</strong></span> <span class='ocrx_word' id='word_1_658' title='bbox 2770 4445 3085 4513; x_wconf 87' lang='lat' dir='ltr'><strong>regionibus</strong></span> <span class='ocrx_word' id='word_1_659' title='bbox 3127 4443 3437 4514; x_wconf 89' lang='lat' dir='ltr'><strong>ejiceretur,</strong></span> <span class='ocrx_word' id='word_1_660' title='bbox 3490 4450 3551 4498; x_wconf 87' lang='lat' dir='ltr'><strong>ut</strong></span> <span class='ocrx_word' id='word_1_661' title='bbox 3598 4451 3842 4499; x_wconf 81' lang='lat' dir='ltr'><strong>testatur</strong></span> 
     </span>
    </p>
   </div>
   <div class='ocr_carea' id='block_1_95' title="bbox 565 4493 3055 4583">
    <p class='ocr_par' dir='ltr' id='par_1_95' title="bbox 565 4493 3055 4583">
     <span class='ocr_line' id='line_1_95' title="bbox 565 4493 3055 4583; baseline -0.002 -11"><span class='ocrx_word' id='word_1_662' title='bbox 565 4493 1160 4572; x_wconf 53' lang='grc' dir='ltr'><strong>ἰίὸῆἰξιῖοξιῖρὲιέἷὴἷιῖἐ</strong></span> <span class='ocrx_word' id='word_1_663' title='bbox 1173 4493 1986 4583; x_wconf 46' lang='lat' dir='ltr'><strong>hianna.*znaicsii‘znatez</strong></span> <span class='ocrx_word' id='word_1_664' title='bbox 2026 4493 2146 4567; x_wconf 59' lang='lat'><strong>5.2;.</strong></span> <span class='ocrx_word' id='word_1_665' title='bbox 2177 4493 2222 4549; x_wconf 80' lang='grc' dir='ltr'><strong>Ι)</strong></span> <span class='ocrx_word' id='word_1_666' title='bbox 2249 4493 2587 4571; x_wconf 50' lang='lat' dir='ltr'><strong>magia;</strong></span> <span class='ocrx_word' id='word_1_667' title='bbox 2611 4493 3055 4583; x_wconf 61' lang='grc' dir='ltr'><strong>ίίΓᾹροῖὸρὶἶέὲοῖ</strong></span> 
     </span>
    </p>
   </div>
   <div class='ocr_carea' id='block_1_96' title="bbox 564 4582 2145 4654">
    <p class='ocr_par' dir='ltr' id='par_1_96' title="bbox 564 4582 2145 4654">
     <span class='ocr_line' id='line_1_96' title="bbox 564 4582 2145 4654; baseline -0.001 -14"><span class='ocrx_word' id='word_1_668' title='bbox 564 4587 719 4641; x_wconf 81' lang='lat' dir='ltr'><strong>donis</strong></span> <span class='ocrx_word' id='word_1_669' title='bbox 766 4585 1063 4654; x_wconf 53' lang='lat' dir='ltr'><strong>optimates</strong></span> <span class='ocrx_word' id='word_1_670' title='bbox 1111 4582 1462 4654; x_wconf 69' lang='lat' dir='ltr'><strong>mittentibus</strong></span> <span class='ocrx_word' id='word_1_671' title='bbox 1492 4591 1870 4654; x_wconf 31' lang='lat' dir='ltr'><strong>antcrtentpus</strong></span> <span class='ocrx_word' id='word_1_672' title='bbox 1912 4583 2145 4654; x_wconf 68' lang='lat' dir='ltr'><strong>abusque</strong></span> 
     </span>
    </p>
   </div>
   <div class='ocr_carea' id='block_1_97' title="bbox 568 4652 2142 4721">
    <p class='ocr_par' dir='ltr' id='par_1_97' title="bbox 568 4652 2142 4721">
     <span class='ocr_line' id='line_1_97' title="bbox 568 4652 2142 4721; baseline -0.003 -10"><span class='ocrx_word' id='word_1_673' title='bbox 568 4657 715 4711; x_wconf 80' lang='lat' dir='ltr'><strong>Divis</strong></span> <span class='ocrx_word' id='word_1_674' title='bbox 762 4652 811 4709; x_wconf 78' lang='lat' dir='ltr'><strong>et</strong></span> <span class='ocrx_word' id='word_1_675' title='bbox 856 4652 1168 4709; x_wconf 80' lang='lat' dir='ltr'><strong>Serindivis.</strong></span> <span class='ocrx_word' id='word_1_676' title='bbox 1215 4652 1336 4716; x_wconf 82' lang='lat' dir='ltr'><strong>Quo</strong></span> <span class='ocrx_word' id='word_1_677' title='bbox 1365 4654 1417 4705; x_wconf 89' lang='lat' dir='ltr'><strong>in</strong></span> <span class='ocrx_word' id='word_1_678' title='bbox 1452 4652 1571 4721; x_wconf 88' lang='lat' dir='ltr'><strong>loco</strong></span> <span class='ocrx_word' id='word_1_679' title='bbox 1598 4652 1715 4707; x_wconf 90' lang='lat' dir='ltr'><strong>Divi</strong></span> <span class='ocrx_word' id='word_1_680' title='bbox 1746 4652 1966 4721; x_wconf 89' lang='lat' dir='ltr'><strong>quidem</strong></span> <span class='ocrx_word' id='word_1_681' title='bbox 1992 4652 2142 4717; x_wconf 84' lang='lat' dir='ltr'><strong>sunt,</strong></span> 
     </span>
    </p>
   </div>
   <div class='ocr_carea' id='block_1_98' title="bbox 610 4720 2144 4792">
    <p class='ocr_par' dir='ltr' id='par_1_98' title="bbox 610 4720 2144 4792">
     <span class='ocr_line' id='line_1_98' title="bbox 610 4720 2144 4792; baseline -0.001 -13"><span class='ocrx_word' id='word_1_682' title='bbox 610 4742 711 4781; x_wconf 91' lang='lat' dir='ltr'><strong>uos</strong></span> <span class='ocrx_word' id='word_1_683' title='bbox 759 4725 994 4779; x_wconf 86' lang='lat' dir='ltr'><strong>Divcnos</strong></span> <span class='ocrx_word' id='word_1_684' title='bbox 1039 4728 1198 4787; x_wconf 85' lang='lat' dir='ltr'><strong>vocat</strong></span> <span class='ocrx_word' id='word_1_685' title='bbox 1243 4720 1664 4792; x_wconf 75' lang='lat' dir='ltr'><strong>Philostorgius,</strong></span> <span class='ocrx_word' id='word_1_686' title='bbox 1702 4720 1794 4792; x_wconf 89' lang='lat' dir='ltr'><strong>qui</strong></span> <span class='ocrx_word' id='word_1_687' title='bbox 1850 4720 2009 4788; x_wconf 80' lang='lat' dir='ltr'><strong>Divu,</strong></span> <span class='ocrx_word' id='word_1_688' title='bbox 2060 4725 2144 4778; x_wconf 86' lang='lat' dir='ltr'><strong>vel</strong></span> 
     </span>
    </p>
   </div>
   <div class='ocr_carea' id='block_1_99' title="bbox 569 4743 2146 4850">
    <p class='ocr_par' dir='ltr' id='par_1_99' title="bbox 569 4743 2146 4850">
     <span class='ocr_line' id='line_1_99' title="bbox 610 4743 2144 4792; baseline -0.001 -13"><span class='ocrx_word' id='word_1_689' title='bbox 610 4743 711 4781; x_wconf 80' lang='lat' dir='ltr'><strong>UOS</strong></span> <span class='ocrx_word' id='word_1_690' title='bbox 759 4743 994 4779; x_wconf 78' lang='lat' dir='ltr'><strong>UIVCIIOS</strong></span> <span class='ocrx_word' id='word_1_691' title='bbox 1040 4743 1198 4787; x_wconf 68' lang='grc' dir='ltr'>νυυειι</span> <span class='ocrx_word' id='word_1_692' title='bbox 1243 4743 1664 4792; x_wconf 71' lang='grc' dir='ltr'>ιἰιιιυδιυιέιιιδ,</span> <span class='ocrx_word' id='word_1_693' title='bbox 1702 4743 1794 4792; x_wconf 78' lang='lat' dir='ltr'><strong>qur</strong></span> <span class='ocrx_word' id='word_1_694' title='bbox 1850 4743 2009 4788; x_wconf 70' lang='lat' dir='ltr'><strong>DIVI],</strong></span> <span class='ocrx_word' id='word_1_695' title='bbox 2060 4743 2144 4778; x_wconf 73' lang='grc' dir='ltr'>γει</span> 
     </span>
     <span class='ocr_line' id='line_1_100' title="bbox 569 4743 2146 4850; baseline 0.001 -2"><span class='ocrx_word' id='word_1_696' title='bbox 569 4743 719 4850; x_wconf 50' lang='grc' dir='ltr'>ὒενιι</span> <span class='ocrx_word' id='word_1_697' title='bbox 767 4795 1001 4849; x_wconf 86' lang='lat' dir='ltr'><strong>insulam</strong></span> <span class='ocrx_word' id='word_1_698' title='bbox 1046 4792 1310 4847; x_wconf 87' lang='lat' dir='ltr'><strong>incolunt.</strong></span> <span class='ocrx_word' id='word_1_699' title='bbox 1373 4790 1499 4846; x_wconf 69' lang='lat' dir='ltr'><strong>Haec</strong></span> <span class='ocrx_word' id='word_1_700' title='bbox 1549 4801 1633 4847; x_wconf 82' lang='lat' dir='ltr'><strong>est</strong></span> <span class='ocrx_word' id='word_1_701' title='bbox 1676 4792 1914 4847; x_wconf 86' lang='lat' dir='ltr'><strong>fortasse</strong></span> <span class='ocrx_word' id='word_1_702' title='bbox 1966 4795 2146 4850; x_wconf 84' lang='lat' dir='ltr'><strong>insula</strong></span> 
     </span>
    </p>
   </div>
   <div class='ocr_carea' id='block_1_100' title="bbox 570 4861 2146 4935">
    <p class='ocr_par' dir='ltr' id='par_1_100' title="bbox 570 4861 2146 4935">
     <span class='ocr_line' id='line_1_101' title="bbox 570 4861 2146 4935; baseline -0.002 -13"><span class='ocrx_word' id='word_1_703' title='bbox 570 4881 690 4935; x_wconf 66' lang='lat' dir='ltr'><strong>quae</strong></span> <span class='ocrx_word' id='word_1_704' title='bbox 728 4863 826 4935; x_wconf 72' lang='lat' dir='ltr'><strong>Diu</strong></span> <span class='ocrx_word' id='word_1_705' title='bbox 868 4863 1049 4935; x_wconf 77' lang='lat' dir='ltr'><strong>vulgo</strong></span> <span class='ocrx_word' id='word_1_706' title='bbox 1075 4871 1324 4935; x_wconf 78' lang='lat' dir='ltr'><strong>vocatur,</strong></span> <span class='ocrx_word' id='word_1_707' title='bbox 1373 4861 1441 4935; x_wconf 86' lang='lat' dir='ltr'><strong>ad</strong></span> <span class='ocrx_word' id='word_1_708' title='bbox 1494 4863 1694 4917; x_wconf 86' lang='lat' dir='ltr'><strong>ostium</strong></span> <span class='ocrx_word' id='word_1_709' title='bbox 1738 4864 1862 4935; x_wconf 77' lang='lat' dir='ltr'><strong>ludi</strong></span> <span class='ocrx_word' id='word_1_710' title='bbox 1905 4862 2146 4935; x_wconf 85' lang='lat' dir='ltr'><strong>ﬂuminis</strong></span> 
     </span>
    </p>
   </div>
   <div class='ocr_carea' id='block_1_101' title="bbox 569 4933 2144 5006">
    <p class='ocr_par' dir='ltr' id='par_1_101' title="bbox 569 4933 2144 5006">
     <span class='ocr_line' id='line_1_102' title="bbox 569 4933 2144 5006; baseline -0.003 -14"><span class='ocrx_word' id='word_1_711' title='bbox 569 4933 693 5001; x_wconf 79' lang='lat' dir='ltr'><strong>sita,</strong></span> <span class='ocrx_word' id='word_1_712' title='bbox 730 4934 862 5006; x_wconf 79' lang='lat' dir='ltr'><strong>Regi</strong></span> <span class='ocrx_word' id='word_1_713' title='bbox 891 4933 1177 5006; x_wconf 62' lang='lat' dir='ltr'><strong>Catiibaiae</strong></span> <span class='ocrx_word' id='word_1_714' title='bbox 1208 4933 1442 5006; x_wconf 75' lang='lat' dir='ltr'><strong>obnoxia</strong></span> <span class='ocrx_word' id='word_1_715' title='bbox 1474 4951 1489 4988; x_wconf 91' lang='lat'><strong>:</strong></span> <span class='ocrx_word' id='word_1_716' title='bbox 1521 4947 1697 5006; x_wconf 75' lang='lat' dir='ltr'><strong>quam</strong></span> <span class='ocrx_word' id='word_1_717' title='bbox 1720 4934 1982 5006; x_wconf 77' lang='lat' dir='ltr'><strong>describit</strong></span> <span class='ocrx_word' id='word_1_718' title='bbox 2012 4933 2144 4989; x_wconf 80' lang='lat' dir='ltr'><strong>Hie-</strong></span> 
     </span>
    </p>
   </div>
   <div class='ocr_carea' id='block_1_102' title="bbox 574 5001 2146 5077">
    <p class='ocr_par' dir='ltr' id='par_1_102' title="bbox 574 5001 2146 5077">
     <span class='ocr_line' id='line_1_103' title="bbox 574 5001 2146 5077; baseline -0.001 -15"><span class='ocrx_word' id='word_1_719' title='bbox 574 5001 838 5077; x_wconf 73' lang='lat' dir='ltr'><strong>ronymus</strong></span> <span class='ocrx_word' id='word_1_720' title='bbox 879 5002 1194 5077; x_wconf 55' lang='lat' dir='ltr'><strong>Osci-iusin</strong></span> <span class='ocrx_word' id='word_1_721' title='bbox 1212 5003 1367 5077; x_wconf 77' lang='lat' dir='ltr'><strong>libro</strong></span> <span class='ocrx_word' id='word_1_722' title='bbox 1413 5020 1467 5059; x_wconf 76' lang='lat' dir='ltr'><strong>ix</strong></span> <span class='ocrx_word' id='word_1_723' title='bbox 1517 5001 1592 5058; x_wconf 82' lang='lat' dir='ltr'><strong>De</strong></span> <span class='ocrx_word' id='word_1_724' title='bbox 1622 5003 1775 5077; x_wconf 72' lang='lat' dir='ltr'><strong>rebus</strong></span> <span class='ocrx_word' id='word_1_725' title='bbox 1816 5004 2146 5077; x_wconf 78' lang='lat' dir='ltr'><strong>Emanuelis.</strong></span> 
     </span>
    </p>
   </div>
   <div class='ocr_carea' id='block_1_103' title="bbox 573 5074 2148 5147">
    <p class='ocr_par' dir='ltr' id='par_1_103' title="bbox 573 5074 2148 5147">
     <span class='ocr_line' id='line_1_104' title="bbox 573 5074 2148 5147; baseline -0.003 -13"><span class='ocrx_word' id='word_1_726' title='bbox 573 5074 727 5146; x_wconf 82' lang='lat' dir='ltr'><strong>Quod</strong></span> <span class='ocrx_word' id='word_1_727' title='bbox 756 5083 980 5147; x_wconf 86' lang='lat' dir='ltr'><strong>spectat</strong></span> <span class='ocrx_word' id='word_1_728' title='bbox 1006 5074 1072 5147; x_wconf 86' lang='lat' dir='ltr'><strong>ad</strong></span> <span class='ocrx_word' id='word_1_729' title='bbox 1107 5075 1447 5147; x_wconf 80' lang='lat' dir='ltr'><strong>Seriudivos,</strong></span> <span class='ocrx_word' id='word_1_730' title='bbox 1470 5076 1763 5147; x_wconf 29' lang='lat' dir='ltr'><strong>Lasscntior</strong></span> <span class='ocrx_word' id='word_1_731' title='bbox 1795 5076 1915 5133; x_wconf 87' lang='lat' dir='ltr'><strong>viro</strong></span> <span class='ocrx_word' id='word_1_732' title='bbox 1945 5077 2148 5133; x_wconf 81' lang='lat' dir='ltr'><strong>doctis-</strong></span> 
     </span>
    </p>
   </div>
   <div class='ocr_carea' id='block_1_104' title="bbox 572 5142 2148 5216">
    <p class='ocr_par' dir='ltr' id='par_1_104' title="bbox 572 5142 2148 5216">
     <span class='ocr_line' id='line_1_105' title="bbox 572 5142 2148 5216; baseline -0.003 -11"><span class='ocrx_word' id='word_1_733' title='bbox 572 5142 713 5205; x_wconf 78' lang='lat' dir='ltr'><strong>simo</strong></span> <span class='ocrx_word' id='word_1_734' title='bbox 746 5142 984 5202; x_wconf 71' lang='lat' dir='ltr'><strong>Stimueli</strong></span> <span class='ocrx_word' id='word_1_735' title='bbox 1022 5146 1313 5212; x_wconf 83' lang='lat' dir='ltr'><strong>Bocharto,</strong></span> <span class='ocrx_word' id='word_1_736' title='bbox 1343 5149 1434 5216; x_wconf 90' lang='lat' dir='ltr'><strong>qui</strong></span> <span class='ocrx_word' id='word_1_737' title='bbox 1465 5142 1781 5216; x_wconf 67' lang='lat' dir='ltr'><strong>Sci-iiidivos</strong></span> <span class='ocrx_word' id='word_1_738' title='bbox 1806 5149 1881 5202; x_wconf 89' lang='lat' dir='ltr'><strong>ait</strong></span> <span class='ocrx_word' id='word_1_739' title='bbox 1908 5164 2029 5204; x_wconf 87' lang='lat' dir='ltr'><strong>csso</strong></span> <span class='ocrx_word' id='word_1_740' title='bbox 2061 5148 2148 5202; x_wconf 88' lang='lat' dir='ltr'><strong>in-</strong></span> 
     </span>
    </p>
   </div>
   <div class='ocr_carea' id='block_1_105' title="bbox 573 5214 2149 5285">
    <p class='ocr_par' dir='ltr' id='par_1_105' title="bbox 573 5214 2149 5285">
     <span class='ocr_line' id='line_1_106' title="bbox 573 5214 2149 5285; baseline -0.003 -9"><span class='ocrx_word' id='word_1_741' title='bbox 573 5221 721 5276; x_wconf 87' lang='lat' dir='ltr'><strong>colas</strong></span> <span class='ocrx_word' id='word_1_742' title='bbox 755 5218 948 5275; x_wconf 70' lang='lat' dir='ltr'><strong>insula:</strong></span> <span class='ocrx_word' id='word_1_743' title='bbox 978 5216 1182 5282; x_wconf 86' lang='lat' dir='ltr'><strong>Seilan,</strong></span> <span class='ocrx_word' id='word_1_744' title='bbox 1226 5214 1434 5285; x_wconf 78' lang='lat' dir='ltr'><strong>quaeet</strong></span> <span class='ocrx_word' id='word_1_745' title='bbox 1461 5214 1727 5285; x_wconf 89' lang='lat' dir='ltr'><strong>Serandib</strong></span> <span class='ocrx_word' id='word_1_746' title='bbox 1754 5218 1985 5274; x_wconf 74' lang='lat' dir='ltr'><strong>Arabiae</strong></span> <span class='ocrx_word' id='word_1_747' title='bbox 2013 5219 2149 5274; x_wconf 87' lang='lat' dir='ltr'><strong>dici-</strong></span> 
     </span>
    </p>
   </div>
   <div class='ocr_carea' id='block_1_106' title="bbox 572 5284 2150 5357">
    <p class='ocr_par' dir='ltr' id='par_1_106' title="bbox 572 5284 2150 5357">
     <span class='ocr_line' id='line_1_107' title="bbox 572 5284 2150 5357; baseline -0.002 -10"><span class='ocrx_word' id='word_1_748' title='bbox 572 5302 682 5347; x_wconf 88' lang='lat' dir='ltr'><strong>tur.</strong></span> <span class='ocrx_word' id='word_1_749' title='bbox 731 5290 906 5355; x_wconf 85' lang='lat' dir='ltr'><strong>Quam</strong></span> <span class='ocrx_word' id='word_1_750' title='bbox 952 5288 1205 5357; x_wconf 78' lang='lat' dir='ltr'><strong>eamdem</strong></span> <span class='ocrx_word' id='word_1_751' title='bbox 1242 5284 1365 5340; x_wconf 85' lang='lat' dir='ltr'><strong>esse</strong></span> <span class='ocrx_word' id='word_1_752' title='bbox 1406 5300 1532 5340; x_wconf 92' lang='lat' dir='ltr'><strong>cum</strong></span> <span class='ocrx_word' id='word_1_753' title='bbox 1572 5284 1912 5357; x_wconf 83' lang='lat' dir='ltr'><strong>Taprobaue,</strong></span> <span class='ocrx_word' id='word_1_754' title='bbox 1961 5289 2150 5345; x_wconf 86' lang='lat' dir='ltr'><strong>multis</strong></span> 
     </span>
    </p>
   </div>
   <div class='ocr_carea' id='block_1_107' title="bbox 576 5356 2149 5433">
    <p class='ocr_par' dir='ltr' id='par_1_107' title="bbox 576 5356 2149 5433">
     <span class='ocr_line' id='line_1_108' title="bbox 576 5356 2149 5433; baseline -0.003 -16"><span class='ocrx_word' id='word_1_755' title='bbox 576 5360 915 5433; x_wconf 71' lang='lat' dir='ltr'><strong>argumentis</strong></span> <span class='ocrx_word' id='word_1_756' title='bbox 937 5358 1144 5433; x_wconf 83' lang='lat' dir='ltr'><strong>probat</strong></span> <span class='ocrx_word' id='word_1_757' title='bbox 1175 5356 1477 5433; x_wconf 79' lang='lat' dir='ltr'><strong>Bocliartus</strong></span> <span class='ocrx_word' id='word_1_758' title='bbox 1503 5357 1558 5411; x_wconf 89' lang='lat' dir='ltr'><strong>in</strong></span> <span class='ocrx_word' id='word_1_759' title='bbox 1587 5356 1726 5413; x_wconf 86' lang='lat' dir='ltr'><strong>libro</strong></span> <span class='ocrx_word' id='word_1_760' title='bbox 1751 5360 1929 5428; x_wconf 88' lang='lat' dir='ltr'><strong>primo</strong></span> <span class='ocrx_word' id='word_1_761' title='bbox 1959 5358 2032 5414; x_wconf 81' lang='lat' dir='ltr'><strong>De</strong></span> <span class='ocrx_word' id='word_1_762' title='bbox 2058 5374 2149 5413; x_wconf 87' lang='lat' dir='ltr'><strong>co-</strong></span> 
     </span>
    </p>
   </div>
   <div class='ocr_carea' id='block_1_108' title="bbox 572 5428 1537 5496">
    <p class='ocr_par' dir='ltr' id='par_1_108' title="bbox 572 5428 1537 5496">
     <span class='ocr_line' id='line_1_109' title="bbox 572 5428 1537 5496; baseline -0.005 -9"><span class='ocrx_word' id='word_1_763' title='bbox 572 5428 730 5489; x_wconf 49' lang='lat' dir='ltr'><strong>loniis</strong></span> <span class='ocrx_word' id='word_1_764' title='bbox 761 5430 1089 5495; x_wconf 75' lang='lat' dir='ltr'><strong>Phwm‘cum,</strong></span> <span class='ocrx_word' id='word_1_765' title='bbox 1121 5428 1296 5496; x_wconf 86' lang='lat' dir='ltr'><strong>capite</strong></span> <span class='ocrx_word' id='word_1_766' title='bbox 1329 5429 1537 5482; x_wconf 88' lang='lat' dir='ltr'><strong>ultimo.</strong></span> 
     </span>
    </p>
   </div>
   <div class='ocr_carea' id='block_1_109' title="bbox 643 5497 2153 5575">
    <p class='ocr_par' dir='ltr' id='par_1_109' title="bbox 643 5497 2153 5575">
     <span class='ocr_line' id='line_1_110' title="bbox 643 5497 2153 5575; baseline -0.003 -19"><span class='ocrx_word' id='word_1_767' title='bbox 643 5503 777 5575; x_wconf 64' lang='grc' dir='ltr'><strong>(ιᾷ)</strong></span> <span class='ocrx_word' id='word_1_768' title='bbox 805 5497 1292 5575; x_wconf 20' lang='grc' dir='ltr'>Ἐφόρου-,ᾆᾳαϐεἷν</span> <span class='ocrx_word' id='word_1_769' title='bbox 1310 5497 1470 5567; x_wconf 80' lang='grc' dir='ltr'>παρὰ</span> <span class='ocrx_word' id='word_1_770' title='bbox 1489 5498 1607 5575; x_wconf 61' lang='grc' dir='ltr'>τῶν</span> <span class='ocrx_word' id='word_1_771' title='bbox 1650 5498 1961 5575; x_wconf 55' lang='grc' dir='ltr'>ρμοδόξῳνξ</span> <span class='ocrx_word' id='word_1_772' title='bbox 1979 5497 2153 5575; x_wconf 60' lang='grc' dir='ltr'><strong>ἀξιω-</strong></span> 
     </span>
    </p>
   </div>
   <div class='ocr_carea' id='block_1_110' title="bbox 570 5569 2153 5644">
    <p class='ocr_par' dir='ltr' id='par_1_110' title="bbox 570 5569 2153 5644">
     <span class='ocr_line' id='line_1_111' title="bbox 570 5569 2153 5644; baseline -0.001 -18"><span class='ocrx_word' id='word_1_773' title='bbox 570 5569 676 5644; x_wconf 75' lang='grc' dir='ltr'>μα’.</span> <span class='ocrx_word' id='word_1_774' title='bbox 727 5569 779 5626; x_wconf 82' lang='lat' dir='ltr'><strong>ld</strong></span> <span class='ocrx_word' id='word_1_775' title='bbox 830 5586 924 5640; x_wconf 91' lang='lat' dir='ltr'><strong>per</strong></span> <span class='ocrx_word' id='word_1_776' title='bbox 971 5570 1227 5644; x_wconf 80' lang='lat' dir='ltr'><strong>invidiam</strong></span> <span class='ocrx_word' id='word_1_777' title='bbox 1246 5578 1408 5638; x_wconf 88' lang='lat' dir='ltr'><strong>atque</strong></span> <span class='ocrx_word' id='word_1_778' title='bbox 1427 5570 1827 5644; x_wconf 62' lang='lat' dir='ltr'><strong>aemulationem</strong></span> <span class='ocrx_word' id='word_1_779' title='bbox 1849 5571 1918 5644; x_wconf 82' lang='lat' dir='ltr'><strong>ab</strong></span> <span class='ocrx_word' id='word_1_780' title='bbox 1935 5569 2153 5644; x_wconf 73' lang='lat' dir='ltr'><strong>Ariariis</strong></span> 
     </span>
    </p>
   </div>
   <div class='ocr_carea' id='block_1_111' title="bbox 578 5640 2151 5711">
    <p class='ocr_par' dir='ltr' id='par_1_111' title="bbox 578 5640 2151 5711">
     <span class='ocr_line' id='line_1_112' title="bbox 578 5640 2151 5711; baseline -0.003 -14"><span class='ocrx_word' id='word_1_781' title='bbox 578 5640 782 5697; x_wconf 78' lang='lat' dir='ltr'><strong>factum</strong></span> <span class='ocrx_word' id='word_1_782' title='bbox 829 5656 951 5696; x_wconf 77' lang='lat' dir='ltr'><strong>esse</strong></span> <span class='ocrx_word' id='word_1_783' title='bbox 992 5641 1220 5711; x_wconf 52' lang='lat' dir='ltr'><strong>opinor;</strong></span> <span class='ocrx_word' id='word_1_784' title='bbox 1279 5655 1405 5694; x_wconf 89' lang='lat' dir='ltr'><strong>nam</strong></span> <span class='ocrx_word' id='word_1_785' title='bbox 1456 5654 1579 5693; x_wconf 91' lang='lat' dir='ltr'><strong>cum</strong></span> <span class='ocrx_word' id='word_1_786' title='bbox 1616 5640 1948 5696; x_wconf 88' lang='lat' dir='ltr'><strong>Athanasius</strong></span> <span class='ocrx_word' id='word_1_787' title='bbox 1989 5642 2151 5710; x_wconf 81' lang='lat' dir='ltr'><strong>paulo</strong></span> 
     </span>
    </p>
   </div>
   <div class='ocr_carea' id='block_1_112' title="bbox 580 5708 2152 5780">
    <p class='ocr_par' dir='ltr' id='par_1_112' title="bbox 580 5708 2152 5780">
     <span class='ocr_line' id='line_1_113' title="bbox 580 5708 2152 5780; baseline -0.002 -13"><span class='ocrx_word' id='word_1_788' title='bbox 580 5720 706 5767; x_wconf 85' lang='lat' dir='ltr'><strong>ante</strong></span> <span class='ocrx_word' id='word_1_789' title='bbox 734 5715 852 5780; x_wconf 13' lang='lat' dir='ltr'><strong>haec,</strong></span> <span class='ocrx_word' id='word_1_790' title='bbox 886 5708 1129 5779; x_wconf 81' lang='lat' dir='ltr'><strong>tempora</strong></span> <span class='ocrx_word' id='word_1_791' title='bbox 1164 5708 1538 5764; x_wconf 88' lang='lat' dir='ltr'><strong>Frumentium</strong></span> <span class='ocrx_word' id='word_1_792' title='bbox 1580 5711 1906 5780; x_wconf 79' lang='lat' dir='ltr'><strong>catholicum</strong></span> <span class='ocrx_word' id='word_1_793' title='bbox 1940 5708 2152 5780; x_wconf 75' lang='lat' dir='ltr'><strong>episco-</strong></span> 
     </span>
    </p>
   </div>
   <div class='ocr_carea' id='block_1_113' title="bbox 582 5779 2150 5853">
    <p class='ocr_par' dir='ltr' id='par_1_113' title="bbox 582 5779 2150 5853">
     <span class='ocr_line' id='line_1_114' title="bbox 582 5779 2150 5853; baseline 0.001 -16"><span class='ocrx_word' id='word_1_794' title='bbox 582 5793 710 5853; x_wconf 77' lang='lat' dir='ltr'><strong>pum</strong></span> <span class='ocrx_word' id='word_1_795' title='bbox 738 5781 805 5836; x_wconf 85' lang='lat' dir='ltr'><strong>ad</strong></span> <span class='ocrx_word' id='word_1_796' title='bbox 831 5779 1114 5838; x_wconf 72' lang='lat' dir='ltr'><strong>Axuinitas</strong></span> <span class='ocrx_word' id='word_1_797' title='bbox 1145 5780 1402 5849; x_wconf 75' lang='lat' dir='ltr'><strong>misisset,</strong></span> <span class='ocrx_word' id='word_1_798' title='bbox 1435 5791 1492 5835; x_wconf 91' lang='lat' dir='ltr'><strong>ut</strong></span> <span class='ocrx_word' id='word_1_799' title='bbox 1521 5796 1582 5837; x_wconf 75' lang='lat' dir='ltr'><strong>ex</strong></span> <span class='ocrx_word' id='word_1_800' title='bbox 1617 5779 1813 5837; x_wconf 75' lang='lat' dir='ltr'><strong>Rufino</strong></span> <span class='ocrx_word' id='word_1_801' title='bbox 1844 5779 2008 5838; x_wconf 82' lang='lat' dir='ltr'><strong>refert</strong></span> <span class='ocrx_word' id='word_1_802' title='bbox 2047 5782 2150 5839; x_wconf 73' lang='lat' dir='ltr'><strong>So-</strong></span> 
     </span>
    </p>
   </div>
   <div class='ocr_carea' id='block_1_114' title="bbox 2319 4581 3841 4655">
    <p class='ocr_par' dir='ltr' id='par_1_114' title="bbox 2319 4581 3841 4655">
     <span class='ocr_line' id='line_1_115' title="bbox 2319 4581 3841 4655; baseline 0.001 -17"><span class='ocrx_word' id='word_1_803' title='bbox 2319 4587 2429 4655; x_wconf 74' lang='grc'><strong>(44)</strong></span> <span class='ocrx_word' id='word_1_804' title='bbox 2451 4587 2556 4655; x_wconf 69' lang='grc' dir='ltr'><strong>Εἰς</strong></span> <span class='ocrx_word' id='word_1_805' title='bbox 2581 4584 2647 4640; x_wconf 82' lang='grc' dir='ltr'>τὸ</span> <span class='ocrx_word' id='word_1_806' title='bbox 2676 4581 2996 4639; x_wconf 72' lang='grc' dir='ltr'>κάλλιστα.</span> <span class='ocrx_word' id='word_1_807' title='bbox 3023 4583 3247 4639; x_wconf 84' lang='lat' dir='ltr'><strong>Rectius</strong></span> <span class='ocrx_word' id='word_1_808' title='bbox 3277 4583 3331 4637; x_wconf 86' lang='lat' dir='ltr'><strong>in</strong></span> <span class='ocrx_word' id='word_1_809' title='bbox 3355 4581 3544 4638; x_wconf 87' lang='lat' dir='ltr'><strong>codice</strong></span> <span class='ocrx_word' id='word_1_810' title='bbox 3573 4581 3841 4655; x_wconf 71' lang='lat' dir='ltr'><strong>Bocharti</strong></span> 
     </span>
    </p>
   </div>
   <div class='ocr_carea' id='block_1_115' title="bbox 2246 4649 3842 4726">
    <p class='ocr_par' dir='ltr' id='par_1_115' title="bbox 2246 4649 3842 4726">
     <span class='ocr_line' id='line_1_116' title="bbox 2246 4649 3842 4726; baseline 0 -16"><span class='ocrx_word' id='word_1_811' title='bbox 2246 4649 2441 4726; x_wconf 82' lang='lat' dir='ltr'><strong>legitur</strong></span> <span class='ocrx_word' id='word_1_812' title='bbox 2466 4649 2546 4717; x_wconf 74' lang='grc' dir='ltr'>εἰς</span> <span class='ocrx_word' id='word_1_813' title='bbox 2566 4656 2629 4709; x_wconf 85' lang='grc' dir='ltr'>τὸ</span> <span class='ocrx_word' id='word_1_814' title='bbox 2665 4655 2900 4726; x_wconf 81' lang='grc' dir='ltr'>μάλιστα</span> <span class='ocrx_word' id='word_1_815' title='bbox 2922 4655 3341 4726; x_wconf 79' lang='grc' dir='ltr'>κεχαρισμένον,</span> <span class='ocrx_word' id='word_1_816' title='bbox 3369 4649 3842 4726; x_wconf 71' lang='lat' dir='ltr'><strong>quemadmodum</strong></span> 
     </span>
    </p>
   </div>
   <div class='ocr_carea' id='block_1_116' title="bbox 2247 4723 3722 4794">
    <p class='ocr_par' dir='ltr' id='par_1_116' title="bbox 2247 4723 3722 4794">
     <span class='ocr_line' id='line_1_117' title="bbox 2247 4723 3722 4794; baseline 0 -13"><span class='ocrx_word' id='word_1_817' title='bbox 2247 4723 2408 4781; x_wconf 83' lang='lat' dir='ltr'><strong>etiam</strong></span> <span class='ocrx_word' id='word_1_818' title='bbox 2445 4723 2709 4794; x_wconf 70' lang='lat' dir='ltr'><strong>scripturn</strong></span> <span class='ocrx_word' id='word_1_819' title='bbox 2742 4734 2826 4780; x_wconf 87' lang='lat' dir='ltr'><strong>est</strong></span> <span class='ocrx_word' id='word_1_820' title='bbox 2858 4723 2999 4794; x_wconf 88' lang='lat' dir='ltr'><strong>apud</strong></span> <span class='ocrx_word' id='word_1_821' title='bbox 3014 4723 3389 4794; x_wconf 79' lang='lat' dir='ltr'><strong>Nicephorum</strong></span> <span class='ocrx_word' id='word_1_822' title='bbox 3423 4724 3477 4776; x_wconf 89' lang='lat' dir='ltr'><strong>in</strong></span> <span class='ocrx_word' id='word_1_823' title='bbox 3511 4723 3607 4777; x_wconf 89' lang='lat' dir='ltr'><strong>lib.</strong></span> <span class='ocrx_word' id='word_1_824' title='bbox 3646 4739 3722 4781; x_wconf 82' lang='lat' dir='ltr'><strong>ix.</strong></span> 
     </span>
    </p>
   </div>
   <div class='ocr_carea' id='block_1_117' title="bbox 2318 4741 3844 4866">
    <p class='ocr_par' dir='ltr' id='par_1_117' title="bbox 2318 4741 3844 4866">
     <span class='ocr_line' id='line_1_118' title="bbox 2320 4741 3722 4794; baseline 0.001 -14"><span class='ocrx_word' id='word_1_825' title='bbox 2320 4742 2408 4780; x_wconf 83' lang='lat' dir='ltr'><strong>am</strong></span> <span class='ocrx_word' id='word_1_826' title='bbox 2445 4742 2550 4781; x_wconf 86' lang='lat' dir='ltr'><strong>seri</strong></span> <span class='ocrx_word' id='word_1_827' title='bbox 2594 4741 2709 4781; x_wconf 89' lang='lat' dir='ltr'><strong>tum</strong></span> <span class='ocrx_word' id='word_1_828' title='bbox 2742 4741 2826 4780; x_wconf 87' lang='lat' dir='ltr'><strong>est</strong></span> <span class='ocrx_word' id='word_1_829' title='bbox 2858 4741 2999 4794; x_wconf 81' lang='lat' dir='ltr'><strong>apud</strong></span> <span class='ocrx_word' id='word_1_830' title='bbox 3022 4741 3389 4793; x_wconf 77' lang='lat' dir='ltr'><strong>mcepnorum</strong></span> <span class='ocrx_word' id='word_1_831' title='bbox 3423 4741 3477 4776; x_wconf 84' lang='lat' dir='ltr'><strong>in</strong></span> <span class='ocrx_word' id='word_1_832' title='bbox 3511 4741 3607 4777; x_wconf 84' lang='lat' dir='ltr'><strong>un.</strong></span> <span class='ocrx_word' id='word_1_833' title='bbox 3646 4741 3722 4781; x_wconf 82' lang='lat' dir='ltr'><strong>ix.</strong></span> 
     </span>
     <span class='ocr_line' id='line_1_119' title="bbox 2318 4741 3844 4866; baseline 0.001 -17"><span class='ocrx_word' id='word_1_834' title='bbox 2318 4796 2431 4866; x_wconf 70' lang='grc'><strong>(45)</strong></span> <span class='ocrx_word' id='word_1_835' title='bbox 2467 4741 2592 4849; x_wconf 54' lang='lat' dir='ltr'><strong>Kay</strong></span> <span class='ocrx_word' id='word_1_836' title='bbox 2615 4796 2824 4850; x_wconf 80' lang='grc' dir='ltr'>ἀκοντὶ</span> <span class='ocrx_word' id='word_1_837' title='bbox 2854 4794 3214 4850; x_wconf 65' lang='grc' dir='ltr'><strong>ἀναπλέων.</strong></span> <span class='ocrx_word' id='word_1_838' title='bbox 3262 4793 3321 4866; x_wconf 78' lang='grc' dir='ltr'>ιιι</span> <span class='ocrx_word' id='word_1_839' title='bbox 3364 4809 3467 4866; x_wconf 88' lang='lat' dir='ltr'><strong>ms.</strong></span> <span class='ocrx_word' id='word_1_840' title='bbox 3493 4794 3694 4866; x_wconf 77' lang='lat' dir='ltr'><strong>codice</strong></span> <span class='ocrx_word' id='word_1_841' title='bbox 3725 4792 3844 4851; x_wconf 84' lang='lat' dir='ltr'><strong>Sa-</strong></span> 
     </span>
    </p>
   </div>
   <div class='ocr_carea' id='block_1_118' title="bbox 2249 4864 3847 4937">
    <p class='ocr_par' dir='ltr' id='par_1_118' title="bbox 2249 4864 3847 4937">
     <span class='ocr_line' id='line_1_120' title="bbox 2249 4864 3847 4937; baseline -0.001 -16"><span class='ocrx_word' id='word_1_842' title='bbox 2249 4864 2449 4922; x_wconf 82' lang='lat' dir='ltr'><strong>muelis</strong></span> <span class='ocrx_word' id='word_1_843' title='bbox 2492 4866 2746 4921; x_wconf 77' lang='lat' dir='ltr'><strong>Bocharti</strong></span> <span class='ocrx_word' id='word_1_844' title='bbox 2793 4868 3059 4937; x_wconf 76' lang='lat' dir='ltr'><strong>scriptum</strong></span> <span class='ocrx_word' id='word_1_845' title='bbox 3100 4865 3304 4930; x_wconf 88' lang='lat' dir='ltr'><strong>inveni,</strong></span> <span class='ocrx_word' id='word_1_846' title='bbox 3342 4865 3438 4937; x_wconf 74' lang='grc' dir='ltr'><strong>καὶ</strong></span> <span class='ocrx_word' id='word_1_847' title='bbox 3462 4864 3616 4937; x_wconf 37' lang='grc' dir='ltr'>-ᾇκον</span> <span class='ocrx_word' id='word_1_848' title='bbox 3642 4864 3706 4937; x_wconf 67' lang='grc' dir='ltr'>τὸ</span> <span class='ocrx_word' id='word_1_849' title='bbox 3741 4868 3847 4920; x_wconf 83' lang='grc' dir='ltr'><strong>ἀν-</strong></span> 
     </span>
    </p>
   </div>
   <div class='ocr_carea' id='block_1_119' title="bbox 2247 4934 3847 5005">
    <p class='ocr_par' dir='ltr' id='par_1_119' title="bbox 2247 4934 3847 5005">
     <span class='ocr_line' id='line_1_121' title="bbox 2247 4934 3847 5005; baseline 0.001 -14"><span class='ocrx_word' id='word_1_850' title='bbox 2247 4937 2464 4991; x_wconf 82' lang='grc' dir='ltr'>τιπνέον</span> <span class='ocrx_word' id='word_1_851' title='bbox 2512 4937 2727 4990; x_wconf 87' lang='grc' dir='ltr'>κατέδυ.</span> <span class='ocrx_word' id='word_1_852' title='bbox 2778 4934 2926 5002; x_wconf 61' lang='grc' dir='ltr'>ριιτιί</span> <span class='ocrx_word' id='word_1_853' title='bbox 2954 4938 3114 4992; x_wconf 74' lang='lat' dir='ltr'><strong>lertio</strong></span> <span class='ocrx_word' id='word_1_854' title='bbox 3160 4937 3350 5004; x_wconf 91' lang='lat' dir='ltr'><strong>procul</strong></span> <span class='ocrx_word' id='word_1_855' title='bbox 3384 4934 3554 5005; x_wconf 85' lang='lat' dir='ltr'><strong>dubio</strong></span> <span class='ocrx_word' id='word_1_856' title='bbox 3598 4936 3847 5005; x_wconf 67' lang='lat' dir='ltr'><strong>vulgata:</strong></span> 
     </span>
    </p>
   </div>
   <div class='ocr_carea' id='block_1_120' title="bbox 2251 5004 3847 5078">
    <p class='ocr_par' dir='ltr' id='par_1_120' title="bbox 2251 5004 3847 5078">
     <span class='ocr_line' id='line_1_122' title="bbox 2251 5004 3847 5078; baseline 0 -17"><span class='ocrx_word' id='word_1_857' title='bbox 2251 5006 2590 5078; x_wconf 65' lang='lat' dir='ltr'><strong>praeferenda</strong></span> <span class='ocrx_word' id='word_1_858' title='bbox 2615 5016 2717 5061; x_wconf 90' lang='lat' dir='ltr'><strong>est.</strong></span> <span class='ocrx_word' id='word_1_859' title='bbox 2750 5005 2936 5078; x_wconf 83' lang='lat' dir='ltr'><strong>Neque</strong></span> <span class='ocrx_word' id='word_1_860' title='bbox 2966 5008 3111 5078; x_wconf 87' lang='lat' dir='ltr'><strong>enim</strong></span> <span class='ocrx_word' id='word_1_861' title='bbox 3138 5005 3444 5060; x_wconf 80' lang='grc' dir='ltr'>ἁντιπλέων</span> <span class='ocrx_word' id='word_1_862' title='bbox 3471 5004 3660 5078; x_wconf 72' lang='lat' dir='ltr'><strong>Grazce</strong></span> <span class='ocrx_word' id='word_1_863' title='bbox 3696 5004 3847 5061; x_wconf 85' lang='lat' dir='ltr'><strong>dici-</strong></span> 
     </span>
    </p>
   </div>
   <div class='ocr_carea' id='block_1_121' title="bbox 2251 5076 3844 5147">
    <p class='ocr_par' dir='ltr' id='par_1_121' title="bbox 2251 5076 3844 5147">
     <span class='ocr_line' id='line_1_123' title="bbox 2251 5076 3844 5147; baseline 0.001 -15"><span class='ocrx_word' id='word_1_864' title='bbox 2251 5076 2372 5147; x_wconf 83' lang='lat' dir='ltr'><strong>tur;</strong></span> <span class='ocrx_word' id='word_1_865' title='bbox 2420 5088 2515 5132; x_wconf 89' lang='lat' dir='ltr'><strong>aut</strong></span> <span class='ocrx_word' id='word_1_866' title='bbox 2551 5077 2597 5133; x_wconf 88' lang='lat' dir='ltr'><strong>si</strong></span> <span class='ocrx_word' id='word_1_867' title='bbox 2628 5079 2828 5132; x_wconf 82' lang='lat' dir='ltr'><strong>dicitur</strong></span> <span class='ocrx_word' id='word_1_868' title='bbox 2848 5076 3164 5143; x_wconf 71' lang='grc' dir='ltr'>’ἀντιπλέον,</span> <span class='ocrx_word' id='word_1_869' title='bbox 3212 5092 3319 5132; x_wconf 95' lang='lat' dir='ltr'><strong>non</strong></span> <span class='ocrx_word' id='word_1_870' title='bbox 3352 5076 3609 5132; x_wconf 62' lang='lat' dir='ltr'><strong>convenit</strong></span> <span class='ocrx_word' id='word_1_871' title='bbox 3648 5084 3844 5133; x_wconf 86' lang='lat' dir='ltr'><strong>tamen</strong></span> 
     </span>
    </p>
   </div>
   <div class='ocr_carea' id='block_1_122' title="bbox 2253 5147 3842 5218">
    <p class='ocr_par' dir='ltr' id='par_1_122' title="bbox 2253 5147 3842 5218">
     <span class='ocr_line' id='line_1_124' title="bbox 2253 5147 3842 5218; baseline 0 -14"><span class='ocrx_word' id='word_1_872' title='bbox 2253 5149 2380 5204; x_wconf 83' lang='lat' dir='ltr'><strong>huic</strong></span> <span class='ocrx_word' id='word_1_873' title='bbox 2403 5147 2766 5218; x_wconf 82' lang='lat' dir='ltr'><strong>loco._Posset</strong></span> <span class='ocrx_word' id='word_1_874' title='bbox 2797 5150 2961 5203; x_wconf 85' lang='lat' dir='ltr'><strong>etiam</strong></span> <span class='ocrx_word' id='word_1_875' title='bbox 2993 5149 3095 5218; x_wconf 85' lang='lat' dir='ltr'><strong>legi</strong></span> <span class='ocrx_word' id='word_1_876' title='bbox 3128 5151 3224 5201; x_wconf 82' lang='grc' dir='ltr'>καὶ</span> <span class='ocrx_word' id='word_1_877' title='bbox 3252 5147 3399 5218; x_wconf 62' lang='grc' dir='ltr'>ἆτεαν</span> <span class='ocrx_word' id='word_1_878' title='bbox 3423 5147 3485 5201; x_wconf 87' lang='grc' dir='ltr'><strong>τὸ</strong></span> <span class='ocrx_word' id='word_1_879' title='bbox 3523 5148 3842 5205; x_wconf 81' lang='grc' dir='ltr'>ἀντιπνέον.</span> 
     </span>
    </p>
   </div>
   <div class='ocr_carea' id='block_1_123' title="bbox 2254 5216 3848 5287">
    <p class='ocr_par' dir='ltr' id='par_1_123' title="bbox 2254 5216 3848 5287">
     <span class='ocr_line' id='line_1_125' title="bbox 2254 5216 3848 5287; baseline -0.001 -14"><span class='ocrx_word' id='word_1_880' title='bbox 2254 5219 2422 5274; x_wconf 88' lang='lat' dir='ltr'><strong>Porro</strong></span> <span class='ocrx_word' id='word_1_881' title='bbox 2452 5220 2519 5274; x_wconf 89' lang='lat' dir='ltr'><strong>de</strong></span> <span class='ocrx_word' id='word_1_882' title='bbox 2551 5216 2861 5274; x_wconf 66' lang='lat' dir='ltr'><strong>Iudaeorum</strong></span> <span class='ocrx_word' id='word_1_883' title='bbox 2908 5216 3137 5283; x_wconf 77' lang='lat' dir='ltr'><strong>malitia,</strong></span> <span class='ocrx_word' id='word_1_884' title='bbox 3168 5220 3262 5287; x_wconf 90' lang='lat' dir='ltr'><strong>qui</strong></span> <span class='ocrx_word' id='word_1_885' title='bbox 3304 5217 3592 5287; x_wconf 86' lang='lat' dir='ltr'><strong>Theophili</strong></span> <span class='ocrx_word' id='word_1_886' title='bbox 3637 5220 3848 5287; x_wconf 63' lang='lat' dir='ltr'><strong>praedi-</strong></span> 
     </span>
    </p>
   </div>
   <div class='ocr_carea' id='block_1_124' title="bbox 2252 5286 3845 5357">
    <p class='ocr_par' dir='ltr' id='par_1_124' title="bbox 2252 5286 3845 5357">
     <span class='ocr_line' id='line_1_126' title="bbox 2252 5286 3845 5357; baseline -0.001 -12"><span class='ocrx_word' id='word_1_887' title='bbox 2252 5289 2453 5347; x_wconf 80' lang='lat' dir='ltr'><strong>eationi</strong></span> <span class='ocrx_word' id='word_1_888' title='bbox 2485 5289 2844 5355; x_wconf 85' lang='lat' dir='ltr'><strong>obsistebant,</strong></span> <span class='ocrx_word' id='word_1_889' title='bbox 2872 5299 3103 5346; x_wconf 88' lang='lat' dir='ltr'><strong>testatur</strong></span> <span class='ocrx_word' id='word_1_890' title='bbox 3135 5286 3299 5357; x_wconf 78' lang='lat' dir='ltr'><strong>etiam</strong></span> <span class='ocrx_word' id='word_1_891' title='bbox 3347 5286 3745 5357; x_wconf 78' lang='lat' dir='ltr'><strong>Metaphrastes</strong></span> <span class='ocrx_word' id='word_1_892' title='bbox 3780 5290 3845 5345; x_wconf 87' lang='lat' dir='ltr'><strong>in</strong></span> 
     </span>
    </p>
   </div>
   <div class='ocr_carea' id='block_1_125' title="bbox 2254 5358 3843 5430">
    <p class='ocr_par' dir='ltr' id='par_1_125' title="bbox 2254 5358 3843 5430">
     <span class='ocr_line' id='line_1_127' title="bbox 2254 5358 3843 5430; baseline 0.001 -16"><span class='ocrx_word' id='word_1_893' title='bbox 2254 5359 2518 5430; x_wconf 66' lang='lat' dir='ltr'><strong>Mai-tyrio</strong></span> <span class='ocrx_word' id='word_1_894' title='bbox 2539 5358 2605 5430; x_wconf 65' lang='grc' dir='ltr'><strong>β.</strong></span> <span class='ocrx_word' id='word_1_895' title='bbox 2636 5360 2842 5415; x_wconf 65' lang='lat' dir='ltr'><strong>Aret/ta:</strong></span> <span class='ocrx_word' id='word_1_896' title='bbox 2879 5369 2928 5415; x_wconf 83' lang='lat' dir='ltr'><strong>et</strong></span> <span class='ocrx_word' id='word_1_897' title='bbox 2965 5361 3229 5415; x_wconf 75' lang='lat' dir='ltr'><strong>sociorum</strong></span> <span class='ocrx_word' id='word_1_898' title='bbox 3250 5375 3269 5413; x_wconf 91' lang='lat'><strong><em>:</em></strong></span> <span class='ocrx_word' id='word_1_899' title='bbox 3295 5361 3453 5429; x_wconf 89' lang='lat' dir='ltr'><strong>cujus</strong></span> <span class='ocrx_word' id='word_1_900' title='bbox 3490 5358 3669 5430; x_wconf 60' lang='lat' dir='ltr'><strong>legum</strong></span> <span class='ocrx_word' id='word_1_901' title='bbox 3712 5359 3843 5428; x_wconf 87' lang='lat' dir='ltr'><strong>jam</strong></span> 
     </span>
    </p>
   </div>
   <div class='ocr_carea' id='block_1_126' title="bbox 2252 5427 3844 5501">
    <p class='ocr_par' dir='ltr' id='par_1_126' title="bbox 2252 5427 3844 5501">
     <span class='ocr_line' id='line_1_128' title="bbox 2252 5427 3844 5501; baseline 0.001 -17"><span class='ocrx_word' id='word_1_902' title='bbox 2252 5427 2479 5501; x_wconf 57' lang='lat' dir='ltr'><strong>prom&#39;lit</strong></span> <span class='ocrx_word' id='word_1_903' title='bbox 2524 5428 2889 5487; x_wconf 80' lang='lat' dir='ltr'><strong>Gothofredus</strong></span> <span class='ocrx_word' id='word_1_904' title='bbox 2922 5431 2983 5501; x_wconf 11' lang='lat' dir='ltr'><strong>in,</strong></span> <span class='ocrx_word' id='word_1_905' title='bbox 3006 5427 3485 5501; x_wconf 81' lang='lat' dir='ltr'><strong>Annotationibus.</strong></span> <span class='ocrx_word' id='word_1_906' title='bbox 3521 5427 3632 5483; x_wconf 85' lang='lat' dir='ltr'><strong>Nec</strong></span> <span class='ocrx_word' id='word_1_907' title='bbox 3662 5427 3844 5499; x_wconf 88' lang='lat' dir='ltr'><strong>quid-</strong></span> 
     </span>
    </p>
   </div>
   <div class='ocr_carea' id='block_1_127' title="bbox 2252 5499 3843 5571">
    <p class='ocr_par' dir='ltr' id='par_1_127' title="bbox 2252 5499 3843 5571">
     <span class='ocr_line' id='line_1_129' title="bbox 2252 5499 3843 5571; baseline 0 -16"><span class='ocrx_word' id='word_1_908' title='bbox 2252 5499 2416 5571; x_wconf 82' lang='lat' dir='ltr'><strong>quam</strong></span> <span class='ocrx_word' id='word_1_909' title='bbox 2443 5516 2626 5556; x_wconf 72' lang='lat' dir='ltr'><strong>causa:</strong></span> <span class='ocrx_word' id='word_1_910' title='bbox 2653 5511 2791 5569; x_wconf 88' lang='lat' dir='ltr'><strong>erat,</strong></span> <span class='ocrx_word' id='word_1_911' title='bbox 2823 5518 2921 5558; x_wconf 91' lang='lat' dir='ltr'><strong>cur</strong></span> <span class='ocrx_word' id='word_1_912' title='bbox 2949 5499 3318 5557; x_wconf 89' lang='lat' dir='ltr'><strong>Gothofredus</strong></span> <span class='ocrx_word' id='word_1_913' title='bbox 3348 5500 3621 5555; x_wconf 85' lang='lat' dir='ltr'><strong>dubitaret</strong></span> <span class='ocrx_word' id='word_1_914' title='bbox 3643 5509 3843 5555; x_wconf 87' lang='lat' dir='ltr'><strong>utrum</strong></span> 
     </span>
    </p>
   </div>
   <div class='ocr_carea' id='block_1_128' title="bbox 2253 5570 3847 5641">
    <p class='ocr_par' dir='ltr' id='par_1_128' title="bbox 2253 5570 3847 5641">
     <span class='ocr_line' id='line_1_130' title="bbox 2253 5570 3847 5641; baseline -0.001 -13"><span class='ocrx_word' id='word_1_915' title='bbox 2253 5570 2283 5628; x_wconf 70' lang='grc' dir='ltr'><strong>ε</strong></span> <span class='ocrx_word' id='word_1_916' title='bbox 2308 5571 2693 5641; x_wconf 83' lang='lat' dir='ltr'><strong>Pbilostorgio,</strong></span> <span class='ocrx_word' id='word_1_917' title='bbox 2728 5588 2796 5627; x_wconf 87' lang='lat' dir='ltr'><strong>an</strong></span> <span class='ocrx_word' id='word_1_918' title='bbox 2826 5587 2893 5628; x_wconf 77' lang='lat' dir='ltr'><strong>ex</strong></span> <span class='ocrx_word' id='word_1_919' title='bbox 2924 5570 3230 5641; x_wconf 83' lang='lat' dir='ltr'><strong>Niceplioro</strong></span> <span class='ocrx_word' id='word_1_920' title='bbox 3266 5572 3637 5625; x_wconf 89' lang='lat' dir='ltr'><strong>narrationem</strong></span> <span class='ocrx_word' id='word_1_921' title='bbox 3683 5571 3847 5626; x_wconf 86' lang='lat' dir='ltr'><strong>illam</strong></span> 
     </span>
    </p>
   </div>
   <div class='ocr_carea' id='block_1_129' title="bbox 2255 5641 3847 5716">
    <p class='ocr_par' dir='ltr' id='par_1_129' title="bbox 2255 5641 3847 5716">
     <span class='ocr_line' id='line_1_131' title="bbox 2255 5641 3847 5716; baseline 0.001 -19"><span class='ocrx_word' id='word_1_922' title='bbox 2255 5643 2530 5716; x_wconf 83' lang='lat' dir='ltr'><strong>hausisset</strong></span> <span class='ocrx_word' id='word_1_923' title='bbox 2582 5641 3014 5716; x_wconf 22' lang='lat' dir='ltr'><strong>AMctaplirastcs,</strong></span> <span class='ocrx_word' id='word_1_924' title='bbox 3071 5656 3197 5716; x_wconf 84' lang='lat' dir='ltr'><strong>cum</strong></span> <span class='ocrx_word' id='word_1_925' title='bbox 3251 5641 3607 5713; x_wconf 78' lang='lat' dir='ltr'><strong>;Nicephorus</strong></span> <span class='ocrx_word' id='word_1_926' title='bbox 3673 5641 3847 5716; x_wconf 83' lang='lat' dir='ltr'><strong>longe</strong></span> 
     </span>
    </p>
   </div>
   <div class='ocr_carea' id='block_1_130' title="bbox 2255 5712 3335 5785">
    <p class='ocr_par' dir='ltr' id='par_1_130' title="bbox 2255 5712 3335 5785">
     <span class='ocr_line' id='line_1_132' title="bbox 2255 5712 3335 5785; baseline 0 -17"><span class='ocrx_word' id='word_1_927' title='bbox 2255 5714 2523 5783; x_wconf 83' lang='lat' dir='ltr'><strong>posterior</strong></span> <span class='ocrx_word' id='word_1_928' title='bbox 2550 5713 2621 5773; x_wconf 87' lang='lat' dir='ltr'><strong>sit</strong></span> <span class='ocrx_word' id='word_1_929' title='bbox 2659 5712 2924 5785; x_wconf 69' lang='lat' dir='ltr'><strong>Sylneone</strong></span> <span class='ocrx_word' id='word_1_930' title='bbox 2950 5712 3335 5784; x_wconf 84' lang='lat' dir='ltr'><strong>Metaphraste.</strong></span> 
     </span>
    </p>
   </div>
  </div>
