4062 6332
522 367 630 425 499

1898 361 2386 422 Ρηιιοετοιιυιι

3684 361 3788 420 500

525 488 780 531 sermone
815 473 1105 541 celebrata,
1136 474 1280 546 apud
1332 489 1428 533 eos
1475 474 1743 532 nascitur.
1799 476 2100 534 Psittacum

2208 476 2301 530 καὶ
2331 476 2430 546 τὴν
2464 472 2694 546 σιτάκην
2731 469 2947 528 ἐκεῖθεν
2985 472 3151 545 ἴσμεν
3189 470 3580 544 κομιζομένην,
3618 473 3649 528 δ
3681 477 3789 531 τῶν

524 581 747 638 quoque
769 567 895 621 inde
921 567 1146 621 allatum
1171 564 1300 631 vidi,
1336 567 1484 638 quod
1516 583 1689 638 genus
1725 569 1844 624 avis
1888 579 1972 624 est
2016 569 2099 623 Io-

525 659 943 728 quacissimum,
980 667 1035 712 et
1066 657 1134 712 ad
1181 657 1333 713 vocis
1386 660 1642 714 humanae
1689 661 2100 715 similitudinem

529 750 773 819 proxime
811 750 1097 812 accedens;
1148 749 1450 816 variegatas
1484 762 1741 820 praeterea
1780 766 1844 806 ac
1887 752 2102 821 punctis

531 841 821 895 distinctas
853 854 1002 901 aves,
1039 855 1176 906 quas
1203 840 1369 910 vulgo
1416 843 1823 912 garamantidas
1886 855 2100 909 vocant,

524 933 748 987 nomine
775 931 854 984 cis
887 931 1059 984 indito
1086 947 1151 984 ex
1186 941 1369 1002 gente,
1394 949 1460 987 ex
1489 949 1596 1003 qua
1634 935 1880 1004 plurimae
1909 934 1974 990 ad
2003 950 2102 991 nos

525 1021 898 1090 deportantur.
927 1019 1045 1073 Alia
1076 1019 1312 1090 denique
1351 1015 1634 1092 complura
1670 1026 1925 1079 animalia
1965 1027 2101 1080 citra

525 1111 954 1167 controversiam
985 1111 1185 1166 eximia
1219 1113 1291 1166 ibi
1323 1115 1671 1182 proveniunt,
1699 1133 1930 1185 quorum
1957 1119 2101 1172 mulo

526 1200 809 1256 titudinem
853 1215 1137 1257 recensere
1183 1219 1422 1273 praesens
1467 1207 1710 1261 narratio
1759 1206 2098 1265 reformidat.

526 1289 631 1346 Sed
661 1300 715 1346 et
732 1307 929 1346 aurum
961 1293 1316 1362 purissimum
1346 1296 1454 1350 illic
1476 1297 1734 1366 gignitur,
1761 1300 1945 1354 aureis
1967 1316 2102 1369 qua-

523 1382 570 1439 si
601 1382 752 1438 fibris
799 1392 994 1453 sponte
1041 1399 1109 1439 ex
1161 1400 1225 1443 ea
1256 1395 1400 1442 terra
1451 1390 1822 1459 surgentibus,
1872 1392 2103 1461 aliisque

525 1490 692 1546 super
729 1477 865 1533 alias
889 1479 1218 1548 jacentibus,
1247 1489 1300 1536 et
1337 1481 1455 1534 auri
1492 1480 1643 1535 illius
1683 1482 2099 1550 productionem

524 1576 768 1637 apertam
837 1583 903 1624 ac
981 1569 1328 1626 manifestam
1403 1570 1792 1646 praebentibus.
1847 1570 1990 1637 Quin
2048 1581 2102 1627 et

2199 567 2401 638 δρνεων
2425 567 2542 619 ἐστὶ
2566 567 2906 632 λαλίστατον,
2932 566 3029 620 καὶ
3047 565 3148 636 τῆς
3169 565 3519 636 ἀνθρωπίνης
3539 564 3790 638 γλώττης

2205 657 2646 728 μιμητικώτατον
2665 675 2679 688 ι
2718 657 2814 710 καὶ⁵
2846 658 2972 720 τοὺς
3002 655 3280 719 ποικίλους
3311 657 3369 709 δὲ
3399 657 3493 709 καὶ
3524 674 3786 712 καταστι-

2200 749 2316 814 γεῑς
2357 746 2557 816 ὄρνεις,
2593 746 2688 810 οὓς
2713 746 3072 817 γαράμαντας
3120 743 3440 798 ἐπικαλοῦσί
3473 761 3640 808 τινες,
3679 748 3791 801 ἀπὸ

2201 837 2295 890 τοῦ
2341 837 2526 901 ἔθνους
2571 833 2635 892 οὗ
2681 838 2916 908 μάλιστα
2983 837 3222 891 πλεῖστοι
3287 837 3642 908 κομίζονται,
3691 840 3792 911 τὴν

2202 930 2521 1000 ἐπωνυμίαν
2554 931 2792 1002 θέμενοι.
2834 930 2945 984 Καὶ
2979 931 3113 984 ἄλλα
3160 930 3217 982 δὲ
3249 929 3476 984 πλεῖστα
3512 931 3790 1000 διαφανῶς

2202 1023 2623 1094 ὑπερφυέστατα
2670 1022 2884 1092 φύεται,
2950 1017 3025 1074 ὧν
3089 1021 3151 1074 τὸ
3195 1021 3400 1092 πλῆθος
3453 1023 3487 1093 ὴ
3531 1023 3791 1094 διήγησις

2202 1113 2611 1166 ὑποστέλλεται.
2663 1112 2826 1166 Ἀλλὰ
2858 1113 2951 1166 καὶ
2975 1115 3003 1166 ὁ
3030 1113 3230 1184 χρυσὸς
3262 1112 3500 1166 ἐνταῦθα
3530 1115 3791 1182 γεννᾶται

2202 1203 2614 1275 καθαρώτατος,
2659 1203 2984 1274 χρυσιτίδων
3038 1204 3200 1257 οἱονεὶ
3249 1204 3455 1274 τριχῶν
3502 1204 3792 1273 αὐτοφυῶν

2199 1294 2298 1364 τῆς
2321 1292 2533 1363 ἐκείνης
2557 1294 2658 1363 γῆς
2685 1292 3100 1362 ἀναδιδομένων,
3141 1293 3235 1345 καὶ
3265 1294 3352 1347 ἐπ’
3397 1293 3652 1364 ἀλλήλοις
3679 1311 3795 1347 κει-

2206 1385 2403 1454 μένων.
2431 1385 2524 1438 καὶ
2552 1383 2804 1453 ἐπίδηλον
2826 1384 2994 1437 αὑτοῦ
3016 1384 3114 1456 τὴν
3136 1385 3350 1453 γένεσιν
3379 1387 3791 1456 παρεχομένων.

2203 1475 2311 1527 Καὶ
2342 1475 2548 1546 καρποὶ
2580 1474 2636 1527 δὲ
2671 1474 2947 1528 κάλλιστοί
2982 1491 3041 1528 τε
3077 1476 3170 1528 καὶ
3219 1475 3490 1545 μέγιστοι,
3537 1469 3614 1529 ὧν
3653 1475 3795 1543 γνώ-

2204 1585 2340 1640 ριμα
2365 1569 2459 1621 καὶ
2483 1567 2553 1620 τὰ
2579 1568 2780 1638 κάρυα.
2821 1566 2980 1620 Ἀλλά
3009 1568 3114 1639 μὴν
3142 1569 3233 1622 καὶ
3262 1568 3322 1620 τὸ
3355 1569 3447 1622 ἐπὶ
3469 1572 3587 1632 τοῖς
3629 1569 3795 1640 Ὁμη-

525 1656 738 1714 fructus
765 1659 908 1728 apud
933 1659 1057 1715 illos
1082 1661 1432 1730 pulcherrimi
1481 1668 1610 1716 sunt
1649 1671 1706 1715 et
1738 1661 1985 1722 maximi.
2032 1675 2100 1716 ex

2208 1659 2383 1731 ρίταις
2417 1657 2586 1728 κλίμα
2621 1660 2728 1711 πᾶν
2775 1660 2938 1728 μέχρι
2966 1659 3065 1730 τῆς
3104 1658 3375 1729 Ἐρυθρᾶς
3405 1658 3686 1730 θαλάσσης
3711 1659 3794 1724 δὶς

525 1749 727 1818 quibus
769 1749 1070 1805 notissima:
1117 1760 1247 1806 sunt
1287 1767 1477 1807 nuces.
1553 1749 1816 1823 Univetjsa
1866 1751 2100 1821 denique

2208 1749 2294 1803 τοῦ
2342 1748 2590 1804 ἐνιαυτοῦ
2629 1749 2917 1803 ἀναδίδωσι
2961 1752 3088 1814 τοὺς
3132 1749 3403 1823 καρπούς.
3453 1751 3544 1815 Ἐξ
3597 1746 3661 1806 οὑ
3701 1751 3795 1803 καὶ

526 1836 930 1894 Homeritarum
963 1840 1110 1910 regio
1139 1857 1314 1910 uSque
1337 1843 1403 1896 ad
1432 1841 1677 1896 Rubrum
1719 1822 1892 1990 Ἔτι,
1923 1843 2102 1910 dupli-

526 1945 646 1986 cem
679 1932 974 1990 quotannis
1011 1932 1287 1988 fructuum
1339 1943 1660 1990 proventum
1711 1951 1768 1989 re
1829 1936 1908 1988 lit.
1948 1932 2101 1990 Unde

2208 1837 2302 1908 τὴν
2363 1835 2548 1908 χώραν
2616 1838 2875 1908 Ἀραϐίαν
2934 1822 3227 1910 εὐδαίμονα
3302 1842 3790 1911 προσηγόρευσαν

2208 1929 2300 1982 καὶ
2333 1927 2527 1990 ὄλωςὴ
2564 1929 2701 1990 πρὸς
2748 1930 3037 1990 ἀνίσχοντα
3070 1932 3219 1990 ἥλιον
3263 1934 3451 1987 ἅπασα
3488 1934 3558 1990 γῆ
3599 1932 3790 1990 μακρῷ

526 1945 646 1986 cem
679 1932 974 2000 quotannis
1011 1932 1287 1988 fructuum
1339 1943 1660 2004 proventum
1711 1927 1908 1995 reddit.
1948 1932 2101 1990 Unde

2208 1929 2300 1982 καὶ
2333 1927 2527 2000 ὄλωςὴ
2564 1929 2701 2001 πρὸς
2748 1930 3037 2001 ἀνίσχοντα
3070 1932 3219 2002 ἥλιον
3263 1934 3451 1987 ἅπασα
3488 1934 3559 2003 γῆ
3599 1932 3796 2005 μακρῷ

524 2019 690 2074 etiam
717 2020 916 2075 Arabia
950 2021 1074 2076 felix
1117 2024 1500 2094 cognominata
1544 2033 1663 2091 est;
1713 2025 1806 2079 sed
1856 2033 1910 2078 et
1943 2041 2103 2094 gene-

2208 2021 2306 2090 τῆς
2335 2019 2500 2092 ἀλλης
2531 2022 2588 2074 ἐν
2614 2023 2747 2074 πᾶσι
2779 2023 3047 2094 διαφέρει.
3088 2025 3147 2076 '0
3174 2025 3231 2078 δὲ
3264 2027 3619 2098 Παράδεισος,
3651 2028 3795 2082 ἀπᾶ-

525 2113 744 2178 raliter,
794 2113 976 2167 omnis
1019 2129 1083 2169 ea
1132 2115 1281 2184 regio
1325 2131 1449 2185 quae
1500 2115 1567 2170 ad
1619 2117 1885 2170 orientem
1929 2117 2100 2170 solem

2209 2127 2308 2181 σης
2357 2111 2460 2180 τῆς
2510 2110 2654 2182 ἑῴας
2709 2112 2769 2165 τὸ
2813 2116 3106 2185 κράτιστόν
3151 2133 3210 2169 τε
3260 2119 3355 2170 καὶ
3403 2119 3795 2190 καθαρώτατον

524 2205 719 2276 vergit,
753 2206 976 2276 reliquis
1017 2207 1336 2277 regionibus
1375 2209 1521 2262 omni
1553 2224 1619 2263 ex
1664 2219 1820 2279 parte
1867 2211 2098 2263 multum

2208 2202 2488 2274 ὑπάρχων,
2527 2202 2769 2266 καὶτοὺς
2798 2205 2968 2278 ἀέρας
3001 2207 3510 2277 ἀκραιφνεστάτους
3534 2211 3632 2264 καὶ
3662 2209 3794 2263 καλ-

525 2305 766 2366 ρτσεειοι.
801 2296 1094 2353 Paradisus
1127 2313 1275 2362 vero,
1312 2314 1436 2354 cum
1481 2300 1649 2354 totius
1678 2299 1919 2354 Orientis
1963 2315 2102 2369 prte-

2208 2289 2420 2356 λίστους
2451 2291 2589 2362 έχων
2617 2332 2630 2352 .
2672 2294 2767 2347 καὶ
2819 2297 2934 2359 τοῖς
2965 2297 3411 2365 διαφανεστάτοις
3452 2298 3609 2353 ὕδασι
3662 2317 3793 2353 κατ-

525 2389 899 2445 stantissimus
952 2404 1016 2442 ac
1060 2389 1392 2458 purissimus
1437 2389 1510 2444 sit
1547 2398 1775 2451 tractus.
1807 2400 1862 2445 et
1903 2391 2102 2446 coelum

2208 2383 2522 2454 αρδόμενος,
2568 2383 2730 2454 δῆλον
2771 2385 2846 2450 ὡς
2875 2388 3249 2460 ἀπαραϐλήτῳ
3299 2390 3542 2462 ὑπεροχῇ
3567 2392 3669 2462 τῆς
3705 2390 3795 2461 ὑφ’

526 2477 724 2530 habeat
755 2475 1144 2532 nitidissimum
1179 2491 1244 2530 ac
1271 2477 1724 2546 pulcherrimum,
1757 2477 1915 2544 aquis
1950 2476 2104 2530 deui-

526 2582 634 2637 que
677 2566 1075 2636 limpidissimis
1121 2565 1412 2636 irrigetur,
1467 2566 1658 2635 procul
1714 2566 1881 2620 dubio
1935 2566 2104 2620 totius

523 2667 792 2712 terrarum
814 2656 964 2711 orbis
985 2655 1199 2711 cunctis
1228 2656 1279 2710 in
1316 2655 1480 2710 rebus
1525 2656 1682 2725 longe
1712 2654 2104 2725 praestantissi-

2203 2474 2340 2546 ἡλίῳ
2379 2476 2558 2546 πάσης
2581 2477 2638 2528 ἐν
2664 2477 2814 2551 πάσῃ
2847 2479 2909 2531 τὸ
2944 2481 3192 2550 κρεῖττον
3233 2480 3391 2551 φέρει
3414 2497 3428 2513 ο
3467 2483 3569 2554 τῆς
3596 2483 3796 2549 ἔξωθεν

2208 2563 2483 2637 θαλάσσης
2505 2567 2626 2618 κατ’
2652 2566 2940 2638 ἀνίσχοντα
2986 2569 3081 2622 τὸν
3125 2571 3278 2640 ἥλιον
3331 2573 3480 2645 αὐτῷ
3511 2574 3797 2646 παρακλυ-

2208 2655 2461 2727 ζομένης.

523 2765 646 2806 mus
693 2758 780 2806 est
822 2749 999 2817 locus,
1026 2749 1119 2820 qui
1142 2749 1210 2803 ad
1250 2751 1385 2805 solis
1420 2759 1601 2805 ortum
1651 2749 1852 2804 Oceani
1906 2748 2162 2804 fluctibus
2191 2750 2434 2806 alluitur.

594 2869 684 2918 η.
740 2868 1065 2922 Athanasius
1121 2865 1427 2922 constantis
1472 2873 1650 2934 gratia
1693 2864 1989 2918 restitutus.
2030 2892 2099 2905 —-

2279 2863 2365 2934 ιβ’.
2397 2865 2542 2930 Ὅτι,
2575 2868 2760 2938 φησιν,
2797 2868 3114 2936 Ἀθανάσιος
3134 2869 3269 2945 πρὸς
3289 2869 3379 2923 τὸν
3408 2868 3666 2942 ἑσπέριον
3695 2871 3797 2941 ἀφ-

523 2954 615 3010 Ait
651 2953 1048 3026 Philostorgius
1086 2957 1478 3021 Athanasium,
1522 2971 1645 3010 cum
1690 2955 1754 3008 ad
1791 2955 2100 3008 occidenta-

2209 2957 2458 3026 ικόμενος
2491 2956 2717 3028 βασιλέα
2737 3000 2753 3024 ,
2789 2962 2883 3015 καὶ
2921 2960 3111 3034 δώρων
3145 2965 3271 3027 τοὺς
3302 2963 3451 3032 αὐτῷ
3480 2963 3800 3033 παραδυνα-

524 3047 658 3102 lium
691 3045 925 3116 partium
962 3049 1342 3118 imperatorem
1374 3046 1631 3111 venisset,
1656 3045 1887 3115 ejusque
1913 3045 2100 3114 palatii

2208 3051 2496 3112 στεύοντας
2522 3051 2821 3121 ὑπαγαγὼν
2844 3032 3096 3125 ἀφθονία,
3125 3054 3361 3125 μάλιστα
3386 3055 3440 3108 δὲ
3464 3032 3796 3119 Εὐστάθιον,

525 3151 779 3206 proceres
799 3178 815 3204 ,
845 3153 909 3192 ac
938 3137 1209 3207 praecipue
1236 3135 1582 3192 Eustathium
1627 3135 1879 3190 comitem
1919 3149 2101 3186 rerum

526 3227 882 3298 privatarum,
905 3227 1000 3297 qui
1034 3227 1356 3281 auctoritate
1391 3225 1686 3295 plurimum
1718 3225 1932 3278 valebat
1961 3223 2104 3292 apud

525 3319 857 3389 principem,
901 3319 1063 3373 donis
1109 3332 1172 3372 ac
1221 3318 1538 3372 muneribus
1583 3316 1682 3369 sibi
1726 3314 2106 3379 conciliasset,

526 3412 734 3467 litteras
769 3426 799 3466 a
823 3411 1121 3466 Constante
1149 3409 1213 3462 ad
1244 3407 1626 3464 Constantium
1660 3406 1944 3471 attulisse,
1969 3420 2108 3474 qua-

527 3515 650 3556 rum
682 3503 796 3556 haec
825 3508 981 3555 erant
1019 3500 1181 3554 verba
1212 3518 1226 3553 :
1255 3499 1585 3553 Athanasius
1611 3497 1678 3552 ad
1722 3512 1823 3552 nos
1849 3499 2105 3562 veniens,

527 3593 898 3662 episc0p.ituin
942 3591 1284 3646 Alexandriae
1311 3592 1376 3645 ad
1405 3590 1582 3660 ipsum
1626 3589 1896 3659 pertinere
1927 3587 2108 3642 mani-

530 3682 686 3739 festis
724 3683 1138 3752 probationibus
1183 3683 1442 3738 ostendit.
1493 3681 1675 3748 Quare
1728 3680 1878 3735 illum
1928 3695 2023 3750 per
2058 3688 2110 3733 te

530 3783 915 3843 consequatur,
957 3783 1051 3827 aut
1097 3785 1244 3829 certe
1275 3773 1410 3828 meis
1447 3771 1615 3826 armis
1649 3771 1900 3824 eumdem
1951 3784 2110 3824 recu-

529 3865 761 3936 perabit.
787 3865 958 3920 Porro
985 3866 1068 3922 lus
1102 3866 1298 3921 litteris
1322 3864 1560 3933 acceptis
1581 3905 1595 3930 ,
1628 3862 1704 3916 ait
1725 3862 2107 3918 Constantium

529 3955 816 4026 episcopos
844 3971 1181 4012 convocasse
1202 3995 1217 4018 ,
1258 3965 1318 4010 ut
1367 3971 1472 4010 una
1511 3970 1635 4010 cum
1665 3955 1773 4009 illis
1804 3953 1933 4025 quid
1967 3952 2110 4008 facto

529 4061 670 4118 opus
710 4057 854 4103 esset
887 4047 1243 4114 deliberaret;
1275 4063 1371 4103 cos
1416 4062 1548 4102 vero
1588 4047 1639 4101 id
1673 4047 1964 4103 consilium
2014 4045 2111 4101 de-

529 4133 679 4194 disse
701 4139 1056 4197 Constantio.
1099 4139 1274 4194 satius
1305 4154 1427 4194 esse
1466 4149 1526 4193 ut
1571 4137 1904 4194 Alexandria
1943 4140 2113 4198 Atha-

530 4231 672 4286 nasii
717 4231 851 4300 jugo
900 4230 1126 4286 minime
1176 4231 1532 4296 liberaretur,
1576 4246 1742 4300 quam
1787 4239 1848 4285 ut
1903 4231 2106 4288 bellum

529 4323 790 4378 adversus
837 4320 1059 4376 fratrem
1112 4321 1435 4391 susciperet.
1485 4320 1867 4377 Constantium
1924 4323 2109 4392 itaque

529 4409 848 4480 permisisse
896 4411 1224 4476 Athanasio,
1285 4419 1345 4464 ut
1392 4411 1762 4479 episcopatum
1807 4412 2105 4482 reciperet,

529 4501 821 4571 Georgium
865 4517 994 4556 vero
1034 4517 1131 4571 per
1177 4501 1464 4570 epistolam
1507 4502 1574 4556 ad
1619 4516 1679 4557 se
1724 4517 2002 4559 evocasse.
2032 4506 2110 4561 Ac

529 4591 796 4657 Georgius
819 4591 1038 4661 quidem
1071 4592 1124 4645 in
1156 4591 1588 4661 Cappadociam,
1621 4608 1686 4646 ex
1709 4608 1815 4662 qua
1843 4594 2109 4650 oriundus

527 4691 679 4749 erat,
718 4697 969 4737 reversus
1017 4689 1132 4748 cst,
1164 4682 1349 4751 ibique
1387 4682 1590 4752 degens
1629 4683 1840 4754 privata
1892 4687 2106 4756 negotia

529 4773 950 4828 administravit.
995 4773 1329 4828 Athanasius
1372 4787 1533 4840 vero,
1587 4773 1798 4844 majore
1849 4775 2107 4848 deinceps

2208 3139 2265 3203 ὃς
2293 3141 2471 3212 κόμης
2498 3137 2566 3214 ἦν
2601 3143 2714 3196 τῶν
2745 3144 3055 3216 λεγομένων
3089 3147 3428 3217 πριουάτων,
3459 3145 3554 3198 καὶ
3579 3144 3660 3214 τῷ
3693 3143 3797 3214 βα-

2209 3231 2349 3284 σιλεῖ
2377 3232 2771 3299 πιθανώτατος,
2799 3237 3091 3308 ἐπιστολὴν
3126 3238 3266 3309 πρὸς
3293 3235 3674 3292 Κωνστάντιον
3707 3238 3787 3308 (a)

2208 3321 2517 3392 κομίζεται,
2548 3323 2814 3392 λέγουσαν
2836 3319 2968 3379 ὧδε·
3009 3326 3330 3391 Ἀθανάσιος
3355 3321 3494 3400 ἧκεν
3521 3327 3596 3392 ὡς
3626 3329 3798 3400 ἡμᾶς,

2209 3401 2385 3484 ἐαυτῷ
2426 3415 2723 3486 προσήκειν
2752 3417 2851 3488 τὴν
2881 3419 3188 3489 ἐπισκοπὴν
3224 3420 3325 3489 τῆς
3386 3418 3801 3489 Ἀλεξανδρείας

2210 3507 2549 3572 ἀποδεικνύς.
2581 3510 2911 3580 Τυγχανέτω
2937 3511 3118 3566 τοίνυν
3157 3512 3244 3566 διὰ
3273 3511 3368 3566 σοῦ
3392 3513 3635 3584 ταύτης,
3675 3512 3804 3568 ἐπεὶ

2209 3601 2322 3662 τοῖς
2352 3598 2504 3670 ἐμοῖς
2536 3617 2600 3669 γε
2631 3601 2801 3673 αὐτὴν
2837 3603 3202 3674 ἀνακτήσεται
3247 3603 3453 3667 ὅπλοις.
3488 3602 3800 3676 Δεξάμενον

2210 3686 2267 3740 δὲ
2301 3687 2400 3759 τὴν
2426 3689 2713 3761 ἐπιστολὴν
2746 3691 2837 3744 τὸν
2862 3695 3263 3758 Κωνστάντιον,
3296 3695 3392 3748 καὶ
3420 3695 3548 3760 τοὺς
3576 3695 3804 3749 ἐπισκό-

2211 3795 2345 3842 πους
2383 3781 2475 3833 ἐπὶ
2523 3781 2778 3854 κοινωνίᾳ
2822 3781 3018 3854 βουλῆς
3069 3786 3522 3854 συγκαλέσαντα,
3571 3785 3804 3858 γνώμην

2211 3871 2341 3942 παρ’
2374 3871 2553 3926 αὐτῶν
2585 3873 2792 3938 λαϐεῖν,
2820 3873 3045 3944 ἄμεινον
3078 3872 3219 3932 εἶναι
3255 3877 3330 3950 μὴ
3361 3878 3600 3949 πόλεμον
3628 3879 3805 3951 ἀναῤ-

2213 3959 2374 4030 ρἧαι
2400 3959 2479 4032 τῷ
2515 3961 2748 4034 ἀδελφῷ,
2789 3963 2822 4034 ἥ
2863 3965 2962 4035 τῆς
3003 3964 3327 4020 Ἀθανασίου
3363 3965 3669 4038 βαρύτητος
3697 3967 3804 4039 τὴν

2223 4049 2627 4123 Ἀλεξάνδρειαν
2657 4054 2985 4121 ἀπαλλάξαι.
3019 4055 3111 4108 Διὸ
3154 4057 3246 4110 καὶ
3275 4057 3487 4126 ἐφιέναι
3522 4057 3672 4130 αὑτῷ
3699 4057 3804 4130 τὴν

2211 4140 2516 4215 ἐπισκοπὴν
2543 4143 2654 4214 (69)
2707 4146 3020 4210 ἀναλαϐεῖν,
3077 4149 3174 4202 καὶ
3217 4149 3312 4203 τὸν
3363 4148 3640 4222 Γεώργιον
3677 4149 3802 4222 μετ’

2210 4230 2500 4303 ἐπιπολῆς
2549 4235 2630 4297 εἰς
2663 4235 2854 4289 ἑαυτὸν
2903 4237 3391 4309 μεταπέμψασθαι.
3451 4239 3592 4294 Ἀλλ’
3623 4242 3652 4294 ὁ
3699 4241 3803 4312 μὲν

2212 4323 2293 4386 είς
2332 4323 2431 4396 τὴν
2474 4324 2669 4378 ἐαυτοῦ
2706 4329 2940 4399 πατρίδα
2969 4330 3066 4402 τὴν
3111 4332 3508 4387 Καππαδοκίαν
3545 4333 3801 4404 ἀφίκετο,

2211 4415 2373 4467 κάκεῖ
2415 4415 2569 4485 διῆγε
2603 4417 2672 4470 τὰ
2698 4418 2820 4472 καθ’
2862 4421 3054 4474 ἐαυτὸν
3097 4424 3590 4495 ἐπισκοπούμενος.
3641 4422 3704 4480 Ὀ
3741 4423 3802 4479 δὲ

2218 4506 2564 4576 Ἀθανάσιος,
2609 4511 2748 4581 μετά
2801 4513 3050 4582 μείζονος
3103 4515 3206 4588 ἤδη
3267 4519 3617 4590 φρονήματος
3648 4515 3802 4580 διιὼν

2202 4596 2304 4660 τὰς
2336 4599 2541 4664 πόλεις,
2575 4602 2696 4655 καθ’
2731 4601 2825 4666 οὓς
2859 4603 3062 4672 γίνοιτο
3097 4606 3208 4661 τῶν
3241 4609 3584 4674 ἐπισκόπων,
3617 4607 3801 4678 λόγοις

2205 4689 2408 4753 αὐτοὺς
2437 4690 2748 4757 ἐξεκαλεῖτο
2780 4694 2917 4765 πρὸς
2948 4695 3008 4747 τὸ
3037 4697 3325 4766 ὁμοούσιον
3347 4714 3361 4727 ·
3408 4699 3503 4753 καὶ
3533 4699 3663 4762 τοὺς
3699 4697 3801 4770 μὲν

2205 4779 2398 4844 ἄλλους
2438 4781 2513 4854 μὴ
2550 4784 2949 4855 προσδέχεσθαι
2981 4787 3120 4858 (70).
3156 4788 3361 4844 ’Δέτιον
3398 4789 3456 4844 δέ
3484 4789 3576 4845 τὸν
3604 4788 3801 4862 ἔφορον

1756 4930 1997 4978 VALESII
2027 4934 2524 4983 ANNOTATIONES.

605 5037 720 5109 (69)
763 5035 1015 5109 Ἐνιέναι
1061 5035 1222 5109 αὐτῷ
1259 5036 1376 5109 τὴν
1402 5037 1771 5105 ἐπισκοπὴν.
1818 5037 1979 5097 Hunc
2025 5040 2112 5096 lo-

531 5107 660 5182 eum
683 5108 966 5182 emendavi
992 5124 1058 5182 εξ
1093 5108 1282 5182 codice
1303 5107 1575 5182 Samuelis
1599 5109 1880 5175 Bocharti,
1910 5112 1963 5166 in
1995 5126 2107 5182 quo

528 5177 734 5250 diserte
758 5179 1031 5250 scripturn
1047 5179 1275 5250 habetur
1297 5178 1528 5250 ἐφιέναι,
1564 5181 1788 5250 optime.

601 5249 716 5321 (70)
771 5248 884 5304 Καὶ
940 5247 1081 5316 τοὺς
1133 5248 1253 5318 μὲν
1305 5249 1539 5317 ἄλλους
1603 5247 1693 5320 pr.
1772 5251 2106 5322 προσδέχε-

2217 5045 2378 5098 σθαι.
2406 5043 2563 5101 Hunc
2588 5045 2768 5102 locum
2791 5063 2901 5103 non
2940 5049 3204 5106 intellexit
3231 5050 3627 5117 Gothofredus,
3655 5051 3799 5109 sicut

2217 5117 2598 5192 (ignversione
2652 5126 2727 5192 e_t_
2750 5120 2896 5192 notis
2946 5121 3068 5192 ejus
3111 5131 3356 5192 apparet.
3409 5122 3796 5192 Putavitenjm

2219 5183 2645 5263 Pliilostorgium
2674 5188 2728 5263 id
2756 5183 3373 5255 dicerefAthanasium,
3397 5193 3528 5248 dum
3566 5208 3667 5263 per
3703 5191 3798 5248 Pa-

2216 5255 2486 5310 laestinam
2505 5255 2796 5324 transiret,
2827 5269 3062 5318 cunctos
3109 5263 3400 5333 episcopos
3444 5266 3512 5319 ad
3561 5255 3798 5320 consub-

2004 5391 2334 5438 VARIORUM
2341 5423 2354 5437 .

599 5495 1084 5571 (a)_'E:rt0jro.1hr
1141 5499 1289 5571 ,πρὸς
1342 5499 1780 5556 Κωνστὰντιον.
1841 5499 1918 5556 De
1968 5501 2108 5557 Con-

531 5568 730 5624 stantis
762 5571 828 5623 ad
871 5568 1094 5623 fratrem
1144 5568 1526 5624 Constantium
1566 5571 1872 5626 minacibus
1913 5573 2106 5628 litteris

533 5636 827 5712 vid-Socr.
853 5637 1189 5712 lib._tt,_cap_.
1212 5638 1314 5712 se,
1328 5640 1436 5712 ἧς
1470 5640 1602 5712 Soz.
1627 5640 1723 5697 lib.
1755 5643 1835 5705 I'n,
1862 5658 1982 5712 cap.
2013 5644 2104 5699 ‘20.

536 5705 612 5780 De
639 5705 795 5780 Aetio
828 5707 973 5776 quod
1013 5705 1100 5762 hic
1121 5705 1256 5763 dicit
1282 5707 1696 5780 Philostorgius,
1722 5713 1912 5780 procul
1932 5705 2108 5769 dubio

533 5773 932 5831 calumniosum
948 5793 1090 5845 esse,
1107 5793 1344 5848 eumque
1360 5779 1463 5835 hoc
1481 5773 2105 5849 tempore'orthodoxum

2214 5503 2406 5577 fuisse,
2437 5521 2751 5577 quanquam
2779 5507 2906 5564 olim
2941 5509 3140 5564 Ariana
3174 5510 3296 5565 labe
3327 5509 3611 5573 infectum,
3641 5510 3799 5566 docet

2212 5574 2467 5650 ._l_a_cobus_'
2487 5574 2883 5650 Gothofredus,
2925 5580 3143 5634 dissert.
3187 5597 3241 5650 p.
3285 5581 3407 5636 144.
3441 5580 3518 5637 De
3561 5581 3798 5635 Maximo

2215 5643 2484 5718 liierosol.
2510 5663 2623 5716 ep.,
2649 5649 2924 5718 quomodo
2944 5666 3003 5704 se
3019 5643 3398 5718 gessit'versus
3408 5651 3794 5718 Athanasium,

2215 5716 2325 5770 vid.
2362 5718 2517 5774 Socr.
2551 5719 2648 5775 lib.
2670 5716 2737 5787 it,
2771 5734 2894 5791 cap.
2933 5716 3044 5787 ειξ
3059 5729 3172 5778 not.
3197 5735 3249 5778 c.
