4062 6332
296 369 401 429 50'5

1293 384 1853 442 ECCLESIASTICIE
1893 383 2243 441 HISTOle
2283 380 2414 442 LIB.
2458 384 2553 441 Ill.

3449 390 3554 445 506

294 496 383 537 νον
405 468 578 554 εῖχεν,
608 470 689 551 είς
712 486 810 559 τήν
831 488 997 545 αι’)τοῦ
1019 492 1247 567 δύναμιν
1270 499 1582 557 ἐπανελθὼν
1606 503 1635 554 ό
1660 500 1873 572 φθόνος.

1981 510 2249 568 mortuus,
2281 508 2336 557 et
2368 500 2610 557 Eulalius
2642 499 2694 555 in
2728 498 2846 571 ejus
2875 500 3054 557 locum
3087 500 3416 559 substitutus
3444 514 3548 572 est,

298 575 435 629 ams!
458 574 555 628 τὸν
581 577 840 636 Εὑλάλιον
869 583 968 654 τῆς
1009 585 1339 657 ’Λντιοχείας
1386 592 1477 645 τὸν
1518 592 1722 647 Ἀέτιον
1770 592 1876 645 ἀπ-

296 664 509 756 ιλάσαι.
564 666 624 721 '0
653 670 730 738 δὲ,
760 673 841 736 είς
869 673 968 745 τὴν
998 676 1100 747 τῆς
1124 680 1376 745 Κιλικίας
1412 682 1747 756 ’Λναζαρϐὸν
1777 686 1877 753 ἀφ-

298 755 573 848 ικόμενος,
626 762 692 831 τῇ
733 763 895 836 τέχνῃ
937 766 1100 821 πάλιν
1144 771 1281 843 πρὸς
1323 772 1386 826 τὸ
1422 774 1521 845 ζῇν
1558 755 1874 848 ἀπεχρῆτο,

295 846 418 900 οὐδὲ
448 848 554 919 τῆς
580 850 641 904 ὲν
678 852 857 923 λόγοις
892 857 1258 931 ἀφιστάμενος
1290 865 1425 936 πρὸς
1462 868 1588 930 τοὺς
1618 846 1877 939 ἐντυγχά-

298 942 790 1031 νσντιβάμῆλης.
842 948 1233 1021 Γραμματικοῦ
1278 955 1334 1009 δέ
1372 975 1516 1022 τινος
1559 959 1658 1031 τὴν
1715 960 1876 1030 φύσιν

300 1027 465 1120 αυτοῦ
494 1030 794 1101 ἀγαμένου,
827 1037 921 1090 καὶ
969 1040 1286 1108 μεταδοῦναι
1331 1043 1429 1112 τῆς
1458 1027 1654 1114 τέχνης
1697 1027 1874 1120 ὁρμη-

304 1118 497 1188 μένου.
539 1123 569 1175 ὁ
612 1121 815 1187 Ἀἐτιος
844 1126 977 1197 παρ’
1014 1128 1176 1182 αὐτὸν
1208 1132 1552 1196 είσὸικισθεὶς
1595 1118 1869 1205 ἐθήτευεν,

294 1208 398 1273 τάς
441 1213 721 1277 οἰκετικὰς
758 1216 908 1287 αὐτῷ
944 1218 1113 1271 τελῶν
1155 1220 1514 1292 λειτουργίας.
1557 1223 1669 1277 Καὶ
1708 1225 1736 1276 ὁ
1780 1227 1877 1295 μὶν

298 1296 397 1366 τήν
432 1302 825 1374 γραμματικὴν
854 1306 1148 1377 προθύμως
1172 1309 1336 1363 αὐτὸν
1370 1310 1668 1376 ἐδιδάξατο.
1709 1314 1769 1366 '0
1796 1313 1873 1380 δὲ,

297 1386 392 1440 τοῦ
412 1388 737 1445 διδασκάλου
763 1394 998 1467 δημοσίᾳ
1018 1396 1132 1465 (81)
1159 1401 1289 1452 ποτὲ
1316 1403 1591 1465 καταστὰς
1614 1405 1696 1467 είς
1722 1404 1875 1473 ἔλεγ-

298 1493 424 1567 χον,
460 1479 547 1533 ὅτι
596 1484 671 1553 μή
712 1483 820 1538 τῶν
852 1485 1012 1540 θείων
1047 1488 1246 1556 λογίων
1284 1490 1450 1563 ὀρθὴν
1488 1493 1725 1547 ἐποιεῖτο
1777 1495 1877 1567 τὴν

296 1565 572 1639 ἀήγησιν,
603 1572 698 1625 καὶ
732 1572 935 1645 πολλὴν
959 1575 1126 1630 αὐτοῦ
1169 1578 1271 1650 τὴν
1310 1581 1398 1633 ἐπ’
1432 1582 1671 1654 ἀμαθείᾳ
1704 1565 1876 1638 τοιοῦ⁴

295 1674 405 1712 των
441 1659 711 1733 αἰσχύνην
749 1667 1193 1738 καταχεάμενος,
1230 1670 1577 1741 ἀντιμισθίαν
1621 1667 1747 1744 εὗρε
1777 1674 1876 1745 τὴν

282 1746 644 1818 ,ἀποκήρυξιν
672 1751 771 1821 τῆς
795 1752 1194 1827 εὐεργετούσης
1215 1757 1376 1810 αὐτὸν
1402 1758 1597 1822 οἰκίας.
1636 1759 1876 1812 Ἐκεῖθεν

1975 599 2090 645 ῑιιιη
2114 606 2240 646 vero
2264 592 2477 647 invidiae
2508 593 2666 656 livor,
2700 592 2984 662 pristinum
3013 594 3177 648 robur
3202 610 3549 666 recuperatis,

1976 678 2243 736 Eulalium
2272 682 2534 747 incitavit,
2573 690 2631 736 ut
2661 683 2873 737 Aetium
2907 682 3196 739 Antiochia
3237 686 3549 755 expelleret.

1977 771 2145 843 Igitur
2187 774 2375 829 Aetius
2422 774 2800 839 Anazarbum,
2852 792 2974 846 qua:
3031 777 3233 832 Ciliciae
3271 778 3401 832 urbs
3437 786 3549 845 est,

1976 864 2288 935 profectus,
2336 874 2506 920 artem
2542 882 2697 921 suam
2739 868 2919 923 denuo
2959 871 3206 924 exercuit
3246 871 3312 924 ad
3348 870 3550 924 victum

1977 953 2082 1008 sibi
2127 955 2591 1023 comparandum;
2636 972 2737 1009 nec
2783 965 2966 1014 tamen
3016 976 3046 1014 a
3089 959 3551 1027 disputationibus

1976 1043 2239 1099 adversus
2263 1060 2357 1098 eos
2379 1045 2472 1114 qui
2505 1061 2629 1100 cum
2660 1045 2778 1116 ipso
2809 1051 3064 1118 congredi
3093 1052 3308 1117 vellent,
3336 1052 3551 1120 penitus

1977 1132 2258 1187 abstinuit.
2290 1133 2462 1188 Porro
2491 1151 2613 1189 cum
2644 1139 3033 1205 grammaticus
3059 1142 3278 1209 quidam
3304 1182 3319 1206 ,
3350 1142 3549 1211 ingenii

1975 1221 2091 1292 ejus
2142 1223 2502 1279 admiratione
2550 1236 2777 1295 captus,
2834 1238 3004 1283 artem
3057 1231 3104 1283 ei
3150 1248 3303 1286 suam
3337 1233 3552 1287 tradere

1976 1326 2266 1381 aggressus
2310 1325 2487 1382 esset,
2516 1317 2707 1371 Aetius
2755 1318 2808 1371 in
2866 1319 3085 1372 domum
3121 1320 3237 1386 ejus
3276 1320 3551 1375 admissus

1975 1402 2024 1456 ei
2076 1404 2436 1472 ministravit,
2485 1407 2711 1462 serviles
2757 1422 2952 1477 operas
3011 1417 3295 1477 prmstans.
3350 1408 3413 1462 Et
3462 1408 3552 1463 ille

1976 1492 2192 1562 quidem
2252 1494 2440 1550 libenti
2504 1498 2687 1551 animo
2739 1496 2951 1551 Aetium
2998 1499 3133 1552 artis
3186 1500 3552 1568 grammaticae

1958 1585 2257 1655 praeceptis
2312 1587 2570 1642 instituit.
2618 1587 2809 1643 Aetius
2860 1603 3025 1650 vero,
3080 1603 3202 1643 cum
3259 1590 3551 1658 aliquando

1975 1678 2296 1748 magistrum
2329 1695 2487 1735 suum
2520 1679 2736 1749 publice
2768 1681 3126 1751 eoarguisset,
3171 1689 3428 1747 tanquam
3463 1680 3551 1733 di-

1976 1769 2103 1825 vina
2145 1772 2362 1825 oracula
2410 1771 2591 1826 minus
2619 1779 2764 1827 recte
2801 1772 3193 1842 explicantem,
3249 1784 3552 1840 magnoque

295 1834 354 1888 δὲ
377 1836 596 1930 ἐλαθεὶς
640 1842 940 1915 ’Δθανασίῳ
981 1846 1329 1914 συγγίνεται,
1363 1848 1423 1911 ὃς
1466 1848 1576 1902 τῶν
1611 1850 1709 1920 μὲν
1735 1852 1870 1904 Λου-

1975 1873 2096 1912 eum
2125 1860 2330 1927 pudore
2359 1860 2428 1913 ob
2453 1860 2717 1928 ejusmodi
2750 1859 3074 1930 imperitiam
3106 1858 3552 1921 aﬂ'ecisset,h.mc

296 1928 490 1983 κεανοῦ
526 1930 626 1984 τοῦ
668 1932 944 2005 μάρτυρος
992 1938 1266 2010 όμιλητῶν
1311 1933 1393 2003 εἷς
1440 1941 1685 2009 ἐγεγόνει
1710 1980 1727 2006 ,
1770 1944 1870 2013 τὴν

282 2019 635 2091 ,Ἅναὸαρζὸν
662 2022 937 2078 διεσκόπει
968 2026 1116 2097 (82)·
1153 2030 1285 2100 παρ’
1332 2025 1377 2098 ᾧ
1418 2033 1539 2094 τοὺς
1584 2033 1874 2101 εὐαγγελι-

286 2110 429 2181 Im;
451 2113 740 2180 ἀναγνοὺς,
768 2116 863 2169 καὶ
894 2120 1007 2181 τοῖς
1041 2118 1162 2172 καθ’
1201 2120 1430 2175 ἕκαστον
1456 2121 1619 2175 αὐτὸν
1646 2124 1875 2195 ἐπιστή-

288 2215 420 2267 σας,
464 2201 562 2254 ἐπὶ
605 2203 703 2275 τὴν
752 2206 965 2277 Ταρσὸν
1011 2208 1163 2280 παρά
1219 2210 1503 2264 ’Λντώνιον
1540 2214 1872 2281 ἀφικνεῖται.

297 2290 420 2344 Τῶν
450 2293 756 2348 Λουκιανοῦ
802 2296 859 2349 δὲ
890 2299 986 2351 καὶ
1012 2293 1166 2363 οὗτος
1207 2296 1276 2369 ἦν
1307 2303 1620 2375 γνωρίμων.
1661 2304 1783 2374 Ὑφ’
1814 2299 1875 2359 οὗ

294 2381 394 2445 τάς
424 2383 522 2439 τοῦ
574 2384 895 2440 Ἀποστόλου
927 2390 1303 2461 ἀναδιδαχθεὶς
1360 2394 1678 2458 Ἐπιστολάς
1701 2436 1716 2459 ,
1756 2398 1874 2448 ἱκα-

296 2471 386 2525 νὸν
418 2473 573 2545 αὖτῷ
604 2476 936 2549 συνδιέτρισε
970 2480 1183 2551 χρόνον.
1225 2482 1325 2551 τὴν
1364 2483 1459 2536 τοῦ
1506 2485 1874 2557 πρεσϐυτέρου

296 2562 450 2628 τάξιν
478 2564 802 2637 πληροῦντι.
846 2570 997 2624 Ἐπεὶ
1023 2572 1069 2625 δ’
1101 2573 1129 2624 ὁ
1156 2573 1440 2637 ’Λντώνιος
1466 2575 1656 2647 ἔφορος
1687 2576 1869 2644 ἐγεγό-

299 2671 398 2721 νει,
433 2660 529 2710 καὶ
560 2658 662 2730 οὐχ
682 2654 794 2724 οἷός
829 2679 891 2715 τε
921 2658 990 2732 ἦν
1033 2664 1441 2735 ὲνασχολεῖσθαι
1478 2670 1545 2737 τῇ
1582 2668 1877 2741 σοφιζούσῃ

190 2800 197 2803 _
296 2744 390 2799 τὸν
440 2747 649 2802 ’Δέτιον
689 2749 1030 2824 διδασκαλίᾳ,
1079 2755 1161 2817 είς
1203 2754 1302 2826 τὴν
1349 2758 1626 2827 Ἀντιόχου
1661 2757 1823 2811 πάλιν
1846 2760 1876 2812 ό

296 2835 517 2903 ι’Δέτιος
540 2840 839 2908 ἐπάνεισιν,
867 2845 1269 2917 ἀκροασόμενος
1292 2849 1543 2905 Λεοντίου
1570 2850 1710 2919 (85)·
1744 2867 1875 2921 πρεο

300 2927 562 3001 σσύτερος
594 2931 653 2984 δὲ
679 2927 749 3003 ἦν
793 2934 825 2986 ό
864 2935 1113 3000 Λεόντιος
1147 2938 1268 2989 κατ’
1314 2938 1493 2990 ἐκεῖνο
1519 2939 1743 3011 καιροῦ,
1782 2941 1877 2993 καὶ

297 3021 458 3087 αὐτὸς
482 3024 594 3077 τῶν
622 3025 879 3096 μαθητῶν
903 3028 1199 3081 Λουκιανοῦ
1229 3031 1572 3101 χρηματίσας
1599 3050 1609 3060 ·
1641 3031 1700 3092 ὃς
1727 3031 1876 3101 αὐτῷ

298 3114 392 3167 καὶ
422 3115 554 3180 τοὺς
585 3119 867 3189 προφήτας
901 3118 1227 3191 ἐξηγήσατο,
1259 3121 1352 3174 καὶ
1388 3121 1622 3191 μάλιστα
1650 3124 1741 3176 τὸν
1783 3124 1876 3176 ’ἰε-

298 3203 512 3277 ζεκιήλ.
579 3208 740 3262 ’Λλλά
775 3210 1029 3263 κάκεῖθεν
1074 3212 1236 3264 αὑτὸν
1266 3215 1294 3265 ὁ
1342 3211 1533 3281 φθόνος
1576 3210 1767 3277 αὖθις,
1801 3213 1877 3277 ὼς
1905 3203 1947 3261 C

296 3297 673 3371 Φιλοστόργιος
695 3300 870 3372 ληρεῖ,
897 3303 973 3365 ὡς
1000 3302 1043 3354 δ’
1069 3302 1133 3357 ἄν
1160 3320 1245 3367 τις
1274 3304 1553 3376 ἀληθεύων
1579 3306 1744 3371 εἴποι,
1772 3306 1872 3377 τῆς

295 3386 548 3460 γλώσσης
578 3392 613 3460 ή
650 3391 920 3463 ἀκρασία,
957 3394 1052 3446 καὶ
1080 3394 1139 3446 τὸ
1170 3395 1264 3448 τοῦ
1297 3398 1642 3466 φρονήματος
1677 3395 1871 3449 δυσσε-

298 3478 390 3541 ϐὲς
417 3480 735 3538 ἀπελαύνει.
776 3482 1016 3538 Ἐκεῖθεν
1048 3480 1141 3539 οὖν
1171 3486 1269 3556 τὴν
1305 3486 1559 3539 Κιλικίαν
1589 3487 1873 3558 καταλαμ-

301 3570 448 3625 ϐάνει
469 3589 483 3600 ·
515 3573 610 3625 καί
636 3591 719 3637 τις
745 3574 853 3629 τῶν
879 3575 1253 3648 Βορϐοριανῶν
1277 3578 1352 3649 (a)
1384 3578 1563 3645 λόγοις
1590 3579 1739 3649 αὑτῴ
1767 3580 1871 3633 ὑπὸ

297 3665 392 3733 τῆς
425 3664 564 3728 ἰδίας
592 3665 750 3737 δόξης
780 3668 1124 3738 συμπλακεὶς
1156 3669 1291 3737 (84),
1339 3672 1417 3732 είς
1458 3671 1695 3740 ἐσχάτην
1740 3687 1872 3724 κατ-

298 3751 525 3824 έστησεν
547 3750 738 3826 ἧτταν.
781 3757 896 3827 Ἐφ’
927 3753 972 3828 ᾧ
1001 3759 1210 3830 ἀθυμία
1234 3778 1292 3813 τε
1321 3761 1482 3813 αὐτὸν
1508 3765 1748 3830 κατεῖχε,
1779 3761 1874 3815 καὶ⁸

296 3842 358 3897 τὸ
387 3843 489 3916 ζῇν
516 3847 618 3900 οὐκ
648 3848 874 3903 ἀνεκτὸν
901 3852 1115 3921 ἡγεῖτο,
1142 3851 1283 3920 ὁρῶν
1303 3851 1363 3903 τὸ
1394 3851 1589 3921 ψεῦδος
1620 3852 1719 3921 τῆς
1745 3851 1877 3923 ἀλη-

1973 1948 2277 2002 mercedem
2310 1948 2527 2013 retulit,
2561 1957 2619 2001 ut
2640 1964 2704 2001 es
2736 1948 2900 2002 domo
2932 1949 3069 2003 bene
3097 1948 3162 2001 de
3194 1947 3311 2017 ipso
3356 1946 3550 2001 merita

1972 2039 2284 2109 ejiceretur.
2352 2039 2480 2094 Inde
2540 2040 2706 2110 igitur
2766 2041 3024 2110 expulsus
3076 2055 3200 2094 cum
3254 2038 3551 2093 Athanasio

1974 2134 2227 2183 versatus
2254 2141 2356 2193 est,
2385 2127 2613 2182 Luciani
2658 2131 2915 2201 martyris
2957 2129 3254 2199 discipulo,
3293 2128 3388 2199 qui
3424 2136 3551 2183 tunc

1972 2217 2241 2273 Aoazarbi
2298 2221 2668 2290 episcopatum
2724 2221 2963 2291 regebat.
3020 2219 3175 2290 Apud
3218 2234 3378 2290 quem
3423 2235 3550 2274 cum

1973 2309 2332 2378 erangelistas
2362 2309 2611 2379 legisset,
2642 2319 2696 2364 et
2724 2311 2937 2381 singula
2967 2325 3089 2379 qum
3133 2311 3187 2363 in
3214 2309 3320 2365 illis
3358 2324 3553 2363 oecur—

1974 2406 2103 2453 ruut
2144 2410 2396 2455 accurate
2436 2401 2816 2466 observasset,
2845 2398 3075 2456 Tarsum
3113 2401 3238 2453 inde
3281 2400 3551 2471 perrexit,

1975 2491 2190 2544 visurus
2222 2491 2553 2555 Antonium,
2580 2492 2674 2560 qni
2708 2500 2762 2546 et
2807 2493 2920 2560 ipse
2953 2507 3096 2547 unus
3127 2502 3247 2545 erat
3285 2506 3349 2547 ex
3386 2491 3552 2545 disci-

1976 2581 2115 2649 pulis
2145 2579 2392 2635 Luciani.
2425 2580 2467 2634 A
2498 2596 2607 2650 quo
2637 2596 2760 2637 cum
2791 2581 3153 2651 Epistolarum
3182 2579 3335 2635 Pauli
3367 2579 3553 2649 expla-

1976 2671 2249 2725 nationem
2301 2671 2614 2738 didicisset,
2656 2673 2791 2727 satis
2838 2672 2931 2726 diu
2978 2686 3103 2728 eum
3161 2687 3228 2727 eo
3275 2672 3445 2738 visit,
3494 2670 3551 2725 in

1975 2763 2408 2833 presbyterorum
2448 2763 2638 2817 ordine
2679 2761 2860 2818 adhuc
2901 2764 3223 2818 constituto.
3267 2759 3370 2817 Ubi
3421 2777 3552 2817 veto

1976 2854 2249 2908 Antonius
2277 2853 2341 2907 ad
2370 2854 2739 2924 episcopatum
2767 2863 2983 2909 erectus
3000 2864 3102 2921 est,
3135 2870 3234 2909 nec
3254 2852 3554 2907 erudiendo

1975 2949 2130 3002 Aetio
2166 2963 2359 3002 vacare
2403 2948 2638 3017 amplius
2688 2956 2932 3017 poterat,
2962 2948 3157 3001 iterum
3207 2947 3394 3000 Aetius
3436 2945 3552 2997 Λιι-

1978 3041 2234 3095 tioehiam
2273 3042 2578 3103 revertitur,
2612 3040 2900 3095 Leontium
2934 3041 3261 3100 auditurus,
3291 3039 3383 3109 qui
3423 3048 3555 3091 tune

1979 3132 2240 3201 temporis
2280 3137 2562 3203 presbyter
2590 3142 2709 3188 erat
2744 3132 3078 3198 Antiochia),
3125 3141 3179 3186 et
3209 3148 3349 3186 unus
3378 3129 3556 3186 fuerat.

1977 3240 2043 3277 ex
2077 3223 2418 3278 auditoribus
2448 3221 2674 3277 Luciani
2707 3241 2720 3277 :
2756 3223 2844 3277 hic
2867 3223 3176 3293 prepbctas,
3197 3236 3261 3275 ac
3287 3220 3555 3290 praecipue

1980 3315 2315 3370 Ezechielem
2352 3316 2607 3384 exposuit
2644 3316 2833 3371 Aetio.
2882 3313 2985 3368 Sed
3017 3330 3204 3369 rursus
3236 3311 3467 3374 invidia,
3497 3316 3554 3366 nt

1978 3405 2215 3459 somniat
2249 3404 2673 3475 Philostorgius,
2718 3403 2811 3459 sed
2857 3412 2916 3458 ut
2961 3403 3139 3458 verius
3174 3402 3372 3473 aliquis
3397 3401 3554 3457 dexa-

1978 3496 2080 3563 rit,
2132 3496 2332 3566 linguae
2390 3496 2803 3566 intemperantia
2851 3506 2904 3549 et
2950 3496 3260 3563 degmatum
3302 3495 3553 3563 impietas

1979 3588 2104 3641 inde
2143 3602 2266 3641 eum
2310 3589 2488 3656 ejecit.
2543 3588 2698 3642 llline
2742 3587 2909 3656 igitur
2956 3586 3145 3640 Aetius
3198 3586 3252 3638 itt
3302 3585 3549 3639 Ciliciam

1978 3671 2253 3741 profectus
2292 3680 2376 3726 est.
2410 3690 2422 3725 :
2456 3672 2544 3726 ubi
2576 3672 2795 3742 quidam
2843 3686 2908 3725 ex
2949 3672 3143 3725 haeresi
3190 3670 3551 3726 Borboriano-

1980 3778 2123 3824 rum,
2155 3778 2254 3832 pro
2279 3763 2596 3817 defensio-:e
2623 3762 2891 3831 dogmatis
2925 3763 3009 3816 sui
3041 3778 3164 3816 cum
3196 3776 3263 3817 eo
3296 3775 3546 3831 congres-

1982 3868 2107 3915 sus,
2142 3854 2360 3923 penitus
2388 3870 2512 3908 eum
2549 3854 2679 3909 vicit
2723 3862 2887 3923 atque
2937 3853 3227 3923 Oppressit.
3277 3851 3452 3920 Quam
3483 3853 3554 3908 ob

1524 4020 1767 4065 VALE-Sil
1808 4020 2315 4068 ANNOTATIONES.

300 4128 478 4185 desito
506 4128 797 4197 episcopos
829 4142 1176 4191 enumerans,
1215 4144 1322 4182 non
1351 4128 1520 4183 solius
1553 4126 1737 4191 Marci,
1774 4129 1867 4183 sed

300 4199 625 4267 generaliter
649 4199 1018 4267 apostolorum
1043 4212 1391 4253 successores
1420 4197 1693 4267 nominat;
1729 4198 1869 4253 idem

299 4283 521 4337 quoque
562 4266 817 4321 observat
847 4267 900 4320 in
949 4269 1217 4335 epise0pis
1246 4268 1567 4322 Antioebite.
1603 4266 1674 4337 [tri
1706 4270 1869 4321 etiam

300 4335 535 4392 [renatus
559 4338 610 4389 in
634 4337 775 4391 libro
802 4339 999 4407 primo,
1025 4338 1092 4392 de
1117 4337 1325 4407 Hygino
1353 4340 1582 4406 loquens
1612 4335 1872 4393 Romanae

299 4407 454 4461 urbis
482 4407 759 4475 episcopo,
788 4423 911 4461 eum
945 4423 1149 4461 nonum
1180 4409 1357 4462 locum
1387 4407 1713 4476 episcopalis
1738 4424 1867 4462 suc-

299 4477 567 4530 cessionis
601 4477 842 4530 tenuisse
868 4478 1000 4531 dicit
1025 4488 1146 4546 post
1174 4475 1483 4546 apostolos;
1515 4475 1608 4529 sed
1634 4488 1687 4546 et
1721 4477 1869 4530 Latia

300 4560 401 4600 nos
427 4546 615 4599 eodem
650 4547 812 4599 modo
844 4544 1054 4601 locutos
1082 4544 1412 4603 invenimus.
1445 4544 1602 4599 Certe
1632 4544 1865 4602 Ruﬁnus

296 4614 377 4668 De
401 4615 790 4686 adulteratione
838 4616 932 4668 lib.
976 4616 1217 4686 Origenis
1264 4618 1337 4671 ita
1383 4616 1516 4686 dicit
1562 4631 1593 4686 :_
1622 4613 1859 4670 Clemens

1987 4128 2243 4184 Bocharti
2274 4142 2453 4184 autem
2486 4131 2672 4184 codice
2705 4130 2888 4184 nescio
2923 4130 3047 4199 quis
3084 4129 3380 4196 adnotavit,
3416 4130 3552 4186 forte

1978 4202 2328 4272 scribendum
2375 4216 2498 4272 esse
2528 4200 2584 4253 δὲ
2622 4200 2919 4272 διεσκόπει.
2955 4201 3066 4272 Ego
3097 4200 3310 4253 mallem
3352 4201 3548 4271 legere,

1975 4271 2075 4339 τὴν
2122 4268 2453 4339 ’Λνάζαρϐον
2482 4271 2528 4339 δ’
2558 4270 2877 4323 ἐπεσκόπει.

2046 4338 2157 4410 (8⁸5)
2217 4338 2710 4410 Ἀκροασάμενος-
2754 4339 3063 4394 Λεοντίου.
3134 4338 3328 4410 Procul
3384 4338 3550 4410 dubio

1976 4408 2322 4463 scribendum
2360 4418 2443 4479 est
2472 4408 2900 4479 ἀκροασόμενος,
2928 4409 3391 4479 quemadmodum
3418 4408 3551 4478 legi-

1976 4488 2065 4531 tur
2096 4480 2147 4531 iu
2186 4494 2287 4531 ms.
2332 4478 2518 4531 codice
2548 4459 2821 4532 Boebarti.

2042 4548 2152 4617 (84)
2213 4550 2425 4615 Λόγοις
2464 4544 2623 4611 αὺτῷ
2661 4546 2787 4599 ,ὑπὸ
2833 4545 2944 4614 τῆς
2990 4546 3146 4612 ιδίας
3188 4546 3374 4613 δόξης
3399 4560 3551 4615 συμ-

1968 4617 2244 4682 πλακείς.
2282 4618 2564 4671 Assentior
2588 4617 2702 4668 viro
2731 4618 2912 4679 docto,
2945 4619 3037 4685 qui
3073 4620 3137 4671 ad
3172 4618 3315 4671 latus
3341 4618 3550 4671 codicis

297 4685 664 4756 apostolorum
703 4686 1020 4754 discipulus,
1050 4682 1141 4756 q'ui
1182 4685 1430 4740 Rontanaz
1466 4682 1719 4739 Ecclesia:
1749 4698 1863 4756 post
1899 4687 1942 4743 1)
1970 4688 2312 4756 Boebartiani
2349 4688 2414 4739 ad
2459 4702 2643 4756 vocem
2695 4685 2817 4750 ὑπό,
2868 4682 3148 4740 adnotavit
3199 4686 3545 4741 scribendum

298 4755 563 4826 apostolos
588 4756 862 4826 episcopus
886 4765 941 4826 et
965 4755 1171 4826 martyr
1202 4757 1436 4825 praefuit.

368 4825 482 4896 (81)
526 4825 636 4879 Τοῦ
686 4824 1063 4896 διδασκᾴλου
1112 4824 1428 4894 δημοσίου.
1481 4827 1638 4883 llunc
1689 4829 1870 4883 locum

297 4894 580 4970 emendavi
598 4911 663 4948 ex
686 4896 874 4970 codice
906 4894 1177 4970 Bocharti,
1206 4897 1257 4970 in
1281 4898 1650 4970 qt‘ioonpoclqt
1672 4900 1874 4953 diserte
1896 4932 1903 4935 -

299 4965 557 5044 scribitur
590 4982 604 5017 :
636 4974 690 5019 et
716 4965 879 5035 paulo
912 4975 1056 5036 post,
1090 4967 1178 5019 ἐπ’
1207 4965 1713 5040 ἀμαθείᾳ,”ουιίὶιιυ
1744 4985 1871 5037 pro-

298 5034 637 5175 Léiﬂdilihilgir
680 5102 1028 5171 Ἀναϐαρζόν
1068 5104 1394 5159 διεσκόπει.
1435 5104 1611 5161 Lucas
1662 5105 1871 5159 llolste-

299 5173 420 5229 nius
455 5174 524 5228 ad
552 5175 695 5227 latus
736 5175 823 5229 sui
851 5177 1056 5230 codicis
1078 5177 1409 5240 emendavit,
1442 5177 1499 5230 δὲ
1527 5177 1774 5231 ἐσκόπει.
1814 5179 1867 5230 ιιι

1979 4758 2147 4810 videri
2171 4755 2309 4825 ὑπέρ
2329 4772 2344 4785 ο
2379 4772 2486 4823 qua
2518 4755 2732 4825 quidem
2763 4758 3143 4810 emendatione
3163 4756 3294 4809 nihil
3321 4757 3547 4810 eertius.

1982 4828 2251 4894 lnterpres
2273 4823 2491 4893 quidem
2516 4823 2884 4880 Gothofredus
2912 4827 2964 4879 in
2989 4826 3154 4894 hujus
3176 4826 3278 4880 loci
3301 4826 3550 4879 versione

1983 4897 2210 4963 turpiter
2252 4896 2616 4949 hallucinatus
2656 4903 2763 4956 est,
2814 4897 2971 4964 cujus
3019 4896 3340 4964 versionem
3376 4894 3551 4948 Lucas

1980 4965 2297 5019 llolstenius
2348 4965 2398 5018 in
2449 4981 2549 5018 suo
2579 4965 2766 5017 codice
2800 4963 3215 5019 itaemendavit
3257 4982 3270 5018 :
3316 4963 3385 5017 Et
3418 4965 3551 5017 Bor-

1979 5037 2320 5089 borianorunt
2364 5034 2558 5100 aliquis
2603 5035 2896 5087 rationibus
2946 5037 3217 5104 propriam
3248 5036 3549 5100 opinionem

1974 5121 2335 5173 propugnans,
2379 5121 2498 5157 cum
2532 5121 2591 5157 eo
2640 5120 2949 5174 congressus
2988 5106 3195 5174 penitus
3223 5108 3396 5173 ipsum
3424 5118 3548 5155 con-

1976 5176 2191 5244 futavit.

1764 5315 2091 5360 "ARIORUM
2104 5344 2117 5356 .

368 5413 442 5489 (ιι)
482 5418 576 5482 Τις
604 5415 1183 5489 τῶνᾲΒορόοριαν-ῶν.
1217 5421 1557 5485 Boi-boriani,
1595 5437 1690 5476 seu
1736 5422 1811 5476 Bo
1834 5442 1869 5462 ·-

1975 5432 2109 5476 runt.
2149 5420 2238 5475 Sir.
2264 5420 2389 5473 dicti
2415 5433 2477 5473 ex
2498 5417 2687 5472 Grzeco
2714 5418 2991 5489 βόρϐορος,
3024 5432 3244 5489 mnum.
3278 5413 3543 5489 Sic‘enim

296 5483 505 5559 intritae,
554 5483 1017 5559 inagreticiJesorti
1072 5492 1405 5558 temporibus
1456 5483 1679 5545 Adriani
1733 5494 1861 5559 imp.

294 5555 438 5626 rirca
470 5571 564 5609 an.
597 5556 732 5611 Chr.
767 5557 887 5621 129,
918 5560 1027 5626 qui,
1062 5568 1120 5611 ut
1151 5555 1227 5612 ait
1255 5560 1574 5614 Philastrins
1607 5563 1659 5613 in
1685 5555 1860 5614 Catal.

299 5624 574 5699 llwrctic.,
615 5626 763 5699 vitiis
808 5624 1069 5699 implicati
1106 5630 1310 5692 swcali,
1344 5640 1391 5681 et
1432 5630 1587 5681 malis
1617 5634 1863 5699 concupi-

295 5697 502 5749 scentiis
535 5697 843 5754 servientes.
871 5697 1135 5764 judicium
1158 5716 1258 5751 non
1292 5708 1569 5765 sperarunt
1601 5697 1859 5766 futuram,

296 5767 383 5818 sed
406 5769 585 5837 potius
618 5768 889 5820 carnalem
934 5769 1114 5821 swrnli
1162 5770 1636 5838 concupiscentiam
1671 5770 1862 5823 lauda-

1966 5493 2104 5544 idem
2136 5510 2148 5543 :
2187 5491 2255 5543 Ili
2290 5492 2470 5558 itaque
2508 5491 2560 5540 in
2592 5483 2794 5541 romani
2823 5483 3023 5549 cantes,
3067 5497 3115 5538 et
3149 5485 3270 5538 inde
3297 5483 3448 5558 obliti
3478 5483 3544 5539 de

1963 5578 2106 5613 caeno
2139 5562 2303 5628 facies
2345 5554 2393 5612 et
2432 5559 2665 5611 membra
2705 5574 2816 5628 sua?
2843 5558 3230 5628 delormantes,
3257 5554 3438 5606 eadem
3483 5569 3542 5611 re

1963 5625 2163 5683 cunctis
2203 5631 2341 5682 velut
2372 5628 2691 5695 culpandth
2726 5627 2818 5677 Dei
2851 5635 3151 5677 creaturam
3198 5625 3537 5695 demonstra-

1962 5704 2106 5752 bant.
2160 5697 2291 5752 Vide
2324 5692 2637 5750 'l‘heudorit.
2679 5694 2874 5746 lla'rrt.
2925 5695 3033 5762 fab.
3073 5695 3165 5746 lib.
3217 5708 3254 5756 I,
3287 5711 3405 5764 cap.
3446 5692 3528 5758 l5,

1960 5780 2007 5823 et
2038 5770 2202 5840 lipipli
2246 5787 2296 5821 n.
2337 5770 2526 5820 haeres.
2567 5765 3061 5829 liiioslizzwum213,
3091 5781 3123 5818 ιι
3177 5764 3229 5817 5.
