4062 6332
294 360 402 420 509

1323 370 1885 430 ECCLESIASTICA:
1929 339 2288 436 msronmi
2321 381 2450 438 LIB.
2493 377 2575 435 ut.

3442 375 3553 434 510

299 474 548 548 μαθητὴν
594 453 1039 554 προχειρίξεται,
1080 483 1174 538 καὶ
1205 479 1481 540 διδάσκειν
1519 488 1577 540 ἐν
1622 489 1886 562 ἐκκλησία

1996 505 2272 562 promotus
2313 495 2536 559 fuisset,
2581 493 2910 565 discipulum
2951 507 3112 550 suum
3161 491 3227 547 ad
3255 490 3574 547 diaconatus
3607 544 3616 567 ,

293 570 363 626 τὰ
389 571 490 642 τῆς
544 569 872 647 Ἐκκλησίας
906 578 1192 648 ἐπιτρέπει
1229 577 1496 650 δόγματα.
1553 581 1616 632 ‘0
1649 581 1706 634 δὲ
1745 581 1882 654 πρὸς

295 664 400 735 μιν
519 667 622 738 τῆς
656 667 932 733 διακονίας
972 671 1136 743 ἔργον
1169 672 1450 744 ὕπεστάλη
1471 690 1486 705 ·
1520 673 1794 730 διδάσκειν
1825 676 1883 730 δὲ

292 753 602 822 ἀνεδέξατο.
625 759 833 830 Χρόνον
847 761 905 814 δὲ
921 761 1234 834 διατρίψας,
1253 763 1314 828 ὃς
1332 763 1581 835 ἐνόμιζεν
1602 766 1752 838 αὐτῷ
1767 767 1880 838 (88)

294 848 377 910 είς
397 848 500 918 τὴν
523 847 634 902 τῶν
657 848 822 903 θείων
847 851 1190 922 μαθημάτων
1213 853 1532 927 ἐξαρκέσειν
1558 857 1883 928 παράδοσιν,

297 938 391 989 ἐπὶ
415 937 518 1008 τὴν
559 937 967 1011 Ἀλεξάνδρειαν
995 939 1151 1008 αὖθις
1183 943 1568 1016 παραγίνεται.
1605 945 1744 1018 Ἤδη
1773 946 1883 1019 γὰρ

295 1027 356 1079 ἐν
371 1028 512 1099 αὐτῇ
533 1029 562 1082 ό
602 1029 916 1094 Ἀθανάσιος
937 1031 1107 1096 πολὺς
1127 1029 1196 1106 ἦν
1215 1035 1310 1088 ἐπὶ
1338 1034 1432 1088 τοῦ
1453 1036 1741 1106 δμοουσίου
1766 1037 1880 1108 (89)

299 1117 458 1186 ῥέων,
494 1119 586 1173 καὶ
612 1121 785 1192 ἐχρῆν
811 1121 951 1177 εἶναι
977 1123 1070 1178 τδν
1093 1126 1472 1181 ἀντιπνέοντα.

1991 587 2219 657 gradum
2254 587 2451 652 evexit,
2494 587 2656 656 eique
2683 585 2927 655 permisit
2959 593 3018 640 ut
3061 582 3431 640 ecclesiastica
3473 584 3576 634 do-

1989 685 2171 744 gmata
2200 677 2414 746 publice
2447 678 2498 730 in
2541 674 2784 731 Ecclesia
2828 674 3047 729 doceret
3075 673 3209 744 (95).
3240 671 3442 727 Verum
3471 669 3579 723 Ae-

1989 767 2101 823 tius
2163 768 2381 823 diaconi
2437 768 2656 839 quidem
2702 765 3040 820 iunctionem
3089 762 3442 828 detrectavit,
3473 760 3577 814 do-

1989 860 2147 914 cendi
2192 874 2323 916 vero
2367 875 2568 916 munus
2597 859 2832 914 libenter
2863 859 3149 928 amplexus
3187 864 3291 913 est.
3331 853 3582 922 Cumque

1989 949 2100 1004 illic
2133 950 2322 1004 tandiu
2355 951 2680 1016 mansisset,
2706 959 2974 1021 quantum
3022 949 3124 1003 sibi
3161 947 3408 1003 sumcere
3429 943 3578 1015 judi-

1989 1043 2152 1097 cabat
2177 1043 2243 1096 ad
2275 1057 2561 1098 sacrarum
2587 1043 3002 1113 disciplinarum
3033 1041 3413 1102 traditionem,
3450 1051 3580 1091 rur-

1987 1147 2083 1186 sus
2131 1132 2518 1187 Alexandriam
2565 1134 2824 1203 perrexit.
2871 1131 2990 1186 Jam
3039 1132 3186 1186 enim
3233 1129 3345 1184 illic
3384 1128 3581 1197 agebat

296 1214 666 1273 Athanasius.
699 1227 752 1271 et
776 1217 838 1271 τδ
893 1218 1182 1290 ὀμοούσιον
1234 1223 1447 1293 magnis
1493 1223 1710 1278 viribus
1751 1223 2106 1292 defendebat,
2169 1241 2508 1297 prorsusque
2557 1240 2782 1281 necesse
2855 1235 2971 1280 erat
3012 1235 3070 1278 ut
3101 1223 3303 1294 atiquis
3336 1221 3387 1277 ei
3435 1219 3574 1275 resi-

297 1319 488 1369 staret.

371 1412 462 1478 ιη’.
526 1404 653 1460 Ὅτι
693 1404 830 1479 φησὶ
879 1401 1179 1465 Φλαϐιανδν
1225 1413 1319 1466 καὶ
1363 1414 1650 1479 Παυλῖνον,
1696 1413 1748 1466 οἶ
1791 1415 1886 1467 καὶ

299 1493 446 1561 μετὰ
470 1492 643 1549 ταῦτα
670 1495 762 1549 τὸν
811 1495 1143 1567 Ἀντιοχείας
1188 1499 1374 1571 θρόνον
1417 1491 1562 1571 εἶχον
1603 1501 1886 1572 διανειμὼ

303 1598 491 1654 μενοι,
538 1583 764 1650 τούτους
808 1587 900 1642 τὸν
939 1588 1230 1660 εἰρημένον
1275 1591 1523 1644 Λεόντιον
1557 1591 1651 1646 ate
1699 1592 1764 1664 δὴ
1812 1592 1885 1662 μὴ

298 1669 688 1744 ὁμοδοξοῦντας
714 1675 986 1731 καθελεῖν.
1013 1671 1173 1731 Οὗτοι
1199 1677 1256 1732 δὲ
1282 1673 1420 1750 ἦσαν
1442 1681 1728 1754 Εὑσταθίῳ
1758 1699 1886 1735 συν-

301 1761 796 1835 ακολουθήσαντες,
843 1768 902 1829 ὲς
943 1767 1040 1840 τὴν
1087 1767 1341 1840 μεθόριον
1386 1772 1742 1845 ἀπαγομένῳ.
1790 1775 1888 1836 ὐς

2063 1412 2150 1468 18.
2186 1410 2480 1466 Flavianus
2513 1420 2562 1464 et
2599 1406 2860 1461 Paulinus
2897 1421 2928 1458 ιι
2961 1403 3180 1457 Leontio
3225 1400 3475 1472 depositi.
3507 1433 3582 1448 —-

1990 1499 2080 1556 Ait
2128 1499 2526 1572 Philostorgius
2586 1499 2907 1553 Flavianum
2975 1511 3041 1551 ac
3109 1494 3440 1562 Paulinum,
3486 1496 3581 1566 qui

1990 1595 2393 1649 Antiochenum
2441 1593 2819 1662 episcopatum
2868 1589 3006 1642 inter
3051 1603 3112 1642 se
3143 1595 3333 1656 postea
3382 1586 3576 1641 divise-

1992 1694 2153 1750 runt,
2194 1701 2224 1740 a
2268 1686 2584 1755 supradicto
2626 1681 2888 1747 Leontio,
2938 1689 3126 1748 utpote
3169 1678 3442 1732 contraria
3477 1679 3580 1749 ipsi

1993 1779 2319 1839 sentientes,
2356 1777 2640 1846 depositos
2674 1790 2814 1830 esse.
2850 1771 2915 1826 Hi
2946 1786 3075 1828 vero
3110 1769 3455 1824 Eustathium
3497 1784 3584 1824 se-

301 1854 411 1910 τῶν
449 1857 613 1930 ἱερῶν
652 1859 752 1930 τῆς
813 1860 1143 1932 Ἀντιοχείας
1177 1859 1471 1933 φροντίδων
1499 1864 1612 1932 (90)
1642 1908 1656 1931 ,
1691 1865 1890 1937 μᾶλλον

1996 1869 2101 1924 cuti
2131 1867 2380 1932 fuerant,
2409 1845 2533 1922 eum
2569 1867 2616 1920 is
2653 1867 2707 1919 in
2747 1863 3004 1919 exsilium
3057 1861 3442 1916 abduceretur.
3477 1859 3583 1926 Qui

299 1949 359 2004 δὲ
401 1951 502 2022 τῆς
547 1951 676 2024 ὅλης
704 1952 1024 2018 εὐσεϐείας,
1057 1953 1208 2007 οὐδὲν
1240 1955 1497 2028 ᾕνέσχετο
1523 1959 1636 2020 τοῖς
1679 1960 1892 2028 καιροῖς

303 2045 884 2112 συγκαπηλεύσασθαι.

373 2237 464 2292 tot.
513 2239 640 2292 ὐτι
671 2236 963 2292 Σεκούνδου
1000 2239 1093 2292 καὶ
1136 2237 1313 2311 Σέρρα
1339 2238 1418 2310 (a)
1464 2239 1544 2302 είς
1589 2238 1892 2310 ἐπισκοπὴν

300 2330 394 2386 τδν
438 2325 646 2385 ’Δέτιον
669 2331 1184 2404 προχειριζομένων,
1215 2331 1400 2397 αὐτὸς,
1446 2333 1632 2401 φησὶν,
1660 2332 1760 2384 οὐκ
1799 2333 1894 2402 ὴν-

304 2425 526 2495 ἑσχετο,
573 2424 650 2494 μὴ
686 2421 945 2495 καθαρῶς
982 2423 1183 2486 αὐτοὺς
1214 2421 1499 2495 ἱερᾶσθαι,
1533 2421 1621 2475 διὰ
1648 2423 1745 2492 τὴν
1767 2424 1891 2476 ὲπι-

307 2513 492 2584 μιξίαν
531 2513 641 2566 τῶν
681 2513 742 2566 τδ
783 2513 1074 2585 όμοούσιον
1125 2513 1238 2584 (91)
1290 2513 1708 2585 θρησκευόντων
1753 2513 1889 2567 ἁπο-

305 2607 652 2678 φαινόμενος.

373 2788 445 2839 κ⁰.
496 2783 656 2848 Ὅτι,
684 2781 875 2857 φησιν,
906 2781 1172 2854 Εὑνόμιος
1209 2780 1354 2835 κατὰ
1395 2780 1591 2834 πύστιν
1620 2782 1718 2852 τῆς
1778 2781 1893 2834 Ἀε-

302 2873 420 2929 τίου
453 2873 646 2944 σοφίας
682 2876 763 2938 είς
807 2873 1137 2944 Ἀντιόχειαν
1183 2875 1250 2928 ὲκ
1275 2873 1672 2937 Καππαδοκίας
1699 2871 1895 2942 ἀφικό-

309 2984 495 3038 μενος,
521 2965 601 3034 τῷ
633 2965 912 3038 Σεκούνδῳ
931 2964 1243 3038 συνέμιξεν.
1279 2965 1340 3020 '0
1370 2965 1427 3019 δὲ
1458 2966 1620 3019 αὐτὸν
1647 2967 1702 3018 ὲν
1744 2965 1892 3018 Ἀλεο

311 3055 562 3132 ξανδρεία
585 3057 706 3111 τότε
729 3055 807 3129 τῷ
852 3058 1044 3128 ’Δετίῳ
1068 3057 1401 3129 διατρίϐοντι
1432 3057 1762 3126 συνέστηκε·
1798 3057 1894 3110 καὶ

1992 1961 2210 2033 quidem
2241 1975 2306 2014 ex
2353 1959 2679 2015 sacerdotali
2719 1973 2944 2011 munere
2981 1954 3374 2009 Antiochensis
3398 1951 3584 2008 Eccle-

1992 2053 2120 2116 siae,
2154 2068 2250 2108 seu
2288 2052 2470 2123 potius
2491 2067 2556 2106 ex
2596 2050 2848 2106 universa
2881 2048 3166 2118 religione,
3195 2047 3330 2102 nihil
3358 2047 3584 2102 omnino

1992 2154 2301 2215 temporum
2333 2144 2714 2200 vicissitudine
2748 2157 2945 2212 passus
2982 2151 3060 2197 est
3104 2138 3450 2215 interpolat-i.
3635 2205 3639 2208 .

2065 2213 2152 2292 19.
2187 2237 2369 2292 Aetius
2399 2238 2762 2306 episcopatum
2799 2244 3029 2290 recusat.
3054 2233 3238 2286 —-Ait
3274 2213 3584 2286 P‘hilostor-

1994 2331 2115 2401 gius
2132 2331 2369 2393 Aetium,
2399 2346 2526 2384 eum
2557 2329 2843 2384 Secundus
2877 2339 2929 2384 et
2957 2328 3156 2384 Sen-as
3195 2324 3264 2380 ad
3295 2325 3586 2396 episcopa-

1995 2429 2108 2474 tum
2139 2420 2435 2491 gerendum
2481 2435 2604 2474 eum
2636 2418 2962 2484 elegissent,
3003 2413 3260 2470 assentiii
3308 2412 3584 2478 noluisse,

1994 2527 2119 2568 cum
2167 2511 2369 2566 diceret
2403 2525 2500 2565 eos
2535 2525 2643 2564 non
2676 2525 2814 2579 pure
2851 2523 2952 2563 nec
2998 2517 3186 2562 sancte
3225 2502 3410 2558 divina
3443 2503 3582 2558 cele-

1997 2603 2156 2660 brare
2188 2603 2466 2676 mysteria,
2517 2611 2703 2674 utpote
2755 2601 2849 2672 qui
2897 2595 3286 2655 llomousianis
3338 2596 3586 2666 permisti

1994 2705 2200 2754 essent.

2069 2787 2161 2841 ΞΟ.
2187 2783 2579 2838 Eunomius.—
2606 2781 2930 2848 Eunomius,
2966 2797 3089 2836 cum
3133 2781 3275 2838 fama
3308 2783 3375 2838 ad
3407 2783 3585 2853 ipsum

1995 2879 2200 2949 perlata
2267 2886 2410 2930 esset
2453 2875 2521 2930 de
2571 2873 2710 2928 Aetii
2767 2874 3063 2943 sapientia,
3126 2890 3192 2927 ex
3245 2874 3587 2944 Cappadocia

1994 2962 2340 3018 Antiochiam
2397 2961 2708 3032 proiectus,
2773 2961 2827 3014 in
2871 2962 3207 3031 coll0qnium
3264 2964 3415 3018 venit
3461 2979 3587 3019 cum

1996 3053 2270 3109 Serundo.
2308 3049 2407 3106 llic
2439 3066 2567 3106 vero
2613 3050 2794 3116 Aetio,
2823 3051 2917 3120 qui
2944 3061 3058 3104 tum
3104 3052 3450 3109 Alexandria:
3492 3056 3589 3110 de-

309 3148 574 3218 συνέστην
601 3147 790 3218 ἄμφω,
819 3147 849 3200 ὁ
875 3147 971 3217 μὲν
1005 3146 1294 3212 διδάσκων,
1334 3148 1362 3200 ὁ
1385 3145 1444 3200 δὲ
1469 3148 1584 3209 τοῖς
1627 3147 1794 3218 ἱεροῖς
1817 3145 1891 3215 (ο)

1997 3146 2174 3218 gebat,
2207 3143 2537 3199 Eunomium
2569 3142 2995 3198 commendavit.
3034 3143 3213 3198 Ambo
3235 3145 3400 3214 igitur
3423 3145 3589 3200 simul

311 3239 601 3310 μαθήμασι
629 3238 896 3293 συνασκού
905 3255 1085 3309 μενος.

378 3419 486 3468 κα⁹.
524 3409 650 3466 Ὀτι
691 3414 962 3485 Εὐνομίου
999 3413 1166 3486 φησὶν
1196 3405 1352 3477 οὗτος
1390 3414 1420 3466 ὁ
1456 3412 1749 3485 δυσσεϐὴς,
1796 3414 1897 3468 οὐκ

310 3504 723 3575 αἰσχυνόμενος,
754 3502 1030 3575 ἐγκώμιον
1061 3503 1435 3570 ἀνατάξασθαι
1465 3503 1597 3574 (92).

382 3593 490 3664 κβ’.
526 3596 649 3649 Ὀτι
672 3597 808 3666 φησι
831 3596 922 3650 τὸν
943 3595 1300 3661 Κώνσταντα,
1320 3596 1410 3649 διὰ
1433 3596 1533 3667 τὴν
1558 3597 1698 3667 ὑπὲρ
1739 3595 1898 3650 Ἀθα-

312 3685 502 3738 νασίου
551 3684 786 3755 σπουδὴν
843 3684 949 3739 ὕπδ
993 3685 1270 3755 τυραννίδι
1309 3687 1376 3756 τῇ
1418 3685 1759 3754 Μαγνεντίου
1798 3686 1898 3756 τὴν

313 3773 463 3848 ζωὴν
485 3775 992 3846 καταστρέψασθαι.
1023 3775 1464 3845 Τελευτήσαντος
1490 3775 1547 3829 δὲ
1575 3776 1768 3842 αὑτοῦ,
1803 3778 1898 3830 καὶ

313 3867 408 3922 τοῦ
445 3868 544 3940 μὲν
579 3868 958 3923 Κωνσταντίου
1004 3868 1147 3922 κατὰ
1177 3869 1276 3939 τὴν
1311 3867 1538 3921 Ἐδεσαν
1583 3868 1683 3937 τῆς
1723 3870 1901 3922 Μεσο-

317 3961 590 4031 ποταμίας
627 3961 997 4033 διατρίὸοντος
1044 3953 1236 4031 (τοῦτο
1271 3960 1380 4032 γὰρ
1413 3963 1442 4014 ὁ
1476 3959 1746 4031 Περσικὸς
1794 3962 1902 4014 ἀπ-

317 4047 434 4120 ῄτει
473 4049 712 4121 πόλεμος
725 4050 768 4121 ).
801 4052 835 4123 ἡ
864 4051 1213 4123 πρεσὸυτάτη
1259 4051 1464 4105 τούτων
1507 4051 1713 4123 ἀδελφὴ
1747 4053 1900 4108 Κωνο

2004 3238 2320 3292 habitarunt
2348 3255 2360 3290 :
2397 3235 2582 3290 Aetius
2605 3236 2825 3305 quidem
2853 3235 3082 3301 docens,
3125 3235 3432 3292 Eunomius
3461 3252 3590 3292 vero

2005 3343 2193 3384 sacras
2225 3325 2546 3395 disciplinas
2571 3326 2901 3393 percipiens.

2072 3421 2163 3476 2|.
2205 3418 2296 3473 Ait
2343 3418 2542 3487 impius
2578 3415 2980 3487 Philostorgitts
3032 3431 3094 3471 se
3127 3413 3444 3471 encomium
3476 3413 3588 3469 Ειι-

2003 3512 2170 3568 nomii
2195 3510 2612 3580 conscripsisse,
2652 3523 2753 3562 nec
2789 3508 3064 3563 erubescit
3097 3507 3149 3562 id
3186 3504 3445 3576 proﬁteri.

2071 3601 2161 3654 22.
2195 3599 2486 3666 Constans,
2511 3597 2850 3669 Magnentius
2874 3610 2920 3652 et
2957 3597 3234 3652 Veteranio
3268 3597 3590 3667 tyranni.—

1999 3692 2090 3745 Ait
2129 3691 2520 3756 Constantem,
2563 3695 2633 3744 ob
2683 3691 2924 3746 studium
2968 3706 3096 3760 erga
3133 3690 3521 3753 Athanasium,
3557 3705 3589 3744 a

2001 3781 2310 3851 Magnentio
2359 3791 2591 3852 tyranno
2635 3781 2967 3836 exstinctum
3026 3781 3214 3837 fuisse.
3262 3780 3395 3836 Post
3432 3781 3590 3849 cujus

2001 3872 2240 3937 obitum,
2287 3888 2412 3927 cum
2446 3872 2802 3928 Constantius
2843 3871 3064 3928 Edessa:
3108 3873 3162 3926 in
3200 3873 3588 3942 Mesopotamia

2005 3973 2340 4018 moraretur:
2375 3963 2426 4017 id
2459 3964 2606 4018 enim
2633 3965 2885 4035 exigebat
2915 3965 3114 4019 bellum
3142 3963 3420 4019 Persicum
3441 3964 3586 4034 (9i);

2003 4069 2192 4108 eorum
2232 4069 2387 4110 soror
2420 4063 2550 4109 natu
2581 4057 2821 4109 maxima
2858 4055 3252 4120 Constantina,
3278 4071 3400 4125 qua:
3428 4053 3589 4110 vidua

1545 4225 1790 4271 VALESII
1825 4225 2326 4273 ANNOTATIONES.

391 4350 504 4423 (88)
544 4351 645 4416 ⁸ος
675 4348 940 4423 ἐνόμιζεν
975 4347 1155 4414 αὐτῷ.
1177 4331 1310 4423 agn
1345 4348 1546 4423 dubito
1598 4350 1898 4423 quinscri-

324 4419 555 4478 bendum
581 4424 652 4476 sit
680 4421 806 4491 ὅσον
833 4421 1081 4491 ἐνόμιζεν
1131 4421 1278 4491 αυτῷ
1312 4421 1390 4482 εἰς
1429 4419 1525 4490 τὴν
1574 4419 1685 4472 τῶν
1736 4419 1897 4473 θείων

323 4491 663 4564 μαθημάτων
688 4490 785 4554 ἐξα
826 4489 1006 4544 κέσειν
1031 4489 1349 4560 παράδοσιν,
1381 4500 1482 4544 etc.

355 4632 365 4634 _
391 4563 503 4634 (89)
545 4561 746 4634 Πολὺς
770 4505 848 4634 τεν
875 4562 973 4614 ἐπὶ
995 4561 1100 4634 τοῦ
1112 4559 1466 4634 ρμοουρ-ἰου.

1996 4350 2181 4422 malim
2214 4349 2416 4422 legere,
2455 4349 2544 4404 διὰ
2566 4349 2663 4422 τὴν
2681 4347 2963 4420 ἐπιμιξίαν
2984 4349 3122 4420 πρὸς
3151 4350 3280 4422 τους
3304 4348 3370 4422 τὸ
3389 4349 3588 4422 euomi-

2000 4438 2115 4474 σιον
2146 4418 2554 4491 θρησκεύοντας
2573 4437 2587 4452 ο
2613 4418 2927 4490 quanquam
2961 4418 3058 4486 pro
3087 4420 3354 4491 vocabulo
3391 4418 3588 4488 ὁμοσύ-

2005 4507 2142 4569 σιον,
2174 4488 2433 4546 libentius
2469 4491 2570 4545 hoc
2599 4488 2719 4569 loco
2766 4491 2996 4569 legerem
3032 4488 3356 4569 ὁμοιοῦσιρν.
3402 4491 3590 4569 Ariani

545 4561 746 4644 Πολὺς
770 4556 973 4643 ἦνιὲπὶ
995 4556 1466 4644 τοῦρίιοουςίρυ.
1508 4558 1776 4644 Ιηέοὰἰςρ
1800 4559 1892 4612 Βο-

2007 4563 2176 4625 enim,
2210 4575 2448 4630 quorum
2491 4556 2842 4644 antesignani
2881 4556 3434 4644 erant'Secundus'et
3463 4558 3592 4614 Ser-

321 4629 494 4686 charti
525 4629 803 4700 scriptum'
851 4630 1029 4685 inveni
1055 4671 1070 4692 ,
1102 4630 1207 4683 ὑπὸ
1236 4629 1331 4700 τοῦ
1365 4629 1672 4698 ὁμοουσίου.
1721 4629 1902 4700 Quare

321 4717 428 4756 non
460 4698 806 4768 dubitoiquin
841 4701 1188 4756 scribendum
1223 4699 1293 4752 sit
1323 4699 1424 4753 hoc
1448 4701 1600 4762 loco,
1631 4699 1772 4768 ὑπὲρ
1806 4698 1900 4752 τοῦ

319 4770 626 4842 ὁμοουσίου.
658 4769 1187 4842 Eumdem‘errorein
1215 4769 1380 4837 paulo
1403 4778 1560 4842 antea
1588 4769 1898 4842 observavi.

392 4839 506 4910 (90)
547 4840 646 4906 Ὂς
671 4839 789 4895 τῶν
819 4837 990 4908 ιερῶν
1025 4837 1132 4906 τῆς
1153 4837 1514 4910 γἈντι-οχείας
1547 4838 1899 4907 φροντίδων.

322 4908 606 4966 AsSentior
635 4910 992 4973 Gothofredo,
1028 4911 1120 4979 qui
1151 4909 1264 4963 haec
1287 4908 1353 4979 de
1378 4909 1628 4971 Leontio,
1661 4926 1768 4963 non
1799 4925 1900 4962 au-

323 4988 428 5033 tem
483 4981 552 5034 de
587 4979 874 5035 Eustathio
929 4978 1052 5034 diei
1091 4989 1236 5032 recte
1270 4978 1601 5032 observavit.
1643 4979 1898 5046 Ejusdem

321 5047 531 5104 Leontii
553 5050 942 5104 Antiochensis
963 5049 1202 5118 episcopi
1215 5047 1450 5117 elogium
1470 5058 1646 5103 exstat
1669 5050 1721 5103 in
1741 5048 1904 5104 Chro-

320 5122 438 5172 nico
472 5119 857 5181 Alexandrino,
894 5135 948 5188 p.
993 5119 1120 5172 672.

389 5190 502 5258 (91)
546 5190 650 5243 Διά
674 5190 789 5257 τὴν
813 5187 1129 5258 ἐπιμιξίαν
1160 5189 1280 5242 τῶν
1320 5187 1389 5243 τὸ
1416 5190 1760 5257 ὀμοούσιον,
1793 5195 1898 5242 etc.

322 5255 374 5310 In
407 5255 794 5328 manuscriptis
813 5255 1092 5314 codicibus
1111 5255 1522 5328 Scoriaceusiet
1538 5258 1899 5328 Bucharliano

319 5329 583 5401 scriptum
614 5326 705 5384 est
733 5329 843 5383 τῶν
872 5329 1009 5400 πρὸς
1060 5329 1123 5382 τὸ
1159 5326 1464 5400 ὁμοούσιον,
1519 5339 1623 5383 etc.
1665 5327 1894 5382 Proinde

2007 4645 2118 4694 ras,
2149 4628 2256 4683 non
2290 4628 2771 4684 communicabant
2796 4628 3185 4683 Ilomousianis
3205 4668 3218 4687 .
3247 4631 3340 4682 sed
3372 4630 3438 4682 iis
3471 4643 3592 4683 tan-

2007 4709 2121 4752 tum
2153 4700 2244 4769 qui
2277 4699 2339 4752 τὸ
2363 4699 2676 4770 ὁμοιούσιον
2709 4700 3125 4770 prolitebantur.
3165 4697 3389 4770 Verum,
3418 4715 3476 4754 re
3503 4709 3589 4754 at-

2007 4770 2210 4823 tentius
2248 4769 2581 4832 examinata,
2644 4769 2780 4823 nihil
2835 4769 2924 4824 hic
2988 4769 3304 4822 mutandttm
3367 4784 3588 4824 censeo.

2006 4839 2194 4908 Ariani
2253 4841 2396 4893 enim
2462 4839 2851 4894 Homousianis
2893 4855 2958 4891 eo
2997 4839 3216 4908 quidem
3252 4849 3492 4908 tempore
3535 4840 3590 4894 in

2008 4907 2231 4964 Oriente
2258 4910 2764 5032 ggmmunicabant,
2818 4919 2876 4964 ut
2917 4907 3077 4963 docet
3107 4907 3376 4964 Socrates
3401 4911 3457 4963 in
3494 4909 3589 4964 lib.

2011 4995 2072 5032 ιι.
2108 4995 2229 5032 can.
2339 5020 2353 5032 .

2011 4995 2072 5043 tt,
2108 4995 2229 5043 cap.
2261 4980 2353 5033 22.

2081 4995 2570 5119 (93βὲᾷκώμισν
2603 5047 3064 5119 ἀνατάξασθαι.-
3105 5048 3468 5105 Scribendum
3508 5055 3594 5103 cst

2009 5117 2395 5183 συντάξασθαι,
2428 5117 2518 5172 τοι
2546 5131 2690 5173 certe
2714 5117 3156 5189 ἀναγράψασθαι.

2077 5190 2191 5256 (95)
2234 5189 2546 5242 Theodorit.
2587 5189 2622 5242 1.
2664 5205 2722 5251 ιι,
2757 5205 2807 5241 c.
2849 5189 2940 5242 ιι.

2079 5258 2190 5329 (94)
2228 5258 2356 5313 Soz.
2385 5260 2480 5314 lib.
2513 5274 2584 5324 IV,
2612 5275 2730 5328 cap.
2759 5260 2809 5312 l.

1797 5499 2144 5546 VARIORUM.

377 5626 456 5700 (a)
506 5627 847 5702 Σεκούνδου
871 5631 966 5686 καὶ
1001 5631 1209 5700 Σέῤῥα.
1243 5631 1409 5684 Erant
1459 5632 1512 5684 hi
1546 5629 1729 5686 Ariani
1782 5633 1895 5702 opi-

324 5713 492 5771 scopt,
528 5701 817 5773 Secundus
852 5703 1074 5772 quidem
1137 5703 1482 5756 Ptolemaidis
1519 5705 1572 5755 in
1636 5701 1890 5773 IEgypto,

329 5774 519 5828 Serras
548 5788 678 5828 vero
702 5772 988 5828 Paraztonii
1026 5774 1076 5826 in
1115 5773 1297 5839 Libyn.

2077 5633 2152 5701 (ὁ)
2205 5631 2256 5682 '0
2277 5630 2344 5683 δὲ
2369 5630 2490 5697 τοῖς
2525 5624 2725 5697 ἱεροῖξι.
2763 5628 3063 5683 Eunomius
3109 5627 3244 5701 Aetii
3275 5642 3380 5683 non
3419 5628 3589 5701 modo

2001 5697 2306 5770 discipulus
2347 5702 2469 5765 fuit,
2495 5717 2682 5754 verum
2715 5701 2880 5753 etiam
2919 5699 3292 5763 autauuensis,
3328 5707 3386 5753 ut
3417 5697 3582 5751 habet

2004 5773 2154 5827 Socr.
2184 5772 2274 5824 lib.
2305 5787 2362 5838 it,
2405 5785 2522 5840 cap.
2553 5771 2640 5836 55,
2676 5770 2726 5822 in
2759 5771 2849 5823 lin.
