4062 6332
421 251 557 314 ειι.

1786 254 2271 316 PHILOSTORCII

3553 250 3658 308 5|!

421 376 546 426 erat
581 351 1001 438 Hanniballiani,
1036 371 1233 429 timens
1262 387 1333 428 ne
1360 372 1700 442 Magnentius
1725 381 1989 447 tyrannus
2018 430 2019 433 η

2120 375 2344 429 ταντίνα
2368 372 2483 445 (98)
2505 372 2523 444 (
2540 367 2942 427 Ἀναϐιλλιανοῦ
2955 368 3012 422 δὲ
3022 363 3091 442 ἦν
3100 364 3463 440 κεχηρωμένη
3475 365 3666 435 rut/‘11);
3696 388 3703 399 τ

424 457 745 512 universum
796 460 1082 531 imperium
1132 461 1235 515 sub
1277 470 1596 530 potestatem
1652 477 1809 517 suam
1848 463 1994 518 redi-

378 544 387 596 i
423 555 604 619 geret,
638 543 1071 611 Veteranionem,
1125 562 1291 601 unum
1340 561 1406 601 ex
1454 547 1732 618 magistris
1769 547 1992 614 militiw,

424 636 696 692 Caesarem
726 636 1075 691 renuntiavit.
1122 634 1415 691 Videbatur
1448 647 1629 693 autem
1665 638 1755 692 illa
1798 638 1851 693 id
1896 654 1998 694 suo

425 728 549 799 jure
583 725 788 789 facere,
831 736 1112 795 propterea
1153 728 1299 797 quod
1338 730 1648 784 communis
1677 744 1866 784 eorum
1904 745 2000 799 pa-

429 823 534 880 ter,
573 816 702 868 dum
751 815 985 878 viveret,
1041 816 1347 872 diademate
1378 833 1498 872 eam
1528 827 1913 884 coronaverat,
1945 827 2001 873 et

429 907 724 976 Angustam
754 916 1181 976 nuncupaverat.
1210 907 1565 964 Constantius
1603 922 1754 976 vero,
1799 908 1882 965 bis
1908 923 2002 964 co-

431 995 630 1068 gnitis,
662 1000 841 1053 statim
874 997 1123 1064 diadema
1160 998 1311 1053 misit
1337 999 1402 1054 ad
1434 999 1871 1064 Veteranionem,
1900 1000 2003 1053 im-

432 1089 755 1157 peratoriam
786 1089 837 1145 ei
866 1088 1188 1158 dignitatem
1225 1090 1483 1160 suffragio
1515 1106 1616 1145 suo
1640 1091 2000 1157 conﬁrmans;

432 1188 618 1249 postea
674 1195 805 1235 vero
851 1180 1116 1235 adversus
1167 1179 1532 1251 Magnentium
1590 1182 1645 1236 in
1696 1181 2004 1237 Occidentis

434 1281 614 1338 partes
651 1285 776 1324 cum
810 1270 1051 1324 exercitu
1086 1269 1394 1340 profectus,
1429 1272 1530 1326 sub
1574 1274 1797 1327 obtentu
1840 1274 2006 1328 collo-

434 1360 547 1431 quii
574 1361 718 1429 quod
750 1376 870 1415 eum
892 1358 1249 1416 Veteranione
1278 1363 1452 1416 amice
1476 1362 1614 1417 inire
1645 1364 1908 1428 voluerat,
1940 1379 2006 1417 eo

435 1450 581 1520 quod
622 1452 669 1506 is
715 1449 1035 1506 defectionis
1085 1452 1452 1520 suspicionem
1502 1454 1849 1522 przcbuisset,
1882 1468 2006 1508 eum

437 1542 879 1611 comprehendit,
939 1550 993 1596 et
1044 1544 1389 1612 imperatoria
1442 1556 1589 1600 veste
1632 1546 1802 1602 exuit.
1850 1545 2008 1600 Nullo

438 1641 618 1685 tamen
653 1632 761 1686 alio
803 1631 1052 1687 aﬁ‘ectum
1090 1633 1473 1699 incommodo,
1506 1634 1615 1689 imo
1646 1650 1774 1690 vero
1806 1651 2010 1690 mensae

441 1737 555 1776 sua:
578 1722 914 1787 adhibitum,
948 1721 1173 1777 Prusam
1205 1723 1471 1795 Bithynia:
1511 1726 1856 1791 amandavit,
1894 1742 2010 1780 am-
2042 1711 2083 1767 Β

441 1812 560 1882 pios
597 1827 662 1867 ac
706 1814 1019 1882 magniﬁcos
1053 1823 1303 1883 sumptus
1330 1814 1379 1868 ei
1428 1817 1801 1882 constituens,
1827 1817 2011 1886 provi-

442 1905 683 1974 densque
734 1920 802 1960 ne
849 1905 1144 1975 quidquam
1193 1921 1383 1962 eorum
1429 1907 1627 1977 quibus
1676 1908 2009 1978 privatorum

443 1991 725 2047 hominum
759 1993 869 2048 vita
910 1995 1062 2049 beate
1088 1996 1429 2065 transigitur,
1457 2000 1505 2050 ci
1536 1996 1768 2051 deesset.

512 2083 604 2138 25.
627 2081 857 2138 Iacobus
890 2084 1174 2140 Nisibenus
1207 2085 1346 2157 (95).
1375 2117 1447 2126 —
1477 2088 1563 2141 Ait
1588 2087 2012 2158 Philostorgius,

447 2171 707 2242 Saporem
730 2172 1019 2230 Persarum
1042 2191 1220 2246 regem
1241 2175 1500 2231 Romanis
1526 2177 1725 2230 bellum
1744 2177 2012 2240 intulisse,

444 2276 499 2321 et
527 2265 733 2322 Nisibin
789 2268 977 2322 urbem
1027 2284 1400 2339 oppugnasse;
1449 2286 1637 2326 verum
1679 2287 1736 2327 re
1783 2271 2012 2334 infecta,

443 2366 638 2428 praeter
670 2359 911 2413 omnium
950 2361 1258 2429 OpiniOuem
1306 2363 1512 2430 pudore
1551 2360 1805 2418 aﬁ‘ectnm
1841 2377 2018 2417 reces-

446 2446 605 2509 sisse,
639 2461 763 2502 cum
791 2445 1047 2515 Iacobus,
1096 2449 1245 2505 urbis
1276 2450 1422 2505 illius
1458 2452 1778 2522 episcopus,
1808 2452 2018 2506 civibus

445 2535 574 2605 quid
609 2535 913 2592 faciendum
940 2548 1086 2593 esset
1118 2548 1642 2607 commonstrasset,
1687 2550 1742 2595 et
1773 2539 1928 2595 ﬁrma
1962 2541 2016 2595 in

448 2623 615 2681 Deum
647 2642 743 2697 spe
768 2644 832 2683 ac
863 2629 1059 2684 ﬁducia
1089 2645 1185 2700 pro
1215 2631 1392 2686 salute
1431 2631 1585 2687 urbis
1627 2631 2021 2687 admirabiliter

447 2726 865 2787 propugnasset.

517 2806 608 2861 24.
647 2807 800 2877 Alpes
838 2807 996 2863 διισεὶ
1035 2821 1084 2864 et
1127 2807 1291 2865 Julia:
1325 2810 1461 2879 (96).
1500 2843 1573 2852 —
1610 2812 1811 2883 Alpes,
1847 2821 1906 2867 ut
1947 2813 2023 2868 ait

451 2897 871 2971 Pbilostorgius,
908 2909 1016 2955 tam
1055 2900 1244 2967 Succi,
1277 2918 1441 2973 quam
1483 2902 1565 2958 hae
1598 2920 1719 2973 qua:
1742 2901 1896 2958 Juliue
1923 2919 2022 2958 vo-

2093 455 2315 515 δείσασα
2361 461 2449 533 μὴ·
2479 461 2733 531 φθάσειεν
2775 462 2804 513 ὁ
2846 458 3187 531 τυραννήσας
3234 454 3574 525 Μαγνέντιος
3598 454 3663 513 τὸ

2095 552 2313 606 πάντων
2362 550 2767 624 ἀναρτήσασθαι
2805 550 3035 620 κράτος,
3088 546 3499 617 Οὐετερανίωνά
3542 561 3665 603 τινα

2095 642 2204 695 τῶν
2235 640 2677 713 στρατηγούντων
2700 641 2796 694 ἕνα
2827 638 3116 710 καθίστησι
3143 639 3420 708 Καίσαρα.
3459 634 3667 689 Ἐδόκει

2096 733 2153 786 δὲ
2187 732 2445 786 δύνασθαι
2491 731 2590 802 τὴν
2633 730 2852 803 πρᾶξιν,
2888 730 3022 784 διότι
3065 730 3240 800 ζήνων
3273 726 3385 798 (99)
3421 728 3451 779 ὁ
3488 722 3675 787 κοινὸς

2099 824 2280 880 αὐτῶν
2330 823 2513 895 πατὴρ
2554 820 2843 892 διαδήματι
2886 837 2947 873 τε
3001 818 3173 889 αὐτὴν
3216 816 3521 877 ὲταινίωσε,
3571 813 3669 867 καὶ

2099 911 2411 983 Αύγοῦσταν
2450 906 2821 981 ἐπωνόμασεν.
2871 909 2928 963 '0
2979 909 3037 962 δὲ
3068 906 3439 968 Κωνστάντιος
3494 902 3670 957 ταῦτα

2105 1004 2293 1077 μαθὼν
2341 1003 2659 1077 παραυτίκα
2708 1000 2812 1071 μὲν
2870 996 3266 1068 υύετερανίωνι
3312 994 3374 1048 τὸ
3428 992 3672 1065 διάδημα

2105 1098 2349 1168 πέμπει,
2398 1091 2772 1164 συνεπικυρῶν
2818 1089 2967 1160 αὐτῷ
2999 1089 3095 1142 καὶ
3143 1088 3204 1143 τὸ
3245 1088 3345 1159 τῆς
3394 1085 3672 1155 βασιλείας

2103 1189 2318 1258 ἀξίωμα
2336 1205 2350 1218 ⁸
2385 1182 2660 1239 ἔπειταδὲ
2693 1184 2826 1255 πρὸς
2851 1175 3135 1252 ἑσπερίους
3163 1179 3307 1233 κατὰ
3336 1175 3672 1246 Μαγνεντίου

2107 1277 2562 1350 στρατευόμενος,
2596 1276 2692 1329 καὶ
2729 1272 2997 1344 συμμίξαι
3044 1272 3233 1341 φιλίως
3276 1269 3355 1340 τῷ
3406 1271 3676 1338 Οὺετερα-

2106 1371 2253 1422 νίωνι
2285 1366 2565 1438 βουληθεὶς
2585 1407 2600 1433 ,
2636 1365 2867 1435 ἐπείπερ
2896 1366 3103 1426 ἐκεῖνος
3136 1361 3407 1433 παρέσχεν
3439 1359 3676 1429 ὑπαῴίαν

2108 1457 2546 1523 ἐπαναστάσεως,
2570 1454 2848 1527 χειροῦται
2880 1454 2977 1524 μὲν
3003 1455 3094 1506 τὸν
3123 1450 3555 1523 Ούετερανίωνα,
3584 1448 3677 1502 καὶ

2107 1551 2211 1620 τῆς
2238 1548 2525 1620 βασιλικῆς
2549 1545 2771 1601 ἀποδύει
2798 1544 3022 1614 στολῆςο
3054 1542 3220 1614 μηδὲν
3245 1541 3301 1595 δὲ
3327 1540 3497 1594 κακὸν
3518 1540 3679 1610 ἐπερ-

2111 1639 2417 1710 γασάμενος
2440 1639 2567 1692 ἄλλο
2585 1676 2600 1701 ,
2640 1636 2776 1692 ἀλλὰ
2811 1637 2905 1689 καὶ
2936 1633 3214 1706 τραπέζης
3241 1631 3388 1702 αὐτῷ
3419 1629 3682 1699 κοινωνὴο

2113 1749 2240 1796 σας,
2285 1733 2364 1794 είς
2394 1728 2643 1802 Προῦσαν
2674 1728 2776 1798 τῆς
2813 1725 3066 1787 Βιθυνίας
3099 1722 3396 1793 ἐκπέμπει,
3422 1718 3683 1791 λαμπρὰς

2111 1822 2206 1875 καὶ
2256 1820 2692 1892 μεγαλοπρεπεῖς
2742 1816 3007 1887 ἀφορίσας
3052 1813 3200 1884 αὐτῷ
3241 1812 3339 1875 τὰς
3397 1808 3682 1882 χορηγίας,
3774 1886 3787 1895 1

2116 1913 2338 1984 μηδενὸς
2385 1909 2714 1982 ὑστερῆσθαι
2733 1950 2748 1974 ,
2777 1903 2850 1964 ὧν
2874 1906 3163 1980 ἀνθρώπου
3198 1904 3311 1976 βίος
3343 1904 3418 1969 ὼς
3447 1904 3506 1957 ὲν
3542 1899 3707 1975 ίδιιίι-⁴

2111 2018 2233 2064 ταις
2268 2000 2605 2071 εὐδαιμονεῖ,
2637 1998 3098 2070 προνοησάμενος.
3464 1996 3467 1999 ’

2184 2097 2291 2159 κγ’.
2341 2091 2465 2142 ’ὐτι
2501 2086 2769 2159 Σαπώρην
2798 2087 2888 2141 τὸν
2924 2085 3145 2156 βασιλέα
3180 2081 3408 2154 Περσῶν
3444 2077 3686 2152 ἀναγρά-

2115 2197 2204 2249 φει
2239 2179 2565 2250 στρατεῦσαι
2604 2176 2743 2231 κατὰ
2775 2176 2875 2247 τῆς
2902 2175 3205 2238 Νισίϐιδος,
3238 2173 3440 2235 καὶείς
3468 2170 3712 2251 πολιορ-⁷

2115 2271 2239 2325 κίαν
2262 2255 2431 2340 αὐτῆς
2456 2270 2824 2340 καταστῆναι·
2852 2268 3133 2339 ἄπρακτον
3154 2265 3210 2318 δὲ
3235 2265 3329 2318 καὶ
3350 2262 3503 2334 παρὰ
3531 2261 3687 2326 δόξαν

2116 2363 2527 2434 κατῃσχυμένον
2569 2359 2941 2433 ὑποστρέψαι,
2998 2356 3253 2412 Ἰακώϐου
3300 2354 3395 2409 τοῦ
3447 2354 3550 2425 τῆς
3594 2351 3689 2406 πό·-

2116 2454 2253 2518 λεως
2297 2453 2596 2506 ἐπισκόπου
2627 2451 2688 2505 τό
2736 2469 2795 2506 τε
2835 2450 3106 2523 πρακτέον
3147 2452 3262 2513 τοῖς
3300 2446 3545 2509 πολίταις
3580 2447 3689 2498 είσ-

2116 2545 2444 2616 ηγουμένου,
2469 2544 2563 2598 καὶ
2584 2546 2649 2615 τῇ
2672 2543 2808 2615 πρὸς
2831 2542 2962 2596 Θεὸν
2997 2540 3300 2614 παρρησίᾳ,
3342 2538 3486 2594 κατὰ
3510 2537 3571 2591 τὸ
3595 2536 3688 2590 ἀν-

2119 2638 2456 2710 υπέρϐλητον
2479 2638 2578 2709 τῆς
2601 2637 2810 2702 πόλεως
2837 2635 3385 2707 ὑπερμαχεσαμένου.

2190 2797 2287 2851 κδ’.
2324 2796 2450 2849 Ὀτι
2482 2795 2538 2847 αί
2582 2793 2828 2857 Ἀλπεις,
2876 2791 2938 2845 αἴ
2963 2808 3023 2844 τε
3059 2789 3285 2853 Σούκεις
3318 2787 3650 2857 καλούμεναι
3674 2826 3693 2852 ,

2121 2889 2216 2942 καὶ
2251 2887 2309 2941 αί
2355 2885 2608 2949 ’Ῑούλιαι,
2650 2883 2811 2936 δίοδοί
2852 2884 2959 2936 είσι
2997 2881 3182 2935 στεναὶ
3233 2879 3505 2951 μεγίστων
3551 2876 3695 2946 ὀρῶν

451 2998 663 3056 cantur,
704 2968 967 3045 transitus
1011 3000 1137 3045 sunt
1185 2968 1430 3063 angusti,
1464 2968 1717 3048 tnaximis
1772 2995 2019 3063 utrinque

2123 2977 2482 3050 ἑκατέρωθεν,
2512 2977 2606 3030 καὶ
2634 2975 2724 3046 ὑφ’
2748 2975 2806 3028 ἓν
2832 2975 3029 3046 χωρίον
3047 2973 3213 3042 ἐγγὺς
3237 2971 3332 3024 τοῦ
3350 2968 3694 3063 συμπτύσσε-

453 3078 730 3134 montibus
773 3093 938 3132 unum
973 3081 1024 3133 in
1065 3047 1287 3145 locum:
1315 3081 1386 3135 ita
1433 3089 1492 3134 ut
1539 3080 1650 3135 fere
1680 3082 1784 3136 sibi
1832 3047 2019 3137 mnino

2128 3070 2249 3125 σθαι
2280 3047 2733 3139 συγκλειομένων.
2762 3067 3003 3121 Ἐοίκασι
3027 3065 3082 3118 δὲ
3112 3067 3169 3117 αἱ
3203 3064 3362 3117 δίοδοι
3391 3055 3548 3114 αὗται
3578 3062 3692 3123 τοῖς

451 3167 767 3238 iungantur,
838 3170 1182 3225 coeuntibus.
1251 3170 1421 3227 Porro
1491 3174 1756 3229 transitus
1817 3173 2019 3229 similes

2127 3165 2184 3217 ὲν
2204 3161 2587 3233 Θερμοπύλαις
2628 3162 2855 3222 στενοῖς.
2900 3159 3040 3212 Ἀλλ’
3076 3159 3131 3211 αἱ
3167 3159 3265 3227 μὲν
3311 3154 3526 3208 Ἰούλιαι
3559 3151 3693 3205 Ἀλ-

454 3261 855 3330 qnodammodo
893 3271 1021 3317 sunt
1070 3263 1334 3333 angustiis
1379 3262 1890 3336 Thermopylarum.
1921 3267 2023 3321 Sed

446 3347 612 3405 'Julia‘.
636 3352 854 3420 quidem
885 3352 1048 3422 Alpes
1081 3352 1283 3409 Gallias
1313 3364 1475 3424 atque
1504 3354 1707 3410 Italiam
1741 3356 2022 3422 dividunt;

458 3437 619 3495 Succi
672 3455 799 3496 vero
853 3441 993 3496 inter
1034 3441 1250 3498 Daciam
1295 3444 1384 3499 siti
1434 3455 1561 3500 sunt
1606 3453 1661 3499 et
1694 3444 2025 3501 Thraciam:

457 3547 691 3602 quorum
737 3534 1017 3602 angustias
1064 3549 1188 3588 cum
1232 3549 1499 3604 occupare
1559 3543 1822 3591 tentasset
1877 3534 2030 3589 Vete-

459 3622 648 3685 ranio,
677 3622 994 3677 defectionis
1026 3624 1393 3693 suspicionem
1433 3624 1752 3680 Constantio
1781 3625 2026 3695 prmbuit.

527 3710 620 3768 25.
665 3709 850 3765 Gallus
883 3709 1019 3767 Cres.
1051 3742 1121 3753 —
1175 3715 1307 3767 Dum
1366 3712 1718 3770 Constantius
1771 3715 2029 3770 adversus

461 3802 824 3872 Magnentium
873 3813 1160 3876 tyrannum
1192 3805 1585 3872 expeditionem
1615 3815 1857 3877 pararet,
1892 3822 2031 3860 nun-

460 3894 569 3951 tius
618 3895 686 3949 ad
726 3910 851 3950 eum
885 3896 1123 3966 perlatus
1174 3907 1284 3960 est,
1326 3895 1524 3953 Persas
1553 3911 1676 3951 cum
1719 3897 2030 3966 ingentibus

459 3984 636 4056 copiis
681 3985 943 4041 adversus
974 3986 1208 4041 Orientis
1237 3987 1545 4057 provincias
1586 3988 1817 4041 moveri.
1848 3985 2031 4053 Quare

463 4090 686 4130 necesse
747 4075 938 4130 habuit
989 4075 1203 4131 Gallum
1256 4075 1524 4131 Caesarem
1579 4092 1928 4144 nuncupare,
1977 4084 2031 4129 et

463 4175 649 4220 contra
699 4166 892 4221 Persas
941 4167 994 4220 in
1049 4165 1323 4221 Orientem
1378 4167 1611 4221 mittere.
1666 4167 1795 4220 Erat
1848 4177 2028 4221 autem

463 4254 649 4311 Gallus
708 4255 874 4310 frater
928 4256 1048 4324 ejus
1097 4255 1392 4325 patruelis;
1426 4256 1639 4310 'etenim
1694 4254 1830 4311 Galli
1881 4265 2034 4324 pater

2127 3272 2251 3319 πεις
2303 3254 2403 3319 τὰς
2456 3253 2687 3316 Γαλλίας
2742 3253 2838 3307 καὶ
2882 3251 3111 3314 Ἰταλίας
3140 3247 3443 3321 ,διορίζουσι
3482 3243 3557 3318 (Ι)
3590 3243 3698 3299 τῶν

2140 3347 2356 3401 Ἰταλῶν
2377 3365 2390 3379 ο
2426 3347 2484 3399 αἱ
2513 3346 2571 3399 δὲ
2605 3344 2826 3408 Σούκεις
2867 3342 3069 3415 μεταξὺ
3104 3342 3202 3410 τῆς
3233 3340 3434 3403 Δακίας
3468 3336 3578 3390 εῑσὶ
3605 3335 3699 3389 καὶ

2127 3443 2225 3511 τῆς
2253 3439 2503 3510 Θρᾴκης,
2534 3437 2597 3501 ἃς
2627 3437 2720 3490 καὶ
2749 3435 3076 3490 καταλαϐεῖν
3113 3432 3470 3502 ἐπειγόμενος
3501 3430 3701 3484 υύετει-

2132 3527 2329 3599 ρανίων
2383 3528 2480 3597 τὴν
2534 3525 2786 3579 ὑπόνοιαν
2842 3523 2943 3593 τῆς
2989 3520 3408 3583 ἐπαναστάσεως
3457 3515 3700 3589 παρέσχε

2131 3618 2507 3688 Κωνσταντίῳ.

2198 3714 2295 3760 κε’.
2328 3707 2449 3761 Ὀτι
2479 3710 2536 3760 ὲν
2558 3698 2601 3773 ᾧ
2619 3705 2993 3768 Κωνστάντιος
3018 3702 3157 3757 κατὰ
3172 3700 3510 3770 Μαγνεντίου
3535 3714 3700 3771 παρε-

2133 3800 2424 3864 σκευάζετο
2455 3798 2548 3853 τοῦ
2582 3798 2876 3869 τυράννου,
2908 3798 2970 3851 τὸ
2998 3797 3261 3869 Περσικὸν
3288 3794 3531 3857 ἀκούσας
3563 3791 3703 3846 κατὰ

2131 3893 2228 3962 τῆς
2253 3889 2394 3961 έῲας
2423 3890 2697 3962 βαρυτέρᾳ
2722 3890 2865 3959 χειρὶ
2888 3889 3179 3950 κινεῖσθαι,
3215 3889 3295 3952 είς
3326 3887 3574 3955 ἀνάγκην
3601 3878 3701 3958 ἧκε

2136 3979 2334 4035 Γάλλον
2367 3980 2621 4051 Καίσαρα
2667 3979 3077 4050 χειροτονῆσαι,
3120 3978 3216 4031 καὶ
3247 3977 3335 4029 ἐπ’
3369 3976 3568 4039 αὐτοὺς
3615 3974 3704 4026 ὲκ-

2136 4073 2369 4143 πέμψαι.
2399 4072 2644 4140 Ἀνεψιὸς
2671 4070 2728 4123 δὲ
2761 4067 2827 4141 ἦν
2857 4071 2885 4122 ὁ
2916 4069 3115 4131 Γάλλος
3133 4083 3147 4097 ·
3178 4068 3274 4121 καὶ
3302 4066 3412 4137 γὰρ
3442 4068 3472 4120 ὁ
3502 4065 3703 4119 Γάλλου

2135 4163 2315 4235 πατὴρ
2355 4161 2726 4226 Κωνστάντιος
2778 4161 3005 4231 ἀδελφὸς
3048 4156 3117 4231 ἦν
3162 4158 3568 4213 Κωνσταντίνου
3612 4154 3703 4210 τοῦ
3764 4194 3769 4197 ‹

2139 4255 2373 4326 μεγάλου
2396 4296 2412 4321 ,
2446 4253 2505 4318 ὃς
2550 4250 2796 4323 ἐγείνατο
2821 4253 3200 4307 Κωνστάντιον
3241 4252 3338 4304 καὶ
3370 4252 3499 4314 τοὺς
3540 4246 3702 4304 αὑτοῦ

461 4343 817 4401 Constantius
880 4346 1046 4400 frater
1111 4347 1211 4400 fuit
1269 4346 1616 4401 Constantini
1679 4346 1914 4418 Magni:
1964 4362 2019 4400 ο]

2137 4348 2421 4419 ἀδελφούς.

464 4446 574 4501 quo
604 4431 707 4485 orti
742 4441 898 4485 crant
924 4432 1277 4487 Cotstantius
1309 4443 1362 4488 et
1394 4434 1587 4488 fratres
1620 4434 1759 4504 ejus.

534 4522 625 4575 26.
667 4521 813 4575 Crux
859 4522 1236 4592 Hierosolymis
1274 4524 1328 4577 in
1384 4524 1510 4578 cosio
1536 4524 1647 4577 visa
1699 4525 1832 4593 (97).
1857 4554 1927 4565 —
1969 4523 2033 4580 Et

462 4612 819 4668 Constantius
854 4612 1074 4681 quidem
1117 4614 1399 4667 victoriam
1433 4615 1500 4668 de
1530 4623 1762 4685 tyranno
1797 4624 2038 4685 reporta-

467 4704 565 4770 \it,
596 4718 719 4756 cum
751 4704 963 4773 signum
991 4704 1171 4759 crucis
1197 4703 1309 4759 illic
1334 4720 1550 4776 quoque
1575 4706 1751 4760 visum
1786 4715 1950 4774 esset,
1969 4705 2034 4761 ad

467 4794 844 4866 longissimum
889 4795 1126 4865 spatium
1172 4806 1524 4867 protensum,
1571 4805 1627 4854 et
1664 4797 1916 4853 diurnam
1947 4797 2035 4851 lu-

2203 4526 2316 4592 κς’.
2355 4526 2414 4580 '0
2440 4526 2535 4597 μὲν
2565 4520 2657 4580 οὖν
2686 4525 3064 4589 Κωνστάντιος
3090 4526 3366 4596 ἐγκρατὴς
3394 4523 3490 4578 τοῦ
3518 4522 3703 4594 τυράνε

2134 4633 2227 4670 νου
2255 4618 2461 4687 γίνεται
2479 4658 2493 4683 ,
2524 4616 2803 4670 κάνταῦθα
2849 4615 2942 4669 τοῦ
2974 4617 3202 4687 σημείου
3229 4615 3323 4669 τοῦ
3354 4612 3589 4686 σταυροῦ
3614 4613 3706 4666 ἐπὶ

2139 4709 2395 4780 μέγιστόν
2423 4726 2482 4761 τε
2523 4708 2911 4782 προφανέντος,
2952 4709 3044 4762 καὶ
3088 4707 3704 4778 καταπληκτικωτάταις

2136 4800 2353 4869 αἵγλαις
2381 4801 2895 4874 ύπεραστράψαντος
2915 4801 2976 4854 τὸ
2997 4802 3095 4871 τῆς
3121 4800 3336 4872 ἡμέρας
3364 4799 3500 4869 φῶς.
3529 4796 3704 4866 Ὠφθη

1684 4970 1926 5014 VALESII
1968 4970 2092 5016 ANN
2100 4971 2461 5017 OTATIONES.

542 5077 652 5147 (95)
692 5078 1001 5135 Theoderit.
1040 5079 1076 5133 Ι.
1113 5094 1173 5146 tt,
1202 5094 1253 5135 c.
1285 5078 1373 5135 30.

563 5149 654 5216 96)
696 5148 850 5203 Socr.
878 5166 999 5219 pag.
1033 5150 1153 5211 108,
1189 5151 1321 5219 n.7i.

563 5153 654 5216 96)
696 5153 850 5203 Socr.
878 5166 999 5219 pag.
1033 5153 1153 5211 108,
1189 5166 1242 5202 ιι.
1273 5153 1280 5203 1

537 5153 652 5287 ί97)
688 5219 812 5272 Soz.
848 5235 967 5288 pag.
1011 5219 1125 5284 154,
1159 5218 1280 5273 157.

542 5290 655 5359 (98)
684 5289 1126 5359 Κωνσταγτίνα.
1155 5289 1211 5342 In
1249 5289 1435 5345 codice
1464 5288 1715 5345 Bocltarti
1749 5289 2040 5341 Κωνσταν-

469 5357 561 5414 τία
591 5359 869 5428 scribitur.
920 5357 1023 5413 Sed
1057 5375 1242 5412 verum
1276 5360 1395 5428 ejus
1431 5376 1626 5413 nomen
1651 5359 2040 5428 ρδιιςιυνσταν-

471 5428 612 5493 τίνα,
638 5438 695 5482 ut
722 5429 774 5481 in
815 5427 1272 5484 Annotationibus
1294 5425 1359 5483 ad
1394 5430 1737 5483 Ammianum
1770 5425 2038 5480 Mat‘Cclli-

472 5514 600 5552 num
624 5499 924 5551 observavi.

545 5564 655 5629 (99)
694 5568 847 5620 Διότι
898 5566 1104 5633 ζήνων.
1137 5566 1305 5621 Nemo
1342 5585 1447 5623 non
1505 5569 1648 5622 videt
1690 5565 2034 5619 scribi-mlum

474 5647 598 5689 esse
628 5634 760 5700 ζῶν,
798 5638 1049 5705 quamvis
1082 5641 1433 5708 manuscripti
1471 5638 1684 5695 codices
1715 5644 2032 5706 repugnent.

2210 5080 2286 5151 (l)
2331 5081 2441 5146 Τὰς
2481 5080 2755 5145 Γαλλίας
2794 5078 2892 5133 καί
2943 5078 3211 5151 Ἰταλίαν
3260 5076 3605 5151 διορίζουσι.
3651 5076 3709 5151 l_n

2141 5147 2526 5218 man'uscriptis
2555 5151 2831 5206 codicibus
2859 5151 3060 5204 nostris
3083 5149 3231 5218 hunc
3261 5147 3439 5218 locum
3473 5148 3552 5218 ita,
3569 5147 3704 5218 seri-

2142 5231 2291 5287 ptum
2332 5215 2511 5274 inveni
2542 5239 2556 5274 :
2588 5219 2699 5283 Τὰς
2753 5218 2984 5280 Γαλλίας
3012 5217 3104 5270 καὶ
3153 5215 3393 5287 Ἰταλίας
3416 5216 3709 5285 διορίζουσι

2139 5286 2247 5342 τῶν
2284 5289 2544 5343 Ἰταλιῶν.
2583 5288 2781 5343 Verum
2818 5291 2896 5343 ha:
2925 5304 3083 5349 voces
3112 5286 3206 5338 καὶ
3236 5286 3465 5347 Ἰταλίας
3486 5299 3709 5353 prorsus

2145 5364 2512 5429 expungendm
2540 5368 2688 5429 sunt,
2725 5370 2775 5409 nt
2810 5358 3115 5429 superfluae.
3170 5356 3328 5429 Certe
3360 5355 3707 5429 _Niccph_o_rus

2148 5430 2199 5482 in
2218 5422 2368 5483 libro
2391 5445 2533 5483 nono
2560 5428 2734 5496 capite
2770 5422 3040 5481 tricesimo
3064 5422 3710 5496 secundo,lmnc’Philo—

2145 5500 2333 5569 storgii
2364 5500 2541 5555 locum
2567 5493 2904 5561 describens,
2935 5497 3042 5552 duo
3070 5497 3179 5550 haec
3200 5493 3456 5553 vocabula
3489 5500 3712 5563 printer-

2146 5571 2310 5625 misit.
