4062 6332
311 411 406 467 5⁵21

1335 400 2286 474 εαοιεδιιιδτιοιευιετοιιιιιῑ
2326 416 2453 474 LIB.
2498 415 2563 472 IV

3460 420 3569 478 5‘22

310 532 572 600 Θεόφιλον
611 532 708 605 τῆς
739 535 1030 607 ὑπερορίας
1057 535 1494 591 ἀνακαλέσασθαι
1541 537 1892 609 (εύφημίζετο

1995 534 2352 605 Theophilum
2385 535 2453 590 ab
2478 533 2669 590 exsilio
2698 547 2977 589 revocare.
3006 532 3161 591 Hunc
3204 536 3349 605 enim
3379 538 3565 594 divina

313 622 423 693 γὰρ
466 616 624 687 οὗτος
662 624 847 680 παθῶν
896 621 1035 682 εῖναι
1075 627 1194 698 θείᾳ
1235 628 1461 697 δυνάμει
1505 627 1889 699 θεραπευτὴς),

313 716 736 784 παραγεγονότα
761 717 821 771 δὲ
846 719 941 773 καὶ
978 718 1302 791 συγγνώμην
1326 714 1406 782 οἷς
1426 722 1504 783 είς
1532 720 1693 775 αὑτὸν
1713 721 1893 791 ἥμαρ-

311 822 404 867 τεν
440 806 685 877 αἰτῆσαι,
729 809 822 862 καὶ
849 811 986 882 πρὸς
1023 811 1121 883 τὴν
1159 813 1258 883 τῆς
1304 812 1562 879 γυναικὸς
1595 812 1894 882 θεραπείαν

315 897 717 969 ἐκλιπαρῆσαι,
762 901 855 954 καὶ
896 902 969 973 μὴ
1015 903 1355 974 διαμαρτεῖν,
1407 902 1482 966 ὡς
1523 895 1678 965 οὗτος
1719 902 1890 971 λέγει,

315 988 413 1059 τῆς
438 991 726 1061 αἰτήσεως.
765 993 1072 1058 Ἐπιθέντος
1088 994 1195 1066 γὰρ
1214 994 1311 1058 τὰς
1339 993 1894 1065 ἱλαστηρὶους.χεῖρας

317 1077 415 1133 τοῦ
448 1079 1124 1155 Θεοφίλου,ἀπαλλαγῆναι
1152 1082 1250 1137 τοῦ
1281 1082 1484 1147 πάθους
1526 1083 1588 1136 τὸ
1615 1082 1853 1153 γύναιον.

384 1268 454 1332 η’.
488 1262 633 1327 Ὅτι,
660 1264 813 1334 φησὶ,
844 1264 1119 1329 Βασίλειος
1147 1265 1424 1319 συλλαϐὼν
1450 1266 1566 1337 μεθ’
1584 1266 1778 1320 ἑαυτοῦ
1802 1267 1892 1321 τόν

312 1368 372 1403 τε
407 1352 506 1417 τῆς
541 1352 869 1419 Σεϐαστείας
897 1356 1226 1421 Εὐστάθιον,
1253 1355 1349 1408 καὶ
1394 1355 1612 1425 ἐτέρους
1662 1357 1893 1428 Ἐκκλη-

315 1443 449 1497 σιῶν
484 1444 852 1515 προεστῶτας,
902 1447 993 1500 τόν
1030 1465 1088 1501 τε
1122 1445 1331 1501 Ἀέτιον
1365 1446 1619 1518 μάλιστα,
1672 1444 1790 1501 εἶτα
1835 1447 1893 1501 δὲ

312 1533 410 1585 καὶ
441 1533 534 1587 τὸν
559 1534 806 1599 Εὐδόξιον
842 1536 978 1606 πρὸς
1006 1537 1097 1591 τὸν
1129 1536 1353 1608 βασιλέα
1379 1537 1643 1608 διασύρει,
1672 1534 1893 1593 ἄλλατε

314 1624 570 1680 πλάττων
601 1627 733 1698 περὶ⁴
762 1627 965 1692 αὐτῶν,
997 1629 1092 1682 καὶ
1120 1629 1195 1692 ὼς
1218 1628 1411 1700 εἴησαν
1438 1629 1639 1701 μύσται
1669 1630 1762 1683 καὶ
1784 1648 1894 1685 κοι-

313 1717 474 1769 νωνοὶ
492 1716 590 1786 τῆς
625 1718 766 1771 κατὰ
780 1718 977 1772 Γάλλον
1008 1721 1450 1785 ἐπαναστάσεως,
1472 1739 1532 1774 συ
1542 1721 1892 1793 μπεριλαϐὼν

311 1806 435 1868 ταῖς
466 1807 585 1858 κατ’
618 1807 840 1860 ἐκείνων
885 1808 1157 1874 διαϐολαῖς
1190 1812 1283 1864 καὶ
1311 1811 1402 1865 τὸν
1427 1812 1701 1881 Θεόφιλον.
1744 1813 1805 1866 '0
1836 1813 1893 1867 δὲ.

1994 627 2192 683 virtute
2206 628 2425 683 morbos
2443 641 2653 693 curare,
2676 627 2907 683 celebris
2928 626 3071 682 fama
3098 636 3237 683 erat.
3264 626 3562 699 Postquam

1994 733 2124 773 vero
2156 718 2374 772 advenit
2402 717 2759 787 Theophilus,
2819 717 3173 797 Constantius
3219 734 3411 775 eorum
3443 736 3565 791 qua:

1995 808 2256 862 adversus
2292 807 2466 877 ipsum
2506 815 2845 877 peccaverat,
2901 808 3115 863 veniam
3166 808 3340 878 petiit,
3393 816 3564 880 utque

1994 910 2217 952 uxorem
2250 911 2404 950 suam
2433 904 2668 963 curaret,
2698 898 2883 953 multis
2920 899 3174 968 precibus
3190 901 3429 969 rogavit;
3462 917 3563 957 nec

1993 986 2147 1041 irrita
2177 986 2281 1042 fuit
2306 987 2423 1056 ejus
2452 988 2764 1058 posmlatio,
2800 997 2862 1043 ut
2883 997 3110 1044 testatur
3140 989 3559 1063 Philostorgius.

1993 1075 2128 1131 Nam
2164 1092 2287 1131 cum
2327 1075 2662 1147 Theophilus
2693 1092 2888 1132 manus
2915 1078 3235 1148 placatrices
3267 1080 3563 1151 imposuis-

1994 1179 2095 1233 set,
2120 1168 2316 1223 mulier
2339 1170 2532 1224 morho
2552 1169 2778 1224 liberata
2808 1178 2910 1225 est.

2063 1260 2117 1314 8.
2165 1260 2398 1316 Basilius
2450 1263 2691 1327 Aetium,
2747 1262 3079 1328 Eudoxium,
3123 1264 3565 1339 Tlteopltilumque

1994 1353 2246 1422 exagitat.
2278 1381 2346 1391 —
2375 1352 2627 1418 Basilius,
2666 1361 2728 1410 ut
2763 1354 2955 1410 scribit
2991 1355 3404 1428 Philostorgius,
3463 1360 3563 1413 ad-

1989 1444 2181 1515 juncto
2226 1444 2331 1501 sibi
2388 1444 2678 1501 Eustathio
2730 1444 2991 1502 Sebastiae
3035 1448 3291 1519 episcopo
3332 1450 3565 1521 aliisque

1994 1533 2358 1589 Ecclesiarum
2392 1536 2735 1604 praesidibus,
2766 1536 2982 1593 Aetium
3030 1539 3323 1610 praecipue,
3368 1541 3565 1597 deinde

1993 1639 2121 1680 vero
2144 1623 2450 1680 Eudoxium
2481 1640 2702 1696 quoque
2743 1628 2887 1698 apud
2923 1627 3305 1699 imperatorem
3339 1645 3567 1687 accusa-

1994 1716 2093 1782 vit,
2132 1725 2246 1772 tum
2286 1717 2392 1772 alia
2446 1719 2710 1774 adversus
2747 1733 2841 1774 eos
2881 1721 3220 1792 contingens,
3259 1729 3374 1777 tum
3416 1722 3565 1793 quod

1995 1807 2204 1862 conscii
2235 1822 2301 1862 ac
2348 1794 2640 1877 participes
2680 1807 2914 1865 fuissent
2964 1809 3363 1880 coniurationis
3400 1810 3561 1867 Galli.

312 1899 583 1963 πεισθεὶς,
621 1901 856 1970 μάλιστα
894 1901 950 1955 δὲ
980 1903 1066 1957 διὰ
1094 1903 1204 1957 τῶν
1235 1903 1509 1973 γυναικῶν
1536 1905 1757 1974 (ταύτας
1783 1904 1892 1978 γὰρ

1997 1900 2101 1955 Sed
2148 1908 2203 1955 et
2247 1899 2580 1970 Theophilus
2640 1900 2832 1956 iisdem
2895 1902 3293 1959 calumniarum
3330 1904 3567 1968 nexibus

312 1992 365 2043 οῖ
403 1992 534 2061 περὶ
561 1991 843 2048 Βασίλειον
868 1995 1004 2066 πρὸς
1031 1996 1128 2068 τὴν
1160 1999 1353 2051 ἑαυτοῦ
1385 1997 1611 2068 γνώμην
1648 2016 1891 2070 προκατ-

313 2082 689 2154 ειργάσαντο),
719 2085 797 2155 τῷ
828 2087 924 2157 μὲν
953 2087 1196 2159 Θεοφίλῳ
1235 2087 1434 2160 ζημίαν
1462 2087 1763 2156 ἐπιϐάλλει,
1793 2090 1892 2162 τὴν

314 2174 372 2226 ὲν
399 2174 479 2244 τῷ
527 2176 717 2247 Πόντῳ
765 2178 1087 2250 Ἡράκλειαν
1129 2183 1299 2234 οἰκεῖν
1348 2181 1658 2252 ὑπερόριον,
1706 2182 1798 2235 τὸν
1835 2183 1892 2237 δὲ

314 2264 568 2330 Εύδόξιον
597 2269 696 2339 τῆς
740 2269 1068 2340 ’Δντιοχείας
1092 2272 1404 2326 ἀποστάντα
1430 2272 1705 2344 διαμένειν
1732 2275 1889 2340 οἴκοι,

313 2356 522 2411 Ἀέτιον
544 2359 600 2412 δὲ
636 2361 730 2413 καὶ
777 2362 1000 2434 ἐτέρους
1034 2363 1185 2427 τινας
1210 2364 1319 2418 τῶν
1352 2365 1448 2418 σὺν
1474 2365 1657 2429 αὐτοῖς
1685 2366 1764 2430 είς
1796 2366 1892 2437 τὴν

312 2447 422 2501 τῶν
456 2448 853 2506 διαϐαλλόντων
890 2453 1101 2508 δίδωσιν
1149 2454 1416 2518 ἐξουσίαν.
1467 2457 1791 2528 Ἐτύγχανον
1834 2457 1891 2511 δὲ

313 2540 361 2590 οἱ
389 2541 518 2610 περὶ
544 2540 822 2596 Βασίλειον
870 2544 964 2597 καὶ
1005 2544 1146 2599 κατὰ
1178 2546 1465 2615 πρόσωπον
1507 2547 1599 2600 τοῦ
1632 2548 1893 2615 βασιλέως

313 2632 443 2703 περὶ
473 2631 573 2701 τῆς
614 2634 850 2698 πίστεως
889 2635 1268 2706 διειλεγμένοι,
1305 2640 1361 2691 ὲν
1397 2634 1477 2702 οἷς
1502 2639 1563 2691 τὸ
1589 2639 1688 2709 μὲν
1710 2641 1893 2710 ὅμοιον

313 2723 389 2792 τῷ
413 2723 593 2794 Πατρὶ.
607 2723 785 2792 λέγειν
810 2726 951 2780 κατὰ
972 2728 1235 2800 πάντα(α)
1261 2729 1349 2783 τὸν
1368 2730 1495 2783 Υίὸν
1522 2729 1889 2800 διετρανούτο,

312 2813 502 2878 οὐσίας
524 2814 581 2867 δὲ
610 2815 747 2879 ὅλως
786 2817 908 2870 οὐδὲ
952 2819 1176 2890 ὀνόματι
1226 2822 1443 2893 μνήμης
1476 2821 1548 2892 (b)
1573 2824 1685 2885 τοῖς
1714 2822 1895 2886 ἄλλοις

312 2907 495 2974 λόγοις
524 2909 890 2979 συνεισήγετο.
916 2908 1131 2980 Ταύτην
1152 2911 1206 2964 δὲ
1238 2912 1337 2982 τὴν
1363 2912 1520 2977 δόξαν
1550 2913 1644 2965 καὶ
1676 2911 1893 2966 συνόδου

314 2998 496 3068 κρίσει
531 3000 625 3052 καὶ
649 3001 989 3071 ὑπογραφαῖς
1010 3002 1304 3071 βεϐαιῶσαι
1328 3002 1742 3058 διεσπούδασαν.
1759 3004 1893 3057 Μετ’

313 3092 374 3143 οὐ
407 3091 544 3144 πολὺ
575 3092 632 3146 δὲ
671 3092 766 3146 καὶ
803 3094 1085 3164 Εὑνόμιος,
1124 3095 1222 3165 τῆς
1255 3096 1439 3165 φήμης
1467 3093 1576 3149 τῶν
1608 3094 1713 3149 ὑπὸ
1741 3097 1893 3150 Βασι-

312 3181 457 3235 λείου
485 3182 837 3254 πραχθέντων
866 3184 1278 3256 καταλαϐούσης
1299 3185 1395 3255 τὴν
1416 3185 1763 3258 Ἀντιόχειαν,
1794 3187 1894 3259 τήν

312 3290 375 3327 τε
402 3251 740 3345 χειροτονίαν
766 3274 859 3328 τοῦ
890 3275 1132 3330 διακόνου
1167 3251 1503 3346 ὑποδέχεται,
1536 3251 1629 3330 καῖ
1654 3251 1893 3348 πρέσϐύς
1921 3251 1961 3307 C

313 3365 646 3428 ἀποσταλεὶς
695 3366 829 3436 πρὸς
856 3368 1231 3421 Κωνστάντιον
1280 3368 1539 3422 ἀναλῦσαι
1587 3368 1654 3422 τὰ
1696 3369 1891 3440 ἐψηφι-

316 3457 513 3526 σμένα,
544 3458 822 3513 ἁλίσκεται
850 3460 990 3515 κατὰ
1025 3451 1122 3518 τὴν
1153 3461 1268 3515 ὁδὸν
1304 3462 1406 3514 ὑπὸ
1442 3462 1549 3514 τῶν
1572 3462 1715 3532 ἀμφὶ
1739 3462 1895 3514 Βασί-

316 3549 481 3614 λειον,
512 3550 606 3603 καὶ
639 3551 717 3614 είς
751 3552 976 3605 Μιόαῖον
1006 3552 1386 3622 φυγαδεύεται,
1430 3553 1582 3605 πόλιν
1610 3555 1708 3623 τῆς
1754 3554 1892 3624 Φρυ-

319 3640 472 3707 γίαςο
508 3640 598 3693 τὸν
622 3641 679 3694 δὲ
713 3642 938 3707 Ἀέτιον,
980 3644 1086 3696 ὑπὸ
1121 3643 1219 3715 τὴν
1250 3643 1492 3708 ἐξουσίαν
1527 3645 1759 3697 πεσόντα
1785 3644 1901 3720 τῶν.

319 3732 462 3801 ἀμφὶ
491 3731 583 3785 τὸν
603 3731 900 3798 Βασίλειον,
932 3735 1221 3807 ὑπερόριον
1267 3737 1299 3806 ἡ
1344 3733 1598 3796 Πέπουζα
1620 3734 1722 3803 τῆς
1756 3736 1896 3806 Φρυ-

317 3823 444 3890 γίας
483 3823 597 3893 (16)
619 3820 763 3894 εἶχεν
782 3841 797 3855 ’
837 3825 1084 3891 Εὑδόξιος
1115 3826 1170 3879 δὲ
1206 3829 1283 3889 εἰς
1312 3825 1407 3896 τὴν
1438 3824 1629 3878 ἑαυτοῦ
1661 3826 1896 3897 πατρίδα

320 3911 648 3985 ὑπεχώρησε
698 3916 796 3985 τὴν
851 3916 1161 3987 Ἀρμενίαν.
1224 3916 1383 3969 Ἀλλὰ
1423 3916 1514 3969 καὶ
1569 3916 1742 3987 ἕτεροι
1779 3918 1895 3978 ταῖς

319 4004 641 4075 ὑπερορίαις
669 4003 949 4073 ἐδόθησαν,
971 4009 1091 4070 ταῖς
1117 4006 1245 4077 περὶ
1270 4006 1358 4060 τὸν
1389 4006 1667 4060 Βασίλειον
1697 4007 1895 4074 ὑπαγό-

320 4111 472 4162 μενοι
502 4094 724 4164 ψήφοις,
745 4089 820 4149 ὦν
849 4098 876 4149 ὁ
904 4098 1134 4170 ἀριθμὸς
1169 4101 1246 4162 εἰς
1282 4097 1650 4167 ἑϐδομήκοντα
1672 4095 1892 4166 σύμπας

316 4185 729 4254 ὲκεφαλαιοῦτο.

389 4274 455 4330 θ’.
508 4277 630 4330 Ὅτι
668 4278 716 4331 οἱ
754 4279 897 4348 ἀμφὶ
940 4278 1217 4332 Βασίλειον
1252 4279 1421 4332 ταῦτα
1463 4278 1892 4350 διαπραξάμενοι

1994 1990 2422 2061 comprehensus
2445 2000 2548 2047 est.
2569 1990 2871 2063 Imperator
2898 1994 3063 2066 igitur
3083 1995 3284 2051 Basilio
3310 1997 3562 2062 credens,

1993 2099 2059 2140 ac
2083 2085 2353 2155 praecipue
2381 2087 2736 2145 mulieribus:
2772 2089 2870 2145 has
2914 2089 3062 2145 enim
3093 2090 3326 2147 Basilius
3355 2106 3565 2163 praeve-

1993 2176 2152 2232 niens
2179 2177 2244 2231 ad
2269 2185 2450 2247 partes
2475 2194 2603 2234 suas
2634 2179 2979 2236 traduxerat:
3029 2179 3388 2252 Theophilum
3437 2183 3566 2253 qui-

1993 2268 2117 2324 dem
2153 2270 2346 2324 exsilio
2392 2272 2683 2326 multatum
2737 2270 3053 2328 Heracleam
3098 2272 3255 2329 Ponti
3286 2265 3561 2345 relegavit.

1993 2357 2300 2415 Eudoxium
2330 2376 2458 2417 vero
2478 2361 2770 2418 Antiochia
2791 2364 3051 2418 excedere
3078 2378 3142 2419 ac
3168 2364 3311 2418 domi
3343 2378 3567 2419 manere

1988 2450 2177 2520 jussit.
2203 2450 2420 2506 Aetium
2446 2451 2680 2522 denique
2702 2467 2765 2507 ac
2786 2453 3026 2523 reliquos
3051 2453 3144 2523 qui
3169 2468 3278 2508 una
3303 2468 3427 2509 cum
3456 2453 3565 2509 illis

1992 2553 2171 2609 erant,
2223 2545 2678 2599 calumniatorum
2713 2547 2963 2615 potestati
3006 2546 3245 2601 tradidit.
3295 2545 3562 2601 Caeterum

1994 2634 2226 2692 Basilius
2265 2651 2446 2692 coram
2496 2637 2826 2707 imperatore
2873 2637 2941 2693 de
2999 2637 3101 2692 fide
3143 2636 3562 2707 disputationem

1995 2726 2262 2781 habuerat
2297 2744 2310 2781 :
2342 2727 2396 2780 in
2427 2741 2533 2795 qua
2565 2726 2798 2781 similem
2827 2727 3045 2796 quidem
3083 2740 3180 2796 per
3207 2727 3394 2780 omnia
3416 2724 3561 2780 Patri

1994 2816 2191 2871 Filium
2240 2832 2362 2873 esse
2405 2818 2814 2887 exponebatur;
2872 2818 3194 2873 substantia:
3243 2834 3373 2874 vero
3415 2819 3564 2873 nulla

1993 2910 2217 2974 mentio,
2247 2922 2317 2964 ne
2339 2909 2559 2964 nomine
2584 2910 2801 2979 quidem
2828 2917 2985 2965 tenus
3008 2909 3187 2964 fiebat.
3210 2909 3360 2966 Hanc
3383 2920 3564 2965 autem

1993 3000 2327 3069 Opinionem,
2360 3010 2411 3056 et
2444 3002 2637 3072 synodi
2691 3001 2960 3057 sententia
2996 3010 3049 3056 et
3072 3001 3565 3073 subscriptionibus

1996 3089 2200 3143 ﬁrmari
2226 3091 2571 3145 studuerunt.
2602 3088 2712 3147 Nec
2749 3090 2922 3146 multo
2950 3100 3072 3160 post
3090 3089 3413 3158 Eunomius,
3436 3106 3563 3146 cum

1997 3179 2139 3234 fama
2168 3194 2356 3235 eorum
2387 3196 2510 3250 quae
2529 3197 2557 3236 a
2582 3180 2784 3237 Basilio
2807 3189 2956 3250 gesta
2988 3180 3198 3236 fuerant
3216 3181 3563 3237 Antiochiam

1999 3273 2202 3341 perlata
2221 3281 2386 3337 esset,
2404 3273 2617 3328 diaconi
2638 3274 3034 3329 ordinationem
3059 3276 3327 3344 suscepit:
3343 3284 3395 3330 et
3421 3275 3567 3346 lega-

1999 3371 2084 3416 tus
2110 3363 2175 3416 ad
2192 3362 2571 3418 Constantium
2591 3365 2809 3429 missus,
2830 3373 2964 3419 utea
2982 3380 3102 3435 quae
3121 3366 3332 3419 decreta
3350 3363 3568 3420 fuerant

1998 3453 2459 3519 rescinderentur,
2513 3456 2566 3509 in
2603 3455 2795 3511 itinere
2843 3464 3032 3524 captus
3080 3470 3111 3509 a
3161 3453 3465 3520 Basilianis,
3510 3465 3568 3511 et

1997 3544 2254 3599 Midaium
2283 3544 2532 3616 Phrygiae
2564 3546 2836 3617 relegatus
2865 3554 2968 3601 est.
2994 3546 3208 3601 Aetium
3237 3561 3365 3601 vero
3391 3547 3445 3600 in
3469 3561 3565 3616 po—

1998 3645 2248 3693 testatem
2288 3637 2683 3692 Basilianorum
2726 3639 3030 3707 delapsum,
3072 3637 3284 3707 Pepuza
3317 3637 3567 3710 Phrygia:

2000 3727 2152 3781 vicus
2180 3727 2425 3781 exsulem
2452 3729 2678 3797 accepit.
2727 3728 2795 3783 At
2825 3727 3107 3783 Endoxius
3140 3730 3192 3783 in
3231 3729 3563 3793 Armeniam,

1999 3833 2064 3873 ex
2096 3834 2202 3888 qua
2230 3820 2494 3875 oriundus
2518 3829 2654 3887 erat,
2686 3822 2933 3876 recessit.
2966 3823 3069 3874 Alii
3092 3831 3350 3891 praeterea
3377 3839 3569 3878 nume-

2000 3928 2062 3968 ro
2106 3915 2444 3984 septuaginta
2487 3914 2886 3970 Basilianorum
2918 3915 3189 3971 sententia
3207 3915 3467 3980 damnati,
3511 3916 3566 3969 in

2000 4005 2251 4061 exsilium
2281 4005 2433 4059 missi
2461 4013 2608 4060 sunt.
3059 4004 3063 4009 ’

2067 4274 2120 4327 9.
2176 4242 2441 4326 Βαείιίαῖιί
2494 4268 2796 4339 ὁμοιούςιον
2846 4265 3178 4334 conﬁrmant.
3210 4290 3280 4302 --
3308 4259 3433 4315 “me
3474 4259 3569 4313 ubi

318 4365 518 4434 πάντα,
550 4344 825 4440 πανταχού
850 4344 1139 4439 ιροιτῶντες
1171 4371 1301 4441 (17),
1368 4370 1429 4424 τὸ
1461 4344 1753 4441 όμοούσιοιί
1773 4387 1892 4423 συν-

2001 4366 2257 4421 fecissent
2274 4362 2553 4427 Basiliani,
2573 4360 2826 4414 universa
2844 4358 2959 4412 loca
2975 4362 3343 4427 peragrantes,
3361 4350 3568 4423 ὁμοιού-

1552 4540 1793 4585 VALESII
1821 4536 2321 4583 ANNOTATIONES.

390 4674 506 4745 (16)
529 4674 805 4745 Πέτουσα
830 4670 939 4740 τῆς
963 4673 1257 4745 φέῃγγίας.Δ
1275 4669 1557 4745 Assentior
1573 4666 1896 4745 _Lucm__liol«

325 4738 523 4809 stenio,
560 4745 651 4812 qui
683 4744 749 4796 ad
783 4738 923 4797 latus
948 4738 1056 4812 _sui
1088 4738 1292 4812 codicis
1333 4740 1612 4812 adnotavit
1649 4738 1893 4812 scriben-

323 4816 448 4870 dum
478 4807 601 4869 eesc
624 4812 901 4876 Πέπουζα.
941 4810 1032 4865 Sic
1061 4822 1208 4865 certe
1233 4811 1284 4863 in
1319 4809 1504 4863 codice
1531 4824 1630 4862 ms.
1664 4807 1892 4861 Samue-

328 4887 392 4940 lis
426 4885 677 4938 Bocharti
723 4884 924 4937 diserte
957 4890 1238 4936 exaratum
1280 4880 1481 4934 inveni.
1511 4876 1897 4948 l’opitza_oppi-

325 4956 451 5009 dum
498 4953 601 5008 fuit
640 4952 908 5023 Phrygiae,
964 4953 1108 5020 quod
1137 4950 1421 5023 Montanus
1461 4946 1658 5023 novatn
1700 4946 1893 5023 Hieru-

326 5026 491 5079 salem
533 5016 1077 5095 cognom'inarat,_'_ut
1126 5020 1281 5095 docet
1313 5018 1606 5095 Eusebius
1646 5017 1698 5069 in
1751 5016 1888 5095 libro

326 5098 515 5162 quinto
541 5085 929 5147 Ec'clesiasticw
952 5091 1076 5162 Itist.
1097 5091 1276 5162 capite
1308 5087 1390 5140 18.
1419 5086 1497 5162 Ex
1521 5086 1678 5155 cujus
1699 5085 1887 5155 oppidi

328 5158 569 5225 nomine,
593 5162 934 5217 Montanistae
962 5159 1257 5229 Pepuziani
1286 5158 1462 5212 vocati
1491 5165 1638 5210 sunt.

2073 4662 2183 4733 (l7)
2214 4661 2418 4733 Πάντα
2458 4652 2769 4733 πανταχοῦ
2818 4651 3159 4733 φοιτῶξτες..
3202 4645 3568 4733 thhofredus

2004 4719 2365 4788 hunc'locum
2404 4731 2476 4783 ita
2521 4719 2907 4794 interpretatur
2941 4741 2953 4794 ι
2993 4721 3187 4794 Omnia
3220 4719 3408 4794 ubique
3439 4732 3566 4768 ver—

2000 4815 2196 4857 santes.
2235 4802 2367 4868 Quae
2405 4788 2956 4868 interpretatio_fer_ri
2994 4791 3145 4868 nullo
3181 4788 3558 4868 modopotest.

2002 4855 2193 4927 lnmms.
2243 4855 2429 4925 codice
2465 4855 2735 4922 Samuelis
2785 4862 3037 4934 Bocharti
3074 4862 3232 4934 aliam
3263 4856 3426 4925 hujus
3457 4855 3561 4934 l_oci

2001 4943 2402 4997 distinctionem
2433 4938 2635 5011 inveni.
2664 4936 2793 4989 Ὅτε
2827 4934 2875 4985 oi
2905 4932 3047 5011 dp.th
3081 4927 3359 5011 Βασίλειον
3392 4927 3562 5011 ταῦτα

1997 5011 2425 5082 διαπραξάμενοι
2469 5009 2689 5082 πάντα,
2744 5001 3019 5071 πανταχοῦ
3081 5001 3391 5082 φοιτῶντες,
3443 5006 3559 5082 ειςζ

1997 5061 2421 5151 ῥιῖέίιῖίᾶὖῖᾱέιὴ
2450 5061 2854 5151 distinctionem
2882 5061 3208 5151 magnopere
3230 5061 3556 5151 proh‘o._Vor

1996 5134 2177 5206 tamen
2208 5134 2384 5205 πάντα
2431 5148 2657 5203 delenda
2688 5144 2899 5199 videtur
2922 5181 2935 5208 ,
2969 5134 3153 5208 utpote
3178 5134 3473 5205 superflua,
3508 5140 3563 5183 ct

1771 5290 2099 5335 VABIORUM
2108 5316 2121 5331 .

394 5403 467 5473 (a)
503 5403 751 5472 Ὅμοιον
800 5398 882 5473 τῷ
912 5400 1093 5473 Πατρὶ
1138 5396 1302 5473 κατὰ
1357 5395 1569 5473 πάντα.
1604 5391 1886 5473 Eteonon

1146 5467 1246 5482 ς..
1386 5468 1521 5482 ην.

326 5462 769 5544 ςυίιίόθδῖιηιριει
793 5486 824 5524 e
850 5462 1093 5523 formula
1131 5467 1250 5544 fidei
1291 5481 1320 5519 a
1354 5468 1563 5544 synodo
1603 5462 1889 5544 Sirmiensi

327 5544 477 5612 tertia
523 5532 831 5612 composita
857 5581 876 5612 ,Α
903 5548 958 5593 et
986 5538 1272 5612 consulum
1314 5532 1630 5612 nominibus
1656 5532 1888 5612 praebitis

327 5610 565 5676 famosa,
615 5600 674 5665 ut
724 5600 996 5663 existimat
1038 5605 1403 5679 Gothofredus
1446 5603 1500 5654 in
1524 5602 1665 5655 notis
1703 5600 1888 5679 ad'lo-

324 5699 465 5738 cum.
506 5682 641 5748 Qua:
684 5681 829 5733 enim
877 5680 963 5731 hic
997 5678 1401 5748 describuntur,
1435 5678 1891 5748 annonsnpert-ore

320 5767 464 5819 gesta
505 5738 657 5814 s‘unt,
707 5764 873 5819 quam
921 5749 1160 5817 synodus
1202 5747 1303 5819 ista
1350 5754 1536 5797 coacta
1571 5740 1748 5819 fuerit.
1783 5738 1889 5819 Ita-

317 5811 420 5897 ﬁne
464 5811 653 5895 potius
683 5811 993 5872 e'fortnul'a
1035 5817 1223 5885 synodi
1274 5814 1573 5885 Ancyranue
1603 5811 1890 5877 desumpta

646 5913 921 5973 Parnon.
969 5909 1079 5968 Gn.
1134 5907 1321 5970 LXV.

1989 5398 2135 5453 sunt,
2188 5389 2275 5443 cui
2328 5384 2579 5440 Liberius
2622 5380 2911 5454 cpiscopus
2945 5374 3157 5454 “Romae:
3214 5362 3557 5454 subscripsit:

2299 5434 2686 5519 lib—.wiv—rcapl.
2727 5434 2913 5519 15,'_ct
2945 5444 3044 5519 ibi_
3066 5439 3359 5519 V_alesium.
3394 5434 3555 5519 Certe

1989 5511 2234 5583 Basilius,
2280 5511 2601 5595 Ancyranus
2636 5511 2775 5573 'erat
2839 5511 3346 5569 Serui-Arianorum
3410 5512 3560 5557 ante-

1990 5591 2642 5669 signanus._W.'Lo_tptlt._
2766 5656 2780 5669 ‘
2855 5654 2867 5665 θ

2063 5639 2717 5737 ζ’ὁῖᾝῖἱτξέιῆςῗῖξέιέίίυε
2766 5654 2871 5726 legi
2922 5651 3136 5709 videtur
3194 5646 3404 5718 μνήμη.
3466 5639 3554 5694 W.

1992 5738 2188 5793 Lowtlt.

3214 5878 3286 5936 17
