4062 6332
477 389 582 446 5‘25

1853 386 2336 443 PHILOSTORGII

3624 397 3690 453 52
3701 398 3734 456 ι

486 528 629 572 διον,
668 505 719 560 id
753 514 833 562 est
884 506 1075 562 similis
1114 505 1428 562 substantiae
1475 505 1797 561 vocabulum
1849 507 2047 563 confir-

2154 508 2405 579 εκρότουν
2425 524 2436 536 ·
2472 507 2564 561 καὶ
2587 507 2796 562 πολλῶν
2824 508 3178 578 πειθομένων,
3211 509 3303 561 καὶ
3329 507 3418 561 τὸν
3441 509 3734 565 Κωνσταν.

481 606 702 654 marunt
755 597 886 669 (18).
940 597 1198 666 Multique
1256 596 1310 650 in
1344 611 1535 652 eorum
1571 597 1897 652 sententiam
1927 609 2057 654 con-

482 687 829 750 cedentibus,
893 687 1267 744 Macedoniam
1323 702 1542 758 quoque
1591 687 2057 760 Constantinopo-

481 780 595 835 leos
663 779 1021 849 episcopum,
1091 779 1343 849 quamvis
1411 789 1569 834 antea
1625 780 1678 835 in
1731 781 2056 837 sententiam

481 863 736 921 Eunomii
774 874 916 922 esset
969 868 1320 938 propensior,
1379 867 1433 922 in
1489 884 1648 923 suam
1697 869 2057 926 nihilominus

481 956 801 1014 sententiam
837 963 1235 1025 pertraxerunt.
1289 955 1488 1012 Multos
1537 957 1700 1011 etiam
1749 958 1884 1014 alios
1941 960 2058 1028 epi-

477 1061 697 1115 scopos,
733 1047 930 1116 partim
964 1048 1144 1103 verbis
1174 1048 1508 1116 allicientes,
1540 1048 1738 1119 partim
1777 1051 1886 1105 vim
1931 1065 2062 1106 sua-

481 1135 736 1191 sionibus
763 1135 1160 1203 admiscentes,
1189 1139 1255 1194 ad
1287 1153 1416 1194 suas
1445 1147 1626 1208 partes
1645 1140 1951 1195 traduxere.

550 1225 637 1280 10.
673 1224 1016 1295 Patrophilus
1048 1237 1098 1282 et
1140 1228 1430 1284 Narcissus
1471 1228 1738 1284 Basiliam
1781 1248 1869 1296 ap.
1914 1229 2056 1298 Imp.

477 1328 748 1375 accusant.
794 1317 1038 1390 Synodus
1086 1321 1336 1376 Arimini.
1382 1319 1574 1376 Clades
1615 1320 2058 1378 Nicomedien—

483 1411 575 1466 Ait
612 1408 986 1480 Patrophilum
1017 1409 1408 1483 Scythopoleos
1439 1421 1494 1467 et
1520 1413 1838 1468 Narcissum
1873 1411 2058 1468 lreuo-

478 1503 670 1574 poleos
713 1502 1062 1572 episcopum,
1096 1518 1203 1557 una
1234 1518 1358 1559 cum
1402 1503 1610 1574 aliquot
1646 1502 1770 1557 aliis
1806 1501 2056 1572 Singidu-

481 1611 612 1654 num
663 1595 868 1652 Moesiae
924 1595 1112 1650 urbem
1168 1595 1560 1658 adventantes,
1615 1593 1870 1649 retulisse
1912 1591 2058 1647 Con-

483 1689 685 1746 stantio
717 1703 780 1743 ea
810 1701 932 1757 qua;
956 1701 1052 1756 per
1094 1685 1337 1741 fraudem
1381 1693 1590 1756 patrata
1639 1683 1861 1740 fuerant
1894 1677 1922 1739 a
1952 1682 2057 1738 Ba-

482 1781 624 1836 silio.
668 1779 1050 1835 Constantium
1103 1792 1232 1833 vero
1287 1776 1723 1848 obstupefactum
1767 1784 1822 1832 et
1864 1777 2055 1831 dolore

2164 601 2517 665 τινουπόλεως
2581 600 2929 666 Μακεδόνιον,
2962 600 3138 653 καίτοι
3167 603 3279 664 τοῖς
3314 601 3442 671 περῖ⁵
3473 602 3737 672 Εὐνόμιον

2161 691 2698 762 προαποκεκλιμένον
2743 692 2878 761 (20),
2931 694 3011 755 είς
3061 693 3160 762 τὴν
3212 692 3421 746 ἑαυτῶν
3465 693 3616 764 ὅμως
3643 696 3737 748 ἑπ-

2157 781 2466 837 εσπάσαντο
2513 783 2669 850 δόξαν
2731 795 2746 811 °
2781 782 2915 838 ἀλλὰ
2961 784 3054 838 καὶ
3108 782 3336 847 πολλοὺς
3378 784 3596 856 ἑτέρους
3628 786 3738 838 τῶν

2159 873 2490 940 ἐπισκόπων,
2530 877 2654 940 τοὺς
2691 876 2786 946 μὲν
2821 876 3119 944 ὑπάγοντες
3139 875 3337 944 λόγοις,
3375 877 3500 941 τοὺς
3527 877 3605 945 δὲ,
3639 878 3741 951 τὴν

2159 965 2333 1020 πειθὼ
2363 967 2911 1040 συνεπικεραννύντες
2937 972 3002 1040 τῇ
3039 968 3146 1040 βίᾳ.

2233 1232 2282 1280 ι’.
2319 1227 2438 1280 ’Ὀτι
2459 1227 2793 1298 Πατρόφιλον
2816 1229 2906 1282 τὸν
2937 1228 3340 1295 Σκυθοπόλεως,
3378 1233 3470 1286 καὶ
3491 1234 3539 1286 Ν
3547 1234 3737 1305 ἀρκισ-

2163 1333 2252 1368 σον
2285 1315 2376 1369 τδν
2402 1318 2828 1389 Είρηνοπόλεως,
2884 1320 2977 1373 καὶ
3021 1320 3241 1392 ἑτέρους
3297 1323 3393 1377 σὺν
3441 1323 3645 1390 αὐτοῖς,
3679 1329 3736 1379 ὲν

2158 1407 2434 1475 Σεγγιδόνι
2456 1408 2555 1478 τῆς
2575 1409 2787 1473 Μυσίας
2817 1414 3312 1482 παραγενομένους,
3334 1413 3425 1467 τὸν
3450 1416 3740 1470 Κωνστάν-

2159 1499 2271 1552 τιόν
2301 1515 2465 1570 φησιν
2497 1500 2808 1567 ἀναδιδάξαι
2837 1502 2907 1556 τὰ
2939 1502 3087 1575 παρὰ
3121 1505 3216 1557 τοῦ
3238 1505 3516 1560 Βασιλείου
3546 1507 3737 1580 δεδρα-

2162 1603 2439 1658 ματουργη
2450 1590 2600 1657 μένα.
2625 1591 2734 1643 Καὶ
2755 1589 2845 1643 τὸν
2865 1591 3280 1660 καταπλαγέντα
3305 1593 3398 1647 καὶ
3422 1595 3523 1648 ὑπε
3533 1596 3737 1669 ραλγή-

2161 1695 2348 1744 σαντα,
2400 1679 2510 1733 τῶν
2579 1681 2678 1751 μὲν
2734 1681 2998 1754 μεθορίων
3057 1685 3185 1747 τοὺς
3228 1685 3739 1757 κατεψηφισμένους

2160 1770 2385 1833 ἀνεῖναι,
2418 1771 2667 1836 συνόδους
2692 1773 2748 1825 δὲ
2775 1772 3026 1842 γενέσθαι
3055 1776 3351 1847 προστάξαι
3372 1778 3485 1846 δύο,
3513 1781 3613 1852 τὴν
3644 1782 3738 1853 μὲν

480 1881 836 1947 commotum,
891 1884 986 1926 eos
1018 1869 1238 1940 quidem
1287 1869 1379 1939 qui
1428 1869 1671 1924 damnati
1725 1867 1943 1923 fuerant
1986 1869 2051 1925 ab

2158 1863 2214 1914 ὲν
2237 1861 2502 1933 Ἀριμίνῳ
2547 1864 2674 1927 τοὺς
2721 1864 2829 1917 ἀπὸ
2871 1863 3075 1926 δύσεως
3109 1867 3526 1935 συναλίζουσαν,
3559 1871 3658 1941 τὴν
3683 1871 3739 1924 δὲ

479 1960 674 2018 exsilio
704 1973 1024 2026 revocasse;
1053 1959 1190 2013 duas
1225 1973 1355 2013 vero
1388 1959 1630 2029 synodos
1653 1957 1913 2012 celebrari
1937 1957 2056 2027 jus-

479 2054 619 2108 sisse
665 2051 940 2107 :alteram
994 2050 1268 2114 Arimini,
1313 2051 1379 2104 ad
1420 2064 1586 2118 quam
1630 2048 2053 2105 Occidentalium

479 2141 712 2211 partium
746 2140 986 2211 episcopi
1019 2139 1398 2206 convenirent;
1437 2140 1662 2195 alteram
1694 2139 2050 2207 Nicomediae,

478 2246 602 2301 quae
633 2230 919 2301 episcopos
951 2238 1017 2285 ex
1043 2227 1267 2284 Oriente
1309 2237 1364 2284 et
1406 2229 1576 2302 Libya
1611 2245 1674 2285 ac
1699 2230 1929 2286 Thracia
1967 2245 2055 2285 es—

476 2331 562 2378 set
591 2321 878 2387 habitura;
913 2329 972 2375 ut
999 2320 1054 2374 in
1088 2320 1173 2376 his
1223 2319 1447 2390 synodis
1479 2336 1544 2376 ea
1575 2336 1697 2392 quae
1726 2320 1795 2374 ab
1826 2330 2053 2390 utraque

477 2422 630 2484 parte
658 2411 1000 2476 dicebantur,
1037 2410 1282 2480 diligenti
1335 2410 1586 2466 examine
1628 2411 2045 2466 discuterentur.

478 2504 584 2559 Sed
631 2502 1104 2559 Nicomediensem
1140 2502 1357 2572 quidem
1391 2502 1693 2573 synodum,
1741 2510 1801 2556 ut
1851 2501 2049 2572 impius

477 2595 580 2652 iste
605 2595 994 2662 calumniatur,
1031 2609 1098 2649 eo
1135 2594 1280 2664 quod
1327 2593 1573 2664 plerique
1613 2609 1803 2649 eorum
1838 2595 1893 2648 in
1917 2610 2049 2650 con-

474 2687 857 2744 substantialis
883 2687 1042 2742 ﬁdem
1074 2686 1330 2757 propensi
1361 2694 1538 2750 erant,
1561 2693 1717 2740 terrae
1749 2694 1932 2742 motus
1958 2703 2046 2741 re-

477 2777 709 2846 pressit,
743 2778 836 2847 qui
877 2775 1164 2847 episcopos
1209 2774 1519 2844 quindecim
1545 2790 1777 2830 numero
1803 2776 1894 2846 qui
1926 2786 2050 2836 ante

475 2868 612 2924 alios
638 2869 1000 2930 advenerant,
1027 2881 1134 2921 una
1160 2880 1284 2920 cum
1327 2864 1591 2935 Cecropio
1627 2864 1870 2934 ejusdem
1902 2866 2051 2920 urbis

473 2956 730 3027 episcopo
758 2955 1053 3021 exstinxit,
1082 2969 1348 3010 concussa
1393 2954 1624 3010 ecclesia
1655 2955 1709 3008 in
1750 2970 1858 3026 qua
1894 2966 2052 3010 erant

473 3047 808 3119 congregati.
859 3046 1222 3102 Ariminensis
1263 3054 1442 3101 autem
1467 3047 1737 3117 synodus,
1768 3046 1835 3101 ad
1879 3062 2043 3115 quam

2162 1953 2289 2016 τοὺς
2315 1950 2376 2017 ἐξ
2433 1953 2572 2023 ἑῴας
2595 1954 2689 2007 καὶ
2714 1954 2918 2025 Λιϐύης
2939 1957 3030 2009 καὶ¹
3045 1956 3264 2029 Θρᾴκης
3287 1960 3343 2012 ὲν
3369 1959 3736 2032 Νικομηδείᾳ·

2163 2044 2218 2099 αἶ
2251 2045 2320 2099 τὰ
2362 2047 2491 2117 παρ’
2523 2046 2782 2117 ἑκατέρου
2829 2049 3026 2118 μέρους
3077 2048 3344 2120 λεγόμενα
3393 2051 3738 2123 δοκιμασίαις

2163 2134 2385 2206 ἔμελλον
2420 2135 2806 2207 παραϐάλλειν.
2840 2138 3002 2193 Ἀλλὰ
3031 2138 3129 2208 τὴν
3162 2139 3260 2210 μὲν
3289 2141 3345 2192 ἐν
3375 2140 3423 2193 Ν
3431 2141 3738 2213 ικομηδείᾳ,

2160 2227 2233 2290 ὡς
2263 2221 2414 2290 οὗτος
2461 2229 2489 2280 ὁ
2520 2228 2782 2300 δυσσεϐὴς
2828 2229 3122 2301 δυσφημεῖ,
3169 2232 3275 2285 τῶν
3316 2231 3578 2286 πλειόνων
3603 2232 3740 2304 πρὸς

2159 2319 2219 2372 τὸ
2244 2319 2524 2390 ὁμοούσιον
2555 2322 2904 2387 νενευκότων,
2933 2322 3152 2394 σεισμὸς
3173 2323 3512 2386 ἀναστέλλει,
3549 2324 3609 2388 ὃς
3628 2327 3739 2388 τοῖς

2161 2409 2664 2480 προκαταλαϐοῦσιν
2690 2413 2767 2476 είς
2805 2411 3100 2466 δεκαπέντε
3139 2413 3230 2466 τὸν
3260 2413 3492 2484 ἀριθμὸν
3547 2414 3739 2484 ἀνηνε-

2159 2502 2375 2570 γμένοις
2391 2501 2461 2571 (⁸)
2479 2501 2593 2571 ἆμα
2617 2499 2709 2555 τοῦ
2729 2500 2931 2570 ταύτης
2959 2503 3254 2556 ἐπισκόπου
3275 2501 3606 2574 Κεκροπίου,
3625 2505 3748 2555 ὲπι-,

2159 2593 2487 2658 κατασείσας
2529 2595 2618 2648 τὸν
2647 2594 2772 2649 ναὸν
2818 2596 2874 2647 ὲν
2919 2588 2963 2662 ᾧ
3008 2594 3374 2665 συνεδρίαζον,
3409 2594 3736 2666 διαφθείρει.

2168 2685 2231 2738 Ἦ
2271 2685 2326 2738 δὲ
2375 2686 2434 2738 ὲν
2499 2686 2791 2757 Ἀριμίνῳ,
2844 2687 2924 2748 είς
2969 2685 3310 2758 τριακοσίους
3360 2684 3563 2756 ἄνδρας
3613 2701 3738 2736 συν-

2157 2774 2432 2853 ελθοῦσαη
2459 2776 2520 2828 τὸ
2575 2776 2671 2846 μὲν
2717 2777 2817 2844 τῆς
2859 2775 3046 2839 οὐσίας
3085 2775 3255 2846 δνομα
3296 2778 3376 2839 εἰς
3427 2775 3488 2828 τὸ
3542 2792 3736 2829 παντε-

2157 2865 2245 2929 λὲς
2288 2865 2539 2929 διιῦσατο,
2580 2867 2761 2936 ὅμοιον
2796 2867 2851 2920 δὲ
2876 2867 2966 2920 τὸν
2995 2867 3122 2921 Υἱὸν
3155 2867 3231 2936 τῷ
3260 2867 3434 2937 Πατρὶ
3464 2866 3607 2920 κατὰ
3639 2864 3740 2928 τὰς

2159 2956 2380 3030 Γραφὰς
2413 2957 2820 3030 ἁνακηρύξασα,
2860 2960 3203 3032 ὑπογραφαῖς
3224 2960 3380 3022 ἰδίαις
3403 2957 3738 3029 κατησφαλί-

2161 3064 2342 3102 σαντο.

474 3144 701 3199 trecenti
749 3149 1124 3199 convenerunt
1169 3140 1446 3216 episcopi.
1473 3141 1797 3200 substantia:
1827 3143 2047 3213 quidem
2088 3144 2414 3202 vocabulum
2445 3144 2662 3214 penitus
2698 3145 2905 3215 rejecit.
2974 3144 3173 3200 Filium
3237 3161 3365 3199 vero
3406 3143 3554 3200 Patri
3588 3144 3737 3200 simi-

470 3239 576 3295 lem
613 3238 912 3295 secundum
963 3239 1278 3310 Scripturas
1317 3238 1656 3308 praedicans,
1691 3237 1894 3296 additis
1939 3236 2279 3308 singulorum
2309 3237 2804 3307 subscriptionibus
2837 3238 3094 3293 ﬁrmavit.

542 3337 629 3391 ti.
691 3333 936 3405 Synodus
987 3334 1258 3391 Seleuciae.
1294 3365 1364 3376 -—
1409 3334 1727 3391 Nicomedia
1784 3337 1931 3392 hunc
1985 3333 2040 3392 in
2070 3343 2112 3405 c

471 3429 694 3484 modum
729 3436 886 3482 terrae
933 3434 1084 3482 motu
1130 3438 1184 3481 et
1223 3426 1473 3482 incendio
1514 3441 1577 3482 ac
1617 3428 1783 3483 maris
1815 3427 2049 3483 inunda-

471 3519 645 3582 tione,
673 3527 734 3572 ιιι
772 3517 874 3572 iste
913 3517 1009 3579 ait,
1045 3532 1233 3573 eversa
1251 3559 1265 3583 ,
1293 3517 1587 3588 multisque
1613 3519 1928 3576 hominibus
1954 3535 2049 3574 ex-

481 3609 720 3673 stinctis,
761 3609 1002 3680 synodus
1032 3607 1292 3665 Seleucia;
1329 3610 1544 3664 tandem
1577 3623 1905 3681 congregata
1930 3620 2042 3679 est,

2221 3341 2308 3388 ια’.
2362 3333 2487 3388 Ὀτι
2533 3334 2631 3405 τῆς
2660 3334 3027 3406 Νικομηδείας
3077 3331 3285 3403 σεισμῷ
3339 3333 3432 3386 καὶ
3477 3333 3613 3404 πυρὶ
3644 3339 3734 3390 καὶ

2145 3424 2422 3498 θαλάσσης
2460 3424 2742 3479 ἐπικλύσει
2787 3425 3308 3496 κατερειπωθείσης,
3351 3425 3426 3489 ὡς
3459 3418 3617 3490 οὗτος
3651 3427 3733 3481 ὶέο

2142 3535 2248 3586 γει,
2288 3519 2382 3572 καὶ
2413 3518 2621 3574 πολλῶν
2659 3515 2961 3589 ἀνῡρὼπων
3003 3514 3422 3589 διαφθαρέντων,
3459 3517 3735 3586 ἠσύνοδος

2142 3608 2200 3660 ὲν
2232 3607 2517 3679 Σελευκείᾳ
2543 3608 2641 3680 τὴν
2677 3609 2934 3663 σύστασιν
2963 3608 3262 3678 λαμϐάνειν
3319 3608 3427 3663 τῶν
3461 3608 3559 3680 μὲν
3605 3609 3734 3682 περὶ

483 3716 607 3754 cum
642 3699 874 3756 Basilius
899 3701 1117 3770 quidem
1144 3700 1378 3756 Nicaeam
1414 3713 1740 3769 recusasset,
1769 3703 2049 3761 Eudoxius

2154 3701 2420 3755 Βασίλειον
2443 3702 2786 3773 τὴνΝικαίαν
2813 3702 3329 3774 παραιτησαμένων,
3367 3703 3474 3756 τῶν
3503 3702 3560 3756 δὲ
3591 3706 3734 3774 ἀμφὶ

474 3807 603 3846 vero
633 3801 689 3847 et
728 3791 918 3848 Aetius
951 3792 1184 3848 Tarsum
1231 3791 1520 3850 admittere
1564 3795 1873 3850 noluissent
1911 3794 2045 3867 (l9).

470 3884 840 3949 AtBasiliani,
869 3901 992 3940 cum
1021 3886 1289 3957 synodum
1324 3887 1651 3958 quibusdam
1680 3887 2047 3942 machinatio-

472 3978 633 4033 nibus
669 3979 720 4032 in
746 3978 883 4033 duas
908 3977 1174 4034 factiones
1205 3979 1615 4045 divisissent,et
1642 3993 1889 4034 seorsum
1916 3993 2050 4033 con-

469 4069 780 4136 venissent,
819 4070 1053 4125 similem
1099 4070 1318 4140 quidem
1353 4071 1654 4127 secundum
1679 4069 2044 4124 substantiam

467 4162 907 4226 conﬁrmarunt;
939 4176 1034 4216 eos
1074 4175 1202 4215 vero
1228 4161 1317 4231 qui
1357 4171 1548 4216 contra
1583 4161 1850 4217 sentirent
1882 4161 2047 4230 depo-

465 4258 720 4316 suerunt,
757 4249 1040 4306 dissimilis
1072 4250 1395 4306 substantiae
1427 4250 1682 4320 dogmate
1713 4253 2048 4305 condemna-

467 4351 545 4394 to.
579 4339 796 4410 Ipsique
815 4357 911 4411 per
941 4356 1062 4397 sese
1079 4341 1393 4396 Annianum
1414 4341 1715 4397 Antiochiae
1730 4342 2044 4412 episcopum

469 4433 814 4487 ordinarunt.
855 4431 1136 4486 Eudoxius
1183 4441 1363 4486 autem
1399 4443 1452 4486 et
1480 4431 1700 4499 Actius,
1729 4447 1852 4486 cum
1885 4432 2048 4488 dissi-

467 4525 615 4580 milis
685 4525 1007 4579 substantiae
1074 4523 1266 4592 dogma
1336 4522 1539 4592 scripto
1595 4523 2045 4587 conﬁrmassent.

461 4613 676 4670 litteras
701 4629 832 4670 suas
860 4628 1300 4683 quaquaversum
1327 4612 1615 4667 miserunt.
1713 4621 1716 4628 '

538 4707 627 4762 12.
682 4704 927 4777 Synodus
973 4703 1763 4774 Constantinopoli.—-—Verum
1800 4705 2037 4775 impera-

466 4809 552 4851 tor
584 4797 669 4854 bis
711 4798 777 4852 de
812 4797 975 4850 rebus
1001 4796 1202 4850 certior
1231 4795 1429 4861 factus,
1459 4797 1742 4851 universos
1764 4795 2035 4852 Constan-

2145 3795 2235 3848 τὸν
2265 3795 2512 3861 Εὑδόξιον
2547 3795 2641 3849 καὶ
2670 3795 2876 3849 Ἀέτιον
2915 3794 3014 3868 τὴν
3045 3795 3255 3867 Ταρσὸν
3284 3795 3344 3848 οὐ
3377 3799 3734 3868 προσηκαμέ-

2146 3904 2270 3941 νων.
2301 3888 2364 3940 υἱ
2392 3888 2446 3941 δὲ
2487 3888 2614 3958 περὶ
2639 3886 2918 3940 Βασίὶειον
2948 3889 3217 3957 μηχαναῖς
3249 3887 3346 3958 τὴν
3377 3886 3594 3942 σύνοδον
3619 3889 3734 3942 δια-

2147 3980 2461 4051 στήσαντες,
2489 3979 2584 4033 κα)⁸
2609 3979 2730 4036 καθ’
2751 3981 2978 4042 ἑαυτοὺς
3008 3975 3476 4050 συνεδριάσαντες,
3503 3979 3733 4050 κυροῦσι

2148 4069 2247 4141 μὲν
2282 4069 2342 4124 τὸ
2389 4069 2511 4122 κατ’
2542 4069 2730 4122 οὐσίαν
2772 4069 2978 4141 ὅμοιον,
3021 4068 3148 4132 τοὺς
3194 4068 3237 4120 δ’
3272 4069 3732 4139 άντιφερομένους

2147 4159 2516 4232 καθαιροῦσιν,
2547 4159 2992 4231 ἀποκηρύξαντες
3020 4159 3082 4212 τὸ
3109 4159 3467 4230 ἑτεροούσιον,
3496 4160 3592 4213 καὶ
3619 4177 3730 4230 χει-

2147 4250 2454 4322 ροτονοῦσιν
2487 4251 2640 4304 αὐτοὶ
2680 4250 2800 4305 καθ’
2823 4251 3049 4314 ἑαυτοὺς
3073 4251 3370 4304 ἐπίσκοπον
3400 4251 3497 4320 τῆς
3524 4252 3728 4305 Ἀντιο-

2145 4342 2297 4412 χείας
2340 4343 2601 4396 Ἀνιανόν.
2638 4343 2787 4414 Πλήν
2831 4360 2896 4412 γε
2941 4345 3035 4398 καὶ
3083 4344 3131 4397 οἱ
3189 4346 3316 4415 περὶ
3353 4342 3604 4411 Εὑδὸξιον
3635 4344 3724 4398 καὶ

2145 4433 2368 4498 Ἀέτιον,
2397 4434 2459 4487 τὸ
2483 4434 2818 4505 ὲτεροούσιον
2847 4435 3139 4506 ἐγγράφως
3162 4436 3581 4506 κρατυνάμενοι,
3601 4454 3732 4489 πανο

2145 4525 2310 4596 ταχοῦ
2337 4527 2428 4579 τὸν
2457 4528 2620 4596 τόμον
2649 4526 3068 4596 διαπέμπουσιν.

2219 4701 2303 4770 ιβ’.
2374 4700 2430 4755 '0
2474 4701 2531 4755 δὲ
2581 4702 2831 4771 βασιλεὺς
2884 4701 3056 4756 ταῦτα
3116 4701 3334 4772 μαθὼν,
3391 4702 3728 4774 προσέταξεν

2145 4796 2388 4857 ἅπαντας
2425 4796 2502 4856 είς
2545 4796 2645 4864 τὴν
2676 4795 3241 4849 Κωνσταντινούπολιν
3290 4797 3556 4866 ἁπαντᾷν.
3617 4797 3727 4850 Καὶ

1692 4982 1940 5027 VALESH
1982 4981 2480 5027 ANNOTATIONES.

459 5129 534 5170 ex
583 5112 826 5183 sequenti
889 5110 1156 5183 vocabulo
1201 5125 1482 5183 perperam
1530 5111 1823 5183 geminata.
1871 5110 2038 5165 Paulo

458 5193 589 5254 post
612 5180 708 5255 pro
740 5182 1024 5255 ὁμοούσιον
1049 5224 1063 5248 ,
1117 5181 1302 5250 procul
1345 5180 1912 5255 duliio’scribendum
1953 5190 2038 5255 est

461 5249 788 5338 spargam-3
829 5253 987 5321 Quod
1023 5249 1302 5309 con’iirmat
1345 5249 1744 5323 Philostorgius
1778 5252 1831 5305 in
1863 5251 2038 5322 capite

463 5324 553 5391 12,
585 5324 745 5380 infra.

533 5397 643 5466 (18)
676 5393 1014 5466 Theodorit.,
1041 5392 1085 5466 il.
1120 5407 1245 5459 n,c.
1279 5391 1331 5466 6_.

526 5462 644 5536 (l9)
675 5464 1013 5529 Theodorit.,
1039 5465 1075 5518 l.
1115 5480 1176 5528 ιι,
1209 5479 1259 5518 c.
1289 5462 1380 5517 26.

2218 5108 2330 5180 (20)
2350 5104 2962 5180 Προαίτοκεκλιμένοκ.
2986 5104 3139 5180 llunc
3173 5105 3352 5180 locum
3398 5107 3621 5180 restitui
3653 5123 3721 5164 ex

2148 5176 2250 5233 ms.
2293 5176 2479 5234 codice
2515 5177 2786 5232 Samuelis
2817 5176 3068 5233 Bocharti
3091 5219 3106 5241 ,
3131 5177 3218 5232 cui
3252 5178 3523 5231 consentit
3555 5179 3720 5232 etiam

2148 5248 2538 5303 Scoriacensis.
2591 5248 3094 5317 Interpretationem
3142 5259 3322 5302 autem
3361 5246 3720 5311 Gotlml‘redi.

2147 5318 2462 5375 llolstenius
2488 5319 2553 5372 ad
2584 5320 2723 5375 latus
2747 5319 2830 5372 sui
2862 5317 3070 5372 codicis
3092 5318 3161 5371 ita
3185 5327 3496 5372 correxerat
3525 5337 3538 5371 :
3569 5317 3724 5372 Inter

2146 5389 2279 5443 alios
2335 5389 2704 5442 Macedoniam
2759 5388 3432 5456 Constantinopolitanum,
3476 5389 3720 5458 quamvis

2146 5469 2268 5513 ante
2293 5460 2346 5512 in
2385 5458 2632 5512 Eunumii
2663 5468 2838 5527 partes
2885 5459 3223 5524 inclinatum,
3253 5459 3304 5511 in
3342 5475 3493 5511 suam
3521 5458 3722 5513 nihilo-

2147 5531 2321 5583 minus
2347 5531 2653 5584 sententiam
2675 5538 3064 5598 pertraxerunt.

1936 5660 2263 5706 VARIORUM
2273 5693 2285 5706 .

531 5791 606 5856 (α)
639 5788 778 5857 Τοῖς,
825 5782 1930 5853 προκαταλαϐοῦσιν-ἀνηνε;’μένοις.
1988 5781 2207 5843 Videtur
2237 5787 2522 5857 legendum
2570 5786 2697 5848 τοὺς
2757 5779 3718 5855 προκαταλαϐοῦντας-ἀνηνεγμέ-

464 5876 606 5923 νους.
638 5857 724 5911 ιγ.
757 5856 959 5911 Lowth.
