  <div class='ocr_page' id='page_1' title='image "/cluster/home/n/w/nwhite01/storage/ocr_20150623/65/mdp.39015008972203/268.png"; bbox 0 0 4062 6332; ppageno 0'>
   <div class='ocr_carea' id='block_1_1' title="bbox 305 397 410 451">
    <p class='ocr_par' dir='ltr' id='par_1_1' title="bbox 305 397 410 451">
     <span class='ocr_line' id='line_1_1' title="bbox 305 397 410 451; baseline 0.01 -1"><span class='ocrx_word' id='word_1_1' title='bbox 305 397 410 451; x_wconf 70' lang='lat'><strong>525</strong></span> 
     </span>
    </p>
   </div>
   <div class='ocr_carea' id='block_1_2' title="bbox 1329 391 2560 449">
    <p class='ocr_par' dir='ltr' id='par_1_2' title="bbox 1329 391 2560 449">
     <span class='ocr_line' id='line_1_2' title="bbox 1329 391 2560 449; baseline 0.003 -4"><span class='ocrx_word' id='word_1_2' title='bbox 1329 391 1889 448; x_wconf 66' lang='grc' dir='ltr'><strong>ΕΩΟΙΕΞΙᾹΒΤΙΟΑΕ</strong></span> <span class='ocrx_word' id='word_1_3' title='bbox 1927 391 2274 448; x_wconf 60' lang='lat' dir='ltr'><strong>HISTORIA)</strong></span> <span class='ocrx_word' id='word_1_4' title='bbox 2307 395 2434 449; x_wconf 87' lang='lat' dir='ltr'><strong>LIB.</strong></span> <span class='ocrx_word' id='word_1_5' title='bbox 2475 393 2560 449; x_wconf 83' lang='lat' dir='ltr'><strong>IV.</strong></span> 
     </span>
    </p>
   </div>
   <div class='ocr_carea' id='block_1_3' title="bbox 3450 399 3550 455">
    <p class='ocr_par' dir='ltr' id='par_1_3' title="bbox 3450 399 3550 455">
     <span class='ocr_line' id='line_1_3' title="bbox 3450 399 3550 455; baseline 0.04 -4"><span class='ocrx_word' id='word_1_6' title='bbox 3450 399 3550 455; x_wconf 65' lang='lat'><strong>596</strong></span> 
     </span>
    </p>
   </div>
   <div class='ocr_carea' id='block_1_4' title="bbox 299 504 1894 582">
    <p class='ocr_par' dir='ltr' id='par_1_4' title="bbox 299 504 1886 579">
     <span class='ocr_line' id='line_1_4' title="bbox 299 504 1886 579; baseline -0.003 -15"><span class='ocrx_word' id='word_1_7' title='bbox 299 507 366 579; x_wconf 81' lang='grc' dir='ltr'>δὴ</span> <span class='ocrx_word' id='word_1_8' title='bbox 396 505 835 577; x_wconf 57' lang='grc' dir='ltr'><strong>συναθροίζονται</strong></span> <span class='ocrx_word' id='word_1_9' title='bbox 869 504 932 558; x_wconf 83' lang='grc' dir='ltr'>ἔκ</span> <span class='ocrx_word' id='word_1_10' title='bbox 964 521 1022 558; x_wconf 88' lang='grc' dir='ltr'><strong>τε</strong></span> <span class='ocrx_word' id='word_1_11' title='bbox 1052 504 1158 557; x_wconf 84' lang='grc' dir='ltr'>τῶν</span> <span class='ocrx_word' id='word_1_12' title='bbox 1189 505 1456 578; x_wconf 84' lang='grc' dir='ltr'>ἑσπερίων</span> <span class='ocrx_word' id='word_1_13' title='bbox 1490 508 1583 560; x_wconf 73' lang='grc' dir='ltr'><strong>καὶ</strong></span> <span class='ocrx_word' id='word_1_14' title='bbox 1611 506 1708 575; x_wconf 79' lang='grc' dir='ltr'>τῆς</span> <span class='ocrx_word' id='word_1_15' title='bbox 1741 507 1886 578; x_wconf 78' lang='grc' dir='ltr'>ἑῴας-</span> 
     </span>
    </p>
   </div>
   <div class='ocr_carea' id='block_1_5' title="bbox 1996 504 3554 582">
    <p class='ocr_par' dir='ltr' id='par_1_5' title="bbox 1996 507 3554 582">
     <span class='ocr_line' id='line_1_5' title="bbox 1996 507 3554 582; baseline 0.003 -20"><span class='ocrx_word' id='word_1_16' title='bbox 1996 509 2268 580; x_wconf 85' lang='lat' dir='ltr'><strong>Linopolim</strong></span> <span class='ocrx_word' id='word_1_17' title='bbox 2295 511 2587 566; x_wconf 84' lang='lat' dir='ltr'><strong>convenire</strong></span> <span class='ocrx_word' id='word_1_18' title='bbox 2612 508 2798 580; x_wconf 98' lang='lat' dir='ltr'><strong>jussit.</strong></span> <span class='ocrx_word' id='word_1_19' title='bbox 2834 507 3176 566; x_wconf 81' lang='lat' dir='ltr'><strong>Conveniunt</strong></span> <span class='ocrx_word' id='word_1_20' title='bbox 3207 511 3409 582; x_wconf 85' lang='lat' dir='ltr'><strong>itaque.</strong></span> <span class='ocrx_word' id='word_1_21' title='bbox 3439 522 3554 567; x_wconf 89' lang='lat' dir='ltr'><strong>tum</strong></span> 
     </span>
    </p>
   </div>
   <div class='ocr_carea' id='block_1_6' title="bbox 305 588 1894 672">
    <p class='ocr_par' dir='ltr' id='par_1_6' title="bbox 305 596 1879 670">
     <span class='ocr_line' id='line_1_6' title="bbox 305 596 1879 670; baseline 0.001 -18"><span class='ocrx_word' id='word_1_22' title='bbox 305 601 400 654; x_wconf 74' lang='grc' dir='ltr'><strong>καὶ</strong></span> <span class='ocrx_word' id='word_1_23' title='bbox 433 597 637 668; x_wconf 86' lang='grc' dir='ltr'>Λιϐύης</span> <span class='ocrx_word' id='word_1_24' title='bbox 680 597 876 669; x_wconf 84' lang='grc' dir='ltr'><strong>μικροῦ</strong></span> <span class='ocrx_word' id='word_1_25' title='bbox 927 596 1258 668; x_wconf 82' lang='grc' dir='ltr'><strong>σύμπαντες.</strong></span> <span class='ocrx_word' id='word_1_26' title='bbox 1307 598 1775 670; x_wconf 85' lang='grc' dir='ltr'>-Προειστήκεισαν</span> <span class='ocrx_word' id='word_1_27' title='bbox 1821 601 1879 654; x_wconf 67' lang='grc' dir='ltr'>δὲ,</span> 
     </span>
    </p>
   </div>
   <div class='ocr_carea' id='block_1_7' title="bbox 1996 588 3554 672">
    <p class='ocr_par' dir='ltr' id='par_1_7' title="bbox 1996 588 3554 672">
     <span class='ocr_line' id='line_1_7' title="bbox 1996 588 3554 672; baseline 0.002 -18"><span class='ocrx_word' id='word_1_28' title='bbox 1996 617 2049 655; x_wconf 70' lang='lat' dir='ltr'><strong>ex</strong></span> <span class='ocrx_word' id='word_1_29' title='bbox 2109 588 2418 658; x_wconf 72' lang='lat' dir='ltr'><strong>Occidentis</strong></span> <span class='ocrx_word' id='word_1_30' title='bbox 2474 602 2758 672; x_wconf 85' lang='lat' dir='ltr'><strong>partibus,</strong></span> <span class='ocrx_word' id='word_1_31' title='bbox 2813 611 2924 656; x_wconf 90' lang='lat' dir='ltr'><strong>tum</strong></span> <span class='ocrx_word' id='word_1_32' title='bbox 2980 619 3044 658; x_wconf 81' lang='lat' dir='ltr'><strong>ex</strong></span> <span class='ocrx_word' id='word_1_33' title='bbox 3086 601 3307 659; x_wconf 89' lang='lat' dir='ltr'><strong>Oriente</strong></span> <span class='ocrx_word' id='word_1_34' title='bbox 3345 619 3408 658; x_wconf 88' lang='lat' dir='ltr'><strong>ac</strong></span> <span class='ocrx_word' id='word_1_35' title='bbox 3465 604 3554 660; x_wconf 86' lang='lat' dir='ltr'><strong>Li-</strong></span> 
     </span>
    </p>
   </div>
   <div class='ocr_carea' id='block_1_8' title="bbox 301 689 1880 763">
    <p class='ocr_par' dir='ltr' id='par_1_8' title="bbox 301 689 1880 763">
     <span class='ocr_line' id='line_1_8' title="bbox 301 689 1880 763; baseline -0.001 -17"><span class='ocrx_word' id='word_1_36' title='bbox 301 692 413 746; x_wconf 81' lang='grc' dir='ltr'>τῶν</span> <span class='ocrx_word' id='word_1_37' title='bbox 443 691 543 763; x_wconf 79' lang='grc' dir='ltr'>μὲν</span> <span class='ocrx_word' id='word_1_38' title='bbox 573 690 692 746; x_wconf 78' lang='grc' dir='ltr'>κατ’</span> <span class='ocrx_word' id='word_1_39' title='bbox 726 690 912 742; x_wconf 83' lang='grc' dir='ltr'>οὐσίαν</span> <span class='ocrx_word' id='word_1_40' title='bbox 938 691 1120 760; x_wconf 82' lang='grc' dir='ltr'>ὅμοιον</span> <span class='ocrx_word' id='word_1_41' title='bbox 1147 689 1574 760; x_wconf 89' lang='grc' dir='ltr'>πρεσϐευόντων,</span> <span class='ocrx_word' id='word_1_42' title='bbox 1605 691 1880 754; x_wconf 88' lang='grc' dir='ltr'>Βασίλειός</span> 
     </span>
    </p>
   </div>
   <div class='ocr_carea' id='block_1_9' title="bbox 303 775 1882 853">
    <p class='ocr_par' dir='ltr' id='par_1_9' title="bbox 303 775 1882 853">
     <span class='ocr_line' id='line_1_9' title="bbox 303 775 1882 853; baseline 0 -17"><span class='ocrx_word' id='word_1_43' title='bbox 303 799 366 837; x_wconf 78' lang='grc' dir='ltr'><strong>τε</strong></span> <span class='ocrx_word' id='word_1_44' title='bbox 407 782 502 835; x_wconf 81' lang='grc' dir='ltr'>καὶ</span> <span class='ocrx_word' id='word_1_45' title='bbox 531 780 853 842; x_wconf 79' lang='grc' dir='ltr'>Εὐστάθιος·</span> <span class='ocrx_word' id='word_1_46' title='bbox 899 775 980 844; x_wconf 77' lang='grc' dir='ltr'>οἷς</span> <span class='ocrx_word' id='word_1_47' title='bbox 1001 781 1148 834; x_wconf 76' lang='grc' dir='ltr'>ἄλλοι</span> <span class='ocrx_word' id='word_1_48' title='bbox 1181 799 1237 834; x_wconf 87' lang='grc' dir='ltr'><strong>τε</strong></span> <span class='ocrx_word' id='word_1_49' title='bbox 1271 782 1366 835; x_wconf 80' lang='grc' dir='ltr'>καὶ</span> <span class='ocrx_word' id='word_1_50' title='bbox 1394 782 1668 846; x_wconf 84' lang='grc' dir='ltr'>Βασίλειος</span> <span class='ocrx_word' id='word_1_51' title='bbox 1697 783 1882 853; x_wconf 75' lang='grc' dir='ltr'>ἕτερος</span> 
     </span>
    </p>
   </div>
   <div class='ocr_carea' id='block_1_10' title="bbox 307 870 1882 944">
    <p class='ocr_par' dir='ltr' id='par_1_10' title="bbox 307 870 1882 944">
     <span class='ocr_line' id='line_1_10' title="bbox 307 870 1882 944; baseline 0 -18"><span class='ocrx_word' id='word_1_52' title='bbox 307 872 490 943; x_wconf 81' lang='grc' dir='ltr'>παρῆν</span> <span class='ocrx_word' id='word_1_53' title='bbox 516 870 880 933; x_wconf 78' lang='grc' dir='ltr'>συνασπίζων,</span> <span class='ocrx_word' id='word_1_54' title='bbox 910 871 1171 925; x_wconf 87' lang='grc' dir='ltr'>διακόνων</span> <span class='ocrx_word' id='word_1_55' title='bbox 1196 871 1277 924; x_wconf 75' lang='grc' dir='ltr'>ἔτι</span> <span class='ocrx_word' id='word_1_56' title='bbox 1300 873 1452 939; x_wconf 82' lang='grc' dir='ltr'>τάξιν</span> <span class='ocrx_word' id='word_1_57' title='bbox 1475 872 1632 942; x_wconf 80' lang='grc' dir='ltr'>ἔχων,</span> <span class='ocrx_word' id='word_1_58' title='bbox 1655 872 1882 944; x_wconf 84' lang='grc' dir='ltr'>δυνάμει</span> 
     </span>
    </p>
   </div>
   <div class='ocr_carea' id='block_1_11' title="bbox 311 963 1881 1036">
    <p class='ocr_par' dir='ltr' id='par_1_11' title="bbox 311 963 1881 1036">
     <span class='ocr_line' id='line_1_11' title="bbox 311 963 1881 1036; baseline 0 -18"><span class='ocrx_word' id='word_1_59' title='bbox 311 965 408 1035; x_wconf 83' lang='grc' dir='ltr'>μὲν</span> <span class='ocrx_word' id='word_1_60' title='bbox 431 964 527 1016; x_wconf 82' lang='grc' dir='ltr'>τοῦ</span> <span class='ocrx_word' id='word_1_61' title='bbox 567 963 745 1031; x_wconf 85' lang='grc' dir='ltr'>λέγειν</span> <span class='ocrx_word' id='word_1_62' title='bbox 780 963 990 1017; x_wconf 84' lang='grc' dir='ltr'>πολλῶν</span> <span class='ocrx_word' id='word_1_63' title='bbox 1042 965 1328 1036; x_wconf 80' lang='grc' dir='ltr'><strong>προφέρων</strong></span> <span class='ocrx_word' id='word_1_64' title='bbox 1355 1006 1370 1029; x_wconf 90' lang='grc'><strong>,</strong></span> <span class='ocrx_word' id='word_1_65' title='bbox 1426 965 1504 1036; x_wconf 83' lang='grc' dir='ltr'>τῷ</span> <span class='ocrx_word' id='word_1_66' title='bbox 1528 966 1584 1018; x_wconf 88' lang='grc' dir='ltr'>δὲ</span> <span class='ocrx_word' id='word_1_67' title='bbox 1607 968 1706 1036; x_wconf 84' lang='grc' dir='ltr'><strong>τῆς</strong></span> <span class='ocrx_word' id='word_1_68' title='bbox 1739 965 1881 1032; x_wconf 83' lang='grc' dir='ltr'>γνώ-</span> 
     </span>
    </p>
   </div>
   <div class='ocr_carea' id='block_1_12' title="bbox 310 1054 1883 1128">
    <p class='ocr_par' dir='ltr' id='par_1_12' title="bbox 310 1054 1883 1128">
     <span class='ocr_line' id='line_1_12' title="bbox 310 1054 1883 1128; baseline 0.001 -20"><span class='ocrx_word' id='word_1_69' title='bbox 310 1072 416 1126; x_wconf 85' lang='grc' dir='ltr'><strong>μης</strong></span> <span class='ocrx_word' id='word_1_70' title='bbox 447 1054 677 1124; x_wconf 87' lang='grc' dir='ltr'>ἀθαρσεῖ</span> <span class='ocrx_word' id='word_1_71' title='bbox 705 1054 816 1122; x_wconf 71' lang='grc'><strong>(21)</strong></span> <span class='ocrx_word' id='word_1_72' title='bbox 851 1057 987 1126; x_wconf 80' lang='grc' dir='ltr'>πρὸς</span> <span class='ocrx_word' id='word_1_73' title='bbox 1019 1057 1144 1120; x_wconf 81' lang='grc' dir='ltr'>τοὺς</span> <span class='ocrx_word' id='word_1_74' title='bbox 1182 1057 1394 1120; x_wconf 84' lang='grc' dir='ltr'>κοινοὺς</span> <span class='ocrx_word' id='word_1_75' title='bbox 1428 1057 1883 1128; x_wconf 80' lang='grc' dir='ltr'>ὑποστελλόμενος</span> 
     </span>
    </p>
   </div>
   <div class='ocr_carea' id='block_1_13' title="bbox 305 1142 1884 1218">
    <p class='ocr_par' dir='ltr' id='par_1_13' title="bbox 305 1142 1884 1218">
     <span class='ocr_line' id='line_1_13' title="bbox 305 1142 1884 1218; baseline 0.001 -20"><span class='ocrx_word' id='word_1_76' title='bbox 305 1143 541 1209; x_wconf 79' lang='grc' dir='ltr'>ἀγῶνας.</span> <span class='ocrx_word' id='word_1_77' title='bbox 577 1142 696 1197; x_wconf 82' lang='grc' dir='ltr'><strong>Ἰῶν</strong></span> <span class='ocrx_word' id='word_1_78' title='bbox 724 1144 780 1196; x_wconf 83' lang='grc' dir='ltr'>δὲ</span> <span class='ocrx_word' id='word_1_79' title='bbox 803 1143 864 1197; x_wconf 81' lang='grc' dir='ltr'>τὸ</span> <span class='ocrx_word' id='word_1_80' title='bbox 897 1145 1252 1217; x_wconf 84' lang='grc' dir='ltr'>ἐτεροούσιον,</span> <span class='ocrx_word' id='word_1_81' title='bbox 1283 1147 1490 1207; x_wconf 85' lang='grc' dir='ltr'>Ἀέτιος</span> <span class='ocrx_word' id='word_1_82' title='bbox 1526 1147 1625 1218; x_wconf 88' lang='grc' dir='ltr'>μὲν</span> <span class='ocrx_word' id='word_1_83' title='bbox 1661 1147 1754 1200; x_wconf 78' lang='grc' dir='ltr'>καὶ</span> <span class='ocrx_word' id='word_1_84' title='bbox 1781 1148 1884 1200; x_wconf 68' lang='lat' dir='ltr'><strong>Eo-</strong></span> 
     </span>
    </p>
   </div>
   <div class='ocr_carea' id='block_1_14' title="bbox 305 1235 1882 1308">
    <p class='ocr_par' dir='ltr' id='par_1_14' title="bbox 305 1235 1882 1308">
     <span class='ocr_line' id='line_1_14' title="bbox 305 1235 1882 1308; baseline 0.003 -21"><span class='ocrx_word' id='word_1_85' title='bbox 305 1235 490 1307; x_wconf 87' lang='grc' dir='ltr'>νόμιος</span> <span class='ocrx_word' id='word_1_86' title='bbox 515 1236 778 1306; x_wconf 83' lang='grc' dir='ltr'>ὑπῆρχον,</span> <span class='ocrx_word' id='word_1_87' title='bbox 802 1237 852 1289; x_wconf 79' lang='grc' dir='ltr'>οἳ</span> <span class='ocrx_word' id='word_1_88' title='bbox 876 1237 976 1307; x_wconf 78' lang='grc' dir='ltr'><strong>τὴν</strong></span> <span class='ocrx_word' id='word_1_89' title='bbox 1005 1237 1235 1308; x_wconf 82' lang='grc' dir='ltr'>δύναμιν</span> <span class='ocrx_word' id='word_1_90' title='bbox 1261 1238 1442 1308; x_wconf 79' lang='grc' dir='ltr'>ἄκροι,</span> <span class='ocrx_word' id='word_1_91' title='bbox 1469 1239 1728 1292; x_wconf 88' lang='grc' dir='ltr'>διακόνων</span> <span class='ocrx_word' id='word_1_92' title='bbox 1752 1239 1882 1293; x_wconf 86' lang='grc' dir='ltr'>ἐκά-</span> 
     </span>
    </p>
   </div>
   <div class='ocr_carea' id='block_1_15' title="bbox 305 1327 1884 1402">
    <p class='ocr_par' dir='ltr' id='par_1_15' title="bbox 305 1327 1884 1402">
     <span class='ocr_line' id='line_1_15' title="bbox 305 1327 1884 1402; baseline 0.003 -22"><span class='ocrx_word' id='word_1_93' title='bbox 305 1343 461 1398; x_wconf 88' lang='grc' dir='ltr'>τερος</span> <span class='ocrx_word' id='word_1_94' title='bbox 489 1327 694 1397; x_wconf 82' lang='grc' dir='ltr'>βαθμὸν</span> <span class='ocrx_word' id='word_1_95' title='bbox 727 1327 884 1398; x_wconf 78' lang='grc' dir='ltr'>ἔχων.</span> <span class='ocrx_word' id='word_1_96' title='bbox 941 1329 1259 1382; x_wconf 87' lang='grc' dir='ltr'>Ἐπίσκοποι</span> <span class='ocrx_word' id='word_1_97' title='bbox 1291 1331 1346 1382; x_wconf 82' lang='grc' dir='ltr'><strong>δὲ</strong></span> <span class='ocrx_word' id='word_1_98' title='bbox 1377 1331 1884 1402; x_wconf 86' lang='grc' dir='ltr'>δευτεραγωνιστῶν</span> 
     </span>
    </p>
   </div>
   <div class='ocr_carea' id='block_1_16' title="bbox 303 1417 1884 1491">
    <p class='ocr_par' dir='ltr' id='par_1_16' title="bbox 303 1417 1884 1491">
     <span class='ocr_line' id='line_1_16' title="bbox 303 1417 1884 1491; baseline 0.002 -21"><span class='ocrx_word' id='word_1_99' title='bbox 303 1419 463 1488; x_wconf 82' lang='grc' dir='ltr'>χορὸν</span> <span class='ocrx_word' id='word_1_100' title='bbox 506 1417 923 1489; x_wconf 78' lang='grc' dir='ltr'>ἐκπληροῦντες,</span> <span class='ocrx_word' id='word_1_101' title='bbox 953 1420 1150 1491; x_wconf 85' lang='grc' dir='ltr'>Μάρης</span> <span class='ocrx_word' id='word_1_102' title='bbox 1192 1438 1249 1473; x_wconf 85' lang='grc' dir='ltr'><strong>τε</strong></span> <span class='ocrx_word' id='word_1_103' title='bbox 1284 1423 1375 1474; x_wconf 81' lang='grc' dir='ltr'>καὶ</span> <span class='ocrx_word' id='word_1_104' title='bbox 1403 1421 1670 1486; x_wconf 75' lang='grc' dir='ltr'>Εὑδόξιος,</span> <span class='ocrx_word' id='word_1_105' title='bbox 1707 1422 1734 1474; x_wconf 86' lang='grc' dir='ltr'>ὁ</span> <span class='ocrx_word' id='word_1_106' title='bbox 1763 1421 1884 1474; x_wconf 88' lang='grc' dir='ltr'>τότε</span> 
     </span>
    </p>
   </div>
   <div class='ocr_carea' id='block_1_17' title="bbox 303 1511 1886 1585">
    <p class='ocr_par' dir='ltr' id='par_1_17' title="bbox 303 1511 1886 1585">
     <span class='ocr_line' id='line_1_17' title="bbox 303 1511 1886 1585; baseline 0.003 -23"><span class='ocrx_word' id='word_1_107' title='bbox 303 1511 743 1580; x_wconf 80' lang='grc' dir='ltr'>τῆςἈντιοχείας</span> <span class='ocrx_word' id='word_1_108' title='bbox 763 1513 1161 1582; x_wconf 83' lang='grc' dir='ltr'>ἐπισκοπήσας,</span> <span class='ocrx_word' id='word_1_109' title='bbox 1186 1512 1410 1585; x_wconf 74' lang='grc' dir='ltr'>ὕστερον</span> <span class='ocrx_word' id='word_1_110' title='bbox 1432 1514 1489 1567; x_wconf 87' lang='grc' dir='ltr'>δὲ</span> <span class='ocrx_word' id='word_1_111' title='bbox 1516 1515 1611 1567; x_wconf 74' lang='grc' dir='ltr'><strong>καὶ</strong></span> <span class='ocrx_word' id='word_1_112' title='bbox 1633 1515 1724 1567; x_wconf 81' lang='grc' dir='ltr'><strong>τὸν</strong></span> <span class='ocrx_word' id='word_1_113' title='bbox 1737 1517 1886 1568; x_wconf 85' lang='grc' dir='ltr'>Κων-</span> 
     </span>
    </p>
   </div>
   <div class='ocr_carea' id='block_1_18' title="bbox 306 1595 1886 1674">
    <p class='ocr_par' dir='ltr' id='par_1_18' title="bbox 306 1595 1886 1674">
     <span class='ocr_line' id='line_1_18' title="bbox 306 1595 1886 1674; baseline 0.002 -20"><span class='ocrx_word' id='word_1_114' title='bbox 306 1603 798 1666; x_wconf 85' lang='grc' dir='ltr'>σταντινουπόλεως</span> <span class='ocrx_word' id='word_1_115' title='bbox 828 1601 1074 1656; x_wconf 87' lang='grc' dir='ltr'>ὑπελθὼν</span> <span class='ocrx_word' id='word_1_116' title='bbox 1109 1602 1315 1673; x_wconf 85' lang='grc' dir='ltr'>θρόνον.</span> <span class='ocrx_word' id='word_1_117' title='bbox 1371 1605 1482 1656; x_wconf 77' lang='grc' dir='ltr'><strong>Καὶ</strong></span> <span class='ocrx_word' id='word_1_118' title='bbox 1509 1595 1571 1674; x_wconf 70' lang='grc' dir='ltr'>δὴ</span> <span class='ocrx_word' id='word_1_119' title='bbox 1597 1605 1690 1657; x_wconf 83' lang='grc' dir='ltr'>καὶ</span> <span class='ocrx_word' id='word_1_120' title='bbox 1724 1604 1886 1657; x_wconf 83' lang='grc' dir='ltr'>Ἀκά-</span> 
     </span>
    </p>
   </div>
   <div class='ocr_carea' id='block_1_19' title="bbox 1985 691 3557 765">
    <p class='ocr_par' dir='ltr' id='par_1_19' title="bbox 1985 691 3557 765">
     <span class='ocr_line' id='line_1_19' title="bbox 1985 691 3557 765; baseline 0.001 -18"><span class='ocrx_word' id='word_1_121' title='bbox 1985 693 2086 763; x_wconf 85' lang='lat' dir='ltr'><strong>bya</strong></span> <span class='ocrx_word' id='word_1_122' title='bbox 2114 691 2225 747; x_wconf 81' lang='lat' dir='ltr'><strong>fere</strong></span> <span class='ocrx_word' id='word_1_123' title='bbox 2270 693 2506 748; x_wconf 78' lang='lat' dir='ltr'><strong>universi</strong></span> <span class='ocrx_word' id='word_1_124' title='bbox 2544 693 2677 764; x_wconf 70' lang='grc' dir='ltr'>(εδ).</span> <span class='ocrx_word' id='word_1_125' title='bbox 2712 692 2779 746; x_wconf 84' lang='lat' dir='ltr'><strong>Et</strong></span> <span class='ocrx_word' id='word_1_126' title='bbox 2825 708 3015 748; x_wconf 86' lang='lat' dir='ltr'><strong>eorum</strong></span> <span class='ocrx_word' id='word_1_127' title='bbox 3065 695 3284 764; x_wconf 83' lang='lat' dir='ltr'><strong>quidem</strong></span> <span class='ocrx_word' id='word_1_128' title='bbox 3327 695 3420 765; x_wconf 90' lang='lat' dir='ltr'><strong>qui</strong></span> <span class='ocrx_word' id='word_1_129' title='bbox 3468 691 3557 748; x_wconf 81' lang='lat' dir='ltr'><strong>Fi-</strong></span> 
     </span>
    </p>
   </div>
   <div class='ocr_carea' id='block_1_20' title="bbox 1985 784 3550 855">
    <p class='ocr_par' dir='ltr' id='par_1_20' title="bbox 1985 784 3550 855">
     <span class='ocr_line' id='line_1_20' title="bbox 1985 784 3550 855; baseline 0 -17"><span class='ocrx_word' id='word_1_130' title='bbox 1985 784 2118 838; x_wconf 90' lang='lat' dir='ltr'><strong>lium</strong></span> <span class='ocrx_word' id='word_1_131' title='bbox 2149 785 2382 839; x_wconf 90' lang='lat' dir='ltr'><strong>similem</strong></span> <span class='ocrx_word' id='word_1_132' title='bbox 2415 786 2714 840; x_wconf 85' lang='lat' dir='ltr'><strong>secundum</strong></span> <span class='ocrx_word' id='word_1_133' title='bbox 2747 786 3104 841; x_wconf 90' lang='lat' dir='ltr'><strong>substantiam</strong></span> <span class='ocrx_word' id='word_1_134' title='bbox 3138 785 3550 855; x_wconf 82' lang='lat' dir='ltr'><strong>proﬁtebantur,</strong></span> 
     </span>
    </p>
   </div>
   <div class='ocr_carea' id='block_1_21' title="bbox 1985 873 3556 945">
    <p class='ocr_par' dir='ltr' id='par_1_21' title="bbox 1985 873 3556 945">
     <span class='ocr_line' id='line_1_21' title="bbox 1985 873 3556 945; baseline 0.001 -17"><span class='ocrx_word' id='word_1_135' title='bbox 1985 873 2333 945; x_wconf 77' lang='lat' dir='ltr'><strong>antesignani</strong></span> <span class='ocrx_word' id='word_1_136' title='bbox 2384 889 2536 929; x_wconf 86' lang='lat' dir='ltr'><strong>erant</strong></span> <span class='ocrx_word' id='word_1_137' title='bbox 2589 875 2826 930; x_wconf 81' lang='lat' dir='ltr'><strong>Basilius</strong></span> <span class='ocrx_word' id='word_1_138' title='bbox 2870 883 2926 930; x_wconf 87' lang='lat' dir='ltr'><strong>et</strong></span> <span class='ocrx_word' id='word_1_139' title='bbox 2965 875 3301 932; x_wconf 84' lang='lat' dir='ltr'><strong>Eustathius.</strong></span> <span class='ocrx_word' id='word_1_140' title='bbox 3346 875 3556 942; x_wconf 82' lang='lat' dir='ltr'><strong>Quibus</strong></span> 
     </span>
    </p>
   </div>
   <div class='ocr_carea' id='block_1_22' title="bbox 1987 966 3556 1036">
    <p class='ocr_par' dir='ltr' id='par_1_22' title="bbox 1987 966 3556 1036">
     <span class='ocr_line' id='line_1_22' title="bbox 1987 966 3556 1036; baseline 0.003 -16"><span class='ocrx_word' id='word_1_141' title='bbox 1987 974 2098 1020; x_wconf 85' lang='lat' dir='ltr'><strong>tum</strong></span> <span class='ocrx_word' id='word_1_142' title='bbox 2139 966 2232 1020; x_wconf 85' lang='lat' dir='ltr'><strong>alii</strong></span> <span class='ocrx_word' id='word_1_143' title='bbox 2275 966 2501 1021; x_wconf 85' lang='lat' dir='ltr'><strong>aderant</strong></span> <span class='ocrx_word' id='word_1_144' title='bbox 2534 967 2811 1036; x_wconf 85' lang='lat' dir='ltr'><strong>suppetias</strong></span> <span class='ocrx_word' id='word_1_145' title='bbox 2849 966 3116 1032; x_wconf 90' lang='lat' dir='ltr'><strong>ferentes,</strong></span> <span class='ocrx_word' id='word_1_146' title='bbox 3169 977 3286 1023; x_wconf 93' lang='lat' dir='ltr'><strong>tum</strong></span> <span class='ocrx_word' id='word_1_147' title='bbox 3321 968 3556 1025; x_wconf 86' lang='lat' dir='ltr'><strong>Basilius</strong></span> 
     </span>
    </p>
   </div>
   <div class='ocr_carea' id='block_1_23' title="bbox 1985 1057 3555 1128">
    <p class='ocr_par' dir='ltr' id='par_1_23' title="bbox 1985 1057 3555 1128">
     <span class='ocr_line' id='line_1_23' title="bbox 1985 1057 3555 1128; baseline 0.003 -17"><span class='ocrx_word' id='word_1_148' title='bbox 1985 1058 2144 1122; x_wconf 87' lang='lat' dir='ltr'><strong>alter,</strong></span> <span class='ocrx_word' id='word_1_149' title='bbox 2183 1057 2324 1111; x_wconf 89' lang='lat' dir='ltr'><strong>intra</strong></span> <span class='ocrx_word' id='word_1_150' title='bbox 2356 1057 2571 1112; x_wconf 91' lang='lat' dir='ltr'><strong>diaconi</strong></span> <span class='ocrx_word' id='word_1_151' title='bbox 2606 1058 2832 1127; x_wconf 78' lang='lat' dir='ltr'><strong>gradum</strong></span> <span class='ocrx_word' id='word_1_152' title='bbox 2874 1059 3036 1113; x_wconf 86' lang='lat' dir='ltr'><strong>etiam</strong></span> <span class='ocrx_word' id='word_1_153' title='bbox 3073 1068 3186 1114; x_wconf 91' lang='lat' dir='ltr'><strong>tum</strong></span> <span class='ocrx_word' id='word_1_154' title='bbox 3216 1060 3555 1128; x_wconf 87' lang='lat' dir='ltr'><strong>subsistens;</strong></span> 
     </span>
    </p>
   </div>
   <div class='ocr_carea' id='block_1_24' title="bbox 1986 1144 3557 1216">
    <p class='ocr_par' dir='ltr' id='par_1_24' title="bbox 1986 1144 3557 1216">
     <span class='ocr_line' id='line_1_24' title="bbox 1986 1144 3557 1216; baseline 0.003 -16"><span class='ocrx_word' id='word_1_155' title='bbox 1986 1145 2203 1201; x_wconf 88' lang='lat' dir='ltr'><strong>dicendi</strong></span> <span class='ocrx_word' id='word_1_156' title='bbox 2229 1145 2446 1215; x_wconf 88' lang='lat' dir='ltr'><strong>quidem</strong></span> <span class='ocrx_word' id='word_1_157' title='bbox 2475 1144 2732 1200; x_wconf 82' lang='lat' dir='ltr'><strong>facultate</strong></span> <span class='ocrx_word' id='word_1_158' title='bbox 2759 1146 2943 1202; x_wconf 90' lang='lat' dir='ltr'><strong>multis</strong></span> <span class='ocrx_word' id='word_1_159' title='bbox 2973 1149 3242 1216; x_wconf 85' lang='lat' dir='ltr'><strong>superior,</strong></span> <span class='ocrx_word' id='word_1_160' title='bbox 3267 1165 3458 1204; x_wconf 88' lang='lat' dir='ltr'><strong>verum</strong></span> <span class='ocrx_word' id='word_1_161' title='bbox 3487 1153 3557 1206; x_wconf 87' lang='lat' dir='ltr'><strong>ob</strong></span> 
     </span>
    </p>
   </div>
   <div class='ocr_carea' id='block_1_25' title="bbox 1988 1236 3559 1312">
    <p class='ocr_par' dir='ltr' id='par_1_25' title="bbox 1988 1236 3559 1312">
     <span class='ocr_line' id='line_1_25' title="bbox 1988 1236 3559 1312; baseline 0.005 -21"><span class='ocrx_word' id='word_1_162' title='bbox 1988 1237 2338 1291; x_wconf 87' lang='lat' dir='ltr'><strong>timiditatem</strong></span> <span class='ocrx_word' id='word_1_163' title='bbox 2373 1251 2437 1292; x_wconf 88' lang='lat' dir='ltr'><strong>ac</strong></span> <span class='ocrx_word' id='word_1_164' title='bbox 2465 1237 2723 1306; x_wconf 86' lang='lat' dir='ltr'><strong>pusillum</strong></span> <span class='ocrx_word' id='word_1_165' title='bbox 2763 1236 3007 1292; x_wconf 91' lang='lat' dir='ltr'><strong>animum</strong></span> <span class='ocrx_word' id='word_1_166' title='bbox 3035 1241 3280 1308; x_wconf 84' lang='lat' dir='ltr'><strong>publicas</strong></span> <span class='ocrx_word' id='word_1_167' title='bbox 3310 1243 3559 1312; x_wconf 83' lang='lat' dir='ltr'><strong>disputa-</strong></span> 
     </span>
    </p>
   </div>
   <div class='ocr_carea' id='block_1_26' title="bbox 1987 1326 3558 1398">
    <p class='ocr_par' dir='ltr' id='par_1_26' title="bbox 1987 1326 3558 1398">
     <span class='ocr_line' id='line_1_26' title="bbox 1987 1326 3558 1398; baseline 0.004 -16"><span class='ocrx_word' id='word_1_168' title='bbox 1987 1328 2164 1382; x_wconf 85' lang='lat' dir='ltr'><strong>tiones</strong></span> <span class='ocrx_word' id='word_1_169' title='bbox 2191 1328 2520 1382; x_wconf 84' lang='lat' dir='ltr'><strong>detrectans.</strong></span> <span class='ocrx_word' id='word_1_170' title='bbox 2556 1326 2758 1381; x_wconf 88' lang='lat' dir='ltr'><strong>Eorum</strong></span> <span class='ocrx_word' id='word_1_171' title='bbox 2797 1342 2927 1382; x_wconf 88' lang='lat' dir='ltr'><strong>vero</strong></span> <span class='ocrx_word' id='word_1_172' title='bbox 2948 1331 3040 1398; x_wconf 85' lang='lat' dir='ltr'><strong>qui</strong></span> <span class='ocrx_word' id='word_1_173' title='bbox 3077 1330 3395 1388; x_wconf 88' lang='lat' dir='ltr'><strong>dissimilem</strong></span> <span class='ocrx_word' id='word_1_174' title='bbox 3429 1335 3558 1389; x_wconf 86' lang='lat' dir='ltr'><strong>sub-</strong></span> 
     </span>
    </p>
   </div>
   <div class='ocr_carea' id='block_1_27' title="bbox 1987 1419 3556 1488">
    <p class='ocr_par' dir='ltr' id='par_1_27' title="bbox 1987 1419 3556 1488">
     <span class='ocr_line' id='line_1_27' title="bbox 1987 1419 3556 1488; baseline 0.004 -15"><span class='ocrx_word' id='word_1_175' title='bbox 1987 1419 2248 1474; x_wconf 85' lang='lat' dir='ltr'><strong>stantiam</strong></span> <span class='ocrx_word' id='word_1_176' title='bbox 2268 1419 2653 1488; x_wconf 71' lang='lat' dir='ltr'><strong>praedicabant,</strong></span> <span class='ocrx_word' id='word_1_177' title='bbox 2676 1419 2864 1473; x_wconf 85' lang='lat' dir='ltr'><strong>Aetius</strong></span> <span class='ocrx_word' id='word_1_178' title='bbox 2898 1420 3117 1488; x_wconf 89' lang='lat' dir='ltr'><strong>quidem</strong></span> <span class='ocrx_word' id='word_1_179' title='bbox 3149 1431 3204 1476; x_wconf 91' lang='lat' dir='ltr'><strong>et</strong></span> <span class='ocrx_word' id='word_1_180' title='bbox 3234 1422 3556 1488; x_wconf 83' lang='lat' dir='ltr'><strong>Eunomius,</strong></span> 
     </span>
    </p>
   </div>
   <div class='ocr_carea' id='block_1_28' title="bbox 1987 1508 3558 1587">
    <p class='ocr_par' dir='ltr' id='par_1_28' title="bbox 1987 1508 3558 1587">
     <span class='ocr_line' id='line_1_28' title="bbox 1987 1508 3558 1587; baseline 0.006 -25"><span class='ocrx_word' id='word_1_181' title='bbox 1987 1517 2254 1580; x_wconf 90' lang='lat' dir='ltr'><strong>quantum</strong></span> <span class='ocrx_word' id='word_1_182' title='bbox 2297 1508 2364 1564; x_wconf 88' lang='lat' dir='ltr'><strong>ad</strong></span> <span class='ocrx_word' id='word_1_183' title='bbox 2413 1510 2522 1564; x_wconf 88' lang='lat' dir='ltr'><strong>vim</strong></span> <span class='ocrx_word' id='word_1_184' title='bbox 2564 1525 2628 1566; x_wconf 91' lang='lat' dir='ltr'><strong>ac</strong></span> <span class='ocrx_word' id='word_1_185' title='bbox 2678 1510 2979 1580; x_wconf 89' lang='lat' dir='ltr'><strong>potentiam</strong></span> <span class='ocrx_word' id='word_1_186' title='bbox 3026 1513 3256 1578; x_wconf 79' lang='lat' dir='ltr'><strong>attinet,</strong></span> <span class='ocrx_word' id='word_1_187' title='bbox 3302 1518 3558 1587; x_wconf 79' lang='lat' dir='ltr'><strong>praecipui</strong></span> 
     </span>
    </p>
   </div>
   <div class='ocr_carea' id='block_1_29' title="bbox 1985 1599 3556 1673">
    <p class='ocr_par' dir='ltr' id='par_1_29' title="bbox 1985 1599 3556 1673">
     <span class='ocr_line' id='line_1_29' title="bbox 1985 1599 3556 1673; baseline 0.004 -19"><span class='ocrx_word' id='word_1_188' title='bbox 1985 1609 2166 1665; x_wconf 90' lang='lat' dir='ltr'><strong>erant,</strong></span> <span class='ocrx_word' id='word_1_189' title='bbox 2202 1610 2434 1670; x_wconf 88' lang='lat' dir='ltr'><strong>uterque</strong></span> <span class='ocrx_word' id='word_1_190' title='bbox 2463 1599 2676 1654; x_wconf 89' lang='lat' dir='ltr'><strong>diaconi</strong></span> <span class='ocrx_word' id='word_1_191' title='bbox 2708 1600 2976 1654; x_wconf 79' lang='lat' dir='ltr'><strong>duntaxat</strong></span> <span class='ocrx_word' id='word_1_192' title='bbox 3019 1601 3272 1657; x_wconf 86' lang='lat' dir='ltr'><strong>obtinens</strong></span> <span class='ocrx_word' id='word_1_193' title='bbox 3307 1605 3556 1673; x_wconf 81' lang='lat' dir='ltr'><strong>gradum.</strong></span> 
     </span>
    </p>
   </div>
   <div class='ocr_carea' id='block_1_30' title="bbox 305 1681 1894 1766">
    <p class='ocr_par' dir='ltr' id='par_1_30' title="bbox 305 1681 1886 1765">
     <span class='ocr_line' id='line_1_30' title="bbox 305 1681 1886 1765; baseline 0.002 -22"><span class='ocrx_word' id='word_1_194' title='bbox 305 1709 422 1756; x_wconf 84' lang='grc' dir='ltr'>κιος</span> <span class='ocrx_word' id='word_1_195' title='bbox 445 1693 474 1745; x_wconf 85' lang='grc' dir='ltr'><strong>ὀ</strong></span> <span class='ocrx_word' id='word_1_196' title='bbox 492 1692 587 1762; x_wconf 85' lang='grc' dir='ltr'>τῆς</span> <span class='ocrx_word' id='word_1_197' title='bbox 611 1693 980 1746; x_wconf 71' lang='grc' dir='ltr'>Παλαιστίνων</span> <span class='ocrx_word' id='word_1_198' title='bbox 1000 1681 1352 1764; x_wconf 71' lang='grc' dir='ltr'>Κάισαρείας,</span> <span class='ocrx_word' id='word_1_199' title='bbox 1370 1693 1468 1764; x_wconf 84' lang='grc' dir='ltr'>τὴν</span> <span class='ocrx_word' id='word_1_200' title='bbox 1487 1694 1622 1765; x_wconf 81' lang='grc' dir='ltr'>πρὸς</span> <span class='ocrx_word' id='word_1_201' title='bbox 1647 1694 1886 1757; x_wconf 77' lang='grc' dir='ltr'>ἐκείνους</span> 
     </span>
    </p>
   </div>
   <div class='ocr_carea' id='block_1_31' title="bbox 1996 1681 3561 1766">
    <p class='ocr_par' dir='ltr' id='par_1_31' title="bbox 1996 1692 3561 1766">
     <span class='ocr_line' id='line_1_31' title="bbox 1996 1692 3561 1766; baseline 0.004 -20"><span class='ocrx_word' id='word_1_202' title='bbox 1996 1692 2271 1748; x_wconf 86' lang='lat' dir='ltr'><strong>Secundas</strong></span> <span class='ocrx_word' id='word_1_203' title='bbox 2305 1700 2487 1747; x_wconf 90' lang='lat' dir='ltr'><strong>autem</strong></span> <span class='ocrx_word' id='word_1_204' title='bbox 2519 1692 2589 1746; x_wconf 85' lang='lat' dir='ltr'><strong>ab</strong></span> <span class='ocrx_word' id='word_1_205' title='bbox 2619 1693 2704 1746; x_wconf 93' lang='lat' dir='ltr'><strong>his</strong></span> <span class='ocrx_word' id='word_1_206' title='bbox 2734 1700 2917 1762; x_wconf 88' lang='lat' dir='ltr'><strong>partes</strong></span> <span class='ocrx_word' id='word_1_207' title='bbox 2950 1693 3248 1763; x_wconf 88' lang='lat' dir='ltr'><strong>implebant</strong></span> <span class='ocrx_word' id='word_1_208' title='bbox 3278 1696 3517 1766; x_wconf 87' lang='lat' dir='ltr'><strong>episcopi</strong></span> <span class='ocrx_word' id='word_1_209' title='bbox 3543 1737 3561 1763; x_wconf 87' lang='lat'><strong>,</strong></span> 
     </span>
    </p>
   </div>
   <div class='ocr_carea' id='block_1_32' title="bbox 306 1780 1894 1858">
    <p class='ocr_par' dir='ltr' id='par_1_32' title="bbox 306 1780 1886 1856">
     <span class='ocr_line' id='line_1_32' title="bbox 306 1780 1886 1856; baseline 0.001 -20"><span class='ocrx_word' id='word_1_210' title='bbox 306 1783 734 1856; x_wconf 81' lang='grc' dir='ltr'>ὑποκρινόμενος</span> <span class='ocrx_word' id='word_1_211' title='bbox 763 1785 1066 1854; x_wconf 83' lang='grc' dir='ltr'>όμοδοξίαν,</span> <span class='ocrx_word' id='word_1_212' title='bbox 1099 1786 1184 1854; x_wconf 82' lang='grc' dir='ltr'><strong>ἐφ’</strong></span> <span class='ocrx_word' id='word_1_213' title='bbox 1215 1780 1259 1854; x_wconf 81' lang='grc' dir='ltr'>ᾧ</span> <span class='ocrx_word' id='word_1_214' title='bbox 1287 1786 1413 1848; x_wconf 81' lang='grc' dir='ltr'>τοὺς</span> <span class='ocrx_word' id='word_1_215' title='bbox 1443 1786 1572 1856; x_wconf 74' lang='grc' dir='ltr'>περὶ</span> <span class='ocrx_word' id='word_1_216' title='bbox 1605 1785 1886 1839; x_wconf 86' lang='grc' dir='ltr'>Βασίλειον</span> 
     </span>
    </p>
   </div>
   <div class='ocr_carea' id='block_1_33' title="bbox 1996 1780 3561 1858">
    <p class='ocr_par' dir='ltr' id='par_1_33' title="bbox 1996 1783 3561 1858">
     <span class='ocr_line' id='line_1_33' title="bbox 1996 1783 3561 1858; baseline 0.004 -20"><span class='ocrx_word' id='word_1_217' title='bbox 1996 1784 2152 1840; x_wconf 83' lang='lat' dir='ltr'><strong>Maris</strong></span> <span class='ocrx_word' id='word_1_218' title='bbox 2189 1795 2244 1840; x_wconf 92' lang='lat' dir='ltr'><strong>et</strong></span> <span class='ocrx_word' id='word_1_219' title='bbox 2289 1783 2601 1850; x_wconf 69' lang='lat' dir='ltr'><strong>Eudovius,</strong></span> <span class='ocrx_word' id='word_1_220' title='bbox 2638 1785 2732 1854; x_wconf 89' lang='lat' dir='ltr'><strong>qui</strong></span> <span class='ocrx_word' id='word_1_221' title='bbox 2772 1795 2880 1840; x_wconf 90' lang='lat' dir='ltr'><strong>tum</strong></span> <span class='ocrx_word' id='word_1_222' title='bbox 2916 1786 3136 1856; x_wconf 90' lang='lat' dir='ltr'><strong>quidem</strong></span> <span class='ocrx_word' id='word_1_223' title='bbox 3187 1787 3561 1858; x_wconf 82' lang='lat' dir='ltr'><strong>episcopatum</strong></span> 
     </span>
    </p>
   </div>
   <div class='ocr_carea' id='block_1_34' title="bbox 304 1871 1894 1950">
    <p class='ocr_par' dir='ltr' id='par_1_34' title="bbox 304 1873 1886 1946">
     <span class='ocr_line' id='line_1_34' title="bbox 304 1873 1886 1946; baseline 0.001 -20"><span class='ocrx_word' id='word_1_224' title='bbox 304 1873 687 1943; x_wconf 77' lang='grc' dir='ltr'>ἀντιλυπῆσαι,</span> <span class='ocrx_word' id='word_1_225' title='bbox 717 1873 850 1926; x_wconf 82' lang='grc' dir='ltr'>διότι</span> <span class='ocrx_word' id='word_1_226' title='bbox 881 1875 1122 1928; x_wconf 78' lang='grc' dir='ltr'>κάκεῖνοι</span> <span class='ocrx_word' id='word_1_227' title='bbox 1152 1875 1417 1945; x_wconf 82' lang='grc' dir='ltr'>Κύριλλον</span> <span class='ocrx_word' id='word_1_228' title='bbox 1443 1875 1551 1927; x_wconf 83' lang='grc' dir='ltr'><strong>τῶν</strong></span> <span class='ocrx_word' id='word_1_229' title='bbox 1593 1874 1886 1946; x_wconf 81' lang='grc' dir='ltr'>Ἱεροσολύ-</span> 
     </span>
    </p>
   </div>
   <div class='ocr_carea' id='block_1_35' title="bbox 1996 1871 3562 1950">
    <p class='ocr_par' dir='ltr' id='par_1_35' title="bbox 1996 1876 3562 1950">
     <span class='ocr_line' id='line_1_35' title="bbox 1996 1876 3562 1950; baseline 0.003 -19"><span class='ocrx_word' id='word_1_230' title='bbox 1996 1885 2230 1946; x_wconf 79' lang='lat' dir='ltr'><strong>gesserat</strong></span> <span class='ocrx_word' id='word_1_231' title='bbox 2259 1877 2583 1941; x_wconf 70' lang='lat' dir='ltr'><strong>Antiochiae,</strong></span> <span class='ocrx_word' id='word_1_232' title='bbox 2615 1885 2801 1945; x_wconf 88' lang='lat' dir='ltr'><strong>postea</strong></span> <span class='ocrx_word' id='word_1_233' title='bbox 2837 1892 2966 1932; x_wconf 84' lang='lat' dir='ltr'><strong>vero</strong></span> <span class='ocrx_word' id='word_1_234' title='bbox 3001 1877 3068 1931; x_wconf 90' lang='lat' dir='ltr'><strong>ad</strong></span> <span class='ocrx_word' id='word_1_235' title='bbox 3100 1876 3562 1950; x_wconf 76' lang='lat' dir='ltr'><strong>Constantinopo~</strong></span> 
     </span>
    </p>
   </div>
   <div class='ocr_carea' id='block_1_36' title="bbox 311 1964 1894 2043">
    <p class='ocr_par' dir='ltr' id='par_1_36' title="bbox 311 1964 1885 2037">
     <span class='ocr_line' id='line_1_36' title="bbox 311 1964 1885 2037; baseline 0 -19"><span class='ocrx_word' id='word_1_236' title='bbox 311 1983 428 2035; x_wconf 87' lang='grc' dir='ltr'><strong>μων</strong></span> <span class='ocrx_word' id='word_1_237' title='bbox 467 1965 558 2018; x_wconf 73' lang='grc' dir='ltr'><strong>ὑπ’</strong></span> <span class='ocrx_word' id='word_1_238' title='bbox 601 1964 766 2018; x_wconf 81' lang='grc' dir='ltr'>αὑτοῦ</span> <span class='ocrx_word' id='word_1_239' title='bbox 815 1965 1090 2020; x_wconf 84' lang='grc' dir='ltr'>παυθέντα</span> <span class='ocrx_word' id='word_1_240' title='bbox 1135 1965 1228 2018; x_wconf 80' lang='grc' dir='ltr'>τοῦ</span> <span class='ocrx_word' id='word_1_241' title='bbox 1285 1965 1552 2037; x_wconf 79' lang='grc' dir='ltr'>ἱερᾶσθαι,</span> <span class='ocrx_word' id='word_1_242' title='bbox 1601 1965 1688 2018; x_wconf 84' lang='grc' dir='ltr'>διὰ</span> <span class='ocrx_word' id='word_1_243' title='bbox 1718 1966 1885 2036; x_wconf 82' lang='grc' dir='ltr'>τιμῆς</span> 
     </span>
    </p>
   </div>
   <div class='ocr_carea' id='block_1_37' title="bbox 1996 1964 3564 2043">
    <p class='ocr_par' dir='ltr' id='par_1_37' title="bbox 1996 1968 3564 2043">
     <span class='ocr_line' id='line_1_37' title="bbox 1996 1968 3564 2043; baseline 0.004 -22"><span class='ocrx_word' id='word_1_244' title='bbox 1996 1969 2211 2025; x_wconf 70' lang='lat' dir='ltr'><strong>litanam</strong></span> <span class='ocrx_word' id='word_1_245' title='bbox 2239 1968 2421 2022; x_wconf 89' lang='lat' dir='ltr'><strong>sedem</strong></span> <span class='ocrx_word' id='word_1_246' title='bbox 2451 1976 2737 2037; x_wconf 91' lang='lat' dir='ltr'><strong>promotus</strong></span> <span class='ocrx_word' id='word_1_247' title='bbox 2775 1976 2878 2033; x_wconf 85' lang='lat' dir='ltr'><strong>est,</strong></span> <span class='ocrx_word' id='word_1_248' title='bbox 2918 1970 3155 2040; x_wconf 87' lang='lat' dir='ltr'><strong>itemque</strong></span> <span class='ocrx_word' id='word_1_249' title='bbox 3183 1970 3416 2027; x_wconf 87' lang='lat' dir='ltr'><strong>Aeacius</strong></span> <span class='ocrx_word' id='word_1_250' title='bbox 3451 1974 3564 2043; x_wconf 88' lang='lat' dir='ltr'><strong>epi-</strong></span> 
     </span>
    </p>
   </div>
   <div class='ocr_carea' id='block_1_38' title="bbox 305 2054 1888 2130">
    <p class='ocr_par' dir='ltr' id='par_1_38' title="bbox 305 2054 1888 2130">
     <span class='ocr_line' id='line_1_38' title="bbox 305 2054 1888 2130; baseline -0.001 -19"><span class='ocrx_word' id='word_1_251' title='bbox 305 2057 401 2126; x_wconf 78' lang='grc' dir='ltr'><strong>ἔφε</strong></span> <span class='ocrx_word' id='word_1_252' title='bbox 412 2074 525 2128; x_wconf 88' lang='grc' dir='ltr'>ρον.</span> <span class='ocrx_word' id='word_1_253' title='bbox 551 2054 660 2111; x_wconf 90' lang='grc' dir='ltr'><strong>Ἧν</strong></span> <span class='ocrx_word' id='word_1_254' title='bbox 687 2059 743 2112; x_wconf 86' lang='grc' dir='ltr'>δὲ</span> <span class='ocrx_word' id='word_1_255' title='bbox 769 2058 1064 2122; x_wconf 82' lang='grc' dir='ltr'>όἈκάκιος</span> <span class='ocrx_word' id='word_1_256' title='bbox 1091 2059 1388 2130; x_wconf 81' lang='grc' dir='ltr'>θαρσαλέος</span> <span class='ocrx_word' id='word_1_257' title='bbox 1419 2059 1516 2130; x_wconf 81' lang='grc' dir='ltr'>μὲν</span> <span class='ocrx_word' id='word_1_258' title='bbox 1542 2061 1597 2112; x_wconf 85' lang='grc' dir='ltr'><strong>ἐν</strong></span> <span class='ocrx_word' id='word_1_259' title='bbox 1619 2061 1730 2121; x_wconf 87' lang='grc' dir='ltr'>τοῖς</span> <span class='ocrx_word' id='word_1_260' title='bbox 1749 2057 1888 2126; x_wconf 81' lang='grc' dir='ltr'><strong>ἀγῶ-</strong></span> 
     </span>
    </p>
   </div>
   <div class='ocr_carea' id='block_1_39' title="bbox 309 2147 1888 2220">
    <p class='ocr_par' dir='ltr' id='par_1_39' title="bbox 309 2147 1888 2220">
     <span class='ocr_line' id='line_1_39' title="bbox 309 2147 1888 2220; baseline -0.001 -19"><span class='ocrx_word' id='word_1_261' title='bbox 309 2166 382 2211; x_wconf 90' lang='grc' dir='ltr'><strong>σι,</strong></span> <span class='ocrx_word' id='word_1_262' title='bbox 412 2148 764 2219; x_wconf 80' lang='grc' dir='ltr'>διανοηθῆναί</span> <span class='ocrx_word' id='word_1_263' title='bbox 800 2165 860 2202; x_wconf 87' lang='grc' dir='ltr'><strong>τε</strong></span> <span class='ocrx_word' id='word_1_264' title='bbox 890 2151 1213 2220; x_wconf 86' lang='grc' dir='ltr'>πράγματος</span> <span class='ocrx_word' id='word_1_265' title='bbox 1247 2149 1408 2217; x_wconf 77' lang='grc' dir='ltr'>φύσιν</span> <span class='ocrx_word' id='word_1_266' title='bbox 1451 2147 1596 2214; x_wconf 79' lang='grc' dir='ltr'>ὀξὺς,</span> <span class='ocrx_word' id='word_1_267' title='bbox 1627 2149 1720 2202; x_wconf 78' lang='grc' dir='ltr'><strong>καὶ</strong></span> <span class='ocrx_word' id='word_1_268' title='bbox 1745 2147 1888 2219; x_wconf 84' lang='grc' dir='ltr'>λόγῳ</span> 
     </span>
    </p>
   </div>
   <div class='ocr_carea' id='block_1_40' title="bbox 303 2235 1889 2310">
    <p class='ocr_par' dir='ltr' id='par_1_40' title="bbox 303 2235 1889 2310">
     <span class='ocr_line' id='line_1_40' title="bbox 303 2235 1889 2310; baseline 0 -18"><span class='ocrx_word' id='word_1_269' title='bbox 303 2239 545 2309; x_wconf 83' lang='grc' dir='ltr'>δηλῶσαι</span> <span class='ocrx_word' id='word_1_270' title='bbox 576 2240 636 2294; x_wconf 86' lang='grc' dir='ltr'><strong>τὸ</strong></span> <span class='ocrx_word' id='word_1_271' title='bbox 663 2239 868 2308; x_wconf 78' lang='grc' dir='ltr'>γνωθέν</span> <span class='ocrx_word' id='word_1_272' title='bbox 895 2241 1095 2302; x_wconf 78' lang='grc' dir='ltr'>ἱκανός.</span> <span class='ocrx_word' id='word_1_273' title='bbox 1155 2240 1242 2306; x_wconf 77' lang='grc' dir='ltr'><strong>Ἐξ</strong></span> <span class='ocrx_word' id='word_1_274' title='bbox 1266 2235 1325 2293; x_wconf 71' lang='grc' dir='ltr'><strong>οὗ</strong></span> <span class='ocrx_word' id='word_1_275' title='bbox 1356 2240 1449 2292; x_wconf 56' lang='grc' dir='ltr'><strong>καί¹</strong></span> <span class='ocrx_word' id='word_1_276' title='bbox 1474 2239 1544 2292; x_wconf 77' lang='grc' dir='ltr'>τὰ</span> <span class='ocrx_word' id='word_1_277' title='bbox 1567 2239 1770 2308; x_wconf 78' lang='grc' dir='ltr'>ταύτης</span> <span class='ocrx_word' id='word_1_278' title='bbox 1792 2240 1889 2310; x_wconf 80' lang='grc' dir='ltr'><strong>τῆς</strong></span> 
     </span>
    </p>
   </div>
   <div class='ocr_carea' id='block_1_41' title="bbox 309 2324 1889 2400">
    <p class='ocr_par' dir='ltr' id='par_1_41' title="bbox 309 2324 1889 2400">
     <span class='ocr_line' id='line_1_41' title="bbox 309 2324 1889 2400; baseline -0.001 -18"><span class='ocrx_word' id='word_1_279' title='bbox 309 2329 531 2382; x_wconf 87' lang='grc' dir='ltr'>συνόδου</span> <span class='ocrx_word' id='word_1_280' title='bbox 573 2330 880 2399; x_wconf 82' lang='grc' dir='ltr'>γράμματα</span> <span class='ocrx_word' id='word_1_281' title='bbox 911 2331 1054 2400; x_wconf 71' lang='lat'><strong>(2:2),</strong></span> <span class='ocrx_word' id='word_1_282' title='bbox 1106 2329 1274 2384; x_wconf 83' lang='grc' dir='ltr'>πολλὰ</span> <span class='ocrx_word' id='word_1_283' title='bbox 1309 2329 1366 2383; x_wconf 87' lang='grc' dir='ltr'><strong>δέ</strong></span> <span class='ocrx_word' id='word_1_284' title='bbox 1412 2332 1580 2394; x_wconf 80' lang='grc' dir='ltr'>ἐστιν,</span> <span class='ocrx_word' id='word_1_285' title='bbox 1623 2324 1776 2393; x_wconf 75' lang='grc' dir='ltr'>οὗτος</span> <span class='ocrx_word' id='word_1_286' title='bbox 1821 2326 1889 2400; x_wconf 73' lang='grc' dir='ltr'>ἦν</span> 
     </span>
    </p>
   </div>
   <div class='ocr_carea' id='block_1_42' title="bbox 310 2416 1890 2492">
    <p class='ocr_par' dir='ltr' id='par_1_42' title="bbox 310 2416 1890 2492">
     <span class='ocr_line' id='line_1_42' title="bbox 310 2416 1890 2492; baseline -0.001 -18"><span class='ocrx_word' id='word_1_287' title='bbox 310 2420 472 2490; x_wconf 79' lang='grc' dir='ltr'>μόνος</span> <span class='ocrx_word' id='word_1_288' title='bbox 501 2422 530 2474; x_wconf 87' lang='grc' dir='ltr'><strong>ό</strong></span> <span class='ocrx_word' id='word_1_289' title='bbox 552 2419 941 2491; x_wconf 81' lang='grc' dir='ltr'>διατιθέμενος.</span> <span class='ocrx_word' id='word_1_290' title='bbox 959 2422 1064 2488; x_wconf 45' lang='grc' dir='ltr'>,Εἰς</span> <span class='ocrx_word' id='word_1_291' title='bbox 1090 2421 1321 2492; x_wconf 70' lang='grc' dir='ltr'>ἅμιλλαν</span> <span class='ocrx_word' id='word_1_292' title='bbox 1341 2416 1432 2475; x_wconf 83' lang='grc' dir='ltr'><strong>οὖν</strong></span> <span class='ocrx_word' id='word_1_293' title='bbox 1452 2420 1738 2491; x_wconf 82' lang='grc' dir='ltr'>δογμάτων</span> <span class='ocrx_word' id='word_1_294' title='bbox 1763 2422 1890 2473; x_wconf 78' lang='grc' dir='ltr'>ἑκα-</span> 
     </span>
    </p>
   </div>
   <div class='ocr_carea' id='block_1_43' title="bbox 306 2510 1891 2582">
    <p class='ocr_par' dir='ltr' id='par_1_43' title="bbox 306 2510 1891 2582">
     <span class='ocr_line' id='line_1_43' title="bbox 306 2510 1891 2582; baseline -0.001 -18"><span class='ocrx_word' id='word_1_295' title='bbox 306 2511 473 2582; x_wconf 84' lang='grc' dir='ltr'>τέρας</span> <span class='ocrx_word' id='word_1_296' title='bbox 516 2511 712 2581; x_wconf 81' lang='grc' dir='ltr'>μοίρας</span> <span class='ocrx_word' id='word_1_297' title='bbox 761 2511 1132 2580; x_wconf 75' lang='grc' dir='ltr'>καταστάσης,</span> <span class='ocrx_word' id='word_1_298' title='bbox 1179 2513 1207 2564; x_wconf 87' lang='grc' dir='ltr'><strong>ό</strong></span> <span class='ocrx_word' id='word_1_299' title='bbox 1249 2512 1344 2582; x_wconf 86' lang='grc' dir='ltr'><strong>μὲν</strong></span> <span class='ocrx_word' id='word_1_300' title='bbox 1387 2510 1665 2574; x_wconf 80' lang='grc' dir='ltr'>Βασίλειος</span> <span class='ocrx_word' id='word_1_301' title='bbox 1697 2510 1804 2564; x_wconf 85' lang='grc' dir='ltr'><strong>τῶν</strong></span> <span class='ocrx_word' id='word_1_302' title='bbox 1831 2511 1891 2563; x_wconf 83' lang='grc' dir='ltr'><strong>τὸ</strong></span> 
     </span>
    </p>
   </div>
   <div class='ocr_carea' id='block_1_44' title="bbox 307 2600 1892 2672">
    <p class='ocr_par' dir='ltr' id='par_1_44' title="bbox 307 2600 1892 2672">
     <span class='ocr_line' id='line_1_44' title="bbox 307 2600 1892 2672; baseline 0 -18"><span class='ocrx_word' id='word_1_303' title='bbox 307 2602 592 2672; x_wconf 85' lang='grc' dir='ltr'>ὀμοούσιον</span> <span class='ocrx_word' id='word_1_304' title='bbox 647 2602 974 2666; x_wconf 78' lang='grc' dir='ltr'>δοξαζόντων</span> <span class='ocrx_word' id='word_1_305' title='bbox 1023 2602 1352 2672; x_wconf 82' lang='grc' dir='ltr'>προηγόρει,</span> <span class='ocrx_word' id='word_1_306' title='bbox 1390 2603 1436 2654; x_wconf 86' lang='grc' dir='ltr'>οἱ</span> <span class='ocrx_word' id='word_1_307' title='bbox 1479 2601 1535 2653; x_wconf 91' lang='grc' dir='ltr'><strong>δέ</strong></span> <span class='ocrx_word' id='word_1_308' title='bbox 1571 2600 1662 2654; x_wconf 79' lang='grc' dir='ltr'>τοῦ</span> <span class='ocrx_word' id='word_1_309' title='bbox 1710 2603 1892 2672; x_wconf 80' lang='grc' dir='ltr'>ἑτερο-</span> 
     </span>
    </p>
   </div>
   <div class='ocr_carea' id='block_1_45' title="bbox 306 2690 1888 2764">
    <p class='ocr_par' dir='ltr' id='par_1_45' title="bbox 306 2690 1888 2764">
     <span class='ocr_line' id='line_1_45' title="bbox 306 2690 1888 2764; baseline -0.001 -19"><span class='ocrx_word' id='word_1_310' title='bbox 306 2693 489 2747; x_wconf 90' lang='grc' dir='ltr'>ουσίου</span> <span class='ocrx_word' id='word_1_311' title='bbox 518 2694 658 2764; x_wconf 83' lang='grc' dir='ltr'>ὑπὲρ</span> <span class='ocrx_word' id='word_1_312' title='bbox 689 2695 942 2748; x_wconf 82' lang='grc' dir='ltr'>ἁπάντων</span> <span class='ocrx_word' id='word_1_313' title='bbox 973 2692 1151 2761; x_wconf 81' lang='grc' dir='ltr'>λέγειν</span> <span class='ocrx_word' id='word_1_314' title='bbox 1173 2693 1263 2745; x_wconf 88' lang='grc' dir='ltr'><strong>τὸν</strong></span> <span class='ocrx_word' id='word_1_315' title='bbox 1288 2693 1487 2744; x_wconf 80' lang='grc' dir='ltr'>Ἀέτιον</span> <span class='ocrx_word' id='word_1_316' title='bbox 1520 2690 1888 2763; x_wconf 80' lang='grc' dir='ltr'>προῦστησαν,</span> 
     </span>
    </p>
   </div>
   <div class='ocr_carea' id='block_1_46' title="bbox 309 2780 1889 2855">
    <p class='ocr_par' dir='ltr' id='par_1_46' title="bbox 309 2780 1889 2855">
     <span class='ocr_line' id='line_1_46' title="bbox 309 2780 1889 2855; baseline 0 -18"><span class='ocrx_word' id='word_1_317' title='bbox 309 2784 734 2848; x_wconf 81' lang='grc' dir='ltr'>συνασπίζοντος</span> <span class='ocrx_word' id='word_1_318' title='bbox 780 2784 927 2855; x_wconf 84' lang='grc' dir='ltr'><strong>αὑτῷ</strong></span> <span class='ocrx_word' id='word_1_319' title='bbox 973 2784 1065 2837; x_wconf 78' lang='grc' dir='ltr'><strong>καὶ</strong></span> <span class='ocrx_word' id='word_1_320' title='bbox 1099 2784 1389 2855; x_wconf 74' lang='grc' dir='ltr'>Εὐνομίου.</span> <span class='ocrx_word' id='word_1_321' title='bbox 1437 2783 1523 2846; x_wconf 79' lang='grc' dir='ltr'>Ὠς</span> <span class='ocrx_word' id='word_1_322' title='bbox 1566 2783 1623 2836; x_wconf 83' lang='grc' dir='ltr'>δὲ</span> <span class='ocrx_word' id='word_1_323' title='bbox 1661 2780 1800 2837; x_wconf 79' lang='grc' dir='ltr'>εἶδον</span> <span class='ocrx_word' id='word_1_324' title='bbox 1843 2787 1889 2837; x_wconf 89' lang='grc' dir='ltr'><strong>οί</strong></span> 
     </span>
    </p>
   </div>
   <div class='ocr_carea' id='block_1_47' title="bbox 307 2876 1893 2948">
    <p class='ocr_par' dir='ltr' id='par_1_47' title="bbox 307 2876 1893 2948">
     <span class='ocr_line' id='line_1_47' title="bbox 307 2876 1893 2948; baseline 0 -18"><span class='ocrx_word' id='word_1_325' title='bbox 307 2879 452 2948; x_wconf 70' lang='grc' dir='ltr'>ἀμφὶ</span> <span class='ocrx_word' id='word_1_326' title='bbox 492 2878 584 2931; x_wconf 79' lang='grc' dir='ltr'><strong>τὸν</strong></span> <span class='ocrx_word' id='word_1_327' title='bbox 618 2877 894 2930; x_wconf 81' lang='grc' dir='ltr'>Βασίλειον</span> <span class='ocrx_word' id='word_1_328' title='bbox 934 2876 1372 2948; x_wconf 84' lang='grc' dir='ltr'>προϐεϐλημένον</span> <span class='ocrx_word' id='word_1_329' title='bbox 1412 2877 1594 2940; x_wconf 77' lang='grc' dir='ltr'>αὐτοῖς</span> <span class='ocrx_word' id='word_1_330' title='bbox 1636 2878 1716 2940; x_wconf 83' lang='grc' dir='ltr'>εἰς</span> <span class='ocrx_word' id='word_1_331' title='bbox 1747 2879 1893 2930; x_wconf 84' lang='grc' dir='ltr'>ἀντι-</span> 
     </span>
    </p>
   </div>
   <div class='ocr_carea' id='block_1_48' title="bbox 307 2967 1891 3037">
    <p class='ocr_par' dir='ltr' id='par_1_48' title="bbox 307 2967 1891 3037">
     <span class='ocr_line' id='line_1_48' title="bbox 307 2967 1891 3037; baseline 0 -17"><span class='ocrx_word' id='word_1_332' title='bbox 307 2968 496 3037; x_wconf 75' lang='grc' dir='ltr'>λογίαν</span> <span class='ocrx_word' id='word_1_333' title='bbox 528 2969 620 3022; x_wconf 84' lang='grc' dir='ltr'><strong>τὸν</strong></span> <span class='ocrx_word' id='word_1_334' title='bbox 650 2968 876 3030; x_wconf 82' lang='grc' dir='ltr'>Ἀέτιον,</span> <span class='ocrx_word' id='word_1_335' title='bbox 911 2967 1184 3030; x_wconf 81' lang='grc' dir='ltr'>δείσαντες</span> <span class='ocrx_word' id='word_1_336' title='bbox 1215 2967 1377 3020; x_wconf 76' lang='grc' dir='ltr'>αὐτοῦ</span> <span class='ocrx_word' id='word_1_337' title='bbox 1405 2967 1502 3037; x_wconf 76' lang='grc' dir='ltr'>τὴν</span> <span class='ocrx_word' id='word_1_338' title='bbox 1527 2967 1757 3037; x_wconf 82' lang='grc' dir='ltr'>δύναμιν</span> <span class='ocrx_word' id='word_1_339' title='bbox 1782 2967 1891 3020; x_wconf 78' lang='grc' dir='ltr'><strong>τῶν</strong></span> 
     </span>
    </p>
   </div>
   <div class='ocr_carea' id='block_1_49' title="bbox 308 3058 1891 3130">
    <p class='ocr_par' dir='ltr' id='par_1_49' title="bbox 308 3058 1891 3130">
     <span class='ocr_line' id='line_1_49' title="bbox 308 3058 1891 3130; baseline -0.001 -18"><span class='ocrx_word' id='word_1_340' title='bbox 308 3061 504 3130; x_wconf 87' lang='grc' dir='ltr'>λόγων,</span> <span class='ocrx_word' id='word_1_341' title='bbox 543 3060 643 3113; x_wconf 80' lang='grc' dir='ltr'><strong>οὐκ</strong></span> <span class='ocrx_word' id='word_1_342' title='bbox 684 3059 890 3129; x_wconf 72' lang='grc' dir='ltr'>ἔφασαν</span> <span class='ocrx_word' id='word_1_343' title='bbox 933 3059 1043 3112; x_wconf 84' lang='grc' dir='ltr'>δεῖν</span> <span class='ocrx_word' id='word_1_344' title='bbox 1085 3058 1416 3122; x_wconf 78' lang='grc' dir='ltr'>ἐπισκόπους</span> <span class='ocrx_word' id='word_1_345' title='bbox 1458 3059 1619 3123; x_wconf 78' lang='grc' dir='ltr'>ὄντας</span> <span class='ocrx_word' id='word_1_346' title='bbox 1655 3059 1891 3130; x_wconf 87' lang='grc' dir='ltr'>διακόνῳ</span> 
     </span>
    </p>
   </div>
   <div class='ocr_carea' id='block_1_50' title="bbox 310 3149 1892 3226">
    <p class='ocr_par' dir='ltr' id='par_1_50' title="bbox 310 3149 1892 3226">
     <span class='ocr_line' id='line_1_50' title="bbox 310 3149 1892 3226; baseline -0.003 -21"><span class='ocrx_word' id='word_1_347' title='bbox 310 3153 440 3222; x_wconf 69' lang='grc' dir='ltr'>περὶ</span> <span class='ocrx_word' id='word_1_348' title='bbox 469 3151 752 3221; x_wconf 73' lang='grc' dir='ltr'>δογμάτων</span> <span class='ocrx_word' id='word_1_349' title='bbox 793 3153 870 3214; x_wconf 88' lang='grc' dir='ltr'><strong>είς</strong></span> <span class='ocrx_word' id='word_1_350' title='bbox 910 3150 1101 3220; x_wconf 79' lang='grc' dir='ltr'>λόγους</span> <span class='ocrx_word' id='word_1_351' title='bbox 1136 3149 1518 3206; x_wconf 85' lang='grc' dir='ltr'>καθίστασθαι.</span> <span class='ocrx_word' id='word_1_352' title='bbox 1551 3220 1557 3226; x_wconf 89' lang='lat'><strong>_</strong></span> <span class='ocrx_word' id='word_1_353' title='bbox 1586 3150 1892 3203; x_wconf 85' lang='grc' dir='ltr'>Ἀντειπόν-</span> 
     </span>
    </p>
   </div>
   <div class='ocr_carea' id='block_1_51' title="bbox 309 3211 1966 3312">
    <p class='ocr_par' dir='ltr' id='par_1_51' title="bbox 309 3211 1966 3312">
     <span class='ocr_line' id='line_1_51' title="bbox 309 3211 1966 3312; baseline -0.001 -18"><span class='ocrx_word' id='word_1_354' title='bbox 309 3259 418 3296; x_wconf 89' lang='grc' dir='ltr'><strong>των</strong></span> <span class='ocrx_word' id='word_1_355' title='bbox 447 3241 503 3296; x_wconf 85' lang='grc' dir='ltr'>δὲ</span> <span class='ocrx_word' id='word_1_356' title='bbox 521 3242 626 3295; x_wconf 84' lang='grc' dir='ltr'><strong>τῶν</strong></span> <span class='ocrx_word' id='word_1_357' title='bbox 648 3241 1068 3312; x_wconf 75' lang='grc' dir='ltr'>διαφερομένων,</span> <span class='ocrx_word' id='word_1_358' title='bbox 1095 3240 1167 3303; x_wconf 84' lang='grc' dir='ltr'>ὡς</span> <span class='ocrx_word' id='word_1_359' title='bbox 1189 3241 1289 3292; x_wconf 76' lang='grc' dir='ltr'><strong>οὐκ</strong></span> <span class='ocrx_word' id='word_1_360' title='bbox 1316 3241 1470 3305; x_wconf 80' lang='grc' dir='ltr'>ἀξίας</span> <span class='ocrx_word' id='word_1_361' title='bbox 1501 3220 1597 3294; x_wconf 67' lang='grc' dir='ltr'>νῧν</span> <span class='ocrx_word' id='word_1_362' title='bbox 1621 3242 1736 3293; x_wconf 86' lang='grc' dir='ltr'>ἐστι</span> <span class='ocrx_word' id='word_1_363' title='bbox 1769 3241 1892 3312; x_wconf 84' lang='grc' dir='ltr'><strong>κρί⁸</strong></span> <span class='ocrx_word' id='word_1_364' title='bbox 1921 3211 1966 3271; x_wconf 77' lang='lat' dir='ltr'><strong><em>C</em></strong></span> 
     </span>
    </p>
   </div>
   <div class='ocr_carea' id='block_1_52' title="bbox 312 3330 1896 3402">
    <p class='ocr_par' dir='ltr' id='par_1_52' title="bbox 312 3330 1896 3402">
     <span class='ocr_line' id='line_1_52' title="bbox 312 3330 1896 3402; baseline -0.003 -16"><span class='ocrx_word' id='word_1_365' title='bbox 312 3351 431 3399; x_wconf 86' lang='grc' dir='ltr'>σις,</span> <span class='ocrx_word' id='word_1_366' title='bbox 485 3333 599 3386; x_wconf 83' lang='grc' dir='ltr'>ἀλλ’</span> <span class='ocrx_word' id='word_1_367' title='bbox 640 3332 894 3402; x_wconf 82' lang='grc' dir='ltr'>ἀληθείας</span> <span class='ocrx_word' id='word_1_368' title='bbox 940 3330 1287 3402; x_wconf 81' lang='grc' dir='ltr'>ἐπιζήτησις,</span> <span class='ocrx_word' id='word_1_369' title='bbox 1356 3331 1599 3401; x_wconf 84' lang='grc' dir='ltr'>δέχονται</span> <span class='ocrx_word' id='word_1_370' title='bbox 1658 3331 1754 3400; x_wconf 75' lang='grc' dir='ltr'><strong>μὲν</strong></span> <span class='ocrx_word' id='word_1_371' title='bbox 1801 3331 1896 3382; x_wconf 71' lang='grc' dir='ltr'><strong>καὶ</strong></span> 
     </span>
    </p>
   </div>
   <div class='ocr_carea' id='block_1_53' title="bbox 313 3415 1896 3496">
    <p class='ocr_par' dir='ltr' id='par_1_53' title="bbox 313 3415 1896 3496">
     <span class='ocr_line' id='line_1_53' title="bbox 313 3415 1896 3496; baseline -0.004 -16"><span class='ocrx_word' id='word_1_372' title='bbox 313 3426 538 3487; x_wconf 72' lang='grc' dir='ltr'>ἄκοντες</span> <span class='ocrx_word' id='word_1_373' title='bbox 568 3425 618 3478; x_wconf 76' lang='grc' dir='ltr'>οἱ</span> <span class='ocrx_word' id='word_1_374' title='bbox 649 3424 776 3496; x_wconf 74' lang='grc' dir='ltr'>περὶ</span> <span class='ocrx_word' id='word_1_375' title='bbox 807 3423 1086 3476; x_wconf 85' lang='grc' dir='ltr'>Βασίλειον</span> <span class='ocrx_word' id='word_1_376' title='bbox 1117 3422 1193 3494; x_wconf 90' lang='lat' dir='ltr'><strong>(a)</strong></span> <span class='ocrx_word' id='word_1_377' title='bbox 1223 3423 1314 3475; x_wconf 82' lang='grc' dir='ltr'><strong>τὸν</strong></span> <span class='ocrx_word' id='word_1_378' title='bbox 1339 3423 1524 3489; x_wconf 82' lang='grc' dir='ltr'>ἀγῶνα</span> <span class='ocrx_word' id='word_1_379' title='bbox 1546 3438 1558 3452; x_wconf 86' lang='grc'><strong>·</strong></span> <span class='ocrx_word' id='word_1_380' title='bbox 1582 3422 1674 3474; x_wconf 71' lang='grc' dir='ltr'><strong>καὶ</strong></span> <span class='ocrx_word' id='word_1_381' title='bbox 1706 3421 1780 3484; x_wconf 86' lang='grc' dir='ltr'>ὡς</span> <span class='ocrx_word' id='word_1_382' title='bbox 1809 3415 1896 3474; x_wconf 79' lang='grc' dir='ltr'>οὗ·</span> 
     </span>
    </p>
   </div>
   <div class='ocr_carea' id='block_1_54' title="bbox 313 3513 1896 3588">
    <p class='ocr_par' dir='ltr' id='par_1_54' title="bbox 313 3513 1896 3588">
     <span class='ocr_line' id='line_1_54' title="bbox 313 3513 1896 3588; baseline -0.005 -16"><span class='ocrx_word' id='word_1_383' title='bbox 313 3536 405 3582; x_wconf 89' lang='grc' dir='ltr'><strong>τος</strong></span> <span class='ocrx_word' id='word_1_384' title='bbox 427 3517 598 3586; x_wconf 80' lang='grc' dir='ltr'>λέγει,</span> <span class='ocrx_word' id='word_1_385' title='bbox 630 3517 770 3570; x_wconf 84' lang='grc' dir='ltr'><strong>κατὰ</strong></span> <span class='ocrx_word' id='word_1_386' title='bbox 796 3516 995 3588; x_wconf 86' lang='grc' dir='ltr'>κράτος</span> <span class='ocrx_word' id='word_1_387' title='bbox 1026 3519 1092 3586; x_wconf 80' lang='grc' dir='ltr'>τῇ</span> <span class='ocrx_word' id='word_1_388' title='bbox 1118 3515 1212 3568; x_wconf 72' lang='grc' dir='ltr'>τοῦ</span> <span class='ocrx_word' id='word_1_389' title='bbox 1243 3514 1449 3567; x_wconf 83' lang='grc' dir='ltr'>Ἀετίου</span> <span class='ocrx_word' id='word_1_390' title='bbox 1483 3513 1704 3586; x_wconf 82' lang='grc' dir='ltr'>γλώσσῃ</span> <span class='ocrx_word' id='word_1_391' title='bbox 1732 3513 1896 3583; x_wconf 81' lang='grc' dir='ltr'>ἡττή-</span> 
     </span>
    </p>
   </div>
   <div class='ocr_carea' id='block_1_55' title="bbox 313 3603 1898 3683">
    <p class='ocr_par' dir='ltr' id='par_1_55' title="bbox 313 3603 1898 3683">
     <span class='ocr_line' id='line_1_55' title="bbox 313 3603 1898 3683; baseline -0.006 -19"><span class='ocrx_word' id='word_1_392' title='bbox 313 3610 510 3683; x_wconf 84' lang='grc' dir='ltr'>θησαν,</span> <span class='ocrx_word' id='word_1_393' title='bbox 542 3609 618 3671; x_wconf 86' lang='grc' dir='ltr'>ὼς</span> <span class='ocrx_word' id='word_1_394' title='bbox 669 3608 742 3679; x_wconf 81' lang='grc' dir='ltr'>μὴ</span> <span class='ocrx_word' id='word_1_395' title='bbox 791 3608 948 3678; x_wconf 90' lang='grc' dir='ltr'>μόνον</span> <span class='ocrx_word' id='word_1_396' title='bbox 989 3607 1342 3676; x_wconf 81' lang='grc' dir='ltr'>ὁμολογῆσαι,</span> <span class='ocrx_word' id='word_1_397' title='bbox 1374 3603 1751 3674; x_wconf 85' lang='grc' dir='ltr'>παρηλλάχθαι</span> <span class='ocrx_word' id='word_1_398' title='bbox 1799 3603 1898 3668; x_wconf 83' lang='grc' dir='ltr'><strong>τὴν</strong></span> 
     </span>
    </p>
   </div>
   <div class='ocr_carea' id='block_1_56' title="bbox 315 3693 1897 3769">
    <p class='ocr_par' dir='ltr' id='par_1_56' title="bbox 315 3693 1897 3769">
     <span class='ocr_line' id='line_1_56' title="bbox 315 3693 1897 3769; baseline -0.006 -15"><span class='ocrx_word' id='word_1_399' title='bbox 315 3700 406 3754; x_wconf 79' lang='grc' dir='ltr'><strong>τοῦ</strong></span> <span class='ocrx_word' id='word_1_400' title='bbox 435 3699 787 3769; x_wconf 85' lang='grc' dir='ltr'>γεννηθέντος</span> <span class='ocrx_word' id='word_1_401' title='bbox 811 3698 998 3751; x_wconf 81' lang='grc' dir='ltr'>οὐσίαν</span> <span class='ocrx_word' id='word_1_402' title='bbox 1023 3697 1158 3768; x_wconf 70' lang='grc' dir='ltr'>πρὸς</span> <span class='ocrx_word' id='word_1_403' title='bbox 1181 3695 1278 3766; x_wconf 84' lang='grc' dir='ltr'>τὴν</span> <span class='ocrx_word' id='word_1_404' title='bbox 1307 3693 1399 3747; x_wconf 80' lang='grc' dir='ltr'>τοῦ</span> <span class='ocrx_word' id='word_1_405' title='bbox 1431 3694 1774 3763; x_wconf 85' lang='grc' dir='ltr'>γειναμένου,</span> <span class='ocrx_word' id='word_1_406' title='bbox 1803 3693 1897 3745; x_wconf 80' lang='grc' dir='ltr'><strong>καὶ</strong></span> 
     </span>
    </p>
   </div>
   <div class='ocr_carea' id='block_1_57' title="bbox 316 3785 1899 3858">
    <p class='ocr_par' dir='ltr' id='par_1_57' title="bbox 316 3785 1899 3858">
     <span class='ocr_line' id='line_1_57' title="bbox 316 3785 1899 3858; baseline -0.004 -14"><span class='ocrx_word' id='word_1_407' title='bbox 316 3789 457 3844; x_wconf 78' lang='grc' dir='ltr'>κατὰ</span> <span class='ocrx_word' id='word_1_408' title='bbox 488 3789 654 3858; x_wconf 82' lang='grc' dir='ltr'>μηδὲν</span> <span class='ocrx_word' id='word_1_409' title='bbox 684 3790 980 3852; x_wconf 82' lang='grc' dir='ltr'>κοινωνεῖν,</span> <span class='ocrx_word' id='word_1_410' title='bbox 1004 3787 1138 3840; x_wconf 80' lang='grc' dir='ltr'>ἀλλά</span> <span class='ocrx_word' id='word_1_411' title='bbox 1161 3787 1256 3840; x_wconf 75' lang='grc' dir='ltr'><strong>καὶ</strong></span> <span class='ocrx_word' id='word_1_412' title='bbox 1278 3787 1421 3856; x_wconf 71' lang='grc' dir='ltr'>χειρὶ</span> <span class='ocrx_word' id='word_1_413' title='bbox 1446 3785 1624 3856; x_wconf 70' lang='grc' dir='ltr'>οἰκείᾳ</span> <span class='ocrx_word' id='word_1_414' title='bbox 1649 3785 1748 3856; x_wconf 84' lang='grc' dir='ltr'>τὴν</span> <span class='ocrx_word' id='word_1_415' title='bbox 1769 3788 1899 3854; x_wconf 82' lang='grc' dir='ltr'>ὁμο-</span> 
     </span>
    </p>
   </div>
   <div class='ocr_carea' id='block_1_58' title="bbox 315 3875 1897 3951">
    <p class='ocr_par' dir='ltr' id='par_1_58' title="bbox 315 3875 1897 3951">
     <span class='ocr_line' id='line_1_58' title="bbox 315 3875 1897 3951; baseline -0.003 -17"><span class='ocrx_word' id='word_1_416' title='bbox 315 3881 525 3951; x_wconf 82' lang='grc' dir='ltr'>λογίαν,</span> <span class='ocrx_word' id='word_1_417' title='bbox 549 3880 759 3932; x_wconf 83' lang='grc' dir='ltr'>Ἀετίου</span> <span class='ocrx_word' id='word_1_418' title='bbox 792 3879 946 3932; x_wconf 77' lang='grc' dir='ltr'>τοῦτο</span> <span class='ocrx_word' id='word_1_419' title='bbox 993 3878 1558 3950; x_wconf 84' lang='grc' dir='ltr'>προσαπαιτήσαντος,</span> <span class='ocrx_word' id='word_1_420' title='bbox 1595 3875 1897 3946; x_wconf 84' lang='grc' dir='ltr'>βεϐαιώσα-</span> 
     </span>
    </p>
   </div>
   <div class='ocr_carea' id='block_1_59' title="bbox 321 3967 1900 4038">
    <p class='ocr_par' dir='ltr' id='par_1_59' title="bbox 321 3967 1900 4038">
     <span class='ocr_line' id='line_1_59' title="bbox 321 3967 1900 4038; baseline -0.003 -14"><span class='ocrx_word' id='word_1_421' title='bbox 321 3972 468 4025; x_wconf 83' lang='grc' dir='ltr'>σθαι.</span> <span class='ocrx_word' id='word_1_422' title='bbox 515 3971 774 4024; x_wconf 86' lang='grc' dir='ltr'>Μαθόντα</span> <span class='ocrx_word' id='word_1_423' title='bbox 807 3971 863 4024; x_wconf 84' lang='grc' dir='ltr'>δὲ</span> <span class='ocrx_word' id='word_1_424' title='bbox 898 3967 1072 4024; x_wconf 83' lang='grc' dir='ltr'>ταῦτα</span> <span class='ocrx_word' id='word_1_425' title='bbox 1097 3969 1189 4021; x_wconf 84' lang='grc' dir='ltr'><strong>τὸν</strong></span> <span class='ocrx_word' id='word_1_426' title='bbox 1238 3967 1482 4038; x_wconf 86' lang='grc' dir='ltr'>βασιλέα,</span> <span class='ocrx_word' id='word_1_427' title='bbox 1517 3967 1611 4020; x_wconf 77' lang='grc' dir='ltr'>καὶ</span> <span class='ocrx_word' id='word_1_428' title='bbox 1641 3967 1708 4038; x_wconf 80' lang='grc' dir='ltr'>ἢν</span> <span class='ocrx_word' id='word_1_429' title='bbox 1733 3967 1900 4020; x_wconf 87' lang='grc' dir='ltr'>πάλαι</span> 
     </span>
    </p>
   </div>
   <div class='ocr_carea' id='block_1_60' title="bbox 318 4057 1899 4130">
    <p class='ocr_par' dir='ltr' id='par_1_60' title="bbox 318 4057 1899 4130">
     <span class='ocr_line' id='line_1_60' title="bbox 318 4057 1899 4130; baseline -0.003 -15"><span class='ocrx_word' id='word_1_430' title='bbox 318 4063 603 4123; x_wconf 81' lang='grc' dir='ltr'>Βασίλειος</span> <span class='ocrx_word' id='word_1_431' title='bbox 638 4061 778 4116; x_wconf 88' lang='grc' dir='ltr'><strong>κατά</strong></span> <span class='ocrx_word' id='word_1_432' title='bbox 805 4061 1012 4114; x_wconf 82' lang='grc' dir='ltr'>Ἀετίου</span> <span class='ocrx_word' id='word_1_433' title='bbox 1047 4059 1298 4130; x_wconf 86' lang='grc' dir='ltr'>διαϐολὴν</span> <span class='ocrx_word' id='word_1_434' title='bbox 1330 4057 1735 4120; x_wconf 87' lang='grc' dir='ltr'>συνεσκευὰκει,</span> <span class='ocrx_word' id='word_1_435' title='bbox 1760 4057 1899 4110; x_wconf 82' lang='grc' dir='ltr'>κατὰ</span> 
     </span>
    </p>
   </div>
   <div class='ocr_carea' id='block_1_61' title="bbox 323 4147 1897 4226">
    <p class='ocr_par' dir='ltr' id='par_1_61' title="bbox 323 4147 1897 4226">
     <span class='ocr_line' id='line_1_61' title="bbox 323 4147 1897 4226; baseline -0.006 -19"><span class='ocrx_word' id='word_1_436' title='bbox 323 4155 496 4226; x_wconf 84' lang='grc' dir='ltr'>μέσης</span> <span class='ocrx_word' id='word_1_437' title='bbox 524 4154 624 4224; x_wconf 83' lang='grc' dir='ltr'>τῆς</span> <span class='ocrx_word' id='word_1_438' title='bbox 654 4153 884 4224; x_wconf 87' lang='grc' dir='ltr'>καρδίας</span> <span class='ocrx_word' id='word_1_439' title='bbox 913 4152 1271 4222; x_wconf 77' lang='grc' dir='ltr'>ἀκμάζουσαν</span> <span class='ocrx_word' id='word_1_440' title='bbox 1314 4149 1568 4220; x_wconf 83' lang='grc' dir='ltr'>φέροντα,</span> <span class='ocrx_word' id='word_1_441' title='bbox 1598 4147 1660 4200; x_wconf 82' lang='grc' dir='ltr'><strong>τὸ</strong></span> <span class='ocrx_word' id='word_1_442' title='bbox 1684 4164 1897 4202; x_wconf 85' lang='grc' dir='ltr'>συνενε-</span> 
     </span>
    </p>
   </div>
   <div class='ocr_carea' id='block_1_62' title="bbox 317 4239 1904 4319">
    <p class='ocr_par' dir='ltr' id='par_1_62' title="bbox 317 4239 1904 4319">
     <span class='ocr_line' id='line_1_62' title="bbox 317 4239 1904 4319; baseline -0.006 -19"><span class='ocrx_word' id='word_1_443' title='bbox 317 4245 448 4317; x_wconf 77' lang='grc' dir='ltr'>χθὲν</span> <span class='ocrx_word' id='word_1_444' title='bbox 478 4246 720 4319; x_wconf 83' lang='grc' dir='ltr'>ἁρπάσαι</span> <span class='ocrx_word' id='word_1_445' title='bbox 745 4245 879 4316; x_wconf 79' lang='grc' dir='ltr'>πρὸς</span> <span class='ocrx_word' id='word_1_446' title='bbox 904 4245 1002 4315; x_wconf 82' lang='grc' dir='ltr'>τὴν</span> <span class='ocrx_word' id='word_1_447' title='bbox 1025 4244 1125 4313; x_wconf 81' lang='grc' dir='ltr'>τῆς</span> <span class='ocrx_word' id='word_1_448' title='bbox 1163 4243 1333 4315; x_wconf 82' lang='grc' dir='ltr'>ὀργῆς</span> <span class='ocrx_word' id='word_1_449' title='bbox 1361 4241 1726 4313; x_wconf 87' lang='grc' dir='ltr'>ἐκπλήρωσιν.</span> <span class='ocrx_word' id='word_1_450' title='bbox 1785 4239 1904 4291; x_wconf 89' lang='grc' dir='ltr'>Διό-</span> 
     </span>
    </p>
   </div>
   <div class='ocr_carea' id='block_1_63' title="bbox 320 4331 1900 4412">
    <p class='ocr_par' dir='ltr' id='par_1_63' title="bbox 320 4331 1900 4412">
     <span class='ocr_line' id='line_1_63' title="bbox 320 4331 1900 4412; baseline -0.006 -18"><span class='ocrx_word' id='word_1_451' title='bbox 320 4356 428 4412; x_wconf 83' lang='grc' dir='ltr'><strong>περ</strong></span> <span class='ocrx_word' id='word_1_452' title='bbox 474 4339 642 4410; x_wconf 77' lang='grc' dir='ltr'>ἄμφω</span> <span class='ocrx_word' id='word_1_453' title='bbox 672 4339 769 4409; x_wconf 86' lang='grc' dir='ltr'><strong>μὲν</strong></span> <span class='ocrx_word' id='word_1_454' title='bbox 821 4341 899 4401; x_wconf 85' lang='grc' dir='ltr'><strong>είς</strong></span> <span class='ocrx_word' id='word_1_455' title='bbox 942 4337 1069 4392; x_wconf 88' lang='grc' dir='ltr'>θέαν</span> <span class='ocrx_word' id='word_1_456' title='bbox 1101 4336 1433 4407; x_wconf 73' lang='grc' dir='ltr'>παρίστησι,</span> <span class='ocrx_word' id='word_1_457' title='bbox 1478 4331 1900 4388; x_wconf 87' lang='grc' dir='ltr'>διαπυνθάνεται</span> 
     </span>
    </p>
   </div>
   <div class='ocr_carea' id='block_1_64' title="bbox 320 4423 1900 4498">
    <p class='ocr_par' dir='ltr' id='par_1_64' title="bbox 320 4423 1900 4498">
     <span class='ocr_line' id='line_1_64' title="bbox 320 4423 1900 4498; baseline -0.005 -14"><span class='ocrx_word' id='word_1_458' title='bbox 320 4431 380 4484; x_wconf 76' lang='grc' dir='ltr'>δὲ</span> <span class='ocrx_word' id='word_1_459' title='bbox 415 4430 510 4486; x_wconf 82' lang='grc' dir='ltr'>τοῦ</span> <span class='ocrx_word' id='word_1_460' title='bbox 553 4431 856 4496; x_wconf 89' lang='grc' dir='ltr'>Βασιλείου,</span> <span class='ocrx_word' id='word_1_461' title='bbox 903 4429 1023 4483; x_wconf 87' lang='grc' dir='ltr'>τινα</span> <span class='ocrx_word' id='word_1_462' title='bbox 1059 4428 1124 4482; x_wconf 82' lang='grc' dir='ltr'><strong>ἂν</strong></span> <span class='ocrx_word' id='word_1_463' title='bbox 1189 4429 1294 4498; x_wconf 75' lang='grc' dir='ltr'>εἴη,</span> <span class='ocrx_word' id='word_1_464' title='bbox 1342 4423 1424 4491; x_wconf 74' lang='grc' dir='ltr'>οἷς</span> <span class='ocrx_word' id='word_1_465' title='bbox 1465 4427 1778 4479; x_wconf 74' lang='grc' dir='ltr'>ἐπαιτιᾶται</span> <span class='ocrx_word' id='word_1_466' title='bbox 1810 4424 1900 4476; x_wconf 71' lang='grc' dir='ltr'>τὸν</span> 
     </span>
    </p>
   </div>
   <div class='ocr_carea' id='block_1_65' title="bbox 1987 2058 3565 2130">
    <p class='ocr_par' dir='ltr' id='par_1_65' title="bbox 1987 2058 3565 2130">
     <span class='ocr_line' id='line_1_65' title="bbox 1987 2058 3565 2130; baseline 0.003 -15"><span class='ocrx_word' id='word_1_467' title='bbox 1987 2074 2192 2130; x_wconf 86' lang='lat' dir='ltr'><strong>scopus</strong></span> <span class='ocrx_word' id='word_1_468' title='bbox 2216 2058 2482 2115; x_wconf 69' lang='lat' dir='ltr'><strong>Caesarea:</strong></span> <span class='ocrx_word' id='word_1_469' title='bbox 2511 2058 2818 2116; x_wconf 74' lang='lat' dir='ltr'><strong>Palzestinae</strong></span> <span class='ocrx_word' id='word_1_470' title='bbox 2842 2061 2934 2130; x_wconf 87' lang='lat' dir='ltr'><strong>qui</strong></span> <span class='ocrx_word' id='word_1_471' title='bbox 2969 2076 3027 2116; x_wconf 89' lang='lat' dir='ltr'><strong>se</strong></span> <span class='ocrx_word' id='word_1_472' title='bbox 3061 2077 3181 2116; x_wconf 88' lang='lat' dir='ltr'><strong>cum</strong></span> <span class='ocrx_word' id='word_1_473' title='bbox 3203 2063 3311 2118; x_wconf 90' lang='lat' dir='ltr'><strong>illis</strong></span> <span class='ocrx_word' id='word_1_474' title='bbox 3333 2079 3565 2120; x_wconf 77' lang='lat' dir='ltr'><strong>consen-</strong></span> 
     </span>
    </p>
   </div>
   <div class='ocr_carea' id='block_1_66' title="bbox 1988 2150 3564 2216">
    <p class='ocr_par' dir='ltr' id='par_1_66' title="bbox 1988 2150 3564 2216">
     <span class='ocr_line' id='line_1_66' title="bbox 1988 2150 3564 2216; baseline 0.003 -9"><span class='ocrx_word' id='word_1_475' title='bbox 1988 2153 2092 2208; x_wconf 86' lang='lat' dir='ltr'><strong>tire</strong></span> <span class='ocrx_word' id='word_1_476' title='bbox 2123 2153 2449 2216; x_wconf 82' lang='lat' dir='ltr'><strong>simulabat’,</strong></span> <span class='ocrx_word' id='word_1_477' title='bbox 2495 2161 2554 2207; x_wconf 90' lang='lat' dir='ltr'><strong>ut</strong></span> <span class='ocrx_word' id='word_1_478' title='bbox 2582 2150 2844 2206; x_wconf 82' lang='lat' dir='ltr'><strong>Basilium</strong></span> <span class='ocrx_word' id='word_1_479' title='bbox 2886 2153 3123 2208; x_wconf 81' lang='lat' dir='ltr'><strong>vicissim</strong></span> <span class='ocrx_word' id='word_1_480' title='bbox 3166 2155 3357 2211; x_wconf 89' lang='lat' dir='ltr'><strong>dolore</strong></span> <span class='ocrx_word' id='word_1_481' title='bbox 3385 2156 3564 2210; x_wconf 46' lang='lat' dir='ltr'><strong>afﬁce-</strong></span> 
     </span>
    </p>
   </div>
   <div class='ocr_carea' id='block_1_67' title="bbox 1989 2239 3565 2316">
    <p class='ocr_par' dir='ltr' id='par_1_67' title="bbox 1989 2239 3565 2316">
     <span class='ocr_line' id='line_1_67' title="bbox 1989 2239 3565 2316; baseline 0.001 -20"><span class='ocrx_word' id='word_1_482' title='bbox 1989 2251 2096 2306; x_wconf 87' lang='lat' dir='ltr'><strong>ret,</strong></span> <span class='ocrx_word' id='word_1_483' title='bbox 2147 2250 2432 2312; x_wconf 81' lang='lat' dir='ltr'><strong>prupterea</strong></span> <span class='ocrx_word' id='word_1_484' title='bbox 2479 2243 2625 2310; x_wconf 93' lang='lat' dir='ltr'><strong>quod</strong></span> <span class='ocrx_word' id='word_1_485' title='bbox 2660 2239 2899 2296; x_wconf 87' lang='lat' dir='ltr'><strong>Basilius</strong></span> <span class='ocrx_word' id='word_1_486' title='bbox 2948 2243 3212 2313; x_wconf 80' lang='lat' dir='ltr'><strong>Cyrillum</strong></span> <span class='ocrx_word' id='word_1_487' title='bbox 3249 2243 3565 2316; x_wconf 80' lang='lat' dir='ltr'><strong>Hierosoly-</strong></span> 
     </span>
    </p>
   </div>
   <div class='ocr_carea' id='block_1_68' title="bbox 1992 2333 3566 2403">
    <p class='ocr_par' dir='ltr' id='par_1_68' title="bbox 1992 2333 3566 2403">
     <span class='ocr_line' id='line_1_68' title="bbox 1992 2333 3566 2403; baseline 0.001 -14"><span class='ocrx_word' id='word_1_488' title='bbox 1992 2349 2207 2389; x_wconf 84' lang='lat' dir='ltr'><strong>morum</strong></span> <span class='ocrx_word' id='word_1_489' title='bbox 2231 2333 2546 2403; x_wconf 90' lang='lat' dir='ltr'><strong>episcopum</strong></span> <span class='ocrx_word' id='word_1_490' title='bbox 2571 2333 2640 2386; x_wconf 89' lang='lat' dir='ltr'><strong>ab</strong></span> <span class='ocrx_word' id='word_1_491' title='bbox 2679 2333 2800 2402; x_wconf 90' lang='lat' dir='ltr'><strong>ipso</strong></span> <span class='ocrx_word' id='word_1_492' title='bbox 2837 2333 3143 2402; x_wconf 85' lang='lat' dir='ltr'><strong>depositum</strong></span> <span class='ocrx_word' id='word_1_493' title='bbox 3166 2378 3179 2400; x_wconf 92' lang='lat'><strong>,</strong></span> <span class='ocrx_word' id='word_1_494' title='bbox 3207 2335 3566 2391; x_wconf 89' lang='lat' dir='ltr'><strong>nihilominus</strong></span> 
     </span>
    </p>
   </div>
   <div class='ocr_carea' id='block_1_69' title="bbox 1993 2422 3565 2493">
    <p class='ocr_par' dir='ltr' id='par_1_69' title="bbox 1993 2422 3565 2493">
     <span class='ocr_line' id='line_1_69' title="bbox 1993 2422 3565 2493; baseline 0.001 -13"><span class='ocrx_word' id='word_1_495' title='bbox 1993 2426 2201 2480; x_wconf 87' lang='lat' dir='ltr'><strong>honore</strong></span> <span class='ocrx_word' id='word_1_496' title='bbox 2257 2425 2546 2479; x_wconf 82' lang='lat' dir='ltr'><strong>alliciebat.</strong></span> <span class='ocrx_word' id='word_1_497' title='bbox 2602 2422 2732 2478; x_wconf 86' lang='lat' dir='ltr'><strong>Erat</strong></span> <span class='ocrx_word' id='word_1_498' title='bbox 2780 2438 2946 2493; x_wconf 89' lang='lat' dir='ltr'><strong>porro</strong></span> <span class='ocrx_word' id='word_1_499' title='bbox 2991 2425 3226 2480; x_wconf 83' lang='lat' dir='ltr'><strong>Aeacius</strong></span> <span class='ocrx_word' id='word_1_500' title='bbox 3286 2429 3462 2482; x_wconf 78' lang='lat' dir='ltr'><strong>audax</strong></span> <span class='ocrx_word' id='word_1_501' title='bbox 3509 2429 3565 2482; x_wconf 90' lang='lat' dir='ltr'><strong>in</strong></span> 
     </span>
    </p>
   </div>
   <div class='ocr_carea' id='block_1_70' title="bbox 1991 2514 3566 2587">
    <p class='ocr_par' dir='ltr' id='par_1_70' title="bbox 1991 2514 3566 2587">
     <span class='ocr_line' id='line_1_70' title="bbox 1991 2514 3566 2587; baseline 0.001 -14"><span class='ocrx_word' id='word_1_502' title='bbox 1991 2515 2474 2586; x_wconf 78' lang='lat' dir='ltr'><strong>disputationibus,</strong></span> <span class='ocrx_word' id='word_1_503' title='bbox 2501 2514 2642 2569; x_wconf 87' lang='lat' dir='ltr'><strong>idem</strong></span> <span class='ocrx_word' id='word_1_504' title='bbox 2666 2514 2720 2567; x_wconf 91' lang='lat' dir='ltr'><strong>in</strong></span> <span class='ocrx_word' id='word_1_505' title='bbox 2750 2515 3140 2585; x_wconf 86' lang='lat' dir='ltr'><strong>dignoscendis</strong></span> <span class='ocrx_word' id='word_1_506' title='bbox 3165 2518 3402 2587; x_wconf 79' lang='lat' dir='ltr'><strong>negotiis</strong></span> <span class='ocrx_word' id='word_1_507' title='bbox 3430 2533 3566 2574; x_wconf 76' lang='lat' dir='ltr'><strong>acu-</strong></span> 
     </span>
    </p>
   </div>
   <div class='ocr_carea' id='block_1_71' title="bbox 1994 2601 3566 2669">
    <p class='ocr_par' dir='ltr' id='par_1_71' title="bbox 1994 2601 3566 2669">
     <span class='ocr_line' id='line_1_71' title="bbox 1994 2601 3566 2669; baseline 0.003 -13"><span class='ocrx_word' id='word_1_508' title='bbox 1994 2602 2263 2665; x_wconf 88' lang='lat' dir='ltr'><strong>tissimus,</strong></span> <span class='ocrx_word' id='word_1_509' title='bbox 2295 2609 2348 2656; x_wconf 89' lang='lat' dir='ltr'><strong>et</strong></span> <span class='ocrx_word' id='word_1_510' title='bbox 2396 2601 2460 2655; x_wconf 91' lang='lat' dir='ltr'><strong>ad</strong></span> <span class='ocrx_word' id='word_1_511' title='bbox 2497 2601 2852 2669; x_wconf 78' lang='lat' dir='ltr'><strong>exponendas</strong></span> <span class='ocrx_word' id='word_1_512' title='bbox 2891 2603 3060 2656; x_wconf 90' lang='lat' dir='ltr'><strong>animi</strong></span> <span class='ocrx_word' id='word_1_513' title='bbox 3087 2606 3173 2658; x_wconf 88' lang='lat' dir='ltr'><strong>sui</strong></span> <span class='ocrx_word' id='word_1_514' title='bbox 3201 2620 3397 2660; x_wconf 89' lang='lat' dir='ltr'><strong>sensus</strong></span> <span class='ocrx_word' id='word_1_515' title='bbox 3431 2608 3566 2661; x_wconf 85' lang='lat' dir='ltr'><strong>satis</strong></span> 
     </span>
    </p>
   </div>
   <div class='ocr_carea' id='block_1_72' title="bbox 1993 2691 3567 2765">
    <p class='ocr_par' dir='ltr' id='par_1_72' title="bbox 1993 2691 3567 2765">
     <span class='ocr_line' id='line_1_72' title="bbox 1993 2691 3567 2765; baseline 0.002 -18"><span class='ocrx_word' id='word_1_516' title='bbox 1993 2694 2249 2748; x_wconf 89' lang='lat' dir='ltr'><strong>disertus.</strong></span> <span class='ocrx_word' id='word_1_517' title='bbox 2291 2691 2442 2747; x_wconf 86' lang='lat' dir='ltr'><strong>Unde</strong></span> <span class='ocrx_word' id='word_1_518' title='bbox 2481 2693 2644 2746; x_wconf 87' lang='lat' dir='ltr'><strong>etiam</strong></span> <span class='ocrx_word' id='word_1_519' title='bbox 2691 2701 2809 2747; x_wconf 92' lang='lat' dir='ltr'><strong>acta</strong></span> <span class='ocrx_word' id='word_1_520' title='bbox 2853 2693 3018 2763; x_wconf 90' lang='lat' dir='ltr'><strong>hujus</strong></span> <span class='ocrx_word' id='word_1_521' title='bbox 3059 2696 3282 2765; x_wconf 86' lang='lat' dir='ltr'><strong>synodi,</strong></span> <span class='ocrx_word' id='word_1_522' title='bbox 3309 2711 3430 2764; x_wconf 71' lang='lat' dir='ltr'><strong>qua:</strong></span> <span class='ocrx_word' id='word_1_523' title='bbox 3457 2713 3567 2750; x_wconf 84' lang='lat' dir='ltr'><strong>non</strong></span> 
     </span>
    </p>
   </div>
   <div class='ocr_carea' id='block_1_73' title="bbox 1992 2783 3564 2854">
    <p class='ocr_par' dir='ltr' id='par_1_73' title="bbox 1992 2783 3564 2854">
     <span class='ocr_line' id='line_1_73' title="bbox 1992 2783 3564 2854; baseline 0.002 -16"><span class='ocrx_word' id='word_1_524' title='bbox 1992 2799 2162 2854; x_wconf 89' lang='lat' dir='ltr'><strong>pauca</strong></span> <span class='ocrx_word' id='word_1_525' title='bbox 2199 2794 2345 2848; x_wconf 88' lang='lat' dir='ltr'><strong>sunt,</strong></span> <span class='ocrx_word' id='word_1_526' title='bbox 2371 2784 2437 2837; x_wconf 91' lang='lat' dir='ltr'><strong>ab</strong></span> <span class='ocrx_word' id='word_1_527' title='bbox 2467 2783 2570 2838; x_wconf 88' lang='lat' dir='ltr'><strong>hoc</strong></span> <span class='ocrx_word' id='word_1_528' title='bbox 2602 2798 2714 2838; x_wconf 92' lang='lat' dir='ltr'><strong>uno</strong></span> <span class='ocrx_word' id='word_1_529' title='bbox 2749 2785 2958 2854; x_wconf 81' lang='lat' dir='ltr'><strong>digesta</strong></span> <span class='ocrx_word' id='word_1_530' title='bbox 3002 2799 3066 2840; x_wconf 89' lang='lat' dir='ltr'><strong>ac</strong></span> <span class='ocrx_word' id='word_1_531' title='bbox 3095 2786 3356 2854; x_wconf 86' lang='lat' dir='ltr'><strong>disposita</strong></span> <span class='ocrx_word' id='word_1_532' title='bbox 3391 2786 3564 2842; x_wconf 89' lang='lat' dir='ltr'><strong>fuere.</strong></span> 
     </span>
    </p>
   </div>
   <div class='ocr_carea' id='block_1_74' title="bbox 1993 2875 3571 2948">
    <p class='ocr_par' dir='ltr' id='par_1_74' title="bbox 1993 2875 3571 2948">
     <span class='ocr_line' id='line_1_74' title="bbox 1993 2875 3571 2948; baseline 0.002 -20"><span class='ocrx_word' id='word_1_533' title='bbox 1993 2876 2129 2930; x_wconf 78' lang='lat' dir='ltr'><strong>Cum</strong></span> <span class='ocrx_word' id='word_1_534' title='bbox 2162 2876 2326 2945; x_wconf 77' lang='lat' dir='ltr'><strong>igitur</strong></span> <span class='ocrx_word' id='word_1_535' title='bbox 2367 2875 2539 2929; x_wconf 72' lang='lat' dir='ltr'><strong>ambae</strong></span> <span class='ocrx_word' id='word_1_536' title='bbox 2569 2883 2751 2944; x_wconf 88' lang='lat' dir='ltr'><strong>partes</strong></span> <span class='ocrx_word' id='word_1_537' title='bbox 2786 2876 2839 2929; x_wconf 89' lang='lat' dir='ltr'><strong>in</strong></span> <span class='ocrx_word' id='word_1_538' title='bbox 2880 2885 3156 2931; x_wconf 88' lang='lat' dir='ltr'><strong>certamen</strong></span> <span class='ocrx_word' id='word_1_539' title='bbox 3202 2877 3269 2931; x_wconf 92' lang='lat' dir='ltr'><strong>de</strong></span> <span class='ocrx_word' id='word_1_540' title='bbox 3300 2877 3571 2948; x_wconf 79' lang='lat' dir='ltr'><strong>dogmati-</strong></span> 
     </span>
    </p>
   </div>
   <div class='ocr_carea' id='block_1_75' title="bbox 1993 2967 3570 3038">
    <p class='ocr_par' dir='ltr' id='par_1_75' title="bbox 1993 2967 3570 3038">
     <span class='ocr_line' id='line_1_75' title="bbox 1993 2967 3570 3038; baseline 0.002 -16"><span class='ocrx_word' id='word_1_541' title='bbox 1993 2968 2097 3023; x_wconf 91' lang='lat' dir='ltr'><strong>bus</strong></span> <span class='ocrx_word' id='word_1_542' title='bbox 2149 2967 2264 3022; x_wconf 91' lang='lat' dir='ltr'><strong>suis</strong></span> <span class='ocrx_word' id='word_1_543' title='bbox 2314 2967 2617 3031; x_wconf 77' lang='lat' dir='ltr'><strong>venissent,</strong></span> <span class='ocrx_word' id='word_1_544' title='bbox 2654 2981 2844 3021; x_wconf 89' lang='lat' dir='ltr'><strong>eorum</strong></span> <span class='ocrx_word' id='word_1_545' title='bbox 2879 2968 3096 3037; x_wconf 88' lang='lat' dir='ltr'><strong>quidem</strong></span> <span class='ocrx_word' id='word_1_546' title='bbox 3129 2967 3223 3038; x_wconf 88' lang='lat' dir='ltr'><strong>qui</strong></span> <span class='ocrx_word' id='word_1_547' title='bbox 3259 2968 3466 3025; x_wconf 86' lang='lat' dir='ltr'><strong>Filium</strong></span> <span class='ocrx_word' id='word_1_548' title='bbox 3492 2969 3570 3025; x_wconf 82' lang='lat' dir='ltr'><strong>si-</strong></span> 
     </span>
    </p>
   </div>
   <div class='ocr_carea' id='block_1_76' title="bbox 1995 3059 3572 3129">
    <p class='ocr_par' dir='ltr' id='par_1_76' title="bbox 1995 3059 3572 3129">
     <span class='ocr_line' id='line_1_76' title="bbox 1995 3059 3572 3129; baseline 0.001 -15"><span class='ocrx_word' id='word_1_549' title='bbox 1995 3059 2180 3114; x_wconf 89' lang='lat' dir='ltr'><strong>milem</strong></span> <span class='ocrx_word' id='word_1_550' title='bbox 2217 3059 2516 3115; x_wconf 89' lang='lat' dir='ltr'><strong>secundum</strong></span> <span class='ocrx_word' id='word_1_551' title='bbox 2541 3059 2900 3114; x_wconf 86' lang='lat' dir='ltr'><strong>substantiam</strong></span> <span class='ocrx_word' id='word_1_552' title='bbox 2938 3059 3354 3127; x_wconf 82' lang='lat' dir='ltr'><strong>proﬁtebantur,</strong></span> <span class='ocrx_word' id='word_1_553' title='bbox 3388 3069 3572 3129; x_wconf 90' lang='lat' dir='ltr'><strong>patro-</strong></span> 
     </span>
    </p>
   </div>
   <div class='ocr_carea' id='block_1_77' title="bbox 1999 3150 3569 3218">
    <p class='ocr_par' dir='ltr' id='par_1_77' title="bbox 1999 3150 3569 3218">
     <span class='ocr_line' id='line_1_77' title="bbox 1999 3150 3569 3218; baseline -0.001 -11"><span class='ocrx_word' id='word_1_554' title='bbox 1999 3169 2101 3207; x_wconf 89' lang='lat' dir='ltr'><strong>nus</strong></span> <span class='ocrx_word' id='word_1_555' title='bbox 2134 3161 2250 3208; x_wconf 90' lang='lat' dir='ltr'><strong>erat</strong></span> <span class='ocrx_word' id='word_1_556' title='bbox 2276 3152 2528 3207; x_wconf 88' lang='lat' dir='ltr'><strong>Basilius.</strong></span> <span class='ocrx_word' id='word_1_557' title='bbox 2562 3150 2665 3218; x_wconf 89' lang='lat' dir='ltr'><strong>Qui</strong></span> <span class='ocrx_word' id='word_1_558' title='bbox 2697 3165 2829 3205; x_wconf 86' lang='lat' dir='ltr'><strong>vero</strong></span> <span class='ocrx_word' id='word_1_559' title='bbox 2853 3150 3174 3204; x_wconf 90' lang='lat' dir='ltr'><strong>dissimilem</strong></span> <span class='ocrx_word' id='word_1_560' title='bbox 3206 3151 3569 3206; x_wconf 88' lang='lat' dir='ltr'><strong>substantiam</strong></span> 
     </span>
    </p>
   </div>
   <div class='ocr_carea' id='block_1_78' title="bbox 1999 3241 3573 3310">
    <p class='ocr_par' dir='ltr' id='par_1_78' title="bbox 1999 3241 3573 3310">
     <span class='ocr_line' id='line_1_78' title="bbox 1999 3241 3573 3310; baseline -0.001 -13"><span class='ocrx_word' id='word_1_561' title='bbox 1999 3244 2342 3306; x_wconf 86' lang='lat' dir='ltr'><strong>asserebant,</strong></span> <span class='ocrx_word' id='word_1_562' title='bbox 2369 3242 2582 3296; x_wconf 78' lang='lat' dir='ltr'><strong>Aetium</strong></span> <span class='ocrx_word' id='word_1_563' title='bbox 2613 3256 2791 3296; x_wconf 72' lang='lat' dir='ltr'><strong>causa:</strong></span> <span class='ocrx_word' id='word_1_564' title='bbox 2823 3256 2935 3295; x_wconf 75' lang='lat' dir='ltr'><strong>sua:</strong></span> <span class='ocrx_word' id='word_1_565' title='bbox 2958 3250 3249 3310; x_wconf 87' lang='lat' dir='ltr'><strong>patronum</strong></span> <span class='ocrx_word' id='word_1_566' title='bbox 3277 3241 3573 3295; x_wconf 85' lang='lat' dir='ltr'><strong>constitue-</strong></span> 
     </span>
    </p>
   </div>
   <div class='ocr_carea' id='block_1_79' title="bbox 1999 3331 3569 3402">
    <p class='ocr_par' dir='ltr' id='par_1_79' title="bbox 1999 3331 3569 3402">
     <span class='ocr_line' id='line_1_79' title="bbox 1999 3331 3569 3402; baseline -0.001 -15"><span class='ocrx_word' id='word_1_567' title='bbox 1999 3345 2159 3397; x_wconf 92' lang='lat' dir='ltr'><strong>runt,</strong></span> <span class='ocrx_word' id='word_1_568' title='bbox 2205 3334 2464 3401; x_wconf 89' lang='lat' dir='ltr'><strong>adjuncto</strong></span> <span class='ocrx_word' id='word_1_569' title='bbox 2515 3333 2564 3387; x_wconf 92' lang='lat' dir='ltr'><strong>ei</strong></span> <span class='ocrx_word' id='word_1_570' title='bbox 2596 3331 2890 3386; x_wconf 84' lang='lat' dir='ltr'><strong>Eunomio.</strong></span> <span class='ocrx_word' id='word_1_571' title='bbox 2922 3332 3091 3385; x_wconf 76' lang='lat' dir='ltr'><strong>l’orro</strong></span> <span class='ocrx_word' id='word_1_572' title='bbox 3121 3331 3356 3386; x_wconf 85' lang='lat' dir='ltr'><strong>Basilius</strong></span> <span class='ocrx_word' id='word_1_573' title='bbox 3388 3341 3441 3386; x_wconf 90' lang='lat' dir='ltr'><strong>et</strong></span> <span class='ocrx_word' id='word_1_574' title='bbox 3473 3333 3569 3402; x_wconf 89' lang='lat' dir='ltr'><strong>qui</strong></span> 
     </span>
    </p>
   </div>
   <div class='ocr_carea' id='block_1_80' title="bbox 1999 3424 3570 3494">
    <p class='ocr_par' dir='ltr' id='par_1_80' title="bbox 1999 3424 3570 3494">
     <span class='ocr_line' id='line_1_80' title="bbox 1999 3424 3570 3494; baseline -0.002 -14"><span class='ocrx_word' id='word_1_575' title='bbox 1999 3441 2122 3481; x_wconf 91' lang='lat' dir='ltr'><strong>cum</strong></span> <span class='ocrx_word' id='word_1_576' title='bbox 2163 3426 2255 3479; x_wconf 93' lang='lat' dir='ltr'><strong>illo</strong></span> <span class='ocrx_word' id='word_1_577' title='bbox 2288 3433 2480 3491; x_wconf 90' lang='lat' dir='ltr'><strong>erant,</strong></span> <span class='ocrx_word' id='word_1_578' title='bbox 2511 3439 2636 3478; x_wconf 87' lang='lat' dir='ltr'><strong>cum</strong></span> <span class='ocrx_word' id='word_1_579' title='bbox 2673 3425 2888 3478; x_wconf 89' lang='lat' dir='ltr'><strong>Aetium</strong></span> <span class='ocrx_word' id='word_1_580' title='bbox 2920 3424 3291 3477; x_wconf 88' lang='lat' dir='ltr'><strong>adversarium</strong></span> <span class='ocrx_word' id='word_1_581' title='bbox 3324 3424 3427 3478; x_wconf 89' lang='lat' dir='ltr'><strong>sibi</strong></span> <span class='ocrx_word' id='word_1_582' title='bbox 3471 3439 3570 3494; x_wconf 87' lang='lat' dir='ltr'><strong>op-</strong></span> 
     </span>
    </p>
   </div>
   <div class='ocr_carea' id='block_1_81' title="bbox 1997 3511 3585 3589">
    <p class='ocr_par' dir='ltr' id='par_1_81' title="bbox 1997 3511 3585 3589">
     <span class='ocr_line' id='line_1_81' title="bbox 1997 3511 3585 3589; baseline -0.003 -18"><span class='ocrx_word' id='word_1_583' title='bbox 1997 3517 2236 3589; x_wconf 85' lang='lat' dir='ltr'><strong>positum</strong></span> <span class='ocrx_word' id='word_1_584' title='bbox 2270 3515 2556 3576; x_wconf 85' lang='lat' dir='ltr'><strong>vidissent,</strong></span> <span class='ocrx_word' id='word_1_585' title='bbox 2597 3513 2717 3581; x_wconf 87' lang='lat' dir='ltr'><strong>ejus</strong></span> <span class='ocrx_word' id='word_1_586' title='bbox 2763 3512 2976 3567; x_wconf 88' lang='lat' dir='ltr'><strong>dicendi</strong></span> <span class='ocrx_word' id='word_1_587' title='bbox 3025 3514 3132 3566; x_wconf 87' lang='lat' dir='ltr'><strong>vim</strong></span> <span class='ocrx_word' id='word_1_588' title='bbox 3177 3511 3585 3582; x_wconf 71' lang='lat' dir='ltr'><strong>formidantes,</strong></span> 
     </span>
    </p>
   </div>
   <div class='ocr_carea' id='block_1_82' title="bbox 2000 3602 3571 3672">
    <p class='ocr_par' dir='ltr' id='par_1_82' title="bbox 2000 3602 3571 3672">
     <span class='ocr_line' id='line_1_82' title="bbox 2000 3602 3571 3672; baseline -0.002 -14"><span class='ocrx_word' id='word_1_589' title='bbox 2000 3606 2315 3659; x_wconf 90' lang='lat' dir='ltr'><strong>indecorum</strong></span> <span class='ocrx_word' id='word_1_590' title='bbox 2343 3618 2465 3658; x_wconf 90' lang='lat' dir='ltr'><strong>esse</strong></span> <span class='ocrx_word' id='word_1_591' title='bbox 2496 3602 2752 3658; x_wconf 81' lang='lat' dir='ltr'><strong>dixerunt</strong></span> <span class='ocrx_word' id='word_1_592' title='bbox 2793 3612 2851 3656; x_wconf 93' lang='lat' dir='ltr'><strong>ut</strong></span> <span class='ocrx_word' id='word_1_593' title='bbox 2884 3602 3125 3672; x_wconf 85' lang='lat' dir='ltr'><strong>episcopi</strong></span> <span class='ocrx_word' id='word_1_594' title='bbox 3177 3603 3248 3656; x_wconf 92' lang='lat' dir='ltr'><strong>de</strong></span> <span class='ocrx_word' id='word_1_595' title='bbox 3300 3602 3571 3672; x_wconf 74' lang='lat' dir='ltr'><strong>dogmati—</strong></span> 
     </span>
    </p>
   </div>
   <div class='ocr_carea' id='block_1_83' title="bbox 2000 3693 3574 3751">
    <p class='ocr_par' dir='ltr' id='par_1_83' title="bbox 2000 3693 3574 3751">
     <span class='ocr_line' id='line_1_83' title="bbox 2000 3693 3574 3751; baseline -0.001 0"><span class='ocrx_word' id='word_1_596' title='bbox 2000 3698 2100 3751; x_wconf 90' lang='lat' dir='ltr'><strong>bus</strong></span> <span class='ocrx_word' id='word_1_597' title='bbox 2131 3695 2254 3750; x_wconf 83' lang='lat' dir='ltr'><strong>ﬁdei</strong></span> <span class='ocrx_word' id='word_1_598' title='bbox 2286 3710 2410 3748; x_wconf 90' lang='lat' dir='ltr'><strong>cum</strong></span> <span class='ocrx_word' id='word_1_599' title='bbox 2448 3694 2682 3748; x_wconf 88' lang='lat' dir='ltr'><strong>diacono</strong></span> <span class='ocrx_word' id='word_1_600' title='bbox 2713 3703 3005 3748; x_wconf 88' lang='lat' dir='ltr'><strong>certarent.</strong></span> <span class='ocrx_word' id='word_1_601' title='bbox 3039 3693 3146 3748; x_wconf 90' lang='lat' dir='ltr'><strong>Sed</strong></span> <span class='ocrx_word' id='word_1_602' title='bbox 3183 3709 3306 3748; x_wconf 95' lang='lat' dir='ltr'><strong>cum</strong></span> <span class='ocrx_word' id='word_1_603' title='bbox 3336 3694 3574 3750; x_wconf 72' lang='lat' dir='ltr'><strong>adversa:</strong></span> 
     </span>
    </p>
   </div>
   <div class='ocr_carea' id='block_1_84' title="bbox 2001 3785 3576 3857">
    <p class='ocr_par' dir='ltr' id='par_1_84' title="bbox 2001 3785 3576 3857">
     <span class='ocr_line' id='line_1_84' title="bbox 2001 3785 3576 3857; baseline -0.001 -16"><span class='ocrx_word' id='word_1_604' title='bbox 2001 3789 2166 3857; x_wconf 78' lang='lat' dir='ltr'><strong>partis</strong></span> <span class='ocrx_word' id='word_1_605' title='bbox 2231 3785 2502 3840; x_wconf 88' lang='lat' dir='ltr'><strong>antistites</strong></span> <span class='ocrx_word' id='word_1_606' title='bbox 2557 3785 2971 3849; x_wconf 87' lang='lat' dir='ltr'><strong>reclamassent,</strong></span> <span class='ocrx_word' id='word_1_607' title='bbox 3036 3800 3146 3839; x_wconf 88' lang='lat' dir='ltr'><strong>non</strong></span> <span class='ocrx_word' id='word_1_608' title='bbox 3199 3786 3266 3840; x_wconf 88' lang='lat' dir='ltr'><strong>de</strong></span> <span class='ocrx_word' id='word_1_609' title='bbox 3311 3785 3576 3856; x_wconf 76' lang='lat' dir='ltr'><strong>dignitate</strong></span> 
     </span>
    </p>
   </div>
   <div class='ocr_carea' id='block_1_85' title="bbox 2004 3874 3574 3946">
    <p class='ocr_par' dir='ltr' id='par_1_85' title="bbox 2004 3874 3574 3946">
     <span class='ocr_line' id='line_1_85' title="bbox 2004 3874 3574 3946; baseline 0.001 -16"><span class='ocrx_word' id='word_1_610' title='bbox 2004 3893 2240 3946; x_wconf 68' lang='lat' dir='ltr'><strong>praasens</strong></span> <span class='ocrx_word' id='word_1_611' title='bbox 2275 3874 2572 3944; x_wconf 85' lang='lat' dir='ltr'><strong>judicium,</strong></span> <span class='ocrx_word' id='word_1_612' title='bbox 2615 3874 2708 3928; x_wconf 90' lang='lat' dir='ltr'><strong>sed</strong></span> <span class='ocrx_word' id='word_1_613' title='bbox 2749 3875 2999 3928; x_wconf 84' lang='lat' dir='ltr'><strong>veritatis</strong></span> <span class='ocrx_word' id='word_1_614' title='bbox 3032 3874 3369 3944; x_wconf 64' lang='lat' dir='ltr'><strong>inquirenda:</strong></span> <span class='ocrx_word' id='word_1_615' title='bbox 3409 3892 3574 3931; x_wconf 78' lang='lat' dir='ltr'><strong>causa</strong></span> 
     </span>
    </p>
   </div>
   <div class='ocr_carea' id='block_1_86' title="bbox 2003 3965 3574 4030">
    <p class='ocr_par' dir='ltr' id='par_1_86' title="bbox 2003 3965 3574 4030">
     <span class='ocr_line' id='line_1_86' title="bbox 2003 3965 3574 4030; baseline -0.001 -8"><span class='ocrx_word' id='word_1_616' title='bbox 2003 3969 2312 4024; x_wconf 88' lang='lat' dir='ltr'><strong>institutum</strong></span> <span class='ocrx_word' id='word_1_617' title='bbox 2363 3982 2484 4023; x_wconf 86' lang='lat' dir='ltr'><strong>esse</strong></span> <span class='ocrx_word' id='word_1_618' title='bbox 2531 3966 2778 4021; x_wconf 81' lang='lat' dir='ltr'><strong>dicentes</strong></span> <span class='ocrx_word' id='word_1_619' title='bbox 2801 4005 2816 4030; x_wconf 90' lang='lat'><strong>,</strong></span> <span class='ocrx_word' id='word_1_620' title='bbox 2857 3965 3091 4022; x_wconf 85' lang='lat' dir='ltr'><strong>Basilius</strong></span> <span class='ocrx_word' id='word_1_621' title='bbox 3126 3966 3250 4020; x_wconf 89' lang='lat' dir='ltr'><strong>licet</strong></span> <span class='ocrx_word' id='word_1_622' title='bbox 3285 3968 3491 4022; x_wconf 89' lang='lat' dir='ltr'><strong>invitus</strong></span> <span class='ocrx_word' id='word_1_623' title='bbox 3519 3969 3574 4021; x_wconf 89' lang='lat' dir='ltr'><strong>in</strong></span> 
     </span>
    </p>
   </div>
   <div class='ocr_carea' id='block_1_87' title="bbox 2003 4058 3572 4128">
    <p class='ocr_par' dir='ltr' id='par_1_87' title="bbox 2003 4058 3572 4128">
     <span class='ocr_line' id='line_1_87' title="bbox 2003 4058 3572 4128; baseline -0.001 -14"><span class='ocrx_word' id='word_1_624' title='bbox 2003 4069 2279 4114; x_wconf 88' lang='lat' dir='ltr'><strong>certamen</strong></span> <span class='ocrx_word' id='word_1_625' title='bbox 2305 4058 2620 4125; x_wconf 87' lang='lat' dir='ltr'><strong>descendit;</strong></span> <span class='ocrx_word' id='word_1_626' title='bbox 2652 4066 2707 4113; x_wconf 90' lang='lat' dir='ltr'><strong>et</strong></span> <span class='ocrx_word' id='word_1_627' title='bbox 2734 4059 3193 4128; x_wconf 87' lang='lat' dir='ltr'><strong>quemadmodum</strong></span> <span class='ocrx_word' id='word_1_628' title='bbox 3230 4059 3330 4112; x_wconf 87' lang='lat' dir='ltr'><strong>iste</strong></span> <span class='ocrx_word' id='word_1_629' title='bbox 3362 4059 3572 4121; x_wconf 89' lang='lat' dir='ltr'><strong>scribit,</strong></span> 
     </span>
    </p>
   </div>
   <div class='ocr_carea' id='block_1_88' title="bbox 2003 4148 3574 4219">
    <p class='ocr_par' dir='ltr' id='par_1_88' title="bbox 2003 4148 3574 4219">
     <span class='ocr_line' id='line_1_88' title="bbox 2003 4148 3574 4219; baseline -0.001 -14"><span class='ocrx_word' id='word_1_630' title='bbox 2003 4151 2071 4205; x_wconf 91' lang='lat' dir='ltr'><strong>ab</strong></span> <span class='ocrx_word' id='word_1_631' title='bbox 2103 4151 2242 4206; x_wconf 87' lang='lat' dir='ltr'><strong>Aetii</strong></span> <span class='ocrx_word' id='word_1_632' title='bbox 2284 4150 2468 4219; x_wconf 76' lang='lat' dir='ltr'><strong>lingua</strong></span> <span class='ocrx_word' id='word_1_633' title='bbox 2517 4149 2733 4219; x_wconf 88' lang='lat' dir='ltr'><strong>penitus</strong></span> <span class='ocrx_word' id='word_1_634' title='bbox 2784 4148 3030 4202; x_wconf 90' lang='lat' dir='ltr'><strong>devictus</strong></span> <span class='ocrx_word' id='word_1_635' title='bbox 3061 4157 3143 4203; x_wconf 88' lang='lat' dir='ltr'><strong>est</strong></span> <span class='ocrx_word' id='word_1_636' title='bbox 3165 4189 3178 4210; x_wconf 88' lang='lat'><strong>,</strong></span> <span class='ocrx_word' id='word_1_637' title='bbox 3212 4151 3348 4204; x_wconf 83' lang='lat' dir='ltr'><strong>adeo</strong></span> <span class='ocrx_word' id='word_1_638' title='bbox 3382 4159 3574 4205; x_wconf 88' lang='lat' dir='ltr'><strong>utnon</strong></span> 
     </span>
    </p>
   </div>
   <div class='ocr_carea' id='block_1_89' title="bbox 2004 4238 3578 4309">
    <p class='ocr_par' dir='ltr' id='par_1_89' title="bbox 2004 4238 3578 4309">
     <span class='ocr_line' id='line_1_89' title="bbox 2004 4238 3578 4309; baseline -0.002 -12"><span class='ocrx_word' id='word_1_639' title='bbox 2004 4244 2184 4298; x_wconf 89' lang='lat' dir='ltr'><strong>solum</strong></span> <span class='ocrx_word' id='word_1_640' title='bbox 2220 4239 2508 4296; x_wconf 75' lang='lat' dir='ltr'><strong>confessus</strong></span> <span class='ocrx_word' id='word_1_641' title='bbox 2532 4239 2716 4303; x_wconf 82' lang='lat' dir='ltr'><strong>fuerit,</strong></span> <span class='ocrx_word' id='word_1_642' title='bbox 2754 4239 3115 4293; x_wconf 87' lang='lat' dir='ltr'><strong>substantiam</strong></span> <span class='ocrx_word' id='word_1_643' title='bbox 3152 4239 3316 4309; x_wconf 75' lang='lat' dir='ltr'><strong>geniti</strong></span> <span class='ocrx_word' id='word_1_644' title='bbox 3356 4238 3578 4295; x_wconf 75' lang='lat' dir='ltr'><strong>differre</strong></span> 
     </span>
    </p>
   </div>
   <div class='ocr_carea' id='block_1_90' title="bbox 2006 4328 3575 4399">
    <p class='ocr_par' dir='ltr' id='par_1_90' title="bbox 2006 4328 3575 4399">
     <span class='ocr_line' id='line_1_90' title="bbox 2006 4328 3575 4399; baseline -0.002 -12"><span class='ocrx_word' id='word_1_645' title='bbox 2006 4349 2036 4387; x_wconf 88' lang='lat' dir='ltr'><strong>a</strong></span> <span class='ocrx_word' id='word_1_646' title='bbox 2078 4333 2381 4388; x_wconf 88' lang='lat' dir='ltr'><strong>substantia</strong></span> <span class='ocrx_word' id='word_1_647' title='bbox 2419 4331 2719 4399; x_wconf 67' lang='lat' dir='ltr'><strong>genitoris,</strong></span> <span class='ocrx_word' id='word_1_648' title='bbox 2775 4345 2877 4384; x_wconf 88' lang='lat' dir='ltr'><strong>nec</strong></span> <span class='ocrx_word' id='word_1_649' title='bbox 2921 4328 3027 4384; x_wconf 81' lang='lat' dir='ltr'><strong>ulla</strong></span> <span class='ocrx_word' id='word_1_650' title='bbox 3066 4330 3118 4384; x_wconf 91' lang='lat' dir='ltr'><strong>in</strong></span> <span class='ocrx_word' id='word_1_651' title='bbox 3157 4346 3214 4385; x_wconf 91' lang='lat' dir='ltr'><strong>re</strong></span> <span class='ocrx_word' id='word_1_652' title='bbox 3252 4334 3575 4395; x_wconf 87' lang='lat' dir='ltr'><strong>convenire,</strong></span> 
     </span>
    </p>
   </div>
   <div class='ocr_carea' id='block_1_91' title="bbox 2005 4421 3578 4492">
    <p class='ocr_par' dir='ltr' id='par_1_91' title="bbox 2005 4421 3578 4492">
     <span class='ocr_line' id='line_1_91' title="bbox 2005 4421 3578 4492; baseline -0.001 -15"><span class='ocrx_word' id='word_1_653' title='bbox 2005 4440 2193 4478; x_wconf 90' lang='lat' dir='ltr'><strong>verum</strong></span> <span class='ocrx_word' id='word_1_654' title='bbox 2227 4423 2388 4477; x_wconf 88' lang='lat' dir='ltr'><strong>etiam</strong></span> <span class='ocrx_word' id='word_1_655' title='bbox 2432 4421 2664 4492; x_wconf 84' lang='lat' dir='ltr'><strong>propriae</strong></span> <span class='ocrx_word' id='word_1_656' title='bbox 2717 4435 2912 4476; x_wconf 89' lang='lat' dir='ltr'><strong>manus</strong></span> <span class='ocrx_word' id='word_1_657' title='bbox 2952 4421 3388 4491; x_wconf 88' lang='lat' dir='ltr'><strong>subscriptione,</strong></span> <span class='ocrx_word' id='word_1_658' title='bbox 3438 4424 3578 4478; x_wconf 85' lang='lat' dir='ltr'><strong>sicut</strong></span> 
     </span>
    </p>
   </div>
   <div class='ocr_carea' id='block_1_92' title="bbox 336 4511 1894 4594">
    <p class='ocr_par' dir='ltr' id='par_1_92' title="bbox 336 4517 1894 4594">
     <span class='ocr_line' id='line_1_92' title="bbox 336 4517 1894 4594; baseline -0.006 -16"><span class='ocrx_word' id='word_1_659' title='bbox 336 4525 560 4580; x_wconf 79' lang='grc' dir='ltr'>Ἀέτιον.</span> <span class='ocrx_word' id='word_1_660' title='bbox 605 4525 663 4579; x_wconf 91' lang='lat'><strong>&#39;0</strong></span> <span class='ocrx_word' id='word_1_661' title='bbox 703 4524 789 4589; x_wconf 77' lang='grc' dir='ltr'><strong>δὲ,</strong></span> <span class='ocrx_word' id='word_1_662' title='bbox 832 4525 919 4589; x_wconf 86' lang='grc' dir='ltr'>Ὠς</span> <span class='ocrx_word' id='word_1_663' title='bbox 942 4523 1221 4594; x_wconf 82' lang='grc' dir='ltr'>ἀνόμοιον,</span> <span class='ocrx_word' id='word_1_664' title='bbox 1269 4521 1406 4590; x_wconf 76' lang='grc' dir='ltr'>ἔφη,</span> <span class='ocrx_word' id='word_1_665' title='bbox 1457 4519 1535 4590; x_wconf 83' lang='grc' dir='ltr'>τῷ</span> <span class='ocrx_word' id='word_1_666' title='bbox 1587 4518 1762 4588; x_wconf 75' lang='grc' dir='ltr'>Πατρὶ</span> <span class='ocrx_word' id='word_1_667' title='bbox 1811 4517 1894 4570; x_wconf 67' lang='grc' dir='ltr'><strong>τὸν</strong></span> 
     </span>
    </p>
   </div>
   <div class='ocr_carea' id='block_1_93' title="bbox 1996 4511 3579 4594">
    <p class='ocr_par' dir='ltr' id='par_1_93' title="bbox 2006 4511 3579 4583">
     <span class='ocr_line' id='line_1_93' title="bbox 2006 4511 3579 4583; baseline 0 -15"><span class='ocrx_word' id='word_1_668' title='bbox 2006 4516 2194 4570; x_wconf 86' lang='lat' dir='ltr'><strong>Aetius</strong></span> <span class='ocrx_word' id='word_1_669' title='bbox 2247 4515 2636 4583; x_wconf 84' lang='lat' dir='ltr'><strong>postulaverat,</strong></span> <span class='ocrx_word' id='word_1_670' title='bbox 2693 4511 3096 4567; x_wconf 88' lang='lat' dir='ltr'><strong>confessionem</strong></span> <span class='ocrx_word' id='word_1_671' title='bbox 3142 4527 3296 4566; x_wconf 89' lang='lat' dir='ltr'><strong>suam</strong></span> <span class='ocrx_word' id='word_1_672' title='bbox 3328 4511 3579 4568; x_wconf 78' lang='lat' dir='ltr'><strong>ﬁrmave-</strong></span> 
     </span>
    </p>
   </div>
   <div class='ocr_carea' id='block_1_94' title="bbox 325 4609 1898 4687">
    <p class='ocr_par' dir='ltr' id='par_1_94' title="bbox 325 4609 1898 4687">
     <span class='ocr_line' id='line_1_94' title="bbox 325 4609 1898 4687; baseline -0.004 -20"><span class='ocrx_word' id='word_1_673' title='bbox 325 4614 452 4669; x_wconf 82' lang='grc' dir='ltr'>Υίδν</span> <span class='ocrx_word' id='word_1_674' title='bbox 474 4617 796 4687; x_wconf 78' lang='grc' dir='ltr'>εἰσηγεῖται.</span> <span class='ocrx_word' id='word_1_675' title='bbox 832 4612 1190 4684; x_wconf 78' lang='grc' dir='ltr'>Ἀμείψασθαι</span> <span class='ocrx_word' id='word_1_676' title='bbox 1221 4613 1276 4666; x_wconf 86' lang='grc' dir='ltr'>δὲ</span> <span class='ocrx_word' id='word_1_677' title='bbox 1307 4612 1444 4684; x_wconf 83' lang='grc' dir='ltr'>πρὸς</span> <span class='ocrx_word' id='word_1_678' title='bbox 1467 4612 1642 4666; x_wconf 82' lang='grc' dir='ltr'>ταῦτα</span> <span class='ocrx_word' id='word_1_679' title='bbox 1669 4611 1760 4663; x_wconf 76' lang='grc' dir='ltr'><strong>τὸν</strong></span> <span class='ocrx_word' id='word_1_680' title='bbox 1781 4609 1898 4662; x_wconf 85' lang='grc' dir='ltr'><strong>Ἀέ-</strong></span> 
     </span>
    </p>
   </div>
   <div class='ocr_carea' id='block_1_95' title="bbox 324 4703 1898 4777">
    <p class='ocr_par' dir='ltr' id='par_1_95' title="bbox 324 4703 1898 4777">
     <span class='ocr_line' id='line_1_95' title="bbox 324 4703 1898 4777; baseline -0.003 -18"><span class='ocrx_word' id='word_1_681' title='bbox 324 4723 436 4760; x_wconf 90' lang='grc' dir='ltr'>τιον</span> <span class='ocrx_word' id='word_1_682' title='bbox 460 4724 475 4738; x_wconf 86' lang='grc'><strong>·</strong></span> <span class='ocrx_word' id='word_1_683' title='bbox 528 4706 781 4761; x_wconf 80' lang='grc' dir='ltr'>τοσοῦτον</span> <span class='ocrx_word' id='word_1_684' title='bbox 820 4707 990 4760; x_wconf 87' lang='grc' dir='ltr'>ἐνδεῖν</span> <span class='ocrx_word' id='word_1_685' title='bbox 1025 4705 1102 4776; x_wconf 84' lang='grc' dir='ltr'>τῷ</span> <span class='ocrx_word' id='word_1_686' title='bbox 1145 4706 1320 4777; x_wconf 76' lang='grc' dir='ltr'>Πατρὶ</span> <span class='ocrx_word' id='word_1_687' title='bbox 1357 4706 1449 4758; x_wconf 84' lang='grc' dir='ltr'><strong>τὸν</strong></span> <span class='ocrx_word' id='word_1_688' title='bbox 1484 4704 1611 4758; x_wconf 86' lang='grc' dir='ltr'>Υίὸν</span> <span class='ocrx_word' id='word_1_689' title='bbox 1633 4703 1898 4772; x_wconf 86' lang='grc' dir='ltr'>-ἁνόμοιον</span> 
     </span>
    </p>
   </div>
   <div class='ocr_carea' id='block_1_96' title="bbox 2006 4602 3576 4673">
    <p class='ocr_par' dir='ltr' id='par_1_96' title="bbox 2006 4602 3576 4673">
     <span class='ocr_line' id='line_1_96' title="bbox 2006 4602 3576 4673; baseline -0.003 -11"><span class='ocrx_word' id='word_1_690' title='bbox 2006 4609 2095 4662; x_wconf 90' lang='lat' dir='ltr'><strong>rit.</strong></span> <span class='ocrx_word' id='word_1_691' title='bbox 2128 4605 2259 4673; x_wconf 64' lang='lat' dir='ltr'><strong>Quae</strong></span> <span class='ocrx_word' id='word_1_692' title='bbox 2290 4621 2414 4658; x_wconf 90' lang='lat' dir='ltr'><strong>cum</strong></span> <span class='ocrx_word' id='word_1_693' title='bbox 2454 4602 2737 4658; x_wconf 87' lang='lat' dir='ltr'><strong>didicisset</strong></span> <span class='ocrx_word' id='word_1_694' title='bbox 2773 4603 3100 4672; x_wconf 86' lang='lat' dir='ltr'><strong>imperator,</strong></span> <span class='ocrx_word' id='word_1_695' title='bbox 3141 4611 3195 4656; x_wconf 89' lang='lat' dir='ltr'><strong>et</strong></span> <span class='ocrx_word' id='word_1_696' title='bbox 3241 4603 3576 4658; x_wconf 80' lang='lat' dir='ltr'><strong>calumniam</strong></span> 
     </span>
    </p>
   </div>
   <div class='ocr_carea' id='block_1_97' title="bbox 2008 4691 3576 4768">
    <p class='ocr_par' dir='ltr' id='par_1_97' title="bbox 2008 4691 3576 4768">
     <span class='ocr_line' id='line_1_97' title="bbox 2008 4691 3576 4768; baseline -0.003 -15"><span class='ocrx_word' id='word_1_697' title='bbox 2008 4715 2170 4768; x_wconf 89' lang='lat' dir='ltr'><strong>quam</strong></span> <span class='ocrx_word' id='word_1_698' title='bbox 2203 4697 2436 4752; x_wconf 84' lang='lat' dir='ltr'><strong>Basilius</strong></span> <span class='ocrx_word' id='word_1_699' title='bbox 2471 4695 2526 4748; x_wconf 90' lang='lat' dir='ltr'><strong>in</strong></span> <span class='ocrx_word' id='word_1_700' title='bbox 2558 4692 2774 4748; x_wconf 82' lang='lat' dir='ltr'><strong>Aetium</strong></span> <span class='ocrx_word' id='word_1_701' title='bbox 2802 4693 3161 4759; x_wconf 74' lang='lat' dir='ltr'><strong>conﬂuxerat,</strong></span> <span class='ocrx_word' id='word_1_702' title='bbox 3190 4691 3371 4748; x_wconf 91' lang='lat' dir='ltr'><strong>adhuc</strong></span> <span class='ocrx_word' id='word_1_703' title='bbox 3397 4694 3576 4764; x_wconf 79' lang='lat' dir='ltr'><strong>vigen-</strong></span> 
     </span>
    </p>
   </div>
   <div class='ocr_carea' id='block_1_98' title="bbox 1553 4824 2336 4874">
    <p class='ocr_par' dir='ltr' id='par_1_98' title="bbox 1553 4824 2336 4874">
     <span class='ocr_line' id='line_1_98' title="bbox 1553 4824 2336 4874; baseline -0.005 -2"><span class='ocrx_word' id='word_1_704' title='bbox 1553 4829 1794 4874; x_wconf 80' lang='lat' dir='ltr'><strong>VALESII</strong></span> <span class='ocrx_word' id='word_1_705' title='bbox 1836 4824 2336 4872; x_wconf 81' lang='lat' dir='ltr'><strong>ANNOTATIONES.</strong></span> 
     </span>
    </p>
   </div>
   <div class='ocr_carea' id='block_1_99' title="bbox 398 4941 1898 5020">
    <p class='ocr_par' dir='ltr' id='par_1_99' title="bbox 398 4941 1898 5020">
     <span class='ocr_line' id='line_1_99' title="bbox 398 4941 1898 5020; baseline -0.009 -16"><span class='ocrx_word' id='word_1_706' title='bbox 398 4949 511 5019; x_wconf 67' lang='lat'><strong>(2|)</strong></span> <span class='ocrx_word' id='word_1_707' title='bbox 556 4947 641 5014; x_wconf 85' lang='grc' dir='ltr'><strong>Τῷ</strong></span> <span class='ocrx_word' id='word_1_708' title='bbox 685 4947 753 5020; x_wconf 67' lang='grc' dir='ltr'>δὲ</span> <span class='ocrx_word' id='word_1_709' title='bbox 801 4945 1193 5020; x_wconf 25' lang='grc' dir='ltr'>τῆςῌγνὼμης</span> <span class='ocrx_word' id='word_1_710' title='bbox 1219 4943 1494 5020; x_wconf 38' lang='grc' dir='ltr'>-ᾀθαρςεῖ,</span> <span class='ocrx_word' id='word_1_711' title='bbox 1532 4941 1898 5020; x_wconf 49' lang='lat' dir='ltr'><strong>lgnaviamﬁac</strong></span> 
     </span>
    </p>
   </div>
   <div class='ocr_carea' id='block_1_100' title="bbox 329 5008 1900 5085">
    <p class='ocr_par' dir='ltr' id='par_1_100' title="bbox 329 5008 1900 5085">
     <span class='ocr_line' id='line_1_100' title="bbox 329 5008 1900 5085; baseline -0.008 -12"><span class='ocrx_word' id='word_1_712' title='bbox 329 5008 672 5073; x_wconf 77' lang='lat' dir='ltr'><strong>timiditatem</strong></span> <span class='ocrx_word' id='word_1_713' title='bbox 695 5008 902 5072; x_wconf 64' lang='lat' dir='ltr'><strong>Basilio</strong></span> <span class='ocrx_word' id='word_1_714' title='bbox 917 5008 1108 5085; x_wconf 72' lang='lat' dir='ltr'><strong>Magno</strong></span> <span class='ocrx_word' id='word_1_715' title='bbox 1143 5008 1348 5084; x_wconf 60' lang='lat' dir='ltr'><strong>objicit</strong></span> <span class='ocrx_word' id='word_1_716' title='bbox 1381 5008 1777 5080; x_wconf 74' lang='lat' dir='ltr'><strong>Philostorgius</strong></span> <span class='ocrx_word' id='word_1_717' title='bbox 1801 5008 1900 5061; x_wconf 88' lang='lat' dir='ltr'><strong>Eu-</strong></span> 
     </span>
    </p>
   </div>
   <div class='ocr_carea' id='block_1_101' title="bbox 332 5086 1894 5142">
    <p class='ocr_par' dir='ltr' id='par_1_101' title="bbox 332 5086 1894 5142">
     <span class='ocr_line' id='line_1_101' title="bbox 332 5086 1894 5142; baseline -0.007 0"><span class='ocrx_word' id='word_1_718' title='bbox 332 5087 713 5142; x_wconf 74' lang='lat' dir='ltr'><strong>n‘omianuan</strong></span> <span class='ocrx_word' id='word_1_719' title='bbox 743 5089 845 5142; x_wconf 93' lang='lat' dir='ltr'><strong>hoc</strong></span> <span class='ocrx_word' id='word_1_720' title='bbox 884 5087 1208 5141; x_wconf 85' lang='lat' dir='ltr'><strong>Eunomium</strong></span> <span class='ocrx_word' id='word_1_721' title='bbox 1236 5086 1427 5140; x_wconf 86' lang='lat' dir='ltr'><strong>ducem</strong></span> <span class='ocrx_word' id='word_1_722' title='bbox 1458 5097 1618 5136; x_wconf 90' lang='lat' dir='ltr'><strong>suum</strong></span> <span class='ocrx_word' id='word_1_723' title='bbox 1653 5086 1894 5140; x_wconf 88' lang='lat' dir='ltr'><strong>secutus,</strong></span> 
     </span>
    </p>
   </div>
   <div class='ocr_carea' id='block_1_102' title="bbox 331 5156 1897 5224">
    <p class='ocr_par' dir='ltr' id='par_1_102' title="bbox 331 5156 1897 5224">
     <span class='ocr_line' id='line_1_102' title="bbox 331 5156 1897 5224; baseline -0.008 -13"><span class='ocrx_word' id='word_1_724' title='bbox 331 5161 422 5224; x_wconf 91' lang='lat' dir='ltr'><strong>qui</strong></span> <span class='ocrx_word' id='word_1_725' title='bbox 463 5159 603 5213; x_wconf 88' lang='lat' dir='ltr'><strong>idem</strong></span> <span class='ocrx_word' id='word_1_726' title='bbox 645 5158 833 5211; x_wconf 87' lang='lat' dir='ltr'><strong>vitium</strong></span> <span class='ocrx_word' id='word_1_727' title='bbox 859 5156 1062 5211; x_wconf 83' lang='lat' dir='ltr'><strong>Basilio</strong></span> <span class='ocrx_word' id='word_1_728' title='bbox 1091 5156 1540 5224; x_wconf 74' lang='lat' dir='ltr'><strong>exprobraverat,</strong></span> <span class='ocrx_word' id='word_1_729' title='bbox 1576 5159 1634 5202; x_wconf 91' lang='lat' dir='ltr'><strong>ut</strong></span> <span class='ocrx_word' id='word_1_730' title='bbox 1665 5157 1897 5224; x_wconf 52' lang='lat' dir='ltr'><strong>testatur</strong></span> 
     </span>
    </p>
   </div>
   <div class='ocr_carea' id='block_1_103' title="bbox 379 5217 1896 5298">
    <p class='ocr_par' dir='ltr' id='par_1_103' title="bbox 379 5217 1896 5298">
     <span class='ocr_line' id='line_1_103' title="bbox 379 5217 1896 5298; baseline -0.009 -17"><span class='ocrx_word' id='word_1_731' title='bbox 379 5228 625 5297; x_wconf 73' lang='lat' dir='ltr'><strong>regorius</strong></span> <span class='ocrx_word' id='word_1_732' title='bbox 652 5225 930 5298; x_wconf 76' lang='lat' dir='ltr'><strong>Nyssenus</strong></span> <span class='ocrx_word' id='word_1_733' title='bbox 963 5227 1015 5280; x_wconf 87' lang='lat' dir='ltr'><strong>in</strong></span> <span class='ocrx_word' id='word_1_734' title='bbox 1056 5217 1195 5298; x_wconf 67' lang='lat' dir='ltr'><strong>libro</strong></span> <span class='ocrx_word' id='word_1_735' title='bbox 1224 5225 1402 5293; x_wconf 89' lang='lat' dir='ltr'><strong>primo</strong></span> <span class='ocrx_word' id='word_1_736' title='bbox 1438 5221 1688 5274; x_wconf 81' lang='lat' dir='ltr'><strong>adversus</strong></span> <span class='ocrx_word' id='word_1_737' title='bbox 1724 5217 1896 5298; x_wconf 53' lang='lat' dir='ltr'><strong>Earco-</strong></span> 
     </span>
    </p>
   </div>
   <div class='ocr_carea' id='block_1_104' title="bbox 335 5293 1900 5368">
    <p class='ocr_par' dir='ltr' id='par_1_104' title="bbox 335 5293 1900 5368">
     <span class='ocr_line' id='line_1_104' title="bbox 335 5293 1900 5368; baseline -0.008 -18"><span class='ocrx_word' id='word_1_738' title='bbox 335 5293 522 5359; x_wconf 61' lang='lat' dir='ltr'><strong>miuin,</strong></span> <span class='ocrx_word' id='word_1_739' title='bbox 567 5293 850 5366; x_wconf 49' lang='lat' dir='ltr'><strong>pagf518.</strong></span> <span class='ocrx_word' id='word_1_740' title='bbox 887 5295 1081 5368; x_wconf 71' lang='lat' dir='ltr'><strong>Verum</strong></span> <span class='ocrx_word' id='word_1_741' title='bbox 1119 5293 1560 5368; x_wconf 85' lang='lat' dir='ltr'><strong>Nyss_enus_eam</strong></span> <span class='ocrx_word' id='word_1_742' title='bbox 1597 5293 1900 5368; x_wconf 71' lang='lat' dir='ltr'><strong>accusatio-</strong></span> 
     </span>
    </p>
   </div>
   <div class='ocr_carea' id='block_1_105' title="bbox 335 5358 1894 5435">
    <p class='ocr_par' dir='ltr' id='par_1_105' title="bbox 335 5358 1894 5435">
     <span class='ocr_line' id='line_1_105' title="bbox 335 5358 1894 5435; baseline -0.008 -17"><span class='ocrx_word' id='word_1_743' title='bbox 335 5381 451 5420; x_wconf 84' lang='lat' dir='ltr'><strong>nem</strong></span> <span class='ocrx_word' id='word_1_744' title='bbox 492 5358 764 5433; x_wconf 60' lang='lat' dir='ltr'><strong>eleganter</strong></span> <span class='ocrx_word' id='word_1_745' title='bbox 794 5382 858 5419; x_wconf 90' lang='lat' dir='ltr'><strong>ac</strong></span> <span class='ocrx_word' id='word_1_746' title='bbox 884 5367 1154 5420; x_wconf 89' lang='lat' dir='ltr'><strong>luculente</strong></span> <span class='ocrx_word' id='word_1_747' title='bbox 1170 5358 1385 5435; x_wconf 34' lang='lat' dir='ltr'><strong>irefutat</strong></span> <span class='ocrx_word' id='word_1_748' title='bbox 1417 5362 1468 5435; x_wconf 77' lang='lat' dir='ltr'><strong>in</strong></span> <span class='ocrx_word' id='word_1_749' title='bbox 1521 5358 1894 5435; x_wconf 46' lang='lat' dir='ltr'><strong>sequenﬂtibus.</strong></span> 
     </span>
    </p>
   </div>
   <div class='ocr_carea' id='block_1_106' title="bbox 401 5426 1900 5506">
    <p class='ocr_par' dir='ltr' id='par_1_106' title="bbox 401 5426 1900 5506">
     <span class='ocr_line' id='line_1_106' title="bbox 401 5426 1900 5506; baseline -0.009 -14"><span class='ocrx_word' id='word_1_750' title='bbox 401 5437 514 5506; x_wconf 72' lang='lat'><strong>(22)</strong></span> <span class='ocrx_word' id='word_1_751' title='bbox 567 5426 792 5501; x_wconf 67' lang='grc' dir='ltr'>Ταύτης</span> <span class='ocrx_word' id='word_1_752' title='bbox 838 5435 947 5503; x_wconf 87' lang='grc' dir='ltr'>τῆς</span> <span class='ocrx_word' id='word_1_753' title='bbox 1008 5433 1275 5488; x_wconf 77' lang='grc' dir='ltr'>συνόδου</span> <span class='ocrx_word' id='word_1_754' title='bbox 1328 5426 1653 5501; x_wconf 72' lang='grc' dir='ltr'>γράμματα.</span> <span class='ocrx_word' id='word_1_755' title='bbox 1710 5426 1900 5494; x_wconf 84' lang='lat' dir='ltr'><strong>Suspi-</strong></span> 
     </span>
    </p>
   </div>
   <div class='ocr_carea' id='block_1_107' title="bbox 2007 4929 3576 5001">
    <p class='ocr_par' dir='ltr' id='par_1_107' title="bbox 2007 4929 3576 5001">
     <span class='ocr_line' id='line_1_107' title="bbox 2007 4929 3576 5001; baseline -0.006 -9"><span class='ocrx_word' id='word_1_756' title='bbox 2007 4948 2160 4992; x_wconf 85' lang='lat' dir='ltr'><strong>catus</strong></span> <span class='ocrx_word' id='word_1_757' title='bbox 2221 4948 2343 4989; x_wconf 86' lang='lat' dir='ltr'><strong>sum</strong></span> <span class='ocrx_word' id='word_1_758' title='bbox 2401 4930 2695 5001; x_wconf 88' lang='lat' dir='ltr'><strong>aliquando</strong></span> <span class='ocrx_word' id='word_1_759' title='bbox 2746 4930 3093 4985; x_wconf 89' lang='lat' dir='ltr'><strong>scribendum</strong></span> <span class='ocrx_word' id='word_1_760' title='bbox 3142 4929 3229 4983; x_wconf 81' lang='lat' dir='ltr'><strong>hic</strong></span> <span class='ocrx_word' id='word_1_761' title='bbox 3265 4943 3388 4985; x_wconf 84' lang='lat' dir='ltr'><strong>esse</strong></span> <span class='ocrx_word' id='word_1_762' title='bbox 3432 4930 3576 4999; x_wconf 80' lang='grc' dir='ltr'>πρά-</span> 
     </span>
    </p>
   </div>
   <div class='ocr_carea' id='block_1_108' title="bbox 2006 5001 3577 5078">
    <p class='ocr_par' dir='ltr' id='par_1_108' title="bbox 2006 5001 3577 5078">
     <span class='ocr_line' id='line_1_108' title="bbox 2006 5001 3577 5078; baseline -0.004 -19"><span class='ocrx_word' id='word_1_763' title='bbox 2006 5022 2212 5078; x_wconf 87' lang='grc' dir='ltr'>γματα.</span> <span class='ocrx_word' id='word_1_764' title='bbox 2237 5003 2388 5078; x_wconf 78' lang='lat' dir='ltr'><strong>Ferri</strong></span> <span class='ocrx_word' id='word_1_765' title='bbox 2415 5013 2595 5056; x_wconf 89' lang='lat' dir='ltr'><strong>tamen</strong></span> <span class='ocrx_word' id='word_1_766' title='bbox 2621 5013 2798 5078; x_wconf 74' lang='lat' dir='ltr'><strong>potest</strong></span> <span class='ocrx_word' id='word_1_767' title='bbox 2826 5002 3039 5078; x_wconf 61' lang='lat' dir='ltr'><strong>vulgata</strong></span> <span class='ocrx_word' id='word_1_768' title='bbox 3061 5001 3360 5078; x_wconf 69' lang='lat' dir='ltr'><strong>scriptura,</strong></span> <span class='ocrx_word' id='word_1_769' title='bbox 3378 5001 3577 5078; x_wconf 84' lang='lat' dir='ltr'><strong>quippe</strong></span> 
     </span>
    </p>
   </div>
   <div class='ocr_carea' id='block_1_109' title="bbox 2005 5070 3580 5146">
    <p class='ocr_par' dir='ltr' id='par_1_109' title="bbox 2005 5070 3580 5146">
     <span class='ocr_line' id='line_1_109' title="bbox 2005 5070 3580 5146; baseline -0.007 -14"><span class='ocrx_word' id='word_1_770' title='bbox 2005 5070 2126 5146; x_wconf 67' lang='lat' dir='ltr'><strong>quae</strong></span> <span class='ocrx_word' id='word_1_771' title='bbox 2155 5075 2406 5129; x_wconf 87' lang='lat' dir='ltr'><strong>eumdem</strong></span> <span class='ocrx_word' id='word_1_772' title='bbox 2450 5087 2671 5146; x_wconf 80' lang='lat' dir='ltr'><strong>sensum</strong></span> <span class='ocrx_word' id='word_1_773' title='bbox 2711 5072 2889 5124; x_wconf 82' lang='lat' dir='ltr'><strong>habet.</strong></span> <span class='ocrx_word' id='word_1_774' title='bbox 2934 5070 3245 5146; x_wconf 74' lang='grc' dir='ltr'>Γράμματα</span> <span class='ocrx_word' id='word_1_775' title='bbox 3277 5070 3419 5121; x_wconf 88' lang='lat' dir='ltr'><strong>enim</strong></span> <span class='ocrx_word' id='word_1_776' title='bbox 3476 5070 3580 5122; x_wconf 78' lang='lat' dir='ltr'><strong>hoc</strong></span> 
     </span>
    </p>
   </div>
   <div class='ocr_carea' id='block_1_110' title="bbox 2007 5139 3579 5212">
    <p class='ocr_par' dir='ltr' id='par_1_110' title="bbox 2007 5139 3579 5212">
     <span class='ocr_line' id='line_1_110' title="bbox 2007 5139 3579 5212; baseline -0.008 -14"><span class='ocrx_word' id='word_1_777' title='bbox 2007 5139 2127 5200; x_wconf 77' lang='lat' dir='ltr'><strong>loco</strong></span> <span class='ocrx_word' id='word_1_778' title='bbox 2155 5161 2262 5198; x_wconf 90' lang='lat' dir='ltr'><strong>non</strong></span> <span class='ocrx_word' id='word_1_779' title='bbox 2291 5143 2548 5212; x_wconf 73' lang='lat' dir='ltr'><strong>epistolas</strong></span> <span class='ocrx_word' id='word_1_780' title='bbox 2584 5141 2869 5202; x_wconf 86' lang='lat' dir='ltr'><strong>duntaxat,</strong></span> <span class='ocrx_word' id='word_1_781' title='bbox 2906 5155 3105 5212; x_wconf 71' lang='lat' dir='ltr'><strong>verum</strong></span> <span class='ocrx_word' id='word_1_782' title='bbox 3141 5139 3300 5212; x_wconf 78' lang='lat' dir='ltr'><strong>etiam</strong></span> <span class='ocrx_word' id='word_1_783' title='bbox 3348 5146 3579 5212; x_wconf 65' lang='lat' dir='ltr'><strong>actate-</strong></span> 
     </span>
    </p>
   </div>
   <div class='ocr_carea' id='block_1_111' title="bbox 2005 5205 3580 5285">
    <p class='ocr_par' dir='ltr' id='par_1_111' title="bbox 2005 5205 3580 5285">
     <span class='ocr_line' id='line_1_111' title="bbox 2005 5205 3580 5285; baseline -0.008 -16"><span class='ocrx_word' id='word_1_784' title='bbox 2005 5216 2114 5269; x_wconf 92' lang='lat' dir='ltr'><strong>tius</strong></span> <span class='ocrx_word' id='word_1_785' title='bbox 2167 5205 2357 5285; x_wconf 85' lang='lat' dir='ltr'><strong>synodi</strong></span> <span class='ocrx_word' id='word_1_786' title='bbox 2402 5213 2719 5285; x_wconf 74' lang='lat' dir='ltr'><strong>designant.</strong></span> <span class='ocrx_word' id='word_1_787' title='bbox 2783 5213 2966 5285; x_wconf 83' lang='lat' dir='ltr'><strong>Certe_</strong></span> <span class='ocrx_word' id='word_1_788' title='bbox 2996 5209 3220 5285; x_wconf 73' lang='lat' dir='ltr'><strong>verbum</strong></span> <span class='ocrx_word' id='word_1_789' title='bbox 3257 5205 3580 5285; x_wconf 64' lang='grc' dir='ltr'>διατιθέμε-</span> 
     </span>
    </p>
   </div>
   <div class='ocr_carea' id='block_1_112' title="bbox 2004 5276 3448 5352">
    <p class='ocr_par' dir='ltr' id='par_1_112' title="bbox 2004 5276 3448 5352">
     <span class='ocr_line' id='line_1_112' title="bbox 2004 5276 3448 5352; baseline -0.006 -15"><span class='ocrx_word' id='word_1_790' title='bbox 2004 5301 2092 5349; x_wconf 91' lang='grc' dir='ltr'><strong>νος</strong></span> <span class='ocrx_word' id='word_1_791' title='bbox 2128 5276 2272 5352; x_wconf 78' lang='grc' dir='ltr'>(ιιιόιί</span> <span class='ocrx_word' id='word_1_792' title='bbox 2305 5276 2571 5351; x_wconf 43' lang='lat' dir='ltr'><strong>sequitur:</strong></span> <span class='ocrx_word' id='word_1_793' title='bbox 2595 5296 2710 5352; x_wconf 76' lang='lat' dir='ltr'><strong>non</strong></span> <span class='ocrx_word' id='word_1_794' title='bbox 2741 5277 2994 5352; x_wconf 47' lang='lat' dir='ltr'><strong>convenit</strong></span> <span class='ocrx_word' id='word_1_795' title='bbox 3025 5278 3156 5332; x_wconf 86' lang='lat' dir='ltr'><strong>solis</strong></span> <span class='ocrx_word' id='word_1_796' title='bbox 3187 5276 3448 5345; x_wconf 86' lang='lat' dir='ltr'><strong>epistolis.</strong></span> 
     </span>
    </p>
   </div>
   <div class='ocr_carea' id='block_1_113' title="bbox 2078 5347 2911 5423">
    <p class='ocr_par' dir='ltr' id='par_1_113' title="bbox 2078 5347 2911 5423">
     <span class='ocr_line' id='line_1_113' title="bbox 2078 5347 2911 5423; baseline -0.011 -16"><span class='ocrx_word' id='word_1_797' title='bbox 2078 5347 2188 5423; x_wconf 73' lang='grc'><strong>(25)</strong></span> <span class='ocrx_word' id='word_1_798' title='bbox 2225 5347 2562 5416; x_wconf 85' lang='lat' dir='ltr'><strong>Theodorit.,</strong></span> <span class='ocrx_word' id='word_1_799' title='bbox 2594 5351 2627 5403; x_wconf 90' lang='grc' dir='ltr'>Ι.</span> <span class='ocrx_word' id='word_1_800' title='bbox 2659 5363 2718 5411; x_wconf 89' lang='lat' dir='ltr'><strong>ll,</strong></span> <span class='ocrx_word' id='word_1_801' title='bbox 2749 5364 2796 5403; x_wconf 93' lang='lat' dir='ltr'><strong>c.</strong></span> <span class='ocrx_word' id='word_1_802' title='bbox 2824 5347 2911 5400; x_wconf 72' lang='lat'><strong>27.</strong></span> 
     </span>
    </p>
   </div>
   <div class='ocr_carea' id='block_1_114' title="bbox 1817 5545 2170 5592">
    <p class='ocr_par' dir='ltr' id='par_1_114' title="bbox 1817 5545 2170 5592">
     <span class='ocr_line' id='line_1_114' title="bbox 1817 5545 2170 5592; baseline -0.017 0"><span class='ocrx_word' id='word_1_803' title='bbox 1817 5550 1858 5591; x_wconf 83' lang='lat' dir='ltr'><strong>V</strong></span> <span class='ocrx_word' id='word_1_804' title='bbox 1867 5545 2150 5592; x_wconf 77' lang='lat' dir='ltr'><strong>ARIORUM</strong></span> <span class='ocrx_word' id='word_1_805' title='bbox 2160 5574 2170 5586; x_wconf 89' lang='lat'><strong>.</strong></span> 
     </span>
    </p>
   </div>
   <div class='ocr_carea' id='block_1_115' title="bbox 401 5665 1907 5751">
    <p class='ocr_par' dir='ltr' id='par_1_115' title="bbox 401 5665 1907 5751">
     <span class='ocr_line' id='line_1_115' title="bbox 401 5665 1907 5751; baseline -0.01 -18"><span class='ocrx_word' id='word_1_806' title='bbox 401 5682 478 5751; x_wconf 80' lang='lat' dir='ltr'><strong>(a)</strong></span> <span class='ocrx_word' id='word_1_807' title='bbox 527 5683 593 5733; x_wconf 82' lang='grc' dir='ltr'><strong>οι</strong></span> <span class='ocrx_word' id='word_1_808' title='bbox 634 5677 771 5745; x_wconf 75' lang='grc' dir='ltr'>περὶ</span> <span class='ocrx_word' id='word_1_809' title='bbox 802 5674 1144 5751; x_wconf 54' lang='grc' dir='ltr'>Βασίᾼειῳς.</span> <span class='ocrx_word' id='word_1_810' title='bbox 1189 5671 1304 5724; x_wconf 84' lang='lat' dir='ltr'><strong>Duo</strong></span> <span class='ocrx_word' id='word_1_811' title='bbox 1334 5666 1543 5751; x_wconf 41' lang='lat' dir='ltr'><strong>Basilii.</strong></span> <span class='ocrx_word' id='word_1_812' title='bbox 1572 5666 1625 5719; x_wconf 86' lang='lat' dir='ltr'><strong>in</strong></span> <span class='ocrx_word' id='word_1_813' title='bbox 1799 5677 1907 5751; x_wconf 47' lang='lat' dir='ltr'><strong>lfa-</strong></span> 
     </span>
    </p>
   </div>
   <div class='ocr_carea' id='block_1_116' title="bbox 331 5730 1908 5820">
    <p class='ocr_par' dir='ltr' id='par_1_116' title="bbox 331 5730 1908 5820">
     <span class='ocr_line' id='line_1_116' title="bbox 331 5730 1908 5820; baseline -0.012 -19"><span class='ocrx_word' id='word_1_814' title='bbox 331 5730 878 5820; x_wconf 50' lang='lat' dir='ltr'><strong>pite—nte—moraiitur;</strong></span> <span class='ocrx_word' id='word_1_815' title='bbox 907 5744 1034 5820; x_wconf 75' lang='lat' dir='ltr'><strong>scil.</strong></span> <span class='ocrx_word' id='word_1_816' title='bbox 1068 5741 1299 5820; x_wconf 56' lang='lat' dir='ltr'><strong>Magnus</strong></span> <span class='ocrx_word' id='word_1_817' title='bbox 1334 5741 1423 5794; x_wconf 89' lang='lat' dir='ltr'><strong>ille</strong></span> <span class='ocrx_word' id='word_1_818' title='bbox 1455 5737 1548 5806; x_wconf 87' lang='lat' dir='ltr'><strong>qui</strong></span> <span class='ocrx_word' id='word_1_819' title='bbox 1582 5748 1771 5820; x_wconf 63' lang='lat' dir='ltr'><strong>postea</strong></span> <span class='ocrx_word' id='word_1_820' title='bbox 1793 5730 1908 5820; x_wconf 53' lang='lat' dir='ltr'><strong>gae-</strong></span> 
     </span>
    </p>
   </div>
   <div class='ocr_carea' id='block_1_117' title="bbox 330 5807 1905 5888">
    <p class='ocr_par' dir='ltr' id='par_1_117' title="bbox 330 5807 1905 5888">
     <span class='ocr_line' id='line_1_117' title="bbox 330 5807 1905 5888; baseline -0.015 -12"><span class='ocrx_word' id='word_1_821' title='bbox 330 5807 497 5877; x_wconf 59' lang='lat' dir='ltr'><strong>Barcae</strong></span> <span class='ocrx_word' id='word_1_822' title='bbox 524 5821 578 5875; x_wconf 89' lang='lat' dir='ltr'><strong>in</strong></span> <span class='ocrx_word' id='word_1_823' title='bbox 607 5807 953 5888; x_wconf 42' lang='lat' dir='ltr'><strong>Cappado&#39;cia</strong></span> <span class='ocrx_word' id='word_1_824' title='bbox 978 5807 1204 5866; x_wconf 67' lang='lat' dir='ltr'><strong>antistes</strong></span> <span class='ocrx_word' id='word_1_825' title='bbox 1230 5809 1329 5864; x_wconf 86' lang='lat' dir='ltr'><strong>fuit</strong></span> <span class='ocrx_word' id='word_1_826' title='bbox 1351 5851 1364 5875; x_wconf 87' lang='lat'><strong>,</strong></span> <span class='ocrx_word' id='word_1_827' title='bbox 1397 5823 1538 5863; x_wconf 89' lang='lat' dir='ltr'><strong>nunc</strong></span> <span class='ocrx_word' id='word_1_828' title='bbox 1572 5819 1698 5859; x_wconf 87' lang='lat' dir='ltr'><strong>vero</strong></span> <span class='ocrx_word' id='word_1_829' title='bbox 1727 5807 1905 5857; x_wconf 69' lang='lat' dir='ltr'><strong>iliasu-</strong></span> 
     </span>
    </p>
   </div>
   <div class='ocr_carea' id='block_1_118' title="bbox 2009 5643 3577 5718">
    <p class='ocr_par' dir='ltr' id='par_1_118' title="bbox 2009 5643 3577 5718">
     <span class='ocr_line' id='line_1_118' title="bbox 2009 5643 3577 5718; baseline -0.006 -8"><span class='ocrx_word' id='word_1_830' title='bbox 2009 5673 2111 5711; x_wconf 84' lang='lat' dir='ltr'><strong>nus</strong></span> <span class='ocrx_word' id='word_1_831' title='bbox 2149 5670 2162 5707; x_wconf 90' lang='lat'><strong>:</strong></span> <span class='ocrx_word' id='word_1_832' title='bbox 2194 5663 2247 5707; x_wconf 90' lang='lat' dir='ltr'><strong>et</strong></span> <span class='ocrx_word' id='word_1_833' title='bbox 2273 5650 2509 5705; x_wconf 86' lang='lat' dir='ltr'><strong>Basilius</strong></span> <span class='ocrx_word' id='word_1_834' title='bbox 2543 5650 2766 5718; x_wconf 68' lang='lat' dir='ltr'><strong>Ancyra!</strong></span> <span class='ocrx_word' id='word_1_835' title='bbox 2805 5646 3122 5715; x_wconf 84' lang='lat' dir='ltr'><strong>episcopus.</strong></span> <span class='ocrx_word' id='word_1_836' title='bbox 3166 5643 3241 5699; x_wconf 85' lang='lat' dir='ltr'><strong>De</strong></span> <span class='ocrx_word' id='word_1_837' title='bbox 3274 5643 3373 5699; x_wconf 81' lang='lat' dir='ltr'><strong>hoc</strong></span> <span class='ocrx_word' id='word_1_838' title='bbox 3407 5654 3577 5714; x_wconf 78' lang='lat' dir='ltr'><strong>poste-</strong></span> 
     </span>
    </p>
   </div>
   <div class='ocr_carea' id='block_1_119' title="bbox 2009 5719 2603 5779">
    <p class='ocr_par' dir='ltr' id='par_1_119' title="bbox 2009 5719 2603 5779">
     <span class='ocr_line' id='line_1_119' title="bbox 2009 5719 2603 5779; baseline -0.012 0"><span class='ocrx_word' id='word_1_839' title='bbox 2009 5725 2138 5779; x_wconf 88' lang='lat' dir='ltr'><strong>riori</strong></span> <span class='ocrx_word' id='word_1_840' title='bbox 2165 5719 2259 5778; x_wconf 81' lang='lat' dir='ltr'><strong>hic</strong></span> <span class='ocrx_word' id='word_1_841' title='bbox 2289 5736 2473 5777; x_wconf 88' lang='lat' dir='ltr'><strong>sermo</strong></span> <span class='ocrx_word' id='word_1_842' title='bbox 2502 5731 2603 5774; x_wconf 87' lang='lat' dir='ltr'><strong>est.</strong></span> 
     </span>
    </p>
   </div>
  </div>
