4062 6332
502 392 612 449 521

1872 386 2365 449 PillLOSTORGll

3648 385 3758 445 528

505 516 614 563 tem
644 508 699 564 in
720 509 919 565 animo
938 524 1042 567 suo
1065 509 1467 576 circumferret,
1492 524 1720 568 eventus
1747 511 1893 568 illius
1914 522 2074 568 occa-

2179 510 2353 563 εἰπεῖν
2382 507 2413 579 ἢ
2446 507 2687 574 δοξάσαι,
2710 504 2852 559 ὥστε
2881 506 2974 560 καὶ
2998 506 3434 578 ἀπαραλλάκτως
3462 505 3650 578 ὅμοιον
3670 509 3755 561 σύ-

505 600 718 655 sionem
761 602 828 657 ad
863 601 1184 672 explendam
1221 602 1364 657 iram
1393 617 1550 658 suam
1584 604 1837 675 arripuit.
1868 604 2075 660 Ambo-

505 691 609 745 bus
644 691 811 763 igitur
837 694 892 747 in
919 701 1276 763 conspectum
1307 708 1470 750 suum
1503 695 1690 751 venire
1708 695 1902 767 jussis,
1929 694 2081 751 Basi-

506 781 640 836 lium
673 780 1029 851 interrogavit
1048 796 1299 851 quaenam
1322 792 1506 839 essent
1531 782 1620 838 illa
1641 783 1709 839 de
1736 784 1939 854 quibus
1966 784 2076 840 Ae-

507 872 639 926 tium
672 870 970 926 incusaret.
1004 868 1308 941 Respondit
1341 870 1609 938 Basilius,
1649 873 1795 944 quod
1836 873 1884 928 is
1906 874 2074 931 dissi-

506 964 692 1018 milem
750 960 898 1025 Patri
955 960 1154 1018 Filium
1210 972 1503 1019 assereret.
1548 963 1631 1019 Ad
1688 965 1803 1019 haec
1845 963 2075 1021 Actius:

506 1053 738 1110 Tantum
769 1054 961 1119 abest,
1000 1052 1214 1124 inquit,
1252 1063 1313 1109 ut
1348 1053 1548 1111 Filium
1577 1054 1726 1111 Patri
1757 1055 2077 1111 dissimilem

503 1146 680 1203 dicam
713 1155 807 1202 aut
833 1146 1065 1203 sentiam
1087 1188 1103 1213 ,
1136 1147 1269 1217 quiti
1298 1146 1480 1217 potius
1508 1146 1716 1218 absque
1747 1146 1858 1202 ullo
1883 1146 2080 1203 discri-

501 1240 651 1295 mine
677 1239 911 1295 similem
957 1239 1238 1310 proﬁteor.
1263 1239 1330 1294 At
1372 1238 1728 1294 Constantius
1752 1239 2078 1295 vocabulum

503 1331 635 1386 illud
664 1330 1086 1404 ἀπαράλλακτος
1116 1331 1465 1396 insimulans,
1492 1345 1595 1386 nec
1615 1330 1829 1387 discere
1844 1332 2079 1388 omnino

503 1423 784 1479 sustinens
840 1437 1080 1493 quonam
1131 1436 1298 1477 sensu
1351 1437 1475 1478 eam
1523 1437 1713 1478 vocem
1757 1430 2081 1493 usurpasset

434 1518 435 1521 “
501 1515 719 1579 Aetius,
774 1530 900 1571 eum
962 1514 1168 1583 palatio
1216 1513 1412 1584 expelli
1458 1514 1644 1584 jussit.
1694 1512 1891 1570 Postea
1951 1530 2080 1572 vero

503 1607 689 1663 Acacii
714 1621 879 1678 opera
914 1604 1168 1676 perfecit,
1192 1617 1253 1660 ut
1280 1605 1425 1660 idem
1453 1604 1647 1660 Aetius
1675 1605 1970 1676 episcopali
1990 1605 2080 1676 ju-

501 1698 646 1753 dicio
672 1698 1054 1767 deponeretur,
1094 1694 1567 1751 subscribentibus
1601 1694 1720 1766 ejus
1750 1695 2079 1766 depositioni

503 1806 611 1846 non
661 1790 840 1846 solum
891 1788 1234 1856 orthodoxis,
1285 1804 1475 1843 verum
1513 1788 1679 1845 etiam
1728 1789 1796 1845 iis
1829 1789 1962 1859 ipsis
1983 1791 2077 1861 qui

2179 600 2270 653 τὸν
2316 597 2627 669 κηρύττειν.
2689 598 2799 668 Τῆς
2849 597 2906 651 δὲ
2948 597 3041 651 τοῦ
3098 597 3519 671 ἀπαραλλάκτου
3576 599 3757 670 φωνῆς

2182 691 2624 764 ὑπώραξάμενος
2658 692 2686 744 ό
2724 691 3123 755 Κωνστάντιος,
3176 690 3272 745 καὶ
3309 691 3429 762 μηδ’
3456 691 3760 763 ἀνασχόμε-

2179 799 2267 845 νος
2295 780 2431 845 ὅλως
2462 780 2543 835 ἔτι
2583 781 2942 850 καταμαθεῖν,
2973 781 3095 834 κατ’
3122 780 3184 834 ὃν
3209 782 3417 844 ἐκεῖνος
3438 780 3643 853 τρόπον
3671 783 3761 836 ἀν-

2180 872 2482 941 εφθέγξατο
2504 871 2565 925 τὸ
2586 871 3023 945 ἀπαράλλακτον,
3064 871 3396 944 ἐκϐληθῆναι
3428 872 3529 945 μὲν
3550 871 3761 927 κελεύει

2178 962 2288 1016 τῶν
2324 962 2611 1034 βασιλείων
2642 962 2735 1016 τὸν
2767 963 2995 1016 ’Δέτιοψ
3030 961 3255 1034 ὕστερον
3281 963 3360 1027 δὲ,
3392 966 3458 1035 τῇ
3488 964 3760 1037 συνδρομῇ

2180 1055 2460 1120 Ἀκακίου,
2496 1055 2592 1108 καὶ
2632 1054 3003 1127 καθαιρέσεως
3037 1054 3408 1127 ὑποϐληθῆναι
3452 1055 3677 1128 ψήφοις,
3701 1057 3762 1110 οὑ

2180 1146 2286 1200 τῶν
2306 1145 2728 1216 ὀρθοδοξούντων
2756 1147 2932 1218 μόνων
2957 1147 3466 1219 ὑποσημηναμένων
3487 1151 3554 1220 τῇ
3580 1149 3762 1204 καθαιο

2138 1290 2148 1317 ,
2184 1237 2351 1310 ρέσει,
2383 1236 2518 1291 ἀλλά
2548 1237 2641 1292 καί
2679 1238 2859 1292 αὑτῶν
2888 1236 2996 1292 τῶν
3024 1240 3105 1303 εἰς
3140 1239 3211 1292 τά
3252 1239 3488 1310 μάλιστα
3520 1240 3601 1310 τῷ
3630 1257 3762 1312 φρο-

2181 1329 2382 1401 νήματι
2428 1328 2857 1384 κοινωνούντων·
2899 1330 3009 1384 τῶν
3035 1331 3135 1401 μὲν
3162 1332 3257 1384 καὶ
3281 1331 3381 1403 τὴν
3405 1331 3635 1403 γνώμην
3665 1349 3760 1403 με-

2179 1419 2577 1492 ταϐληθέντων,
2598 1421 2705 1475 τῶν
2742 1421 2800 1474 δὲ
2825 1420 2921 1494 τὴν
2946 1422 3200 1477 ἀκούσιον
3228 1424 3426 1494 πρᾶξιν
3453 1425 3762 1494 οἰκονομίας

2183 1514 2386 1585 ῥήματι
2420 1511 3035 1585 κατασχηματιζόντων.
3075 1516 3134 1569 '0
3159 1516 3216 1569 δὲ
3242 1517 3643 1583 Κωνστάντιος,
3674 1517 3764 1572 τὸν

2180 1603 2288 1658 τῶν
2317 1605 2589 1675 ἐσπερίων
2617 1605 2784 1677 τόμον
2809 1607 3306 1678 προκομισάμενος,
3327 1607 3517 1662 τοῦτον
3538 1609 3765 1664 καὶτῶν

2181 1697 2465 1769 παρόντων
2493 1698 2952 1771 ὑποσημήνασθαι
2977 1701 3122 1771 χειρὶ
3157 1700 3334 1772 οἰκείᾳ
3365 1700 3761 1758 διεκελεύσατο.

2182 1791 2495 1864 Περιείχετο
2524 1792 2582 1847 δὲ
2622 1791 2700 1863 τῷ
2737 1793 2912 1864 τόμῳ,
2946 1793 3129 1864 ὅμοιον
3171 1793 3247 1865 τῷ
3268 1794 3444 1865 Πατρὶ
3481 1795 3624 1849 κατά
3666 1794 3764 1858 τὰς

503 1880 752 1951 ejusdem
812 1895 938 1935 cum
992 1880 1087 1936 illo
1138 1879 1412 1951 opinionis
1451 1890 1611 1936 erant
1657 1896 1944 1952 :quorum
1979 1860 2072 1937 alii

2182 1860 2404 1952 Γράφάξ
2424 1860 2771 1954 ἀνομολογεῖν
2903 1860 3050 1939 Υἱόν.
3069 1884 3181 1939 Καὶ
3204 1860 3367 1940 πάλιν
3388 1860 3623 1941 ἐνταῦθα
3644 1902 3766 1939 συν-

497 1973 741 2043 priorem
772 1972 1100 2030 sententiam
1130 1979 1503 2040 mutaverant,
1533 1971 1625 2026 alii
1653 1972 1706 2027 id
1733 1972 1883 2043 quod
1914 1972 2073 2027 inviti

2180 1973 2354 2045 δρομῇ
2379 1973 2474 2027 τοῦ
2498 1973 2777 2042 Ἀκακίου,
2801 1975 2862 2041 ὃς
2886 1975 3071 2048 ἔτερος
3096 1976 3193 2046 μὲν
3215 1971 3283 2048 ἦν
3307 1975 3406 2047 τὴν
3440 1974 3620 2042 δόξαν,
3647 1975 3766 2030 ἓτε-

501 2058 768 2123 fecerant,
786 2060 1209 2131 dispensationis
1239 2061 1461 2117 nomine
1482 2062 1872 2132 praetexebant.
1901 2060 2074 2119 Porro

2185 2081 2275 2136 ρος
2301 2064 2359 2118 δὲ
2396 2064 2496 2137 τὴν
2545 2065 2812 2135 γλῶτταν,
2850 2067 3227 2139 ύπογράφουσι
3262 2067 3464 2131 πάντες
3480 2065 3599 2119 ὅσοι
3620 2081 3768 2138 παρ-

500 2151 857 2211 Constantius
886 2152 1348 2211 Occidentalium
1392 2154 1681 2225 epistolam
1725 2156 1783 2211 in
1834 2156 2074 2212 medium

2180 2157 2341 2228 ἦσαν,
2378 2156 2474 2210 καὶ
2501 2156 2616 2211 ὅσοι
2646 2158 2776 2229 πρὶν
2799 2157 3132 2230 ἐπρέσϐευον
3155 2158 3216 2212 τὸ
3234 2156 3593 2231 ἐτεροούσιον.

500 2250 805 2322 proferens,
843 2251 1195 2321 praesentium
1252 2252 1632 2325 episcOpornm
1690 2251 2185 2323 subscriptionibus
2237 2251 2444 2308 ﬁrmari
2480 2267 2604 2309 eam
2659 2252 2849 2318 jussit.
2896 2252 3295 2309 Continebatur
3345 2260 3523 2310 autem
3570 2251 3626 2306 in
3662 2251 3765 2306 hac

498 2344 747 2413 epistola,
775 2342 973 2398 Filium
995 2343 1144 2401 Patri
1176 2345 1410 2402 similem
1433 2361 1556 2403 esse
1587 2345 1889 2403 secundum
1925 2343 2262 2416 Scripturas.
2286 2347 2425 2400 Tum
2498 2360 2628 2403 vero
2663 2361 2831 2418 opera
2885 2348 3048 2402 etiam
3110 2347 3355 2417 ejusdem
3396 2345 3612 2411 Acacii,
3668 2344 3764 2413 qui

497 2436 718 2504 quidem
771 2437 917 2494 aliud
964 2438 1019 2494 in
1042 2446 1271 2508 pectore
1294 2440 1659 2505 reconditum,
1697 2438 1842 2498 aliud
1890 2440 1946 2496 in
1995 2439 2180 2510 lingua
2232 2446 2550 2510 promptum
2606 2439 2879 2507 habebat,
2919 2439 3156 2496 universi
3187 2439 3283 2510 qui
3329 2438 3575 2505 aderant,
3620 2443 3677 2491 et
3723 2435 3762 2492 ii

499 2535 849 2606 quoqueipsi
883 2536 977 2605 qui
1003 2536 1326 2593 dissimilem
1362 2538 1735 2595 substantiam
1764 2547 1922 2596 antea
1948 2534 2181 2609 professi
2215 2534 2454 2603 fuerant,
2492 2535 2960 2607 subscripserunt.

757 2645 851 2702 EX
892 2643 1097 2703 LIBRO
1134 2643 1398 2713 QUINTO
1437 2647 1810 2704 HISTORUE.

2460 2646 2556 2700 ΕΚ
2597 2645 2733 2698 ΤΗΣ
2770 2636 3108 2701 ΠΕΜΠἸῊΣ
3144 2647 3473 2702 ΙΣΤΟΡΙΑΣ.

569 2740 623 2795 1.
658 2740 882 2794 Acacius
919 2737 1222 2793 Basilianos
1257 2747 1308 2794 et
1356 2739 1608 2794 Aelianas
1648 2740 1818 2811 pellit.
1875 2738 2073 2796 Homo-

2252 2744 2319 2791 at'.
2351 2738 2493 2805 Ὅτι,
2525 2737 2676 2808 φησὶ,
2704 2737 2841 2809 μετὰ
2862 2737 3036 2793 ταῦτα
3061 2738 3316 2804 Ἀκάκιος
3340 2741 3466 2806 τοὺς
3504 2742 3630 2816 περὶ
3661 2742 3766 2798 Βα-

499 2830 710 2883 vusiani
752 2827 1006 2881 ordinati.
1042 2825 1287 2882 Meletius
1327 2828 1483 2897 episc.
1534 2829 1778 2884 Antioch.
1832 2860 1899 2870 —
1944 2828 2074 2886 Post

2184 2829 2379 2884 σίλειον
2414 2831 2510 2884 καὶ
2534 2830 2854 2896 Εὑστάθιον,
2891 2831 3112 2902 βασιλέα
3167 2834 3359 2898 πείσας
3413 2836 3509 2889 καί⁵
3561 2837 3764 2902 αἰτίαις

500 2923 617 2977 haec
640 2921 895 2987 Aeacius,
921 2934 1044 2974 cum
1074 2919 1456 2989 imperatorem
1486 2921 1539 2975 in
1566 2936 1720 2975 suam
1744 2922 2071 2977 sententiam

2180 2921 2370 2986 ἄλλους
2396 2922 2584 2986 ἄλλαις
2614 2922 2917 2990 ὑποϐαλὼν,
2946 2924 3199 2996 καθαιρεῖ
3222 2925 3330 2980 τῶν
3363 2926 3586 2998 θρόνων.
3619 2931 3765 2983 Kal)-

374 3005 381 3013 ’
499 3011 883 3083 pertraxisset,”
900 3009 1162 3065 Basilium
1185 3019 1239 3066 et
1266 3011 1610 3067 Eustathium
1629 3012 2072 3085 aliosqneplures

2179 3016 2325 3086 αιρεῖ
2371 3014 2428 3068 δὲ
2480 3015 2574 3069 καὶ
2622 3015 2951 3070 Μακεδόνιον
2998 3015 3089 3071 τὸν
3144 3018 3766 3084 Κωνσταντινουπὸλεως

499 3105 667 3162 variis
712 3102 1190 3161 criminationibus
1223 3103 1539 3172 'appetitos,
1573 3117 1640 3159 ex
1689 3104 1805 3160 suis
1850 3104 2071 3160 sedibus

2180 3105 2499 3160 ἐπίσκοπον.
2534 3104 2841 3171 Παυθὲντος
2875 3106 2932 3160 δὲ
2978 3106 3073 3161 τοῦ
3116 3106 3470 3171 Μακεδονὼυ,
3513 3109 3764 3175 Εὑδόξιος

499 3195 752 3268 deposuit
776 3193 909 3267 (τι).
940 3191 1120 3264 Ipsum
1154 3208 1372 3263 quoque
1399 3191 1773 3249 Macedonium
1803 3193 2074 3250 Constan-

2180 3196 2239 3261 ἐξ
2276 3197 2606 3269 Ἀντιοχείας
2645 3199 3024 3254 Κωνσταντίου
3061 3199 3256 3273 γνώμῃ
3296 3200 3765 3273 ἀντικαθιδρύεται

498 3287 759 3360 tin0polis
789 3285 1109 3357 episcopum
1148 3284 1460 3340 sacerdotio
1492 3284 1665 3340 exuit.
1702 3284 1872 3342 Porro
1901 3286 2072 3355 depo-

2180 3288 2256 3359 τῷ
2283 3288 2477 3361 θρόνῳ.
2510 3288 2958 3363 Ὕπερορίζονται
2996 3291 3052 3345 δὲ
3096 3291 3188 3345 καὶ
3231 3292 3280 3345 οἰ
3326 3292 3760 3365 καθαιρεθέντες,

498 3384 605 3439 sito
632 3379 972 3445 Macedonio,
1005 3377 1283 3434 Endoxius
1313 3393 1377 3434 ex
1410 3378 1768 3435 Antiochensi
1793 3381 2071 3449 episcopo,

499 3479 775 3527 annuente
814 3468 1171 3535 Constantio,
1229 3468 1285 3524 in
1339 3469 1459 3539 ejus
1517 3469 1694 3524 locum
1746 3469 2074 3541 subrogatus

498 3576 600 3622 est.
634 3565 673 3620 li
701 3579 834 3620 vero
861 3563 957 3633 qui
991 3561 1224 3633 depositi
1263 3561 1515 3627 fuerant,
1551 3563 1605 3617 in
1636 3562 1889 3618 exsilium
1919 3561 2072 3618 missi

499 3657 899 3724 sunt,Basilius
929 3656 1149 3727 quidem
1185 3656 1239 3710 in
1277 3654 1554 3728 Illyricum
1590 3675 1603 3710 :
1639 3655 1833 3726 reliqui
1867 3664 2072 3721 autem,

496 3748 640 3802 alius
665 3745 772 3800 alio
795 3742 1026 3815 dispersi
1058 3764 1073 3800 :
1099 3745 1192 3816 qui
1218 3760 1340 3799 cum
1374 3746 1426 3800 in
1446 3745 1698 3801 exsilium
1723 3747 2072 3809 ducerentur,

497 3836 928 3907 subscriptiones
987 3851 1116 3891 suas
1178 3834 1380 3906 quibus
1435 3834 1799 3889 Ariminensis
1856 3833 2073 3890 concilii

496 3928 658 3983 iidem
683 3925 1161 3989 conﬁrmaverant,
1192 3930 1561 3986 revocarunt;
1587 3933 1750 3994 atque
1776 3924 1829 3976 hi
1854 3924 2072 3994 quidem

499 4017 1020 4074 consubstantialem
1043 4056 1059 4079 ,
1094 4015 1171 4070 illi
1218 4030 1350 4071 vero
1400 4015 1594 4070 similis
1622 4014 1938 4071 substantia:
1968 4012 2088 4088 "Fi-q

498 4112 630 4168 lium
663 4111 861 4166 iterum
901 4109 1289 4180 praedicarunt.
1329 4108 1519 4163 Aetius
1551 4116 1733 4162 autem
1769 4107 2070 4177 depositus,

498 4213 783 4276 propterea
831 4203 975 4273 quod
1006 4201 1428 4276 ἀπαράλλακτον
1470 4202 1780 4264 invexerat,
1814 4199 1960 4269 quod
1990 4213 2075 4255 re-

497 4297 665 4369 liquis
703 4296 823 4367 ejus
848 4294 1195 4351 sermouibus
1234 4308 1298 4349 ac
1333 4293 1553 4364 scriptis
1592 4290 1881 4347 manifeste
1910 4304 2076 4361 repu-

499 4390 721 4460 gnabat,
754 4385 1143 4459 Mopsucstiam
1178 4384 1387 4440 Cilicia:
1416 4384 1709 4454 relegatur,
1733 4397 1858 4437 cum
1882 4395 2074 4437 omnes

500 4458 667 4551 prope
714 4458 937 4535 modum
987 4479 1106 4549 ejus
1157 4475 1404 4531 fautores
1465 4488 1529 4531 ac
1578 4484 1910 4541 sectatores,
1963 4458 2072 4528 non

2182 3378 2456 3444 Βασίλειος
2488 3378 2587 3451 μὲν
2610 3380 2691 3442 εἰς
2722 3379 3030 3451 Ἰλλυριοὺς,
3058 3383 3107 3434 οἰ
3133 3380 3193 3433 δὲ
3216 3379 3394 3435 λοιποὶ
3418 3381 3577 3447 ἀλλος
3603 3382 3763 3437 ἀλλα·

2180 3471 2337 3542 χόσε·
2369 3472 2419 3524 οἳ
2453 3470 2589 3542 πρὸς
2620 3473 2719 3541 τὴν
2759 3471 3047 3543 ὑπερόριον
3092 3472 3465 3545 στελλόμενοι,
3513 3474 3766 3528 ἀθετοῦσι

2184 3561 2279 3630 μὲν
2308 3559 2405 3623 τάς
2436 3559 2638 3622 οἰκείας
2667 3559 3008 3632 ὑπογραφάς,
3042 3556 3133 3624 αἷς
3164 3562 3262 3633 τήν
3300 3563 3358 3617 ἐν
3385 3563 3650 3635 ’Δριμίνῳ
3682 3563 3765 3618 πί-

2183 3667 2295 3702 στιν
2323 3650 2776 3723 ὑπεσημήναντω
2811 3651 3241 3722 ἀνακηρύττουσι
3285 3653 3342 3706 δὲ
3391 3654 3549 3708 πάλιν
3580 3656 3630 3707 οἱ
3666 3655 3765 3726 μὲν

2180 3738 2240 3791 τὺ
2271 3739 2574 3810 ὀμοούσιον,
2604 3741 2654 3793 οἱ
2697 3740 2754 3794 δέ
2786 3740 2849 3793 τὸ
2875 3741 3197 3812 όμοιούσιον.
3236 3744 3356 3798 ’Καὶ
3387 3744 3416 3795 ό
3448 3744 3656 3809 ’Δέτιος
3686 3746 3760 3810 δὲ,

2180 3829 2527 3900 καθαιρεθεὶς
2561 3831 2692 3885 διότι
2722 3831 2784 3884 τὸ
2809 3831 3223 3903 ἀπαράλλακτον
3246 3835 3597 3907 εἰσηγήσατο,
3626 3835 3764 3908 ὅπερ

2182 3922 2344 3976 αὑτοῦ
2374 3926 2494 3986 ταῖς
2521 3924 2706 3988 ἄλλαις
2741 3923 2977 3995 ὁμιλίαις
3016 3927 3109 3980 καὶ
3161 3932 3503 3999 συγγραφαῖς
3536 3928 3762 4002 διαρρή-

2179 4013 2275 4086 δην
2306 4016 2639 4086 ἀπεμάχετο,
2676 4016 2962 4089 ὑπερόριος
2989 4019 3068 4081 εἰς
3112 4018 3486 4088 Μοψουεστίαν
3522 4020 3624 4091 τῆς
3656 4023 3758 4075 Κι-

2180 4105 2358 4169 λικίας
2400 4107 2762 4178 ἐκπέμπεται,
2816 4110 3245 4181 ὑπογραψάντων
3298 4110 3417 4164 κατ’
3473 4111 3665 4175 αὑτοῦ,
3697 4112 3759 4165 οὑ

2184 4198 2343 4269 μόνον
2378 4198 2466 4263 δὲ,
2506 4198 2641 4253 ἀλλά
2672 4192 2773 4254 καὶ
2812 4201 2952 4255 κατά
2989 4202 3085 4272 τῆς
3117 4202 3350 4266 πίστεως
3380 4202 3445 4275 ἢν
3473 4204 3756 4275 ἐκήρυττε,

2183 4290 2378 4364 μικροῦ
2412 4293 2627 4347 πάντων
2664 4292 2827 4346 αὑτοῦ
2866 4292 2973 4346 τῶν
3001 4292 3245 4364 ἐραστῶν
3276 4293 3373 4347 καὶ
3409 4295 3755 4366 ὁμοφρόνων·

2176 4384 2286 4437 τῶν
2323 4385 2419 4454 μὲν
2454 4385 2519 4437 ἐκ
2552 4382 2852 4455 μεταϐολῆς
2896 4383 3003 4438 τῶν
3053 4384 3219 4437 πάλαι
3263 4383 3617 4455 δεδογμένων,
3653 4373 3758 4438 τῶν

2179 4473 2236 4528 δὲ
2264 4474 2375 4538 τοῖς
2407 4474 2615 4546 καιροῖς
2644 4473 2919 4540 ἐνδόντων,
2952 4473 3045 4526 καὶ
3073 4471 3170 4543 τὴν
3195 4470 3288 4526 τοῦ
3321 4471 3585 4542 βασιλέως
3622 4471 3760 4542 γνὼ-

500 4573 678 4642 ipsum
709 4571 894 4636 modo,
925 4584 1114 4624 verum
1144 4569 1307 4622 etiam
1341 4567 1502 4622 fidem
1530 4580 1694 4636 quam
1719 4564 2064 4636 praedicabat,

2178 4580 2281 4634 μην
2309 4562 2541 4635 κρείττω
2560 4562 2659 4631 τῆς
2681 4560 2828 4632 παλρά
2854 4558 3035 4630 σφ’ἰσιν
3062 4560 3318 4630 ἀληθείας
3347 4561 3754 4631 ποιησαμένων.

501 4662 906 4732 subscriptione
951 4675 1051 4716 sua
1087 4646 1447 4715 damnassent
1491 4674 1505 4712 :
1552 4657 1642 4712 alii
1689 4658 1907 4727 quidem
1957 4655 2074 4726 opi-

503 4755 721 4810 nionem
763 4768 926 4824 quam
981 4752 1134 4823 prius
1182 4750 1420 4822 amplexi
1459 4750 1675 4804 fuerant
1721 4748 2069 4818 abjicientes;

500 4847 595 4901 alii
625 4858 755 4900 vero
789 4843 1018 4913 tempori
1054 4842 1377 4910 servientes,
1411 4852 1466 4897 et
1496 4841 1842 4911 imperatoris
1874 4839 2071 4895 volun-

500 4946 666 4991 tatem
693 4935 919 4990 veritate
945 4934 1061 5004 ipsa
1088 4932 1355 5003 potiorem
1382 4931 1708 5002 judicantes.
1737 4929 1909 4985 Porro
1933 4930 2071 4984 Aca-

500 5032 799 5092 ciusmum
833 5025 1094 5081 Basilium
1120 5023 1341 5093 quidem
1375 5024 1446 5078 ob
1473 5023 1712 5094 privatas
1739 5021 2073 5085 inimicitias,

501 5122 716 5178 Aetium
744 5133 876 5174 vero
903 5118 974 5173 ob
999 5117 1316 5188 dogmatum
1347 5114 1769 5185 discrepantiam
1792 5113 2076 5184 deposuis-

500 5226 606 5282 set,
641 5226 696 5271 et
716 5211 1063 5267 iit-exsilium
1090 5208 1365 5275 trusisset,
1397 5206 1700 5263 Caesaream
1734 5206 1983 5269 rediens,
2019 5206 2074 5259 in

2190 4653 2253 4711 Ὀ
2279 4656 2336 4709 δὲ
2376 4656 2626 4719 Ἀκάκιος
2653 4656 2777 4718 τοὺς
2809 4654 2938 4726 περὶ
2971 4653 3248 4707 Βασίλειον
3274 4652 3338 4705 δι’
3375 4652 3510 4707 ἰδίαν
3539 4652 3757 4724 ἔχθραν,

2179 4748 2272 4803 καὶ
2298 4749 2389 4801 τὸν
2423 4747 2624 4801 Ἀέτιον
2649 4746 2809 4800 διὰτὸ
2832 4746 3162 4815 ’ἑτεροδοξεῖν
3192 4743 3455 4811 καθελὼν,
3481 4745 3575 4799 καὶ
3601 4747 3762 4816 ὑπερ-

2178 4839 2360 4911 ορίους
2392 4839 2776 4909 ποιησάμενος,
2801 4837 3115 4910 ἀνατρέχων
3147 4837 3241 4891 ἐπὶ
3272 4836 3371 4908 τὴν
3400 4836 3756 4908 Καισάρειαν,

2178 4934 2299 4994 ταῖς
2331 4930 2687 5003 χηρευούσαις
2718 4930 3064 5001 Ἐκκλησίαις
3106 4930 3384 5001 ἀρχιερεῖς
3423 4929 3674 5002 καθίστη,
3699 4930 3760 4984 τὸ

2176 5023 2458 5095 ὁμοούσιον
2490 5022 2920 5095 θρησκεύοντας·
2956 5022 3050 5075 καὶ
3095 5021 3385 5093 καθίστησι
3428 5020 3527 5091 μὲν
3571 5022 3629 5075 ἐν
3659 5021 3756 5073 Νι-

2176 5117 2437 5189 κομηδείᾳ
2460 5117 2581 5171 ἀντὶ
2613 5116 2944 5188 Κεκροπίου,
2979 5116 3268 5187 Ὀνήσιμον
3287 5131 3300 5144 ·
3332 5114 3452 5168 ἀντὶ
3495 5114 3554 5168 δὲ
3594 5114 3759 5168 Βασι-

2174 5208 2316 5261 λείου
2355 5211 2424 5279 τῇ
2457 5206 2720 5278 Ἀγκύρᾳ,
2752 5205 3069 5263 Ἀθανὰσιον
3101 5204 3235 5276 (‘25).
3271 5204 3526 5261 ’Δκάκιον
3557 5205 3614 5259 δὲ
3644 5205 3757 5259 ιτε-

1727 5361 1806 5403 VA
1814 5359 1971 5404 LESH
2012 5360 2508 5407 ANNOTATIONES.

573 5474 686 5546 (ἓξ)
722 5463 1380 5546 Ῑῗὶθράοτίβολέἓιοοεβ·
1536 5531 1652 5546 ...

572 5529 686 5615 {253
725 5536 804 5609 Τῇ
840 5540 1088 5615 ᾈτκύρᾳ
1129 5529 1492 5615 Ἀ’θανὰςιον.
1513 5531 1608 5615 Δοο
1639 5529 2071 5615 hoantlianasio

500 5599 731 5681 Ancyra:
772 5599 1070 5681 episeopo,
1104 5615 1300 5681 praeter
1329 5602 1618 5681 .Socratem
1660 5599 2071 5681 etnBasiliuma

500 5668 837 5738 Gotl'tol'redo
865 5668 1092 5742 citatos,
1104 5668 1369 5730 "meminit
1388 5671 1685 5741 Gregorius
1707 5668 1988 5742 Nyssenus
2016 5670 2071 5742 in

493 5751 642 5807 libro
673 5749 846 5817 primo
870 5759 1051 5801 contra
1077 5739 1416 5817 Eunomium,
1442 5739 1624 5817 p.39?
1647 5758 1663 5795 :
1690 5739 1773 5817 Τά
1795 5741 1904 5817 γρρ
1931 5739 2074 5817 κατά

500 5818 599 5874 τὸν
650 5810 851 5870 ’Ᾰὲτιον
885 5817 1069 5870 τοῦτον
1131 5810 1460 5868 Ἀθανασίου
1500 5813 1626 5865 ποτὲ
1674 5810 1767 5865 τοῦ
1814 5810 2066 5866 Γαλατῶν

2179 5463 2480 5533 ἐπισκόπου
2513 5462 2761 5533 λέγοντος
2797 5463 3039 5533 ηκουσα,
3093 5457 3288 5533 ἀνδρός
3322 5460 3423 5513 οὑκ
3460 5459 3528 5533 ἀν
3559 5477 3613 5514 τι
3655 5459 3757 5533 πρὸ

2176 5532 2279 5602 τῆς
2311 5528 3059 5656 ἀληθείαςςπρρτιῒήσαντος,
3085 5528 3206 5611 etc.
3235 5530 3290 5584 Id
3326 5538 3429 5596 est,
3466 5528 3612 5586 Nam
3642 5528 3756 5601 quis

2177 5612 2226 5656 et
2244 5602 2416 5656 aualts
2445 5604 2603 5656 fuerit
2669 5619 2716 5656 ac
2792 5613 2948 5656 etrus.
2967 5598 3145 5654 audm
3166 5600 3433 5656 quondam
3453 5613 3756 5655 narrantem

2177 5598 2416 5673 et'qualis
2444 5604 2603 5673 fuerit
2632 5598 2716 5657 hic
2744 5598 2948 5673 Aetius,
2967 5598 3146 5673 audivi
3166 5598 3756 5673 quondamnarran'tem

2178 5670 2532 5727 Athanasium
2553 5674 2855 5743 episcopum
2880 5670 3131 5736 Galatiw,
3167 5670 3333 5725 virum
3368 5671 3455 5726 cui
3482 5671 3617 5727 nihil
3647 5686 3757 5725 tm—

2178 5759 2335 5813 qnam
2358 5745 2575 5799 veritate
2594 5744 2700 5815 fuit
2726 5743 3018 5814 antiquius.
