4028 6330
460 298 560 329 εῖτ-ε

455 322 563 356 ἱ)δο

1834 306 2321 367 Ριιιιοετοιιαιι
3606 307 3708 366 536

449 410 855 482 subscriberet,
932 415 1356 505 dispensationis
1425 420 1606 491 specie
1672 420 2018 494 illegitimum

2142 421 2327 494 ἰεσμον
2355 420 2542 488 αὐτοῖς
2582 422 3002 495 καταρυθμίζων
3033 424 3127 478 καί⁵
3167 423 3444 495 ἀθέλητον.
3486 425 3600 495 Ἐφ’
3628 417 3710 489 οἷς

449 509 618 573 atque
650 503 1076 563 involuntarium
1107 507 1322 566 facinus
1365 510 1447 567 eis
1483 527 1777 569 excusans.
1807 512 2021 581 Quibus

2142 514 2445 586 iEt’wdptoq
2473 513 2681 587 βαρέως
2724 514 2968 585 ἐνεγκὼν
3007 515 3286 589 οὐδέτερον
3330 516 3426 587 μὲν
3462 515 3705 584 ὑπέστηο

451 593 759 652 Eunomius
802 600 1041 669 graviter
1088 611 1418 668 commotus,
1464 613 1724 662 neutrum
1762 614 2023 677 praestare

2142 605 2637 676 τροσαπολιμπάνει
2694 607 2738 661 δ’
2768 608 2984 672 αὐτοῖς,
3039 608 3134 661 καὶ
3188 603 3287 678 τὴν
3346 605 3584 670 Κύζικον
3611 606 3708 676 (ιι),

454 683 643 749 voluit,
678 687 769 740 scd
798 694 852 741 et
877 687 1133 759 Cyzicum
1168 691 1272 762 ipsi
1317 693 1558 762 dimisit,
1592 696 1772 767 primo
1801 697 2021 768 quidem

453 774 656 837 verbis,
680 785 863 844 postea
891 793 1023 834 vero
1047 781 1211 835 etiam
1236 798 1332 853 per
1362 785 1593 851 litteras,
1615 796 1669 842 et
1697 789 1763 843 ad
1792 790 2021 859 patriam

453 876 608 917 suam
641 864 1039 935 Cappadociam
1073 886 1132 927 se
1165 874 1388 944 recepit.

520 955 577 1009 4.
607 954 832 1010 Aeacius
861 956 1183 1016 Eunomium
1214 965 1526 1020 insectatur.
1560 998 1632 1007 —
1659 968 1894 1025 Aeacius
1929 968 2027 1024 ad-

451 1062 644 1103 versus
691 1048 1022 1108 Eunomium
1057 1065 1395 1123 commotus,
1443 1073 1509 1113 eo
1555 1059 1701 1129 quod
1737 1060 2026 1130 episcopus

451 1136 633 1209 Cyzici
666 1137 996 1201 constitutus
1026 1144 1242 1213 fuisset,
1271 1148 1582 1205 Eudoxium
1614 1166 1830 1222 quoque
1861 1153 2026 1208 simul

451 1244 575 1285 cum
607 1248 673 1288 eo
700 1235 1026 1294 criminatus
1050 1247 1154 1306 est,
1185 1243 1330 1311 quod
1357 1241 1563 1312 absque
1594 1244 1870 1299 communi
1902 1259 2031 1299 con-

451 1334 616 1375 sensu
665 1322 996 1394 diScipulum
1049 1326 1192 1382 Aetii
1245 1329 1561 1400 episcopum
1604 1332 2024 1388 ordinavisset:

451 1410 631 1466 virum
654 1414 748 1484 qui
773 1415 1174 1473 ferventissimo
1204 1420 1259 1474 in
1284 1421 1532 1477 haeresim
1558 1423 1676 1477 zelo
1708 1424 2025 1495 magistrum

453 1516 614 1558 suum
645 1521 903 1577 superare
933 1511 1303 1579 contenderet,
1332 1520 1654 1584 tantumque
1684 1515 1910 1585 perfecit
1938 1532 2029 1571 οδω

450 1592 702 1661 lumniis,
753 1607 814 1652 ut
859 1598 1215 1658 Constantius
1262 1618 1425 1659 aures
1479 1607 1527 1661 ei
1584 1610 2026 1676 accommodans,

453 1681 785 1759 Eunomium
818 1689 1165 1748 Antiochiam
1212 1705 1484 1751 evocaret.
1522 1696 1624 1764 Qui
1660 1714 1784 1755 cum
1829 1714 1895 1755 eo
1936 1715 2029 1755 ve-

2126 696 2316 768 πρῶτα
2348 697 2445 768 μὲν
2481 697 2679 767 λόγοις,
2722 691 2838 753 εἶτα
2870 699 2927 752 δὲ
2961 698 3273 770 γράμμασι,
3317 698 3411 752 καὶ
3445 698 3583 770 πρὸς
3616 696 3714 770 τὴν

2126 787 2325 841 ἑαυτοῦ
2359 788 2591 860 πατρίδα
2622 789 2723 861 τὴν
2749 790 3146 844 Καππαδοκίαν
3174 791 3503 860 ἀφικνεῖται.

2196 985 2258 1040 δ’.
2289 984 2412 1040 ’Ότι
2457 985 2574 1040 κατ’
2604 984 2867 1057 Εὑνομῑου
2915 986 3156 1059 κινηθεὶς
3197 988 3226 1040 ὁ
3267 985 3515 1050 Ἀκάκιος
3551 987 3636 1055 ἐφ’
3672 980 3716 1055 ᾧ

2128 1075 2366 1141 Κυζίκου
2417 1078 2650 1150 κατέστη
2704 1079 3019 1144 ἐπίσκοπος,
3061 1078 3430 1133 συνδιαϐάλλει
3463 1079 3558 1131 καὶ
3594 1080 3719 1142 τοὺς

2130 1170 2257 1242 περί
2288 1170 2556 1236 Εὐδόξιον,
2585 1169 2661 1235 ὡς
2689 1171 2856 1243 χωρὶς
2888 1172 3071 1241 κοινῆς
3098 1168 3323 1240 γνώμης
3346 1169 3437 1222 τὸν
3474 1169 3718 1240 μαθητὴν

2142 1261 2346 1315 Ἀετίου
2383 1263 2893 1333 κεχειροτονηκότας
2936 1261 3264 1327 ἐπίσκοπον,
3309 1262 3478 1333 ἄνδρα
3511 1261 3602 1314 τὸν
3639 1262 3717 1314 οἱ-

2130 1354 2274 1404 κεῖον
2298 1351 2613 1406 διδάσκαλον
2641 1351 2748 1405 τῶν
2778 1353 2914 1425 πρὸς
2954 1352 3052 1422 τὴν
3078 1353 3291 1424 αἵρεσιν
3320 1351 3721 1424 ὀξυρῥεπεστά-

2129 1457 2238 1494 των
2282 1441 2459 1512 ζήλων
2502 1441 3074 1515 ὑπερϐάλλεσθαιμο)
3113 1441 3586 1513 φιλονεικήσαντα,
3628 1441 3721 1495 καί

2131 1533 2306 1587 πείθει
2332 1536 2452 1597 ταῖς
2477 1533 2750 1598 διαϐολαῖς
2776 1535 2865 1589 τὸν
2900 1535 3296 1599 Κωνστάντιον,
3331 1533 3720 1606 μετάπεμπτον

2132 1627 2189 1679 ὲν
2224 1625 2520 1697 Ἀντιοχείᾳ
2554 1626 2882 1698 ποιήσασθαι.
2929 1625 3020 1679 τὶν
3066 1626 3348 1696 Εὐνόμιον.
3386 1624 3498 1679 Καὶ
3544 1640 3721 1692 παρα-

2132 1718 2391 1786 γεγονότα
2417 1718 2494 1780 εἰς
2522 1717 2815 1787 ἀπολογίαν
2853 1716 3063 1771 κελεύει
3103 1717 3438 1785 καταστῆναι
3471 1714 3720 1783 συνοδικῇ

453 1775 649 1841 nisset,
686 1778 853 1849 jussit
890 1796 1014 1837 eum
1048 1782 1406 1842 Constantius
1452 1788 1506 1842 in
1546 1790 1793 1859 synodali
1819 1790 2028 1860 judicio

2142 1775 2309 1881 διαίτῃ
2344 1775 2812 1879 λογοδετούμενον.
2853 1809 3006 1862 Ἐπεὶ
3034 1808 3091 1861 δὲ
3130 1811 3163 1880 ή
3205 1775 3420 1871 σύνοδος
3453 1808 3547 1861 τὸν
3590 1775 3721 1860 κατ’ζ

455 1867 823 1925 examinatum
860 1887 1081 1929 causam
1113 1874 1313 1931 dicere.
1361 1876 1467 1933 Sed
1495 1894 1620 1934 cum
1666 1880 1909 1952 synodus
1934 1898 2028 1938 ac-

455 1967 763 2026 cusatorem
820 1964 1157 2033 requireret,
1218 1967 1407 2024 nullus
1464 1971 1679 2040 uspiam
1753 1974 2026 2044 apparuit.

454 2046 690 2105 Aeacius
712 2051 857 2107 enim
883 2064 1028 2110 metu
1055 2057 1377 2127 perculsus;
1403 2061 1605 2132 quippe
1625 2064 1717 2134 qui
1746 2066 2031 2120 existima-

454 2147 608 2195 verat
637 2141 753 2197 sola
787 2147 929 2215 apud
965 2147 1350 2219 imperatorem
1411 2154 1689 2211 calumnia
1745 2146 2029 2213 inimicum

456 2244 489 2284 a
522 2245 582 2287 se
619 2233 839 2302 penitus
880 2252 1202 2308 oppressum
1253 2243 1354 2307 iri,
1405 2244 1458 2299 in
1509 2246 1779 2303 altissimo
1811 2249 2031 2305 silentio

453 2324 789 2393 permansit;
820 2343 943 2397 qua
970 2344 1095 2385 cum
1127 2333 1408 2391 didicisset
1452 2337 1839 2405 Constantius,
1887 2341 2032 2397 Aca-

454 2411 604 2466 cium
636 2425 953 2486 suspectum
988 2419 1199 2490 habuit,
1235 2433 1421 2494 utpote
1449 2428 1542 2497 qui
1575 2443 1672 2499 per
1696 2430 2029 2487 simultatem

453 2503 672 2573 potius,
712 2522 880 2577 quam
923 2526 989 2565 ex
1033 2527 1244 2568 morum
1299 2517 1573 2586 probitate
1622 2522 2030 2578 accusationem

453 2592 806 2653 instituisset.
837 2598 1086 2670 Eumque
1118 2603 1409 2660 confestim
1453 2608 1517 2663 ad
1554 2609 1840 2664 ecclesiam
1872 2626 2032 2669 suam

454 2689 653 2744 reverti
683 2689 872 2761 juris-it,
902 2696 1187 2763 praesentis
1214 2699 1418 2769 negotii
1443 2699 1881 2770 disquisitionem
1914 2719 2033 2759 ma-

450 2777 560 2847 jori
592 2781 802 2850 synodo
827 2799 1133 2842 reservans.

532 2869 587 2926 5.
617 2871 729 2944 (59)
765 2874 1104 2932 Constantius
1125 2877 1406 2935 lulianum
1435 2899 1787 2953 repressum:
1808 2886 1934 2941 obit.
1963 2917 2029 2927 —

458 2958 588 3019 Haec
607 2963 737 3019 dum
762 2965 1119 3026 Constantius
1140 2971 1326 3025 animo
1338 2974 1599 3039 volveret,
1625 2975 1770 3037 fama
1804 2978 1871 3033 ad
1907 2994 2035 3034 eum

456 3051 735 3138 perfertur
760 3056 827 3111 de
853 3056 1055 3114 Juliani
1087 3061 1401 3119 rebellione.
1438 3063 1633 3119 Statim
1660 3082 1790 3138 ergo
1814 3069 1915 3124 iter
1944 3085 2031 3124 ar-

457 3134 630 3216 ripuit
674 3146 1223 3221 Constantinopolim.
1268 3151 1441 3207 Simul
1493 3128 1761 3224 synodum
1808 3157 1865 3211 in
1900 3158 2034 3214 urbe
2062 3128 2104 3187 Ο

456 3233 638 3293 Νἰοωο
662 3237 877 3305 indixit,
909 3241 976 3295 ad
1003 3242 1425 3299 examinandum
1451 3244 1512 3297 τὸ
1538 3246 1892 3316 ἑτεροούσιον.
1925 3248 2032 3304 Sed

457 3342 584 3385 cum
617 3328 1008 3400 Mopsucrenas
1036 3333 1313 3397 venisset,
1348 3338 1542 3390 morbo
1574 3347 1887 3407 correptus,
1930 3339 2034 3393 ibi-

457 3422 692 3490 demque
722 3422 792 3476 ab
816 3421 1026 3479 Euzoio
1058 3423 1389 3494 baptizatus,
1423 3427 1710 3497 imperium
1739 3430 1941 3499 pariter
1969 3445 2034 3486 ac

459 3511 649 3580 vitam,
680 3523 734 3569 et
763 3516 1003 3586 synodos
1027 3516 1093 3572 ad
1121 3517 1502 3573 stabiliendum
1540 3518 1873 3589 impietatem
1895 3563 1910 3587 ,
1941 3520 2033 3576 de-

461 3603 704 3675 reliquit.

2130 1900 2327 1971 ἡγορον
2379 1899 2580 1971 ἐζήτει,
2620 1902 2648 1953 ὁ
2693 1899 2749 1951 δὲ
2796 1895 2865 1970 ἦν
2929 1899 3163 1972 οὐδαμοῦ
3214 1901 3262 1971 (ό
3321 1899 3426 1970 γὰρ
3468 1900 3724 1963 Ἀκὰκιος

2132 1992 2533 2057 ἀποδειλιάσας,
2574 1993 2668 2046 καὶ
2707 1991 2815 2064 γὰρ
2848 1991 3093 2063 ἐνόμιζεν
3136 1994 3199 2046 ὲκ
3247 1991 3413 2063 μόνης
3456 1992 3555 2062 τῆς
3589 1990 3724 2063 πρὸς

2134 2080 2355 2150 βασιλέα
2398 2080 2647 2151 διαϐολῆς
2673 2081 2765 2133 τὸν
2796 2080 2988 2153 ἐχθρὸν
3025 2082 3274 2153 αἱρήσειν
3311 2079 3455 2134 κατὰ
3499 2080 3721 2151 κράτος,

2131 2166 2214 2236 εἷς
2245 2168 2312 2244 ἦν
2353 2172 2463 2226 τῶν
2507 2174 2587 2237 εἰς
2624 2175 2684 2226 τὸ
2719 2172 3017 2243 βαθύτατον
3071 2172 3399 2242 σιγώντων),
3435 2172 3515 2225 διὸ
3560 2171 3655 2225 καὶ
3696 2173 3726 2225 ό

2131 2265 2509 2328 Κωνστάντιος
2538 2263 2713 2318 ταῦτα
2748 2264 2956 2334 μαθὼν,
2990 2266 3055 2319 δι’
3081 2265 3331 2329 ὑπονοίας
3360 2282 3419 2317 τε
3451 2264 3544 2317 τὸν
3570 2264 3727 2317 Ἀκά-

2132 2374 2249 2411 κιον
2284 2356 2459 2428 ἔσχεν,
2503 2356 2580 2421 ὡς
2616 2356 3043 2428 ἀπεχοημοσύνῃ
3076 2357 3274 2427 μᾶλλον
3308 2357 3341 2426 ἢ
3372 2356 3589 2426 τρόπων
3633 2354 3722 2405 εὖ·

2133 2447 2325 2520 θύτητι
2350 2448 2448 2518 τὴν
2470 2446 2802 2518 κατηγορίαν
2831 2447 3251 2517 ἐνστησάμενον,
3286 2446 3379 2498 καὶ
3409 2444 3605 2520 Οᾶττον
3630 2441 3726 2493 αύ-

2132 2536 2225 2590 τὸν
2257 2538 2339 2610 εἰς
2371 2535 2468 2607 τὴν
2498 2536 2634 2589 ἰδίαν
2678 2535 3080 2605 ὲπαναδραμεῖν
3111 2535 3361 2589 ἐκέλευσε
3410 2530 3721 2603 παροικίαν,

2138 2625 2343 2698 μείζονι
2394 2626 2597 2697 συνόδῳ
2629 2627 3018 2698 ταμιευόμενος
3060 2626 3160 2698 τὴν
3198 2625 3307 2679 τῶν
3350 2622 3726 2696 προκειμένων

2133 2717 2442 2787 διάγνωσιν.

2205 2903 2265 2950 ε’.
2293 2895 2476 2949 Ταῦτα
2505 2896 2562 2948 δὲ
2596 2895 2957 2967 Κωνσταντίῳ
2992 2893 3372 2965 διανοουμένῳ,
3403 2895 3436 2964 ἡ
3468 2890 3562 2944 τοῦ
3598 2891 3724 2943 ’1ου-

2134 2984 2315 3038 λιανοῦ
2354 2985 2720 3048 ἐπανάστασις
2749 2988 2869 3048 ταῖς
2896 2986 3107 3055 φήμαις
3144 2982 3293 3054 αὐτῷ
3325 2980 3718 3051 διακομίζεται.

2147 3075 2206 3127 '0
2240 3073 2297 3127 δὲ
2327 3074 2525 3128 αὐτίκα
2553 3090 2611 3126 τε
2644 3073 2740 3144 τὴν
2774 3074 2869 3125 ἐπὶ
2902 3068 3470 3126 Κωνσταντινούπολιν
3491 3065 3719 3130 ἐϐάδιζε,

2140 3165 2235 3219 καί.
2263 3164 2476 3218 σύνοδον
2506 3165 2619 3234 ἅμα
2648 3162 2894 3234 διώριζεν
2924 3162 3063 3233 ὑπὲρ
3091 3160 3185 3215 τοῦ
3217 3158 3555 3229 ἑτεροουσίου
3584 3156 3723 3210 κατὰ

2139 3255 2371 3309 Νίκαιαν
2397 3254 2666 3308 ἵστασθαι.
2683 3254 2898 3317 Φθόισας
2925 3252 2981 3305 δὲ
3017 3253 3167 3323 παρὰ
3190 3251 3286 3314 τὰς
3320 3250 3508 3319 Μόψου
3538 3246 3723 3301 καλου-

2141 3346 2308 3415 μένας
2345 3347 2571 3418 κρήνας,
2618 3345 2712 3399 καί
2755 3346 2895 3414 νόσῳ
2946 3343 3184 3416 βληθεὶς,
3219 3338 3337 3395 εἶτα
3386 3340 3483 3395 καὶ
3529 3339 3720 3410 βαπτι-

2139 3436 2373 3506 σάμενος
2401 3435 2552 3507 παρὰ
2596 3436 2861 3500 Εὐζωῖου,
2895 3435 2994 3505 τήν
3025 3452 3084 3488 τε
3116 3433 3390 3504 βασιλείαν
3423 3431 3570 3502 αὐτῷ
3605 3427 3719 3501 βίῳ,

2139 3526 2234 3579 καὶ
2259 3525 2358 3590 τὰς
2390 3528 2477 3579 ἐπ’
2511 3525 2734 3597 ἀσεϐείᾳ
2762 3525 3009 3589 συνόδους
3038 3524 3348 3580 ἀπολείπει.

1684 3743 1925 3788 VALESII
1964 3741 2464 3790 ANNOTATIONES.

465 3844 795 3928 μῃναμένων
834 3845 1249 3928 τῇ-καθαιρςεσει
1275 3886 1290 3911 ,
1320 3845 1455 3899 ἀλλὰ
1485 3846 1793 3928 καίιαὺτῶν
1822 3846 1929 3928 τῶν
1960 3847 2040 3928 εἰς

583 3915 816 3989 μάλιστα
857 3915 933 3987 τῷ
985 3915 1293 3989 φρονήματι
1332 3916 1752 3989 κοινωνούντων,
1794 3916 1917 3989 τῶν
1942 3917 2040 3987 μὲν

458 3985 559 4041 καὶ
580 3984 678 4057 τὴν
706 3984 930 4057 γνώμην
954 3984 1421 4058 μεταϐλὴθὲντων,
1452 3986 1557 4039 τῶν
1582 3986 1638 4039 δὲ
1660 3987 1756 4057 τὴν
1787 3984 2041 4040 ἀκούσιον

462 4054 665 4109 πρᾶξιν
686 4056 996 4109 οἰκονομίας
1031 4058 1233 4109 όήιιατι
1259 4056 1867 4109 κατασγηιιατιζόντων.
1896 4056 2038 4109 ldetn

462 4054 665 4127 πρᾶξιν
686 4054 996 4127 οἰκονομίας
1030 4054 1233 4128 ῥήματι
1259 4054 1867 4136 κατασχῃματιζόντων.
1896 4056 2038 4110 Idem

462 4126 559 4181 diu
588 4134 775 4196 postea
805 4123 1053 4181 fecerunt
1080 4127 1361 4196 Accphali.
1394 4124 1508 4196 Qut
1528 4141 1651 4179 cum
1703 4127 1840 4181 duas
1861 4126 1926 4196 in
1954 4140 2043 4180 se-

463 4194 769 4277 ctas—divisi
790 4204 975 4277 essent
994 4194 1358 4277 Atlexandrize,
1385 4196 1438 4248 in
1470 4194 1829 4277 gaianitaset
1860 4194 2040 4277 Theo-

464 4265 727 4321 dosianos
749 4304 764 4331 ,
798 4275 990 4336 postea
1019 4266 1161 4320 inter
1192 4280 1249 4320 se
1279 4265 1615 4336 reconciliati
1658 4265 1923 4319 unitatem
1959 4263 2037 4319 fe-

2146 3848 2231 3902 bis
2255 3887 2269 3910 ,
2311 3847 2531 3901 tertium
2574 3845 2628 3900 in
2661 3847 2929 3915 personis.
2982 3843 3103 3899 Haec
3136 3843 3395 3915 Eulogius
3417 3842 3494 3915 _in
3528 3857 3717 3913 supra-

2146 3916 2294 3972 dicto
2335 3918 2479 3972 libro
2526 3912 2703 3971 fusius
2757 3915 3123 3985 persequitur.
3174 3912 3371 3970 Verum
3416 3912 3720 3982 interpres,

2145 3987 2231 4040 vir
2271 3986 2472 4056 alioqui
2516 3986 2711 4041 doctus
2756 3993 2809 4040 et
2855 3987 2922 4040 de
2968 3986 3162 4040 litteris
3210 3985 3416 4054 optime
3459 3985 3718 4056 meritus,

2147 4053 2579 4127 pulcherrimum
2624 4064 2680 4127 et
2729 4056 3082 4127 utilissimum
3132 4053 3423 4127 tractatum
3457 4053 3720 4127 interpre-

2149 4122 2353 4180 tatione
2384 4142 2482 4181 sua
2513 4126 2728 4194 penitus
2754 4125 3099 4195 oliscuravit,
3132 4122 3447 4195 οἰκονομίαν
3475 4122 3616 4176 enim
3647 4123 3721 4195 irt-

2148 4191 2748 4264 carnationeniubique
2774 4194 2887 4250 fere
2920 4191 3423 4264 interpretatus'est
3450 4211 3464 4244 :
3501 4207 3611 4261 quo
3640 4191 3721 4245 ni-

2145 4265 2222 4319 hil
2254 4265 2384 4334 ﬁngi
2417 4273 2597 4333 potest
2632 4263 2947 4334 absurdius.
2984 4263 3143 4329 Quod
3174 4279 3298 4334 cum
3334 4278 3435 4332 ego
3465 4272 3592 4334 ante
3624 4277 3720 4314 an-

463 4350 609 4428 gere,
645 4332 815 4428 quani
845 4337 1095 4428 speciLoso
1123 4335 1438 4428 οἰκονομίξις
1462 4335 1619 4389 titulo
1648 4336 2036 4415 przetcxehant.
2074 4374 2116 4428 Β
2146 4350 2246 4415 nos
2292 4332 2513 4417 triginta
2545 4341 2613 4416 .et.
2642 4335 2876 4428 amplius
2896 4333 3207 4428 .Frlancisro
3237 4332 3517 4428 Florenti,
3564 4333 3720 4385 docto

471 4403 676 4460 Verum
694 4403 957 4461 adversus
983 4403 1543 4475 hanctAceplialorum
1582 4403 1844 4459 unitatem
1885 4419 2040 4475 egre-

464 4477 613 4543 gium
648 4474 845 4529 librum
870 4475 1090 4543 scripsit
1123 4474 1385 4543 Eulogius
1405 4475 1697 4543 cpiscopus
1723 4474 2041 4527 Alexandri-

464 4560 607 4607 nus,
647 4545 701 4597 in
731 4559 842 4613 quo
871 4559 1121 4613 quaenam
1157 4553 1305 4598 esset
1338 4546 1644 4599 mconomia
1684 4559 1781 4598 seu
1815 4545 2037 4613 dispen-

466 4614 609 4668 satio
645 4614 1037 4676 ecclesiastica,
1069 4623 1123 4667 et
1151 4621 1284 4681 quot
1315 4615 1435 4682 ejus
1465 4615 1674 4683 species
1707 4622 1919 4683 essent,
1947 4627 2039 4666 ac-

466 4693 656 4737 curate
685 4683 1013 4747 ohscrvavit,
1055 4692 1114 4737 ut
1142 4683 1325 4737 videre
1347 4681 1435 4737 est
1462 4681 1514 4736 in
1541 4681 1871 4735 Bibliotheca
1896 4682 2042 4735 Pho-

424 4744 435 4821 ξ
469 4753 531 4807 tii
572 4767 692 4821 cap.
725 4752 851 4805 22⁵1.
902 4744 1146 4806 Primum
1182 4752 1346 4821 igitur
1398 4761 1545 4821 notat
1590 4751 1886 4821 Eulogius,
1932 4767 2041 4806 non

429 4815 435 4839 '
462 4815 1507 4892 omnibuspromiscuelicere'otxoyoplqt
1526 4836 1621 4876 seu
1635 4815 2044 4892 dispensatione

431 4914 435 4924 ·
465 4892 568 4956 uti,
595 4890 687 4946 sed
718 4890 786 4946 iis
816 4891 1081 4961 duntaxat
1110 4892 1201 4961 qui
1234 4890 1471 4961 ministri
1502 4901 1628 4945 sunt
1654 4906 1717 4945 ac
1759 4891 2044 4961 dispensa-

465 4972 615 5017 tores
643 4960 1029 5030 mysteriorum
1050 4959 1165 5025 Dei,
1189 4960 1512 5031 praesidibus
1534 4962 1741 5015 scilicet
1766 4959 2040 5014 Ecclesiae.

472 5032 679 5086 Deinde
703 5039 884 5097 notat,
923 5046 1199 5099 nunquam
1234 5031 1415 5084 locum
1448 5045 1567 5085 esse
1595 5031 1914 5085 mconomite
1947 5045 2041 5084 seu

402 5146 412 5160 .
467 5100 884 5172 dispensationi,
916 5100 1022 5172 nisi
1049 5100 1650 5172 salva_prorsus_atquc
1685 5100 2043 5172 illihataper-

470 5169 724 5228 manente
749 5171 874 5226 fidei
897 5171 1167 5226 doctrina.
1195 5169 1287 5224 llis
1315 5170 1527 5240 positis,
1558 5169 1817 5240 Eulogius
1844 5170 2042 5238 triplex

469 5241 771 5313 distinguit,
800 5255 983 5313 genus
1000 5239 1330 5313 (nconomizc’
1357 5239 1757 5313 ecclesiasticae.
1799 5239 2040 5293 Primum

469 5310 724 5369 consistit
761 5312 815 5366 in
846 5312 1033 5376 rebus,
1062 5311 1363 5366 secundum
1394 5310 1448 5364 in
1484 5310 1798 5365 nominibus
1828 5323 1892 5365 ac
1917 5324 2040 5364 ver-

2147 4402 2416 4474 imprimis
2451 4402 2848 4473 iurisconsulto
2896 4404 3223 4459 iudicassem
3247 4445 3261 4467 ,
3296 4402 3557 4474 id_illctin
3592 4414 3720 4454 suos

2141 4470 2283 4555 juris
2306 4470 2555 4555 canonici
2572 4475 3004 4555 “commentarius
3034 4475 3236 4555 retulit,
3268 4483 3320 4553 et
3342 4470 3718 4555 Praefationem

2146 4540 2412 4615 integram
2446 4546 2513 4599 de
2554 4544 3057 4612 dispensationibus
3104 4541 3491 4615 ecclesiasticis
3522 4558 3585 4593 ex
3630 4540 3721 4593 illo

2146 4613 2358 4686 Eulogii
2389 4615 2509 4668 loco
2537 4615 2905 4686 concinnavit,
2939 4628 3025 4668 me
3052 4627 3084 4667 a
3112 4629 3221 4684 quo
3252 4613 3388 4667 illud
3414 4620 3716 4681 acceperat,

2144 4698 2213 4738 ne
2242 4683 2524 4741 nominato
2555 4683 2798 4753 quidem.

2217 4754 2327 4823 (59)
2364 4750 2682 4808 Theoddrit.
2712 4752 2749 4805 l.
2780 4770 2841 4823 tt,
2870 4766 2916 4804 c.
2957 4750 3055 4805 ult.

2216 4818 2575 4894 (40tZ731wr
2596 4821 3098 4894 ὑπερϐάλλεσθαι)
3133 4818 3191 4894 in
3227 4821 3599 4894 nianuscripto
3630 4831 3720 4871 coo

2144 4889 2265 4947 dice
2310 4892 2567 4946 Bocliarti
2608 4892 2867 4946 scribitur
2917 4890 3342 4962 ὑπερϐαλέσθαι.
3381 4889 3487 4962 Sed
3528 4901 3715 4959 parum

2144 4962 2313 5017 refert
2342 4972 2464 5017 utro
2500 4962 2661 5015 modo
2688 4962 2957 5015 scribatur
2979 4958 3082 5014 huc
3113 4961 3362 5014 verbum.
3393 4958 3507 5013 Vox
3530 4958 3715 5011 autem

2148 5031 2327 5103 ζήλων
2358 5034 2547 5101 procul
2588 5031 2753 5103 dubio
2788 5031 3108 5103 corrigenda
3137 5037 3224 5084 est
3255 5030 3557 5103 hoc_modo
3590 5047 3602 5081 :
3643 5024 3717 5103 τῷ

2151 5098 2609 5174 οξυρῤεπεστὰτῳ
2641 5100 2804 5171 ζήλῳ.
2840 5098 3049 5174 Similis
3074 5100 3454 5174 error_s-.rpius
3481 5098 3719 5174 occurrit

2149 5173 2202 5225 in
2221 5168 2305 5226 his
2326 5173 2497 5234 libris,
2517 5168 2608 5239 qui
2632 5168 2705 5223 ex'
2724 5168 2787 5223 eo
2812 5168 3083 5238 profluxit,
3102 5170 3247 5239 quod
3275 5179 3483 5223 veteres
3513 5187 3530 5221 t
3559 5168 3721 5239 asi-ri-

2146 5240 2275 5295 bere
2310 5238 2559 5295 solebant
2603 5240 2669 5293 ad
2705 5240 2848 5294 latus
2895 5240 3089 5293 litterae
3116 5238 3225 5293 non
3258 5248 3443 5294 autem
3481 5238 3717 5294 subscri-

2148 5310 2297 5377 bere,
2330 5321 2389 5366 ut
2414 5326 2560 5364 nunc
2595 5309 2847 5365 facimus.

1930 5446 2010 5491 VA
2017 5447 2260 5491 RIORUM
2267 5476 2280 5489 .

542 5573 1214 5645 (a)_l_Ipoa:q:ro.1ty:rdret
1252 5575 1305 5629 δ’
1350 5577 1554 5642 αὐτοῖς
1585 5576 1683 5630 καί
1726 5575 1840 5644 τὴν
1878 5574 2044 5637 Keu-

476 5642 603 5709 κον.
635 5642 771 5697 Male
802 5642 1049 5701 Valesius
1081 5661 1268 5701 vocent
1305 5647 1487 5709 αὐτοῖς
1519 5649 1585 5701 de
1612 5642 1855 5701 Eudoxio
1886 5646 2043 5699 intel-

471 5708 633 5775 lexit;
670 5725 792 5766 cum
826 5713 970 5768 enim
1002 5715 1073 5769 sit
1096 5717 1305 5771 numeri
1343 5708 1584 5786 pluralis,
1618 5716 1683 5772 de
1704 5718 1848 5773 clero
1880 5708 2054 5786 Cyzi-'

2154 5589 2289 5629 ceno
2329 5577 2641 5646 exponenda
2677 5586 2759 5633 est
2785 5618 2798 5643 ,
2834 5577 2925 5648 qui
2967 5575 3281 5649 inimicitias
3306 5570 3721 5649 _cum_EI_IdO_x_i9

2151 5640 2549 5767 ixet'lcltterunt,
2599 5657 2655 5702 ut
2696 5640 2955 5703 narratur
3000 5661 3118 5717 cap.
3168 5646 3189 5700 l
3226 5645 3390 5715 hujus
3430 5644 3577 5699 libri.
3632 5640 3716 5696 ιν.

2198 5729 2271 5767 0w
2315 5732 2357 5767 ι,
