4028 6330
284 372 381 430 845

1280 367 1840 427 ECCLESIAS'HCE
1879 369 2229 429 HlSTORl/E
2270 374 2396 431 LIB.
2438 373 2552 431 Vil.

3421 385 3524 441 5-ιο

287 492 596 567 παραλύσας
622 489 716 545 τοῦ
750 490 1081 563 ἀξιώματος,
1105 490 1185 555 είς
1204 487 1387 562 Θήὸας
1409 491 1508 556 τάς
1528 492 1850 562 Αἰγυπτίους

1954 511 2118 566 quam
2143 495 2423 554 dimovere
2443 496 2734 570 potuisset,
2749 498 3009 569 dignitate
3030 501 3296 572 privatum
3312 501 3526 563 Thebas

285 587 593 657 φυγαδεύει.
622 584 822 639 Τοῦτόν
846 603 1011 655 φασιν
1033 625 1049 650 ,
1076 585 1238 657 ἡνίκα
1262 587 1638 649 Κωνστάντιος
1665 584 1850 639 ὲδασί-

290 679 488 740 λευσεν,
525 676 653 731 ίδείν
683 694 805 731 τινα
837 677 946 733 τῶν
977 677 1288 749 λεγομένων
1321 677 1723 749 Σιλεντιαρίων,
1758 695 1853 731 πυ-

294 767 380 841 ρδς
415 767 582 836 φλόγα
610 766 705 822 τοῦ
755 768 1018 841 στόματος
1069 769 1325 838 ἀφιένταο
1365 769 1490 822 ίδεϊν
1541 769 1598 823 δὲ
1625 769 1764 822 κατά
1793 769 1853 823 τὸ

291 859 499 913 δειλινὸν
525 858 665 931 (61),
696 860 861 931 ἡνίκα
912 860 1051 933 μετά
1088 860 1293 933 τροφὴν
1329 860 1423 914 τὸν
1470 859 1637 914 ὕπνον
1673 860 1853 932 αἱρού-

292 950 450 1023 μεθα·
494 951 590 1005 καὶ
636 949 811 1006 ταῦτα
867 951 1125 1023 σημηνῶν
1160 952 1272 1025 (62)
1324 951 1708 1022 Κωνσταντίῳ.
1744 952 1852 1005 Καὶ

289 1044 388 1115 γὰρ
416 1042 621 1097 ἐκείνου
662 1042 979 1114 πέμψαντος
1005 1043 1165 1098 αὐτὸν
1202 1044 1290 1099 διά
1318 1061 1440 1099 τινα
1466 1043 1656 1116 χρείαν
1687 1060 1851 1115 μετα-

288 1132 603 1188 καλέσασθαι
642 1132 735 1188 τὸν
763 1133 1202 1189 Οὐαλεντινιανὸν
1222 1174 1237 1199 ,
1282 1136 1594 1205 περιτυχεῖν
1620 1133 1699 1205 τῷ
1726 1133 1850 1188 θεά-

286 1241 429 1296 ματι.
467 1225 528 1279 ’0
572 1225 631 1279 δὲ
656 1227 1035 1295 Κωνστάντιος
1064 1230 1131 1299 τῇ
1186 1226 1417 1298 ἀγγελίᾳ
1468 1228 1548 1291 εἰς
1596 1227 1850 1281 ὑπόνοιαν

286 1317 378 1387 μὲν
404 1316 496 1372 καὶ
519 1315 641 1382 δέος
685 1318 920 1390 κατέστη
943 1334 958 1350 °
987 1318 1140 1372 οὐδέν
1173 1319 1238 1388 γέ
1282 1336 1336 1372 τι
1373 1319 1728 1389 παρελύπησε
1758 1319 1851 1373 τὸν

284 1405 443 1478 ἄνδρα
462 1423 475 1437 ·
515 1408 1008 1480 παραμυθούμενος
1039 1409 1095 1463 δὲ
1130 1409 1191 1463 τὸ
1220 1410 1418 1464 οἰκεῖον
1437 1410 1584 1473 δέος,
1630 1411 1757 1482 περὶ⁵
1783 1410 1854 1464 τὰ

284 1499 505 1573 φρούρια
544 1504 648 1573 τῆς
689 1502 1116 1573 Μεσοποταμίας
1145 1503 1462 1573 ἐκπέμπει,
1504 1503 1718 1572 φύλακα
1745 1504 1850 1558 τῶν

284 1592 452 1645 ἐκεῖσε
477 1592 662 1647 τόπων
686 1593 963 1664 ἐσόμενον,
998 1595 1094 1648 καὶ
1124 1594 1221 1658 τὰς
1248 1593 1356 1649 τῶν
1384 1593 1611 1666 Περσῶν
1645 1595 1853 1666 ἐπιδροο

286 1684 385 1755 μὰς
409 1684 818 1741 ἀναστέλλοντα.

347 1784 412 1847 η’.
446 1777 568 1831 Ὅτι
612 1777 683 1833 τὰ
733 1781 864 1851 περὶ
894 1780 987 1834 τοῦ
1047 1781 1323 1854 μάρτυρος
1363 1780 1577 1836 Βαϐύλα
1603 1781 1716 1851 (α),
1750 1782 1848 1837 ὃσα

1954 585 2238 659 Egyptias
2259 590 2520 662 relegavit
2546 589 2679 663 (65).
2706 589 2863 647 Hunc
2893 591 3022 646 olim
3042 634 3058 661 ,
3094 593 3221 648 dum
3256 592 3527 650 Constan-

1952 678 2060 734 tius
2095 679 2321 750 imperio
2346 682 2609 751 potiretur
2629 722 2645 750 ,
2676 682 2900 754 quidam
2932 699 2999 738 ex
3050 683 3237 740 schola
3272 683 3527 742 Silentia-

1950 770 2181 838 riorum,
2210 770 2483 827 flammam
2515 788 2578 829 ex
2626 787 2722 829 ore
2752 781 3056 830 vomentem
3088 775 3291 831 vidisse
3318 774 3524 844 fertur;

1951 869 2069 914 erat
2096 867 2276 915 autem
2317 862 2675 919 meridianum
2721 872 2933 935 tempus
2960 906 2974 932 ,
3006 865 3227 935 quando
3271 882 3525 923 somnum

1953 965 2147 1020 capere
2194 952 2435 1009 solemus
2486 962 2609 1024 post
2652 955 2867 1021 cibum;
2902 955 3062 1025 idque
3090 955 3412 1012 Constantio
3440 974 3527 1011 re-

1953 1043 2251 1098 nuntiasse.
2295 1043 2378 1097 Ab
2403 1058 2468 1099 eo
2502 1045 2645 1099 enim
2672 1046 2874 1103 missus
2899 1049 2964 1103 ad
3000 1044 3389 1103 accersendum
3422 1048 3526 1103 Va~

1953 1132 2310 1190 lentinianum
2354 1135 2638 1207 cujusdam
2685 1139 2889 1208 negotii
2920 1153 3086 1193 causa
3109 1177 3125 1204 ,
3159 1139 3286 1193 huic
3317 1148 3525 1209 specta-

1952 1224 2077 1279 culo
2105 1224 2521 1282 interfuerat.At
2539 1227 2913 1292 Constantius,
2937 1244 3001 1283 ea
3033 1244 3092 1283 re
3118 1227 3219 1297 ipsi
3253 1229 3524 1295 nuntiata,

1953 1316 2007 1371 in
2036 1317 2400 1388 suspicionem
2446 1334 2512 1374 ac
2541 1327 2746 1375 metum
2794 1320 3076 1390 coniectus
3107 1329 3222 1386 est;
3271 1321 3417 1378 nulla
3450 1333 3527 1379 ta-

1951 1423 2076 1463 men
2114 1409 2366 1465 molestia
2396 1410 2835 1465 Valentinianum
2880 1410 3077 1465 aﬂecit.
3117 1410 3313 1468 Verum
3359 1423 3418 1469 ut
3456 1416 3525 1469 tio

1951 1513 2157 1555 morem
2190 1516 2350 1556 suum
2371 1502 2603 1568 sedaret,
2637 1502 2704 1557 ad
2727 1503 2948 1558 castella
2961 1501 3366 1574 Mesopotamiae
3394 1520 3524 1561 eum

1952 1590 2136 1659 misit,
2159 1599 2220 1646 ut
2254 1592 2323 1646 iis
2361 1592 2498 1647 locis
2526 1592 2780 1662 praesidio
2808 1603 2988 1661 esset,
3024 1601 3077 1649 et
3107 1591 3395 1650 Persarum
3431 1611 3526 1651 ex-

1952 1681 2234 1737 cursiones
2261 1682 2664 1752 comprimeret.

2022 1772 2076 1829 8.
2109 1772 2365 1843 Babylas.
2393 1804 2463 1814 —
2500 1772 2578 1830 De
2599 1756 2799 1846 Babyl'a
2828 1784 3085 1847 martyre,
3113 1785 3247 1846 quot
3275 1786 3328 1831 et
3352 1791 3528 1848 quan~

280 1886 334 1923 τε
357 1871 643 1936 Ἰουλιανὸς
671 1874 752 1937 είς
773 1873 835 1928 τὸ
861 1875 1194 1947 μαρτυρικὸν
1214 1878 1391 1933 ἐκεῖνο
1413 1876 1570 1949 σῶμα
1596 1876 1844 1950 παρῴνη-

1954 1862 2022 1918 tis
2053 1863 2400 1919 contumeliis
2454 1879 2669 1920 sacrum
2698 1865 2817 1936 ejus
2844 1880 3044 1934 corpus
3092 1866 3332 1922 effecerit
3362 1865 3529 1923 Julia-

282 1977 366 2016 σεν
388 2003 402 2025 ,
434 1964 533 2017 ὅσα
561 1975 626 2017 τε
652 1966 826 2019 εἰπεῖν
850 1965 1137 2036 ἐξεϐιάσθη
1161 1967 1230 2021 τὰ
1257 1968 1510 2038 δαιμόνια
1527 2006 1542 2031 ,
1583 1968 1677 2022 καὶ
1701 1970 1847 2034 ὅπως

281 2052 517 2125 κεραυνῷ
546 2054 611 2108 τὺ
637 2050 730 2109 τοῦ
764 2057 1097 2122 Ἀπόλλωνος
1126 2057 1274 2130 αὐτῷ
1343 2054 1700 2131 καθιδρύματι
1733 2059 1846 2131 {65)

280 2143 637 2217 ἀπετεφρώθη
666 2147 891 2218 τέμενος
909 2188 924 2213 ,
960 2151 1054 2204 καλ⁸
1075 2150 1176 2205 ὅσα
1203 2149 1337 2205 ἄλλα
1364 2149 1506 2203 κατά
1530 2150 1848 2221 ἀνθρώπους

280 2252 333 2289 τε
360 2237 451 2291 καὶ
499 2238 1008 2311 ὑπὲρηάνθρώπους
1056 2240 1564 2314 παρεδοξοποιῄθη,
1598 2242 1700 2296 οὐκ
1755 2242 1847 2295 ἐπὶ

284 2328 413 2398 μέγα
440 2331 891 2403 παραλλάττοντα
916 2337 1029 2398 τοῖς
1049 2334 1229 2398 ἄλλοις
1249 2328 1405 2399 οὗτος
1437 2335 1660 2405 ἱστορεῖ.
1684 2334 1846 2403 Λέγει

281 2420 331 2474 δὲ
359 2425 706 2496 μαρτυρῆσαι
739 2424 828 2479 τὸν
876 2426 1019 2495 ἱερὸν
1049 2427 1294 2482 Βαϐύλαν
1345 2427 1442 2482 σὺν
1473 2427 1620 2498 τρισὶ
1667 2425 1844 2489 παισὶ,

284 2512 460 2584 κομιδῇ
492 2514 591 2583 μὲν
618 2514 792 2580 νέοις,
820 2515 882 2568 τὸ
920 2515 1075 2584 γένος
1106 2516 1151 2569 δ’
1182 2515 1431 2585 ἀδελφοῖς
1456 2533 1470 2546 ⁸
1508 2515 1570 2569 τὸ
1613 2515 1669 2569 δὲ
1707 2532 1848 2585 μαρ-

284 2600 452 2671 τύριον
481 2605 784 2676 ἀπ’ἀρχῆς
806 2590 1060 2677 ³’ίοιαύτης
1091 2606 1358 2678 προϐῆναι
1380 2647 1401 2664 .
1427 2605 1755 2667 Ἐπίσκοπος
1781 2601 1847 2675 ἦν

284 2690 370 2762 τῆς
406 2692 737 2765 Ἀντιοχείας
762 2698 790 2749 ὁ
813 2695 1079 2760 Βαὸύλας.
1119 2695 1479 2768 Νουμεριανῷ
1506 2695 1563 2749 δὲ
1594 2694 1671 2766 τῷ
1712 2697 1847 2749 Ῥω-

281 2785 447 2852 μαίων
473 2785 711 2856 βασιλεῖ,
746 2788 778 2859 ἢ
805 2788 880 2853 ὡς
909 2787 1036 2842 ἔνιοι
1073 2790 1247 2860 Δεκίῳ
1280 2789 1433 2859 φασὶ,
1465 2788 1606 2843 κατά
1632 2789 1696 2859 δή
1730 2806 1848 2842 τινα

282 2875 492 2947 δαίμονα
519 2878 755 2952 γνώμην
788 2883 1068 2951 ἐμπεσεῖν,
1124 2881 1471 2951 πληθυούσης
1505 2882 1603 2953 τῆς
1651 2881 1851 2952 ἐκκλη-

287 2965 396 3031 σίας
417 2969 685 3025 είσελθεῖν
713 2972 772 3026 ὲν
799 2972 955 3043 αὐτῇ.
985 2970 1087 3024 Τὸν
1114 2971 1171 3024 δέ
1209 2987 1274 3040 γε
1304 2970 1398 3025 τοῦ
1420 2970 1554 3024 Θεοῦ
1589 2968 1850 3040 ἀρχιερέα

287 3052 414 3106 κατά
453 3055 524 3108 τὰ
579 3055 903 3126 προπύλαια
955 3056 1153 3109 στάντα
1184 3055 1276 3108 τοῦ
1325 3053 1463 3120 νεὼ,
1513 3053 1610 3125 τὴν
1648 3053 1850 3106 εἴσοδον

286 3143 662 3217 ἀποτειχίζειν,
695 3148 998 3217 φάσκοντα,
1027 3149 1126 3201 ὅσα
1154 3163 1218 3216 γε
1248 3147 1469 3211 δυνατὸς
1503 3146 1589 3217 εἴη
1609 3185 1624 3209 ,
1655 3145 1730 3216 μὴ
1760 3161 1852 3198 πε-

287 3234 550 3307 ριόψεσθαι
603 3237 773 3291 λύκον
823 3239 900 3309 τῷ
944 3240 1178 3311 ποιμνίῳ
1230 3239 1707 3311 παρεισδυόμενον.
1742 3236 1850 3289 Καὶ

283 3325 366 3379 τὸν
385 3330 481 3400 μὲν
500 3330 708 3388 αὐτίκα
732 3331 831 3401 τῆς
852 3332 1027 3403 ὁρμῆς
1049 3330 1508 3403 ἀνακρουσθῆναι,
1532 3327 1641 3385 εἴτε
1666 3327 1852 3381 στάσιν

286 3418 643 3493 ὑπειδόμενον,
677 3422 787 3477 εἴτε
813 3425 907 3480 καὶ
933 3423 1106 3489 ἄλλως
1136 3422 1705 3496 μεταϐουλευσάμενον
1723 3437 1735 3449 °
1764 3419 1851 3473 τὸν

285 3511 565 3569 ἐπίσκοπον
603 3514 803 3587 πρῶτα
859 3515 957 3588 μὲν
988 3514 1098 3586 (64)
1140 3516 1240 3586 τῆς
1291 3516 1493 3585 τόλμης
1540 3511 1849 3578 αἰτιᾶσθαι,

284 3601 462 3660 ἔπειτα
495 3607 550 3661 δὲ
578 3607 828 3662 κελεύειν
859 3607 951 3660 τὸν
989 3608 1136 3661 ὅσιον
1162 3601 1273 3669 τοῖς
1302 3606 1517 3677 δαίμοσι
1543 3605 1691 3658 θύειν
1715 3620 1728 3634 ·
1762 3603 1856 3673 μό-

285 3712 373 3766 νην
406 3698 513 3771 γὰρ
540 3696 685 3753 εἶναι
711 3697 809 3770 τὴν
836 3696 1114 3764 ἐξοσίωσιν
1139 3696 1363 3768 ταύτην,
1393 3697 1546 3751 λύσιν
1570 3714 1629 3751 τε
1660 3696 1857 3766 ἐγκλή-

288 3804 442 3856 ματος
466 3830 481 3854 ,
514 3793 609 3845 καὶ
633 3791 738 3861 τῆς
767 3791 903 3861 μετά
931 3791 1103 3845 ταῦτα
1136 3789 1301 3860 τιμῆς
1329 3806 1390 3842 τε
1419 3789 1513 3843 καὶ
1539 3787 1694 3859 δόξης
1724 3788 1856 3858 πρό-

287 3876 441 3940 ξενον.
475 3880 579 3935 Τὸν
607 3880 692 3944 δὲ,
728 3880 991 3949 γενναίως
1023 3878 1160 3952 πρὸς
1191 3879 1401 3933 ἕκαστα
1431 3878 1541 3932 τῶν
1578 3894 1855 3948 προτεινο-

291 3967 454 4037 μένων
478 3971 957 4042 ἀντιταττόμενον,
984 3971 1077 4025 τὸν
1115 3968 1457 4042 μαρτυρικὸν
1483 3968 1851 4041 ἀναδήσασθαι

288 4058 552 4128 στέφανον.

1950 1950 2056 2014 nus
2081 1997 2097 2024 ,
2137 1972 2260 2027 quae
2288 1957 2416 2012 item
2462 1956 2645 2013 dicere
2672 1960 2847 2015 coacti
2882 1959 3083 2016 fuerint
3119 1959 3398 2017 daemones
3423 2002 3437 2025 ,
3472 1972 3528 2016 et

1950 2049 2408 2121 quemadmodum
2444 2049 2710 2120 Apollinis
2742 2053 3002 2122 templum
3058 2068 3164 2107 una
3194 2067 3320 2108 cum
3355 2054 3527 2109 simn-

1950 2141 2120 2206 lacro,
2145 2139 2373 2197 fulmine
2402 2141 2569 2197 ictum
2603 2142 3039 2213 conflagrarerit,
3057 2143 3268 2214 reliqua
3294 2144 3527 2216 denique

1950 2231 2267 2287 admiranda
2295 2272 2310 2297 ,
2353 2248 2475 2303 quae
2523 2233 2724 2303 partim
2785 2234 3027 2289 humano
3083 2251 3276 2304 more,
3327 2239 3526 2307 partim

1950 2335 2116 2390 supra
2146 2321 2415 2378 humanas
2444 2322 2588 2377 vires
2619 2329 2749 2377 tunc
2772 2333 2922 2393 gesta
2955 2333 3121 2393 sunt,
3159 2341 3268 2380 non
3297 2329 3528 2382 multum

1951 2412 2020 2468 ab
2043 2413 2163 2468 aliis
2188 2410 2403 2469 diversa
2435 2423 2619 2469 narrat
2644 2413 3042 2483 Philostorgius
3071 2415 3206 2486 (66).
3243 2415 3335 2470 Ait
3359 2433 3526 2487 porro

1951 2511 2200 2559 sanctum
2249 2502 2505 2575 Babylam
2548 2505 2813 2576 martyrio
2844 2505 3190 2576 perfunctum
3244 2521 3366 2561 esse
3418 2522 3526 2561 una

1951 2611 2076 2651 cum
2117 2595 2290 2651 tribus
2323 2598 2509 2666 pueris
2559 2596 2823 2653 fratribus
2846 2637 2864 2664 ,
2890 2598 3179 2654 admodum
3217 2598 3528 2655 adolescen-

1952 2685 2129 2753 tibus;
2158 2689 2475 2758 martyrium
2510 2704 2636 2744 vero
2679 2704 2747 2743 ex
2784 2689 3099 2760 hujusmodi
3130 2706 3295 2746 causa
3335 2706 3525 2760 prove-

1952 2779 2122 2835 nisse.
2154 2779 2286 2835 Erat
2325 2780 2557 2852 Babylas
2583 2782 2872 2852 episcopus
2903 2784 3221 2840 Antiochiae.
3277 2783 3527 2851 Quodam

1952 2871 2118 2941 igitur
2167 2882 2410 2943 tempore
2460 2872 2852 2930 Numer-ianum
2902 2875 3067 2931 Rom.
3119 2878 3523 2949 imperatorem,

1955 2961 2089 3027 sive,
2124 2971 2185 3018 ut
2208 2963 2298 3019 alii
2327 2965 2535 3031 dicunt,
2566 2964 2785 3021 Decium
2807 3007 2823 3033 ,
2853 2983 2883 3021 a
2918 2969 3161 3023 daemone
3192 2969 3404 3025 invecta
3429 2986 3528 3025 cu—

1956 3055 2157 3125 piditas
2185 3055 2410 3111 incessit
2443 3056 2781 3126 ingrediendi
2836 3058 2889 3111 in
2942 3056 3229 3113 ecclesiam
3261 3056 3530 3112 Christia~

1881 3184 1924 3241 Ο
1955 3158 2178 3209 norum,
2214 3158 2335 3198 cum
2370 3144 2605 3213 populus
2644 3145 2711 3200 ad
2745 3160 2867 3200 eam
2899 3146 3374 3217 frequentissimus
3402 3160 3528 3201 con-

1958 3234 2213 3289 venisset.
2243 3232 2442 3289 Verum
2475 3238 2730 3293 sacerdos
2767 3236 2861 3292 Dei
2914 3238 2980 3292 ad
3013 3238 3255 3293 ecclesiae
3291 3236 3528 3292 vestibu-

1952 3325 2065 3379 lum
2109 3334 2302 3390 stans,
2361 3327 2566 3381 aditqu
2614 3327 2664 3383 ei
2708 3326 3052 3394 interclusit,
3105 3342 3361 3384 asserens
3416 3342 3528 3382 non

1953 3434 2241 3488 passurum
2270 3434 2349 3487 se,
2379 3429 2642 3490 quantum
2671 3420 2892 3490 quidem
2924 3423 2978 3476 in
3018 3423 3136 3491 ipso
3167 3430 3304 3487 erat,
3346 3429 3409 3474 ut
3437 3418 3527 3474 lu-

1953 3525 2056 3580 pus
2085 3509 2140 3564 in
2171 3511 2313 3566 ovile
2346 3511 2624 3580 irreperet.
2657 3509 2954 3581 Imperator
2988 3528 3120 3568 vero
3140 3550 3156 3576 ,
3193 3511 3373 3567 statim
3405 3511 3530 3581 qui-

1952 3603 2075 3657 dem
2112 3602 2181 3656 ab
2213 3601 2428 3670 incepto
2452 3601 2679 3669 destitit,
2703 3617 2798 3658 seu
2833 3604 2975 3674 quod
3000 3603 3323 3660 seditionem
3351 3600 3525 3657 refor-

1954 3692 2214 3755 midaret,
2246 3707 2341 3747 seu
2372 3692 2443 3746 ob
2474 3693 2637 3748 aliam
2690 3695 3005 3764 quampiam
3061 3708 3284 3749 causam
3320 3698 3527 3746 mutata

1952 3784 2252 3851 sententia;
2278 3784 2594 3855 episc0pum
2625 3800 2758 3840 vero
2780 3826 2797 3853 ,
2838 3786 3075 3856 primum
3112 3785 3326 3856 quidem
3359 3791 3529 3839 teme-

1950 3876 2125 3931 ritatis
2152 3877 2449 3944 accusavit,
2478 3877 2674 3933 deinde
2702 3877 3044 3933 daemonibus
3065 3878 3378 3933 sacriﬁcare
3401 3875 3523 3944 jus-

1949 3968 2018 4022 sit
2041 3983 2256 4024 :.uuum
2288 3968 2431 4021 enim
2464 3968 2516 4022 id
2543 3969 2874 4023 sacriﬁcium
2900 3983 3021 4023 esse
3045 4007 3060 4032 ,
3093 3982 3203 4036 quo
3235 3975 3291 4021 et
3316 3967 3525 4020 crimen

1949 4073 2106 4113 suum
2132 4058 2354 4122 diluere,
2389 4067 2444 4112 et
2477 4059 2531 4112 in
2559 4067 2833 4127 posterum
2869 4060 3131 4113 honorem
3170 4056 3273 4111 sibi
3304 4069 3370 4109 ac
3396 4054 3519 4123 glo-

289 4150 412 4206 riam
442 4169 765 4226 comparare
804 4163 1007 4226 posset.
1056 4155 1356 4224 Episcopus
1389 4168 1519 4208 vero
1546 4192 1562 4220 ,
1614 4169 1737 4208 cum
1782 4153 1851 4210 iis
1888 4168 2010 4224 quae
2067 4151 2170 4222 ipsi
2201 4152 2673 4222 proponebantur,
2707 4150 2829 4205 forti
2897 4167 2962 4207 ac
3011 4165 3278 4223 generoso
3340 4147 3528 4203 animo

285 4246 581 4317 restitisset,
618 4249 869 4319 martyrii
906 4264 1161 4305 coronam
1195 4249 1421 4318 adeptus
1460 4259 1563 4304 est.

349 4338 410 4394 θ’.
445 4341 568 4396 Ὀτι
594 4343 726 4407 τοὺς
768 4341 861 4397 τοῦ
904 4342 1152 4415 Σωτῆρος
1188 4345 1470 4414 χρησμοὺς
1494 4384 1508 4409 ,
1543 4344 1592 4397 οἳ
1619 4344 1717 4414 τὴν
1753 4344 1849 4396 Ἱε-

291 4433 559 4506 ρουσαλὴμ
589 4436 996 4507 ἀνατετράφθαι
1025 4436 1273 4505 λέγουσιν
1294 4476 1308 4503 ,
1347 4436 1486 4489 ὥστε
1531 4434 1662 4506 μηδὲ
1702 4433 1848 4486 λίθον

2014 4338 2907 4408 9.11t'erosolymoruminstauratio
2940 4336 3145 4406 frustra
3186 4345 3530 4405 suscepta.—

1955 4432 2215 4501 Apostata
2247 4429 2496 4485 Julianus
2520 4469 2534 4493 ,
2568 4428 2879 4483 Servatoris
2905 4428 3076 4482 nostri
3110 4428 3327 4482 oracula
3347 4469 3363 4494 ,
3399 4428 3524 4500 qui-

1507 4588 1745 4632 VALESII
1785 4585 2281 4631 ANNOTATIONES.

350 4699 476 4770 (6i);
504 4700 669 4756 Κατὰ
726 4700 793 4755 τὸ
835 4699 1116 4754 δειλινόν.
1152 4696 1309 4752 Circa
1347 4710 1652 4770 u_esperam_,
1688 4693 1848 4770 vertit

1955 4692 2339 4770 betnaqpivat.

290 4765 688 4836 Gothofredus,
760 4778 979 4826 secutus
1050 4766 1550 4837 interpretationem
1622 4765 1848 4837 Joannis

1968 4754 2819 4833 (65)Αὗτῷκαθιδρύματι.ῌιιῐιο
2835 4756 3012 4833 locum
3028 4754 3236 4833 restitui
3256 4769 3319 4808 ex
3337 4768 3527 4833 manu-

471 4824 496 4905 ,ﬁ
515 4824 640 4912 qui
758 4824 905 4914 libro
944 4824 1232 4914 undecimo
1262 4834 1549 4914 Niceplwri
1578 4835 1725 4914 ,"ubi
1762 4835 1850 4888 hic
1947 4824 2150 4914 scripto
2171 4824 2356 4914 «indice
2375 4824 2644 4914 Samuelis
2660 4827 3012 4914 chbarti,.in_
3028 4824 3521 4914 quosi‘taicriljiiurg

290 4897 627 4981 Pliilostorgii
660 4911 815 4966 locus
843 4897 1850 4986 describitu_r,_ita_verteratﬂgo‘vero
1945 4897 2094 4986 αὐτῷ
2114 4899 2497 4986 καθιδρύματι.
2608 4897 3519 4986 eodem’cod-icegscriptumrinvem

290 4963 996 5034 ρετσαίῖιέεῗέᾱεέὶιὶίὲετιέτθ
1043 4963 1228 5030 malui.
1289 4976 1340 5029 Id
1389 4975 1533 5029 enim
1582 4963 1850 5043 significat

1952 4963 2170 5043 γνώμην
2184 4963 2464 5043 ἐμπεσεῖν,
2480 4984 2588 5024 non
2605 4966 3119 5043 EXﬂEOLEIV,UI9did‘lI
3134 4963 3523 5043 Gothofredus.

292 5045 469 5103 Graeca
491 5065 619 5113 vox,
652 5061 712 5104 ut
735 5057 961 5104 testatur
989 5046 1185 5103 Suidas
1209 5046 1260 5099 in
1292 5044 1470 5114 δείλη,
1497 5059 1619 5112 quae
1646 5051 1853 5096 utrum-

293 5132 390 5198 que
417 5127 628 5198 tempus
656 5120 1034 5198 denotathtam
1065 5116 1853 5198 meridiariumnquam‘vesper-

296 5182 476 5265 tinum.
512 5182 715 5244 Verum
769 5189 948 5265 e;__iis
1003 5202 1125 5257 quae
1176 5185 1398 5265 subjici}
1429 5182 1851 5265 Philostorgius,

297 5257 671 5332 satis‘apparet
696 5252 1056 5332 meridianum
1091 5252 1301 5332 tempus
1328 5254 1416 5332 liic
1442 5252 1689 5332 intelligi.
1709 5320 1737 5332 ν.

361 5321 834 5403 (θ2)’Σημηνῶςν.-
848 5327 939 5384 Sic
972 5327 1134 5381 etiam
1169 5321 1224 5379 in
1260 5324 1449 5403 codice
1487 5321 1850 5403 Bocliartiano

297 5391 545 5465 scriptum
561 5391 780 5454 inveni.
812 5397 925 5454 Lex
959 5404 1135 5452 tamen
1161 5393 1513 5466 grammatica
1544 5391 1709 5447 scribi
1751 5391 1840 5460 ju-

2024 5034 2137 5109 (64)
2158 5034 2278 5109 ,Τῦν
2301 5040 2642 5109 ἐπίσκοπον
2669 5035 2871 5109 πρῶτα
2892 5036 3193 5109 [tenente
3224 5036 3338 5109 haec
3360 5034 3523 5109 verba

1953 5102 2316 5182 ponendaest
2343 5102 2856 5182 iinalis_dist_inc_t_io_.
2891 5102 3092 5182 Deinde
3116 5102 3420 5182 supplenda
3439 5112 3523 5155 est

1954 5172 2263 5247 coniunctio
2287 5179 2390 5233 hoc
2419 5179 2599 5239 modo,
2627 5177 2720 5231 τὸν
2745 5176 2800 5228 δὲ
2832 5176 3146 5239 ἐπίσκοπον,
3166 5183 3295 5238 etc.,
3322 5181 3382 5227 ut
3408 5172 3523 5225 hzec

1954 5248 2322 5318 respondeant
2355 5247 2747 5318 superioribus.

2026 5315 2140 5390 (ἐξῇ)
2165 5315 2477 5390 theodori}.
2507 5319 2541 5371 Ι.
2568 5332 2659 5390 ιι),
2694 5333 2743 5371 c.
2781 5315 2864 5368 16.

2026 5386 2138 5459 (66)
2179 5387 2379 5444 Euseb.
2413 5403 2538 5464 pag.
2562 5386 2689 5453 294,
2716 5403 2770 5439 ιι.
2808 5401 2858 5437 a.

1744 5547 2072 5594 VARIORUM
2082 5576 2096 5591 .

366 5663 435 5730 ta)
463 5665 598 5736 napi
629 5665 739 5721 τοῦ
765 5663 1067 5736 μάρτυρος
1095 5654 1702 5738 Ba6d.l_a.__De.insigni
1743 5655 1847 5709 hoc

305 5728 562 5820 martyge',
595 5728 1014 5820 quem'passuin
1046 5728 1192 5820 'es‘se'
1229 5730 1332 5820 siti)
1368 5728 1530 5820 Decio
1570 5728 1701 5820 imp:
1738 5739 1848 5820 nan

304 5808 396 5857 sub
435 5794 1049 5865 'Nume'riano'constat.
1094 5800 1214 5857 Vid.
1255 5800 1536 5872 Clirysost.
1579 5794 1717 5850 orat.
1775 5794 1851 5849 De

1949 5652 2173 5722 Babylo,
2205 5662 2335 5722 tom.
2368 5651 2434 5722 VI,
2459 5650 2588 5722 edit.
2623 5648 2934 5714 Savilianae,
2965 5652 3018 5700 et
3051 5642 3276 5700 Suidam
3303 5640 3359 5699 in
3388 5655 3523 5700 vero

1952 5719 2213 5786 Βαϐύλας.
2248 5720 2335 5776 νγ.
2380 5719 2580 5773 ιοιυιΙι.
