4028 6330
467 356 572 418 567

1838 343 2320 403 PHILOSTORGII

3622 350 3727 407 518

471 473 574 528 bus
608 469 977 543 Hierosolyma
1007 470 1078 524 ita
1109 481 1360 525 eversum
1401 465 1467 522 iri
1501 463 1860 536 praedixerat,
1896 473 1957 517 ut
1986 477 2052 518 ne

2163 463 2246 516 ἐπὶ
2298 461 2430 532 λίθῳ
2477 462 2692 532 μεῖναι,
2747 460 2956 525 τούτοις
3005 461 3035 513 ὁ
3066 457 3380 531 ἀποστάτης
3430 459 3511 523 είς
3537 459 3731 530 ψεῦδος

472 565 612 634 lapis
639 564 859 634 quidem
885 576 1048 631 supra
1077 560 1308 630 lapidem
1331 566 1478 612 esset
1507 569 1888 619 remansurus,
1923 552 2046 611 falsi

2150 555 2394 625 ἐλέγχειν
2421 553 2744 625 διανοηθεὶς,
2774 554 2834 607 οὐ
2866 553 3025 625 μόνον
3044 553 3196 607 οὐδὲν
3216 553 3412 623 ἧνυσεν
3435 545 3510 604 ὧν
3533 553 3731 607 ἐσπού-

470 657 796 711 convincere
825 652 1067 717 molitus,
1094 664 1202 704 non
1226 649 1389 704 modo
1414 662 1602 703 eorum
1631 661 1754 716 quae
1770 645 2050 701 studuerat

2163 647 2310 701 iaaav
2329 687 2345 713 ,
2370 645 2507 700 ἀλλά
2532 645 2592 699 τὸ
2617 646 2674 698 ἐν
2702 647 2814 709 τοῖς
2854 646 3122 716 χρησμοῖς
3138 685 3153 709 ,
3183 646 3231 697 εί
3268 644 3365 697 καὶ
3390 643 3541 699 ἄκων
3561 683 3578 709 ,
3614 645 3733 699 ἐϐε-

473 747 607 802 ιιίΙιίΙ
642 743 896 816 perfecit:
943 742 1054 798 imo
1102 741 1267 796 etiam
1321 739 1685 796 certissimam
1730 736 2046 792 eorumdem

473 836 750 890 veritatem
784 832 986 887 invitus
1037 832 1162 886 licet
1204 829 1547 885 conﬁrmavit
1589 828 1726 897 (67).
1760 825 1895 881 Nam
1921 841 2047 883 cum

473 935 664 976 omnes
696 921 937 989 undique
975 918 1193 974 Judaeos
1220 920 1559 991 collegisset,
1590 926 1643 973 et
1667 917 1928 988 pecunias
1956 916 2050 972 iis-

471 1012 592 1066 dem
628 1028 693 1067 ex
721 1013 919 1067 mrario
945 1027 1012 1067 ac
1037 1012 1255 1082 reliqua
1284 1011 1526 1068 subsidia
1555 1010 1897 1081 praebuisset,
1922 1023 2053 1078 prae-

473 1104 614 1173 cepit
644 1103 725 1159 eis
761 1112 819 1159 ut
845 1102 1108 1173 templum
1146 1103 1538 1158 instaurarent.
1582 1099 1780 1159 Verum
1817 1109 2051 1155 terrores

473 1194 738 1249 divinitus
762 1194 1019 1261 immissi,
1052 1209 1192 1264 quos
1227 1192 1375 1246 nulla
1412 1192 1493 1248 vis
1520 1192 1843 1263 eloquentiae
1877 1190 2053 1261 expli-

473 1299 603 1342 care
630 1286 832 1356 possit,
860 1301 968 1341 non
1024 1285 1188 1341 modo
1239 1283 1499 1354 impetum
1530 1283 1746 1339 illorum
1774 1296 2054 1353 compres-

474 1387 698 1444 serunt,
733 1378 827 1433 sed
876 1377 1040 1433 etiam
1085 1385 1199 1431 tum
1256 1375 1637 1445 imperatorem
1692 1374 1905 1444 ipsum,
1936 1380 2052 1427 tum

471 1464 688 1523 Iudaeos
710 1509 724 1532 ,
756 1467 824 1521 ad
862 1467 1098 1535 inopiam
1129 1465 1342 1521 consilii
1379 1464 1623 1520 redactos
1649 1504 1666 1531 ,
1707 1478 1921 1519 summo
1961 1463 2055 1519 de-

472 1561 670 1616 decore
695 1559 1007 1615 aﬂ‘ecerunt.
1045 1557 1183 1614 Hinc
1209 1559 1353 1613 enim
1386 1558 1525 1628 ignis
1571 1573 1665 1613 eos
1705 1557 1798 1628 qui
1829 1572 2053 1612 manum

472 1651 623 1721 operi
677 1653 968 1706 admovere
1016 1650 1134 1704 ausi
1176 1649 1430 1716 fuerant,
1467 1649 1727 1719 depastus
1774 1659 1890 1717 est;
1928 1649 2057 1704 hinc

472 1753 631 1798 terra:
663 1753 844 1798 motus
877 1742 1095 1809 obruit;
1141 1742 1280 1796 alios
1328 1742 1447 1796 aliae
1488 1741 1824 1796 calamitates
1852 1740 2059 1797 exstin-

2150 735 2380 789 ϐαίωσεν
2428 735 2840 806 ἀμετάπτωτον.
2898 736 2957 788 '0
2994 734 3093 806 μὲν
3137 734 3246 806 γάρ
3298 734 3427 798 τοὺς
3476 736 3728 807 πανταχῆ

2150 828 2479 900 συναγείρας
2540 829 2823 892 Ἰουδαίους
2847 870 2863 895 ,
2906 827 2997 882 καὶ
3049 827 3260 882 οἴκοθεν
3318 828 3580 898 χρήματα
3640 831 3733 883 καὶ

2150 917 2379 988 δύναμιν
2408 917 2575 989 ἄλλην
2605 920 2907 989 παρασχὼν
2927 957 2942 981 ,
2976 915 3345 981 ἀνακαινίζειν
3374 919 3649 988 ἐπέτρεπε
3674 920 3736 973 τὸ

2153 1011 2320 1081 ἱερόν.
2348 1010 2592 1082 Δείματα
2634 1011 2691 1064 δὲ
2724 1010 2961 1081 θεήλατα
2987 1009 3249 1079 γεγονότα
3280 1011 3532 1083 διήγησιν
3566 1012 3736 1085 ὐπερ-

2153 1101 2407 1155 σαίνοντα
2428 1140 2444 1164 ,
2477 1101 2539 1154 οὐ
2593 1101 2751 1171 μόνον
2789 1100 3014 1154 ἔσϐεσεν
3043 1099 3223 1154 αὐτῶν
3251 1098 3351 1173 τὴν
3396 1100 3731 1173 προθυμίαν,

2150 1192 2287 1247 ἀλλά
2343 1191 2438 1246 καὶ
2492 1192 2655 1246 αὐτὸν
2709 1193 2804 1246 καὶ
2843 1193 2969 1257 τούς
3023 1193 3310 1258 Ἰουδαίους
3362 1195 3446 1258 είς
3499 1195 3735 1266 ἐσχάτην

2152 1280 2461 1353 ἀμηχανίαν
2490 1282 2584 1335 καὶ
2626 1276 2888 1354 αἰσχύνην
2930 1282 3388 1354 κατεστρέψαντο.
3428 1283 3602 1339 Τοῦτο
3636 1286 3736 1356 μιν

2153 1373 2263 1444 γὰρ
2325 1371 2438 1445 πῦρ
2487 1373 2786 1443 ἐπενέμετο
2840 1373 2967 1436 τοὺς
3005 1373 3333 1446 ἐργάζεσθαι
3379 1375 3733 1446 τολμῶνταςο

2153 1446 2311 1518 τοῦτο
2340 1465 2398 1518 δέ
2420 1504 2434 1529 ,
2471 1465 2694 1536 σεισμὸς
2730 1462 2995 1534 ἐχώννυεν
3015 1482 3029 1496 ·
3058 1466 3152 1520 καὶ
3194 1466 3388 1531 ἄλλους
3420 1468 3560 1522 ἄλλα
3589 1469 3733 1540 πάθη

2155 1553 2566 1624 κατεμερίζετυ,
2590 1555 2686 1608 καὶ
2709 1556 2743 1626 ἡ
2765 1553 3147 1625 καταισχύνειν
3169 1554 3239 1608 τά
3258 1555 3558 1610 δεσποτικὰ
3577 1557 3735 1627 λόγια

2159 1646 2498 1718 μελετήσαεῖα
2543 1646 2716 1717 τόλμα
2735 1687 2749 1711 ,
2780 1647 2840 1700 τὸ
2885 1647 3109 1700 ἐκείνων
3156 1648 3592 1719 ἀκαταίσχυντον
3641 1651 3738 1705 καὶ

2159 1738 2600 1810 σεϐασμιώτατον
2621 1738 2840 1810 λέληθεν
2868 1740 3067 1811 ἑαυτὴν
3086 1720 3555 1811 ἀνακηρύττουσα.

472 1852 626 1894 xere.
683 1839 776 1894 Sic
827 1839 1059 1894 audacia
1107 1854 1228 1909 quae
1271 1838 1491 1893 oracula
1528 1837 1747 1894 Domini
1780 1836 1955 1893 nostri
2010 1835 2308 1905 ignominia
2348 1833 2559 1890 allicere
2602 1844 2937 1902 tentaverat,
2987 1835 3308 1890 eorumdem
3361 1836 3735 1893 inviolabilem

472 1944 538 1984 ac
562 1932 925 1987 venerandam
965 1932 1259 1988 efﬁcaciam
1297 1933 1615 2002 imprudens
1649 1933 1826 2002 palam
1863 1931 2194 2002 praedicavit.

546 2045 637 2101 ‘10.
689 2046 901 2101 Iuliani
964 2049 1192 2116 comitis,
1265 2047 1496 2111 Felicis,
1558 2047 1763 2118 Elpidii
1813 2049 2057 2102 horrendi

2237 2055 2288 2103 t'.
2322 2049 2445 2102 Ὀτι
2490 2047 2674 2102 πολλοὶ
2705 2050 2802 2120 μὲν
2832 2047 2937 2103 τῶν
2971 2050 3050 2113 είς
3098 2050 3224 2112 τοὺς
3259 2048 3620 2120 Χριστιανοὺς
3646 2050 3744 2103 καὶ

471 2140 646 2194 (σεται
664 2138 874 2210 (68).——
898 2139 1035 2195 Cum
1061 2141 1213 2195 multi
1230 2156 1294 2196 ex
1312 2141 1380 2196 iis
1405 2139 1499 2210 qui
1515 2141 1779 2195 adversus
1791 2138 2058 2197 Christia-

472 2246 574 2286 nos
602 2240 657 2285 et
684 2240 874 2287 contra
909 2232 1225 2301 religionem
1263 2232 1588 2287 debacchati
1615 2231 1855 2297 fuerant,
1888 2233 2057 2287 meri-

472 2332 559 2378 tas
589 2337 780 2390 prunas
832 2323 1143 2390 dederunt,
1194 2331 1310 2377 tum
1364 2322 1811 2379 manifestissime
1855 2331 1911 2379 et
1955 2323 2058 2379 sub

473 2414 719 2468 omnium
746 2424 1038 2484 conspectu
1067 2426 1363 2484 praesentes
1394 2415 1675 2471 solverunt
1703 2430 1893 2486 pinnas
1916 2454 1931 2479 ,
1961 2413 2059 2469 Jno

474 2502 654 2559 lianus
686 2519 872 2560 comes
895 2502 1163 2572 Orientis,
1192 2505 1496 2560 avunculus
1523 2506 1799 2577 Apostata:
1833 2504 2057 2571 Juliani,

470 2603 529 2648 et
559 2593 708 2648 Felix
735 2610 923 2652 cernes
952 2595 1306 2667 largitionum
1330 2638 1345 2664 ,
1370 2605 1426 2652 et
1451 2595 1695 2666 Elpidius
1735 2597 2058 2667 praepositus

474 2686 671 2740 domus
707 2687 870 2758 regia
896 2727 911 2752 ,
943 2702 1086 2760 quos
1116 2686 1351 2742 Romani
1396 2702 1590 2743 vocare
1622 2688 1802 2743 solent
1828 2688 2058 2744 comites

477 2791 660 2831 rerum
690 2778 1044 2847 privatarum.
1082 2777 1146 2832 Hi
1188 2794 1352 2848 porro
1384 2788 1495 2834 tres
1546 2788 1797 2835 erantex
1830 2794 2060 2834 numero

382 2916 391 2926 .
476 2882 665 2923 eorum
693 2869 785 2936 qui
810 2868 866 2923 in
897 2868 1242 2938 imperatoris
1267 2869 1496 2938 gratiam
1528 2884 1560 2924 a
1581 2869 1843 2938 religione
1875 2878 2060 2923 nostra

475 2960 845 3015 desciverant.
879 2960 959 3016 Ac
986 2960 1137 3015 Felix
1167 2960 1385 3031 quidem
1407 3000 1423 3023 ,
1447 2975 1571 3015 cum
1609 2961 1754 3014 nulla
1779 2960 1884 3015 alia
1919 2975 2061 3030 pra:-

479 3052 742 3107 cessisset
790 3068 998 3118 causa,
1046 3067 1154 3107 una
1202 3068 1270 3107 ex
1320 3051 1675 3107 interioribus
1740 3052 1894 3107 venis
1940 3067 2062 3122 qua:

2159 2139 2256 2211 τὴν
2280 2140 2559 2195 εὐσέϐειαν
2584 2140 2947 2211 ἐκμανέντων,
2973 2141 3126 2206 δίκας
3160 2139 3344 2194 ἔτισαν
3362 2141 3424 2194 οὐ
3460 2141 3741 2213 μεμπτάς*

2158 2235 2238 2296 εἰς
2280 2231 2344 2285 τὸ
2379 2233 2841 2305 περιφανέστατον
2882 2233 2939 2286 δέ
2969 2233 3064 2287 καὶ
3091 2234 3408 2303 ἐπιφανεῖς,
3455 2231 3743 2296 Ἰουλιανός

2155 2341 2216 2377 τε
2266 2325 2295 2377 ὁ
2326 2323 2424 2395 τῆς
2457 2322 2600 2394 ἐῴας
2647 2325 2830 2395 ἄρχων
2855 2363 2871 2388 ,
2921 2323 3066 2388 θεῖος
3093 2322 3168 2377 ὢν
3205 2322 3347 2377 κατὰ
3376 2323 3436 2376 τὸ
3489 2322 3747 2395 μητρῷον

2157 2416 2313 2484 γένος
2344 2415 2440 2468 τοῦ
2491 2417 2797 2470 ἀποπάτου
2841 2415 3168 2481 ’1ουλιανοῦ,
3202 2417 3297 2469 καὶ
3329 2414 3497 2487 Φήλιξ
3544 2415 3573 2466 ὁ
3617 2415 3748 2477 τούς

2159 2506 2466 2578 θησαυροὺς
2512 2506 2982 2579 ἐπιτετραμμένος
3007 2548 3022 2571 ,
3051 2508 3147 2561 καὶ
3205 2504 3472 2571 Ἐλπίδιος
3512 2506 3613 2576 τῆς
3650 2503 3751 2576 βα-

2161 2595 2376 2666 σιλικῆς
2404 2595 2580 2659 οίκίας
2604 2594 2911 2667 προεστώς·
2943 2595 3190 2666 κόμητας
3212 2597 3523 2668 πριουάτων
3548 2596 3583 2667 ἡ
3614 2595 3750 2648 Ῥω-

2164 2685 2338 2756 μαίων
2360 2685 2576 2754 γλῶττα
2596 2686 2771 2740 καλεῖ.
2803 2680 2961 2740 Οὗτοι
2985 2685 3028 2739 δ’
3053 2688 3102 2740 oi
3131 2689 3282 2758 τρεῖς
3310 2687 3420 2741 τῶν
3448 2680 3752 2758 ἐξαρνησα-

2165 2778 2340 2848 μένων
2392 2778 2491 2850 τὴν
2528 2778 2809 2832 εὐσέϐειαν
2862 2781 2942 2842 είς
2985 2778 3064 2847 τῷ
3113 2778 3323 2849 βασιλεῖ
3348 2777 3753 2850 κεχαρισμένον

2159 2865 2322 2942 ἦσαν.
2359 2870 2416 2923 Ὁ
2444 2872 2541 2941 μὲν
2564 2866 2657 2924 οὖν
2685 2869 2850 2941 Φήλιξ
2880 2867 2939 2935 ἐξ
2966 2870 3220 2941 οὐδεμιᾶς
3245 2868 3521 2940 ἐμφανοῦς
3543 2869 3751 2933 αἰτίας,

2160 2960 2268 3015 τῶν
2296 2964 2354 3015 ἐν
2386 2961 2539 3032 βάθει
2569 2961 2780 3030 φλεϐῶν
2817 2963 2948 3032 μιᾶς
2979 2960 3077 3032 τῆς
3115 2960 3380 3031 μεγίστης
3419 2957 3753 3032 ἀναρραγεί-

2165 3068 2264 3122 σης
2288 3091 2302 3117 ,
2333 3052 2563 3123 αἵματός
2596 3068 2655 3105 τε
2701 3051 2863 3105 αὐλὸν
2894 3050 3197 3123 ἐξέπεμψεν
3228 3052 3294 3105 ἐκ
3333 3050 3424 3105 τοῦ
3458 3051 3753 3121 στόματος,

479 3146 728 3201 omnium
755 3145 993 3199 maxima
1022 3152 1127 3210 est,
1144 3144 1327 3199 subito
1354 3152 1535 3214 rupta,
1571 3144 1856 3215 sanguinis
1883 3145 2057 3201 rivum

2166 3143 2259 3196 καὶ
2297 3141 2476 3214 θέαμα
2510 3144 2623 3206 τοῖς
2669 3142 2836 3213 ὁρῶσι
2877 3141 3169 3213 γενόμενος
3211 3140 3442 3214 φοϐερὸν
3467 3180 3482 3205 ,
3516 3141 3637 3195 οὐδὲ
3683 3140 3753 3194 δι’

480 3254 550 3293 ex
582 3252 675 3293 ore
707 3236 897 3292 effudit
923 3277 938 3301 ,
968 3246 1018 3292 et
1067 3237 1402 3293 horrendum
1453 3238 1668 3294 cunctis
1714 3239 1804 3308 qui
1836 3239 2057 3294 aderant

2163 3236 2292 3307 ὅλης
2329 3236 2550 3307 ἡμέρας
2589 3235 2824 3308 ἦρκεσεν
2850 3253 2862 3266 ·
2889 3234 3026 3288 ἀλλά
3064 3234 3193 3306 περὶ
3232 3234 3412 3306 δείλην
3445 3232 3607 3303 ὀψίαν
3655 3232 3754 3287 τοῦ

480 3329 851 3401 spectaculum
900 3329 1147 3399 praebens
1170 3368 1185 3392 ,
1223 3344 1291 3384 ne
1322 3328 1465 3384 diem
1516 3329 1733 3399 quidem
1762 3340 1934 3385 totum
1970 3347 2057 3386 su-

2165 3328 2396 3399 αἵματος
2432 3328 2806 3390 ἐπιλείποντος
2849 3327 2958 3398 (69)
2982 3368 2996 3391 ,
3046 3328 3138 3380 καὶ
3179 3326 3276 3398 τὴν
3319 3325 3498 3398 ψυχὴν
3554 3340 3758 3379 συναπο

482 3419 707 3493 perluit,
732 3421 825 3477 sed
857 3421 961 3476 sub
986 3435 1292 3493 vesperam,
1325 3420 1609 3476 deﬁciente
1637 3423 1922 3494 sanguine,
1944 3424 2057 3477 ani-

2168 3420 2349 3475 έϐαλε.
2386 3421 2445 3475 '0
2472 3421 2529 3474 δέ
2566 3438 2629 3490 γε
2672 3421 2956 3485 Ἰουλιανὸς
2976 3421 3222 3493 ἀργαλέα
3245 3421 3340 3474 καὶ
3361 3420 3760 3495 δυστεκμάρτῳ

484 3528 633 3568 mam
667 3512 829 3568 simul
877 3511 1094 3567 efﬂavit.
1128 3510 1379 3568 Julianus
1408 3527 1537 3568 vero
1560 3511 1759 3569 dillicili
1789 3523 1844 3569 et
1877 3514 2057 3584 ignoto

2168 3512 2386 3585 βληθεὶς
2421 3512 2599 3584 νόσῳ,
2654 3514 2748 3568 ἐπὶ
2775 3514 3186 3584 τεσσαράκοντα
3226 3512 3327 3576 τὰς
3368 3512 3498 3575 ὅλας
3543 3511 3758 3583 ἡμέρας

485 3613 771 3673 correptus
810 3604 1004 3659 morbo
1031 3645 1046 3670 ,
1103 3613 1244 3659 totos
1296 3603 1656 3675 quadraginta
1687 3604 1801 3661 dies
1832 3605 2062 3675 supinus

481 3695 675 3764 jacuit,
706 3709 808 3750 nec
841 3696 1073 3765 loquens
1105 3696 1426 3766 quidquam,
1460 3710 1561 3751 nec
1589 3710 1753 3752 sensu
1785 3697 1895 3752 ullo
1927 3713 2064 3767 prae—

488 3788 667 3853 ditus;
692 3795 878 3856 postea
911 3801 1037 3842 vero
1063 3802 1186 3842 cum
1218 3787 1380 3858 paulo
1409 3788 1750 3844 commodius
1776 3804 1834 3844 se
1864 3789 2062 3845 habere

486 3879 781 3950 coepisset,
817 3878 1046 3950 impium
1097 3878 1313 3935 facinus
1344 3882 1488 3951 quod
1516 3882 1846 3946 admiserat,
1880 3881 2066 3937 identi-

484 3970 608 4026 dem
639 3970 958 4035 damnavit,
990 3985 1223 4042 eamque
1251 3973 1323 4026 ob
1373 3987 1597 4029 causam
1635 3973 1686 4028 id
1737 3973 2063 4043 supplicium

487 4061 590 4119 sibi
646 4060 945 4129 irrogatum
997 4076 1120 4117 esse
1168 4061 1453 4119 confessus
1512 4073 1631 4131 est;
1688 4073 1744 4119 et
1802 4064 2065 4119 hactenus

488 4152 682 4207 morbo
709 4152 920 4207 levatus
939 4190 955 4217 ,
999 4153 1181 4223 quoad
1208 4169 1383 4224 usque
1409 4170 1522 4210 sum
1567 4154 1740 4224 ipsius
1770 4154 2066 4226 impietatis

488 4241 643 4299 testis
671 4243 991 4310 exstitisset,
1006 4245 1155 4299 omni
1188 4246 1433 4300 ulcerum
1459 4261 1655 4316 genere
1674 4255 1916 4301 ventrem
1946 4245 2067 4315 ejus

484 4335 838 4403 dilacerante,
862 4337 1101 4392 animam
1133 4338 1275 4393 inter
1295 4340 1571 4394 cruciatus
1594 4337 1888 4393 exhalavit.
1907 4336 2059 4405 Elpi-

485 4428 610 4481 dius
640 4426 895 4497 denique,
928 4430 1054 4483 licet
1080 4430 1258 4485 serius
1286 4446 1451 4500 quam
1480 4429 1694 4499 reliqui,
1728 4437 1906 4484 tamen
1935 4444 2060 4482 cum

2169 3603 2443 3673 ἀποτάδην
2474 3603 2650 3657 ἔκειτο
2677 3604 2825 3675 (70),
2860 3605 2995 3676 μήτε
3022 3603 3390 3674 φθεγγόμενος
3410 3643 3426 3669 ,
3462 3605 3600 3673 μήτε
3632 3601 3757 3655 τινὰ

2173 3692 2523 3764 συναίσθησιν
2552 3694 2691 3767 ἔχων
2716 3711 2729 3725 ⁸
2771 3694 2966 3767 μικρὸν
2998 3694 3055 3748 δέ
3084 3713 3201 3759 πως
3242 3694 3585 3764 ὑπορραῖσας
3614 3692 3756 3764 (7i),

2172 3787 2342 3844 πολλά
2392 3789 2490 3860 μὲν
2542 3788 2945 3857 κατεγίνωσκεν
2985 3787 3178 3841 ἐαυτὸν
3210 3788 3307 3858 τῆς
3336 3785 3598 3857 ἀθεμίτου
3639 3786 3762 3839 τόλο

2173 3897 2282 3952 μης
2301 3921 2316 3946 ,
2344 3877 2439 3934 καὶ
2466 3880 2564 3949 τὴν
2592 3880 2747 3951 δίκην
2786 3879 2996 3934 ἐκεῖθεν
3027 3879 3177 3951 αὐτῷ
3216 3878 3570 3950 συναίσθησιν
3595 3877 3759 3933 ἔλαϐε

2170 3973 2624 4045 καταρραγῆναι·
2675 3974 2768 4027 καὶ
2801 3974 2960 4046 μέχρι
2988 3973 3083 4027 τοῦ
3135 3974 3385 4044 μάρτυρα
3412 3970 3578 4024 αὐτὸν
3631 3972 3760 4024 ἐαυ-

2169 4062 2265 4117 τοῦ
2291 4064 2391 4133 τῆς
2416 4064 2800 4136 ἀνοσιουργίας
2836 4063 3094 4134 γενέσθαι
3120 4061 3426 4132 ἀνενεγκὼν
3442 4100 3460 4127 ,
3492 4061 3761 4115 αιταντοδειρ⁹

2173 4160 2295 4219 ποίς
2322 4154 2505 4209 ἕλκεσι
2530 4156 2630 4227 τὴν
2657 4156 2900 4227 γαστέρα
2935 4154 3199 4220 σπασθεὶς
3218 4195 3232 4220 ,
3266 4152 3632 4225 ωνδιερῤάγη
3662 4150 3759 4206 καὶ

2170 4243 2269 4314 τὴν
2297 4243 2496 4314 ψυχήν.
2528 4244 2638 4296 Καὶ
2680 4246 2709 4298 ὁ
2746 4244 3011 4309 Ἐλπίδιος
3047 4243 3104 4298 δέ
3129 4284 3142 4307 ,
3180 4246 3230 4298 ει
3276 4242 3372 4299 καὶ
3419 4242 3531 4295 τῶν
3580 4242 3758 4296 ἄλλων

2173 4333 2537 4407 βραδύτερον,
2592 4335 2707 4389 ἀλλ’
2744 4331 2839 4391 οὖν
2892 4339 2958 4409 τῇ
2992 4335 3088 4390 τοῦ
3121 4334 3428 4408 Προκοπίου
3477 4333 3757 4407 τυραννίδι

2173 4424 2543 4496 συμπράττων
2575 4428 2886 4498 φωραθεὶς,
2934 4428 2994 4494 ὃς
3027 4429 3297 4500 ἐπανέστη
3344 4425 3424 4499 τῷ
3470 4425 3755 4489 Οὐάλεντι,

1712 4600 1956 4645 VALESII
1996 4600 2495 4647 ANNOTATIONES.

556 4748 670 4819 (67)
700 4747 1013 4819 Theodorit.
1044 4751 1083 4805 l.
1121 4765 1204 4815 ιιι,
1235 4765 1286 4805 c.
1312 4748 1401 4805 20.

580 4819 671 4891 (is)
701 4818 1036 4891 Theod._lib.
1068 4836 1146 4885 ιιι,
1177 4835 1299 4891 cap.
1333 4820 1422 4884 l2,
1458 4821 1543 4875 15.

578 4888 670 4956 69)
714 4889 837 4959 ,Τοῦ
869 4889 1121 4959 αἳματος
1147 4888 1589 4958 ἐπιζιείποντος.
1644 4891 1700 4945 1η
1748 4892 1935 4949 codice
1966 4893 2065 4947 Sa-

706 4957 962 5015 Bocharti
999 4960 1196 5032 legitur
1230 4957 1611 5032 ἐπιλείψαντος
1637 4963 1732 5016 καὶ
1763 4963 1863 5034 τὴν
1884 4964 2063 5036 ψυχὴν

523 5049 564 5085 π
697 5046 743 5083 ε.
1476 5072 1479 5077 ,

523 5046 743 5085 πεοαλε.
1476 5072 1479 5077 ,

556 5101 670 5172 (70)
718 5098 1058 5172 Ἑπομὰδηγ
1099 5100 1310 5172 ἔκειτο.
1340 5101 1497 5158 Hunc
1528 5104 1707 5159 locum
1735 5103 1947 5159 correxi
1996 5119 2062 5159 ex

481 5169 864 5254 manuscripto
884 5172 1071 5254 codice
1099 5169 1368 5254 samuelis
1388 5173 1645 5257 Bccharti
1674 5214 1689 5239 ,
1744 5182 1799 5229 et
1830 5191 1902 5257 ex
1925 5176 2065 5229 libro

480 5244 695 5315 decimo
722 5238 1015 5315 Nicepbon
1044 5253 1228 5315 capite
1252 5244 1323 5299 29
1346 5286 1361 5310 ,
1407 5260 1502 5314 qut
1548 5246 1752 5300 diserte
1798 5254 2062 5315 scriptum

480 5261 695 5299 decimo
722 5261 1015 5310 mcepnon
1050 5261 1228 5315 capite
1252 5261 1323 5299 zu
1346 5286 1361 5310 ,
1407 5261 1502 5314 qui
1548 5261 1752 5300 utserte
1798 5261 2061 5316 scriptum

479 5311 1011 5385 μῦσαι-ἀποτάδην.
1044 5310 1398 5384 Repudianda
1424 5324 1507 5370 est
1546 5316 1715 5385 igitur
1745 5317 2061 5385 conjectura

478 5382 639 5441 Luca:
667 5380 958 5445 Helstenii,
985 5387 1078 5452 qui
1111 5380 1179 5438 ad
1230 5400 1383 5440 oram
1418 5385 1505 5440 sui
1540 5380 1747 5441 codicis
1781 5380 2063 5441 annotavit

476 5454 824 5527 scribendum
855 5456 1078 5508 omnino
1099 5470 1221 5511 esse
1252 5454 1568 5527 ἐπωμάδην,
1595 5471 1717 5526 quae
1741 5457 1901 5511 lectio
1926 5456 2057 5512 ferri

476 5525 628 5580 nullo
658 5524 821 5578 modo
844 5532 1040 5592 potest.

552 5594 665 5663 (71.)
691 5593 921 5665 Μικρὸν
964 5592 1032 5648 δὲ
1063 5596 1454 5665 ὑπορῤατσας.
1490 5594 1731 5665 Pessime
1765 5594 2057 5651 Gothofre-

476 5668 580 5721 dus
616 5662 763 5716 hunc
811 5662 989 5717 locum
1029 5662 1192 5719 vertit
1216 5662 1339 5721 'hoc
1387 5665 1589 5720 modo:
1623 5664 1897 5720 Paulatim
1935 5683 2053 5721 vero

479 5732 737 5800 dimicem.
768 5728 952 5804 Longe
988 5736 1183 5792 melius
1211 5734 1450 5791 Joannes
1477 5734 1695 5808 Langus
1744 5737 1857 5794 haec
1886 5739 2050 5793 verba

2174 4758 2565 4828 interpretatus
2598 4769 2680 4815 est
2707 4760 2763 4816 in
2796 4761 2972 4830 capite
2996 4759 3067 4816 29
3117 4753 3248 4815 libri
3272 4776 3304 4815 x
3363 4757 3628 4816 Historia
3653 4759 3751 4816 Ni-

2172 4830 2393 4899 cephori
2414 4870 2429 4893 ,
2462 4831 2553 4884 ubi
2582 4831 2767 4885 eadem
2800 4833 2965 4885 verba
3001 4833 3254 4900 leguntur
3281 4846 3344 4885 ex
3378 4831 3754 4913 Pliilostorgio

2170 4899 2488 4972 desumpta:
2524 4900 2718 4972 μικρὸν
2745 4900 2803 4953 δὲ
2826 4901 2964 4965 τέως
3003 4902 3305 4972 ὕπορατσας
3329 4943 3347 4966 ,
3373 4911 3424 4956 et
3455 4902 3754 4972 valetudine

2240 4916 2488 4970 sumpta:
2524 4916 2718 4970 μικρον
2745 4916 2803 4953 οε
2826 4916 2964 4965 τεως
3003 4916 3305 4970 οποραϊσας
3329 4943 3347 4966 ,
3373 4916 3424 4956 et
3455 4916 3757 4955 valetudine

2170 4918 2488 4970 desumpta:
2524 4918 2718 4972 μικρον
2745 4918 2803 4953 οε
2826 4918 2964 4965 τεως
3003 4918 3305 4974 υποραισας
3329 4943 3347 4966 ,
3373 4918 3424 4956 ει
3455 4918 3751 4955 υαιειιιαιησ

2168 4969 2446 5042 paululum
2483 4981 2816 5042 recuperate,
2853 4980 2959 5027 etc.
3002 4972 3398 5042 llarpocration
3440 4972 3494 5042 in
3525 4970 3751 5035 Lexico,

2172 5040 2409 5124 putasti,
2436 5040 2618 5124 inquit
2631 5081 2645 5105 ,
2690 5040 2811 5094 ἀντὶ
2828 5042 2953 5124 τοῦ·
2972 5040 3129 5115 ρᾴωςή
3145 5041 3296 5124 ἔχων
3335 5044 3400 5124 ἐκ
3429 5041 3531 5124 τῆς
3570 5042 3754 5094 νόσου·

2162 5109 2900 5183 Δημοσθένηςφιλιππικοῒς.
2931 5109 3110 5169 Locus
3145 5109 3545 5183 Demosthenis,
3583 5126 3749 5183 quem

2163 5179 2371 5252 indicat
2388 5179 2765 5252 Hal-poenitio,
2792 5191 2971 5236 exstat
2994 5183 3047 5237 in
3081 5184 3257 5252 prima
3289 5179 3629 5252 Olynthium,
3656 5179 3748 5252 ubi
3814 5206 3829 5211 -

2165 5249 2251 5323 (le
2280 5249 2536 5323 Philippo
2569 5251 2862 5323 Macedone
2913 5253 2983 5307 ita
3015 5249 3245 5323 sci-ibit,
3278 5249 3548 5323 ἠσθένησε
3588 5250 3754 5323 πάλιν

2164 5320 2485 5394 ῥαΐσας-οὐκ
2523 5321 2617 5374 ἐπὶ
2663 5321 2725 5374 τὸ
2753 5321 3019 5394 ῥᾳθυμεῖν
3059 5320 3342 5394 ἀπέκλινε.
3368 5324 3448 5378 Ad
3473 5320 3643 5394 quem
3673 5321 3753 5375 lo-

2163 5388 2286 5464 cum
2313 5388 2766 5464 Ulpianu‘snotat
2795 5388 3022 5448 verbum
3062 5393 3257 5464 ῥαΐσας
3278 5408 3393 5464 non
3440 5388 3755 5464 signiﬁcare

2164 5460 2394 5529 ὑγιάνας
2420 5502 2435 5526 ,
2469 5462 2559 5535 sed
2590 5462 2884 5535 idemesse
2919 5460 3073 5535 quod
3115 5463 3448 5535 κουφότερον
3485 5460 3625 5532 ἔχων
3649 5503 3665 5528 ,
3698 5461 3753 5515 id

2161 5541 2264 5593 est,
2295 5531 2618 5585 commodius
2648 5548 2702 5585 se
2732 5531 2949 5587 habens.
2978 5531 3295 5589 Eustathius
3336 5531 3403 5588 ad
3435 5531 3636 5588 librum
3699 5545 3753 5585 tv

2162 5598 2414 5675 οιίειεερφ
2451 5617 2573 5675 pag.
2612 5602 2746 5675 l509
2772 5644 2788 5669 ,
2819 5602 3035 5675 λέγεται
3066 5603 3154 5667 δὲ,
3196 5605 3409 5675 inquit,
3446 5603 3555 5675 καὶ
3600 5602 3754 5675 ῥᾴων

2156 5673 2185 5721 ό
2228 5671 2495 5794 ἱκὶνόσου
2530 5671 2705 5745 ὐγιὴς
2727 5713 2740 5739 ,
2778 5673 2871 5729 καὶ
2894 5671 3113 5744 ’ραἲζειν
3160 5674 3221 5729 τὸ
3258 5671 3366 5729 ἀπὸ
3399 5673 3555 5730 νόσου
3602 5671 3750 5729 ’ἅνα-

2160 5756 2231 5794 cra
2273 5756 2413 5794 Λ.ειν

2160 5756 2413 5808 σφάλλειν
