4028 6330
303 397 406 454 549

1295 384 1854 444 ECCLESIASTICJE
1894 381 2242 438 HlSTORle
2285 382 2414 438 LIB.
2454 379 2570 443 VH.

3476 397 3582 452 550

300 513 413 567 τῶν
462 529 523 565 τι
577 511 876 584 χρημάτων
921 510 1230 582 γυμνωθεὶς
1257 550 1270 573 ,
1319 475 1413 563 καὶ
1445 509 1688 581 εἱρκταῖς
1722 524 1887 561 κατα-

1997 503 2251 573 Procopii
2284 503 2377 574 qui
2405 503 2666 559 adversus
2691 501 2967 561 Valentem
2991 506 3365 578 rebellaverat,
3395 522 3581 585 tyran-

303 602 458 666 ϐιοὺς
479 641 495 666 .
523 603 736 668 ἀκλεῶς
765 603 1138 674 καταστρέφει
1168 602 1259 656 τὸν
1288 601 1424 672 βίον,
1457 601 1732 673 ἐπάρατος
1760 602 1894 654 πᾶσι

304 693 549 762 γεγονὼς
575 735 590 759 ,
644 695 738 748 καὶ
787 696 815 748 ό
855 693 1022 764 θύτης
1080 692 1347 756 Ἐλπίδιος
1401 691 1890 762 ἐπονομαζόμενος.

310 784 505 848 ’Δλλος
528 785 587 838 δέ
623 803 706 848 τις
752 783 1110 838 συνεισελθὼν
1133 786 1246 846 τοῖς
1273 782 1586 854 εἰρημένοις
1619 783 1677 834 ἐν
1703 782 1768 850 τῇ
1804 781 1897 833 ἐκ·

308 877 508 948 κλησίᾳ
529 916 543 940 ,
588 878 657 946 ἢν
689 877 956 948 ἐπόρθουν
995 877 1088 931 καλ⁸
1120 875 1410 929 ἀπεσύλων
1441 874 1512 928 τά
1543 873 1891 944 ἀναθήματα,

305 969 400 1022 καὶ
438 969 510 1021 τὰ
543 969 802 1039 κειμήλια
843 965 1407 1040 λαφυραγωγοῦντες,
1464 965 1554 1018 τὸν
1609 966 1665 1018 ἐν
1711 965 1894 1028 αὐτοῖς

305 1061 748 1133 θεραπευόμενον
786 1061 1104 1132 ἐξύϐριζον·
1141 1055 1295 1123 οὗτος
1353 1059 1417 1130 δὴ
1473 1058 1895 1129 προσανασυρά-

305 1169 469 1224 μενος
500 1153 598 1224 τὴν
651 1152 856 1224 ἐσθῆτα
882 1149 908 1216 ,⁸
946 1152 1024 1223 τῷ
1071 1152 1444 1223 θυσιαστηρίῳ
1493 1149 1892 1219 ἐνασελγαίνων

303 1247 652 1320 ἐναπούρησε
682 1291 698 1314 ,
733 1250 828 1301 καὶ
879 1247 1197 1319 παραυτίκα
1253 1248 1449 1316 ποινὴν
1498 1246 1742 1317 χαλεπὴν
1799 1243 1894 1298 καὶ

299 1339 483 1406 ὀξεῖαν
516 1340 768 1394 ἀπέτισε.
807 1343 884 1394 Δι’
913 1334 988 1395 ὧν
1031 1340 1142 1412 γάρ
1199 1338 1390 1410 ὕϐρισε
1437 1339 1642 1410 μορίων
1668 1379 1683 1402 ,
1718 1336 1894 1391 ταῦτα

307 1431 472 1503 μέχρι
503 1432 613 1485 τῶν
647 1431 878 1504 ἐντέρων
933 1431 1220 1494 διασαπεὶς
1245 1471 1260 1496 ,
1295 1430 1390 1483 καὶ
1423 1428 1722 1500 σκωλήκων
1778 1427 1894 1482 ἀδι-

304 1523 511 1594 ήγητον
537 1523 727 1595 χρῆμα
752 1522 1028 1587 τεκνώσας
1054 1564 1067 1586 ,
1093 1521 1326 1594 οἰκτρῶς
1359 1520 1497 1589 ἄγαν
1526 1520 1620 1574 καὶ
1649 1520 1754 1573 οὐδ’
1785 1521 1890 1588 ἀφ-

303 1614 561 1683 ηγήσεως
588 1613 788 1680 ἀξίως,
838 1612 1207 1682 καταστρέφει
1253 1612 1346 1664 τὸν
1389 1611 1518 1681 βίον.
1559 1611 1670 1664 Καὶ
1700 1610 1798 1681 μὲν
1828 1609 1891 1681 δὴ

301 1703 396 1755 καὶ
426 1702 603 1773 ἕτεροι
635 1701 992 1773 παραπλήσια
1018 1700 1412 1772 τετολμηκότες
1437 1699 1767 1772 ἐφαμίλλους
1792 1699 1893 1762 τὰς

298 1795 590 1868 τιμωρίας
613 1793 936 1849 δεδώκασιν.

373 2066 467 2114 ια’.
506 2057 628 2113 Ὅτι
669 2057 960 2129 Ῥωμαίων
986 2059 1014 2112 ό
1047 2055 1302 2126 βασιλεὺς
1356 2057 1661 2130 Ἀδριανὸς,
1697 2057 1756 2123 ὃς
1795 2058 1890 2111 Δι’-

300 2153 416 2217 λιος
445 2151 802 2222 ἐπωνόμαστο
826 2189 841 2215 ,
885 2150 954 2205 τὰ
1002 2151 1352 2224 Ἱεροσόλυμα
1381 2152 1571 2206 Αἰλίαν
1601 2151 1660 2217 ἐξ
1693 2152 1887 2207 ἑαυτοῦ

304 2244 708 2316 μετεκαλέσατο
727 2259 741 2275 ο
775 2245 850 2309 ὡς
875 2243 940 2298 ἂν
971 2243 1284 2297 παντάπασι
1325 2244 1387 2298 τὸ
1422 2244 1692 2298 Ἰουδαίων
1717 2245 1890 2314 αὐτῆς

300 2335 454 2401 ἔθνος
485 2337 771 2409 ἀποστήσῃ
802 2337 896 2391 καὶ
921 2335 1230 2409 ἀπορρήξῃ,
1262 2336 1355 2390 καὶ
1385 2337 1507 2407 μηδ’
1536 2338 1601 2391 ἐκ
1628 2337 1730 2406 τῆς
1757 2336 1890 2408 κλή-

303 2448 440 2494 σεως
493 2429 570 2494 ὡς
621 2428 883 2501 πατρίδος
936 2429 1106 2500 αὐτῆς
1152 2428 1549 2482 ἀντιποιεῖσθαι
1612 2428 1888 2499 πρόφασιν

301 2523 532 2595 ἐχούσης
561 2521 696 2595 (72).
739 2520 958 2575 Ἐδεδίει
986 2519 1095 2592 γὰρ
1124 2519 1303 2573 αὐτῶν
1339 2519 1398 2572 τὸ
1427 2518 1767 2591 θερμουργδν
1793 2521 1889 2573 καὶ

303 2615 695 2686 ῥιψοκίνδυνον,
732 2614 830 2684 μὴ,
866 2612 1313 2683 συναγειρόμενοι
1351 2610 1495 2665 κατά
1524 2612 1798 2684 πρόφασιν
1829 2613 1888 2666 ἐν

298 2706 363 2776 τῇ
397 2703 552 2758 ⁴ιιοόλει
572 2702 854 2776 λατρείας,
889 2700 1194 2774 πράγματα
1228 2701 1517 2772 Ῥωμαίοις
1555 2702 1884 2772 παρέξωσιν.

370 2969 462 3044 ιβ’.
498 2968 622 3026 Ὀτι
645 3010 662 3033 ,
691 2969 824 3040 φησί
850 3010 864 3030 ,
893 2969 1112 3025 Βαϐύλα
1133 2971 1226 3024 τοῦ
1257 2971 1534 3043 μάρτυρος
1566 2972 1673 3026 τῶν
1702 2973 1888 3043 λειψά.

299 3083 402 3120 νων
433 3063 860 3136 μετατεθέντων.
896 3063 965 3116 τὰ
990 3063 1098 3116 τῶν
1134 3064 1403 3136 Ἑλλήνων
1434 3066 1771 3136 χρηστήρια,
1794 3065 1885 3119 τοῦ

298 3154 442 3212 κατὰ
466 3155 688 3224 Δάφνην
720 3152 1053 3225 ἀρξαμένου,
1090 3155 1376 3226 χρησμοὺς
1401 3154 1641 3208 ἀνεδίδου
1675 3157 1770 3208 καὶ
1796 3157 1882 3211 λό-

296 3266 392 3314 για
412 3287 426 3310 ,
459 3247 558 3318 τῆς
592 3245 743 3309 θείας
772 3245 1037 3316 Προνοίας
1081 3245 1416 3316 φθέγγεσθαι
1454 3246 1551 3317 μὲν
1577 3248 1759 3312 αὐτοῖς
1802 3251 1889 3303 ἐν·

295 3337 576 3411 διδούσης.
630 3336 941 3408 τρεπούσης
981 3337 1038 3390 δὲ
1093 3339 1193 3408 τὴν
1257 3341 1314 3402 ἐς
1371 3339 1536 3410 τιμὴν
1569 3342 1648 3409 (a)
1706 3340 1890 3405 αὐτοῖς

295 3432 468 3504 ὁρῶσι
504 3430 739 3502 σπουδὴν
780 3433 859 3492 εἰς
890 3430 1153 3502 αἰσχύνην
1187 3431 1411 3498 ἄφατον.
1446 3433 1556 3486 Καὶ
1588 3433 1696 3505 γὰρ
1730 3435 1786 3500 ἐξ
1813 3427 1888 3488 ὧν

298 3522 663 3587 ἐσπουδάζετο
705 3522 768 3576 τὸ
811 3522 1122 3592 Ἑλληνικὸν
1154 3524 1352 3593 κιχρᾷν
1386 3523 1452 3577 τὰ
1501 3524 1755 3595 δαιμόνια
1775 3567 1789 3591 ,
1821 3526 1887 3579 ἵν’

297 3614 472 3688 Ξχοιεν
509 3615 604 3666 ἐπὶ⁸
629 3613 828 3686 μᾶλλον
856 3613 1094 3677 θειάζειν
1127 3614 1288 3676 αὐτὰ,
1314 3616 1379 3668 ὲκ
1410 3615 1614 3669 τούτων
1638 3616 1698 3669 τὸ
1726 3617 1889 3671 ἀσθε-

297 3705 385 3770 νὲς
406 3705 589 3760 αὐτῶν
617 3705 710 3759 καὶ
739 3705 1153 3776 πεπλανημένον
1175 3705 1475 3776 διελέγχειν
1499 3709 1565 3778 τῇ
1599 3706 1720 3780 θεία
1747 3709 1887 3779 Προ-

297 3796 416 3867 νοίᾳ
446 3794 862 3866 συνηλαύνοντο.
902 3794 1134 3857 Ψευδείς
1168 3793 1278 3864 γὰρ
1311 3794 1406 3848 καὶ
1431 3794 1709 3848 ἀτέλεστοι
1744 3796 1888 3850 κατά

297 3902 362 3954 γε
412 3886 476 3940 τὸ
514 3885 980 3956 περιφανέστατον
1024 3887 1072 3938 οἰ
1107 3883 1316 3938 ἐκεῖθεν
1367 3885 1608 3956 χρησμοὶ
1657 3886 1887 3958 ἐγνωρί-

300 3977 484 4044 ζοντο·
527 3977 649 4030 ὅθεν
680 3977 774 4030 καὶ
818 3975 1301 4048 προθεσπισάντων
1348 3975 1466 4048 ἅμα
1511 3978 1728 4032 πάντων
1762 3979 1885 4032 καθ’

298 4070 532 4126 ἕκαστον
563 4069 672 4123 τῶν
710 4070 995 4139 μαντείων,
1023 4069 1099 4133 ὼς
1132 4069 1418 4134 Ἰουλιανὸς
1439 4072 1468 4124 ό
1490 4067 1584 4124 τοῦ
1621 4069 1884 4140 βασιλέως

300 4164 442 4227 θεῖος
473 4163 645 4218 νοσῶν
673 4163 734 4215 ού
768 4161 1086 4230 τεθνήξεται
1113 4204 1126 4225 ,
1162 4164 1219 4215 ἐν
1249 4162 1437 4225 αὑταῖς
1478 4161 1587 4214 τῶν
1619 4163 1884 4234 χρησμῶν

299 4254 671 4323 ἀναγνώσεσιν
691 4294 706 4316 ,
735 4251 966 4324 οἰκτρῶς
1010 4255 1217 4318 ἐκεῖνος
1249 4253 1344 4308 καὶ
1372 4253 1617 4318 ἐλεεινῶς
1642 4255 1731 4308 τὸν
1770 4255 1884 4324 βίον

301 4346 632 4420 ἀπέρρηξεν.

1998 597 2113 652 nidi
2145 597 2349 654 favisse
2381 599 2756 668 deprehensus
2779 599 2994 670 fuisset,
3030 604 3189 661 bonis
3215 608 3504 677 spoliatus,
3531 624 3584 668 et

1996 689 2050 744 in
2081 689 2396 745 carceribus
2428 701 2688 760 perpetuo
2718 692 2920 763 degens
2948 736 2962 762 ,
3007 711 3130 751 cum
3178 714 3394 756 summa
3427 703 3582 772 igno-

1996 779 2165 835 minia
2199 781 2365 836 vitam
2399 782 2591 846 linivit,
2627 784 2882 840 oinnibus
2905 800 3028 840 eum
3056 788 3490 857 detestantibus,
3527 804 3581 849 et

1995 871 2421 926 sacrilieatorem
2481 871 2753 942 Elpidium
2830 879 3358 946 cognominantibus.
3425 883 3579 940 Alius

1996 972 2258 1033 praeterea
2290 965 2512 1036 quidam
2552 983 2658 1020 una
2701 984 2822 1022 eum
2855 974 3181 1041 supradictis
3213 977 3494 1048 ingressus
3523 982 3578 1035 in

1994 1053 2307 1120 ecclesiam,
2336 1072 2500 1126 quam
2535 1057 2612 1110 illi
2633 1059 2921 1116 vastabant
2949 1078 3014 1118 ae
3039 1066 3382 1135 spoliabant,
3420 1087 3576 1126 sacra

1996 1157 2123 1198 vasa
2150 1159 2213 1199 ac
2236 1145 2462 1199 donaria
2488 1147 2887 1216 depraedantes,
2910 1149 3190 1224 Deumque
3212 1158 3305 1226 qui
3339 1174 3434 1227 per
3459 1160 3576 1216 hare

1994 1237 2276 1291 colebatur
2297 1277 2310 1300 ,
2345 1240 2675 1294 contumelia
2700 1240 3026 1298 allicientes:
3063 1245 3152 1301 hic
3174 1287 3188 1311 ,
3215 1249 3435 1320 inquam
3454 1293 3468 1318 ,
3505 1253 3578 1307 le-

1993 1338 2117 1384 vata
2150 1338 2297 1385 veste
2325 1333 2629 1400 petulanter
2661 1334 2713 1387 in
2748 1335 2919 1390 altare
2945 1337 3248 1405 imminxit;
3283 1345 3578 1414 statimque

1994 1423 2378 1477 acerbissimas
2409 1439 2471 1478 ac
2517 1436 2812 1494 praesentes
2845 1443 3032 1496 poenas
3062 1434 3341 1499 persolvit.
3380 1436 3573 1492 Iisdem

1992 1514 2137 1568 enim
2158 1516 2415 1572 membris
2434 1517 2633 1586 quibus
2654 1521 2721 1574 ad
2744 1523 3128 1576 contumeliam
3151 1524 3355 1581 abusus
3376 1526 3574 1595 fuerat,

1995 1605 2058 1659 ad
2087 1606 2344 1662 interiora
2371 1625 2543 1678 usque
2565 1611 2777 1666 viscera
2805 1612 3146 1682 putrefactis,
3172 1625 3225 1669 et
3248 1616 3573 1674 immensam

1995 1697 2260 1751 vermium
2295 1699 2700 1756 multitudinem
2743 1702 3119 1772 gignentibus,
3153 1720 3379 1774 prorsus
3407 1709 3575 1766 mise-

1993 1788 2148 1841 rabili
2174 1789 2343 1856 exitu,
2371 1799 2422 1845 et
2449 1793 2544 1861 qui
2566 1807 2633 1848 ne
2654 1791 2840 1847 referri
2873 1794 3092 1864 quidem
3123 1808 3380 1864 meretur,
3403 1799 3575 1855 inter-

1917 1865 1961 1924 Β
1995 1879 2073 1934 iit.
2118 1878 2222 1935 Sed
2259 1890 2314 1934 et
2373 1883 2462 1936 alii
2500 1883 2684 1954 plures
2717 1885 2810 1955 qui
2854 1886 3121 1955 ejusmodi
3165 1888 3410 1946 facinora
3452 1908 3577 1962 per-

1991 1979 2209 2041 petrare
2243 1973 2362 2027 ausi
2393 1973 2628 2042 fuerant,
2662 1992 2768 2030 non
2797 1977 3040 2034 minores
3073 1994 3264 2049 pmnas
3290 1982 3574 2039 dederunt.

2061 2062 2284 2134 1-1473)
2315 2063 2685 2137 Hierosolyma
2714 2067 2866 2122 {Elia
2892 2069 3061 2124 dicta.
3082 2103 3151 2112 —
3169 2071 3444 2129 Adrianus
3476 2075 3579 2130 im-

1989 2163 2208 2224 perator
2238 2154 2609 2212 Romanorum
2633 2197 2647 2221 ,
2685 2160 2778 2228 qui
2812 2159 2993 2216 Elius
3024 2162 3307 2217 dicebatur
3329 2205 3344 2230 ,
3380 2166 3574 2221 urbem

1991 2244 2421 2317 Hierosolymam
2457 2264 2522 2302 ex
2553 2263 2654 2304 suo
2687 2252 2909 2306 nomine
2940 2251 3141 2308 IEliam
3168 2257 3479 2326 appellavit,
3510 2274 3576 2313 eo

1989 2339 2219 2393 consilio
2249 2348 2310 2394 ut
2336 2338 2651 2396 Judaaorum
2679 2352 2894 2412 gentem
2927 2345 2999 2400 ab
3025 2363 3089 2401 ea
3124 2350 3340 2418 penitus
3367 2363 3577 2407 arceret

1989 2437 2153 2496 atque
2179 2429 2496 2485 excluderet
2518 2473 2533 2497 ,
2576 2447 2643 2487 ne
2672 2434 2756 2488 vel
2781 2450 2848 2489 ex
2885 2435 3002 2505 ipsa
3035 2439 3397 2507 appellatione
3434 2456 3576 2511 pra:-

1991 2527 2198 2576 textum
2225 2522 2488 2578 haberent
2519 2522 2692 2579 Judaei
2719 2567 2734 2592 ,
2759 2542 2877 2582 eam
2908 2537 3166 2599 tanquam
3211 2532 3438 2598 patriam
3470 2534 3574 2587 sibi

1989 2610 2324 2666 vindicandi.
2377 2611 2587 2684 Quippe
2629 2615 2903 2672 Adrianus
2934 2615 3200 2673 fervidum
3256 2620 3471 2676 illorum
3512 2638 3577 2678 ac

1989 2704 2340 2758 temerarium
2366 2705 2642 2775 ingentium
2688 2708 3102 2777 rel'ormidabat,
3135 2728 3202 2768 ne
3231 2711 3370 2769 forte
3400 2717 3575 2772 sacri-

1991 2795 2187 2850 licandi
2222 2797 2401 2866 specie
2428 2798 2482 2851 in
2509 2813 2574 2853 ea
2605 2798 2737 2854 urbe
2770 2803 3104 2873 congregati,
3142 2806 3420 2876 negotium
3461 2809 3573 2862 Hoc

1989 2887 2170 2941 manis
2203 2887 2558 2943 facesserent.

2061 2978 2147 3032 12.
2189 2977 2426 3034 Θναειιια
2454 2981 2721 3050 falsidica.
2755 3012 2826 3024 —
2853 2982 2983 3039 Post
3009 2986 3425 3044 translationem
3458 2991 3578 3046 reli-

1989 3070 2245 3140 quiarum
2272 3073 2534 3144 martyris
2556 3073 2793 3146 Babylzn,
2827 3077 3112 3146 gentilium
3139 3082 3382 3146 oracula,
3419 3083 3576 3137 initio

1991 3162 2138 3219 facto
2169 3166 2238 3220 ab
2267 3181 2332 3221 eo
2367 3167 2510 3236 quod
2545 3177 2665 3222 erat
2710 3169 2855 3238 apud
2898 3169 3184 3241 Daphnen,
3215 3189 3475 3244 responsa
3512 3191 3577 3231 ac

1991 3258 2248 3313 vaticinia
2273 3258 2600 3326 ediderunt,
2652 3276 2777 3316 eum
2809 3262 2992 3317 divina
3023 3262 3366 3320 Providentia
3403 3267 3483 3322 eis
3520 3279 3577 3322 ιιι

1990 3348 2348 3419 loquerentur
2387 3352 2606 3420 quidem
2665 3355 3044 3423 permisisset,
3094 3358 3333 3412 studium
3367 3376 3495 3416 vero
3523 3373 3578 3418 ct

1987 3443 2196 3497 cultum
2233 3445 2366 3513 ipsis
2399 3460 2589 3499 eorum
2618 3448 2924 3504 cultoribus
2950 3449 3004 3503 in
3029 3465 3306 3505 summum
3338 3453 3576 3509 dedecus

1993 3535 2352 3590 convertisset
2384 3537 2516 3607 (74).
2572 3536 2786 3604 Quanto
2843 3541 2986 3595 enim
3037 3543 3346 3599 ardentiore
3397 3548 3576 3601 studio

1989 3627 2219 3696 gentiles
2251 3627 2583 3683 studuerunt
2617 3639 2676 3685 ut
2703 3634 2978 3689 daemones
3013 3636 3236 3690 oracula
3264 3637 3571 3701 redderent,

1997 3718 2417 3786 quojustiorem
2451 3736 2675 3776 causam
2713 3723 2976 3779 haberent
3023 3741 3119 3782 eos
3164 3729 3364 3784 divinis
3399 3731 3574 3785 hono-

1989 3809 2137 3863 ribus
2167 3809 2472 3876 alliciendi,
2529 3829 2595 3868 eo
2628 3816 2801 3886 magis
2854 3818 3223 3875 infirmitalem
3279 3837 3468 3876 eorum
3511 3838 3576 3876 ac

1988 3901 2255 3957 fallaciam
2290 3904 2695 3973 deprehendere
2721 3910 2989 3978 compulsi
3011 3921 3139 3967 sunt
3163 3929 3192 3967 a
3224 3913 3406 3968 divina
3429 3912 3569 3970 Pro-

1989 3994 2241 4048 videntia.
2279 3995 2491 4066 Quippe
2545 4000 2766 4054 oracula
2806 4016 2928 4070 quae
2988 4003 3116 4059 inde
3173 4006 3569 4074 profluxerunt,

1987 4083 2123 4140 falsa
2151 4095 2315 4154 atque
2339 4086 2654 4156 imperfecta
2681 4105 2984 4158 apparuere
3011 4111 3025 4146 :
3057 4105 3202 4148 certe
3231 4110 3354 4149 cum
3384 4101 3570 4155 omnia

1988 4174 2304 4245 singillatim
2352 4179 2575 4233 oracula
2609 4182 3018 4249 respondissent
3046 4223 3060 4248 ,
3090 4183 3368 4241 Iulianum
3402 4190 3570 4261 impe-

1990 4269 2187 4322 ratoris
2218 4270 2588 4336 avunculum,
2622 4272 2716 4340 qui
2749 4281 2861 4326 tum
2898 4275 3092 4330 morbo
3128 4277 3440 4346 laborabat,
3475 4298 3572 4336 ne-

1989 4374 2265 4436 quaquam
2297 4376 2420 4415 esse
2447 4363 2798 4429 moriturum,
2840 4365 2970 4418 dum
3007 4382 3068 4422 ca
3111 4370 3226 4437 ipsa
3262 4369 3571 4440 legerentur

1990 4448 2236 4514 oracula,
2274 4449 2512 4503 animant
2544 4451 2928 4506 miserabiliter
2957 4454 3248 4508 exhalavit.

373 4531 464 4596 ιγ’.
498 4525 621 4579 Ὀτι
644 4564 660 4589 ,
692 4524 891 4595 φησὶν,
923 4523 1148 4594 ’Ἡρωνά
1178 4539 1296 4574 τινα
1331 4523 1395 4575 ἐκ
1428 4523 1620 4594 Θηϐῶν
1650 4523 1757 4577 τῶν
1792 4527 1883 4579 Αἰ-

2061 4541 2151 4596 15.
2188 4540 2300 4614 (75)
2330 4541 2603 4610 Aposlataa
2640 4543 2744 4597 duo
2790 4545 2976 4601 misere
3013 4557 3248 4615 pereunt.
3288 4578 3357 4587 —
3390 4547 3569 4605 Heron

301 4618 548 4685 γυπτεων
581 4616 899 4689 ὁρμώμενον
921 4658 934 4682 ,
961 4616 1053 4670 καὶ
1086 4616 1164 4678 εἰς
1205 4615 1535 4679 ἐπισκόπους
1564 4616 1879 4683 τελέσαντα,

302 4706 422 4766 εἷτα
471 4709 611 4781 πρὸς
670 4708 1024 4780 Ἐλληνισμὸν
1077 4706 1446 4778 μεταϐαλόντα
1474 4751 1488 4774 ,
1542 4713 1882 4784 παραχρῆμα

301 4803 455 4868 νόσος
492 4801 868 4874 σηπεδονώδης
920 4800 1161 4855 ἀπέλαϐε
1187 4841 1202 4864 ,
1259 4800 1352 4853 καὶ
1403 4802 1509 4855 πᾶν
1540 4804 1884 4876 καταϐοσκηο

305 4895 453 4950 θεῖσα
481 4895 546 4950 τὸ
597 4893 798 4966 σῶμα,
851 4893 1123 4965 βδέλυγμα
1163 4895 1328 4948 πᾶσιν
1375 4893 1674 4958 ὑπέδειξεν.
1722 4896 1779 4950 'U
1825 4898 1882 4951 δὲ

306 4986 637 5060 πανταχόθεν
661 4985 1033 5058 ἀπορούμενος
1059 4986 1116 5037 ἐν
1148 4990 1264 5049 τοῖς
1284 4984 1548 5056 ἀμφόδοις
1577 4987 1880 5056 κατέκειτο,

308 5082 424 5154 μηδ’
475 5083 660 5136 ὅντινα
692 5075 786 5133 οὖν
831 5076 1143 5149 μηδαμόθεν
1187 5077 1358 5131 ἕλκων
1413 5077 1560 5130 ἔλεον
1586 5095 1600 5110 ·
1627 5079 1735 5134 τῶν
1785 5083 1885 5153 μὲν

306 5173 642 5246 Χριστιανῶν
674 5168 952 5233 παντελῶς
977 5168 1140 5222 αὐτὸν
1169 5169 1607 5241 ἐκτρεπομένων,
1634 5171 1744 5226 τῶν
1775 5175 1884 5228 Ἐλ-

1989 4633 2208 4703 quidam
2260 4649 2327 4689 ex
2373 4635 2506 4690 urbe
2538 4635 2755 4708 Egypti
2786 4636 2987 4693 Thebis
3017 4641 3284 4696 oriundus
3309 4681 3323 4706 ,
3374 4653 3428 4698 ct
3474 4646 3567 4713 qui

1988 4726 2365 4796 episcopatum
2394 4741 2676 4799 gesserat,
2715 4746 2840 4786 eum
2885 4720 3072 4801 postea
3110 4733 3176 4788 ad
3224 4737 3570 4805 superstitio-

1990 4827 2113 4867 nem
2139 4816 2422 4885 gentilium
2451 4819 2792 4887 descivisset,
2809 4831 3029 4891 repente
3052 4823 3357 4893 putredinis
3380 4829 3569 4881 morbo

1989 4915 2275 4976 correptus
2323 4920 2436 4965 est:
2470 4926 2592 4981 qum
2646 4921 2819 4968 totum
2872 4914 3017 4970 illius
3069 4930 3270 4986 corpus
3320 4918 3565 4987 dcpasxa,

1993 4995 2418 5054 abominabilem
2477 5002 2628 5056 illum
2681 5003 2950 5072 praestitit.
2992 5002 3243 5075 Undique
3305 5007 3471 5077 igitur
3502 5009 3568 5065 ad

1993 5104 2264 5144 summam
2291 5092 2541 5146 redactus
2579 5093 2842 5162 inopiam,
2874 5094 2928 5147 in
2959 5095 3150 5164 plateis
3175 5096 3408 5166 jacebat,
3441 5112 3566 5153 cunt

1993 5197 2154 5236 nemo
2190 5183 2340 5238 illum
2388 5185 2759 5241 misericordia
2793 5187 2899 5241 ulla
2947 5199 3406 5261 prosequerctur;
3438 5206 3562 5250 nam

1539 5304 1783 5354 VALESII
1821 5314 1856 5355 Α
1866 5313 2305 5364 NNOTATIONES
2314 5351 2326 5363 .

370 5409 480 5486 (‘72)
507 5411 824 5486 Πρόφασιν
849 5409 1132 5486 ἐχούσης.
1174 5407 1342 5486 Leges
1377 5412 1752 5486 grammatica:
1782 5433 1878 5486 po-

309 5476 503 5534 stulant
539 5476 598 5533 ut
632 5476 938 5550 scribamus
964 5479 1238 5550 πρόφασιν
1255 5476 1412 5550 ᾀέχονζ
1443 5481 1524 5533 vel
1556 5481 1693 5546 ἓξον.
1736 5476 1879 5542 Sub-

307 5552 518 5606 auditur
546 5551 695 5621 enim
727 5548 1202 5621 Ἰουδαίωνὲθνοςτ
1253 5548 1436 5603 Potest
1470 5551 1632 5604 etiam
1683 5558 1872 5621 scribi,

307 5621 570 5696 πρόφασιν
604 5620 770 5691 ἔχωσι
793 5661 806 5683 ,
839 5635 1068 5689 eamque
1101 5620 1426 5687 scripturam
1470 5623 1644 5690 magis
1679 5620 1870 5693 probo.

2061 5425 2172 5499 (ξᾷ)
2207 5425 2403 5499 Euseb.
2433 5426 2571 5484 Hist.
2616 5428 2650 5483 Ι.
2688 5445 2760 5494 tv,
2787 5445 2906 5499 cap.
2935 5431 2994 5486 6.

2059 5495 2170 5565 (74)
2207 5495 2520 5553 Theodorit.
2559 5500 2594 5553 l.
2629 5516 2709 5565 ιιι,
2741 5516 2790 5553 c.
2836 5495 2920 5554 f0.

2057 5567 2169 5638 (75)
2204 5566 2561 5637 Theophanes
2594 5570 2646 5623 in
2673 5570 2954 5635 Chronico,
2990 5587 3107 5642 pag.
3142 5575 3195 5627 5.

1777 5756 2126 5803 VARIORUM.

369 5861 445 5931 (α)
504 5860 598 5929 Ἐς
633 5857 827 5929 τιμήν.
875 5858 1132 5930 Ἔντιμην
1170 5859 1296 5929 legit
1328 5857 1719 5920 Gothofredus.
1764 5864 1852 5920 ll’.
1892 5867 2088 5924 Lott'l/t.
