4028 6330
487 366 584 422 ΞΗ

1859 352 2351 410 PlllLOSTORGll

3644 356 3747 414 55‘!

486 478 782 535 Christiani
814 477 1034 551 quidem
1061 491 1182 531 eum
1211 473 1429 545 penitus
1464 474 1860 529 aversabantur
1880 513 1896 539 ,
1928 488 2060 544 gen-

2167 474 2341 544 λήνων
2374 472 2432 527 δέ
2475 474 2636 546 μέχρι
2691 474 2783 530 τοῦ
2826 473 3225 530 καθυποϐαλεῖν
3271 472 3432 527 αὑτὸν
3471 474 3537 544 τῇ
3572 475 3749 548 πλάνῃ

490 571 612 627 tiles
640 586 772 626 vero
804 585 930 625 eum
964 569 1225 622 hactenus
1256 574 1485 630 norant,
1521 574 1794 635 quatenus
1824 566 1877 619 in
1911 579 2065 619 erro-

489 663 570 719 ris
597 663 909 719 societatem
940 676 1064 716 eum
1103 660 1479 714 traduxerant.
1528 658 1593 712 Et
1626 657 1809 713 Heron
1842 658 2062 729 quidem

490 752 567 808 ita
607 754 804 809 acerbo
841 761 1004 821 atque
1034 749 1237 804 infelici
1268 750 1416 804 exitu
1449 751 1631 820 periit.
1662 750 1767 806 Sed
1799 760 1853 807 et
1889 750 2066 806 Theo-

493 854 682 899 tecnus
705 843 927 913 quidam
956 841 1023 895 ad
1055 840 1338 911 gentilium
1386 842 1831 911 superstitionem
1883 852 2063 897 trans-

488 950 729 1007 gressus,
772 942 993 1002 repente
1025 941 1139 987 toto
1162 947 1395 1002 corpore
1423 932 1728 1002 putrefacto
1751 973 1766 998 ,
1796 934 2063 989 vermium

490 1028 892 1098 receptaculum
922 1025 1099 1082 factus
1125 1035 1230 1083 est.
1264 1025 1370 1092 Qui
1401 1040 1526 1079 cum
1553 1026 1742 1081 oculos
1767 1027 1814 1081 ei
1843 1026 2067 1081 eil‘odis-

489 1102 644 1183 sent,
679 1118 745 1173 ad
774 1127 1081 1173 extremum
1128 1117 1344 1173 insania
1395 1126 1678 1189 correptus
1726 1127 1843 1184 est,
1884 1127 1938 1174 et
1967 1134 2066 1175 sua

488 1210 663 1281 ipsius
702 1210 885 1281 lingua
939 1211 1161 1266 concisa
1213 1219 1267 1264 et
1299 1225 1554 1273 comesa,
1587 1226 1652 1264 ex
1693 1211 2066 1268 acerbissimis

487 1300 774 1357 tormentis
798 1303 864 1356 ad
896 1304 1069 1357 multo
1096 1302 1345 1373 graviora
1374 1302 1635 1372 supplicia
1661 1311 1743 1357 est
1776 1303 2068 1357 transmis-

487 1406 602 1445 sus.
632 1389 800 1445 Multa
824 1390 1141 1460 huiusmodi
1170 1391 1414 1462 prodigia
1444 1390 1589 1446 Deus
1616 1400 1745 1446 tunc
1779 1392 1969 1457 edidit,
1998 1393 2068 1447 ab

491 1480 562 1536 iis
592 1481 686 1550 qui
722 1482 1066 1552 impudenter
1112 1497 1164 1535 a.
1190 1483 1390 1551 pietate
1423 1482 1804 1550 desciverant,
1841 1483 2068 1539 meritas

486 1588 680 1629 eorum
712 1573 903 1628 sceleri
936 1573 1329 1643 respondentes
1356 1575 1580 1645 exigens
1606 1589 1817 1644 pinnas.

560 1664 651 1722 14.
679 1666 792 1737 (76)
828 1666 894 1720 Β.
918 1664 1145 1720 Joannis
1180 1666 1526 1737 Evangelium
1567 1668 1948 1739 Hierosolymis
1983 1686 2065 1723 re-

487 1768 715 1827 pertum.
751 1789 821 1800 —
848 1756 1120 1823 Julianus,
1151 1773 1274 1812 cum
1299 1760 1486 1813 urbem
1519 1758 1945 1831 Hierosolymam
1976 1761 2065 1815 in-

489 1850 727 1906 staurari
770 1849 1028 1919 jussisset
1048 1889 1063 1916 ,
1110 1863 1177 1904 eo
1203 1850 1438 1905 consilio
1470 1859 1530 1905 ut
1553 1850 1769 1906 Domini
1799 1854 1971 1908 nostri
1999 1855 2066 1908 de

496 1942 596 1996 illa
619 1941 997 2011 prmdictiones
1030 1930 1215 1995 irritas
1248 1956 1371 1997 esse
1424 1943 1802 2010 convinceret,
1838 1945 2065 2013 pro’rsus

492 2032 832 2087 contrarium
864 2032 931 2086 iis
952 2029 1076 2101 cinae
1100 2032 1427 2086 moliebatur
1446 2032 1642 2089 effecit.
1663 2033 1796 2089 Nam
1818 2043 1872 2091 et
1896 2036 2063 2091 multa

487 2123 595 2179 alia
624 2123 872 2194 prodigia
899 2123 1116 2178 caelitus
1168 2123 1417 2179 immissa
1465 2139 1605 2195 opus
1647 2136 2063 2196 represserunt;

485 2222 689 2271 etcum
725 2213 1075 2268 fundamenta
1111 2224 1464 2283 pararentur,
1510 2231 1654 2272 unus
1691 2233 1757 2272 ex
1790 2219 2067 2289 lapidibus

488 2306 583 2376 qui
629 2306 684 2360 in
718 2306 826 2360 ima
870 2306 989 2360 basi
1043 2306 1453 2374 collocabatur,
1495 2323 1598 2364 suo
1648 2310 1767 2365 loco
1793 2310 2063 2377 demotus,

489 2398 690 2453 ostium
720 2397 862 2451 antri
901 2396 1192 2465 cujusdam
1215 2399 1449 2468 aperuit,
1483 2400 1628 2469 quod
1656 2400 1711 2454 in
1737 2416 1869 2472 rupe
1901 2418 2069 2458 exca-

490 2496 672 2543 vatum
700 2496 835 2543 erat.
865 2486 969 2541 Sed
1000 2504 1124 2542 cum
1158 2488 1230 2543 ob
1261 2488 1686 2559 profunditatem
1720 2507 1783 2547 ea
1828 2508 1950 2563 quae
1983 2495 2068 2548 in-

487 2590 577 2634 tus
604 2588 760 2635 erant
789 2594 1011 2634 cernere
1051 2579 1268 2635 dillicile
1297 2592 1446 2636 esset
1470 2622 1485 2648 ,
1520 2591 1805 2640 curatores
1835 2599 2064 2655 operum

488 2670 566 2726 rei
592 2670 985 2740 cognoscenda
1012 2670 1217 2741 cupidi,
1237 2672 1530 2740 quemdam
1555 2688 1622 2729 ex
1649 2676 1913 2744 operariis
1938 2693 2069 2747 pro-

488 2763 599 2815 lixo
659 2759 773 2814 funi
845 2761 1128 2816 astrictum
1192 2762 1552 2818 demiserunt.
1617 2763 1718 2820 Hic
1754 2767 2062 2836 demissus,

488 2867 687 2925 aquam
718 2853 773 2907 in
808 2863 965 2909 antro
994 2854 1227 2908 residem
1274 2856 1342 2909 ad
1374 2856 1552 2909 media
1576 2871 1752 2927 usque
1781 2875 1940 2915 crura
1977 2877 2067 2917 re-

489 2945 649 3015 perit,
679 2953 879 2999 etcum
911 2945 1152 3015 undique
1183 2945 1365 3001 locum
1398 2947 1711 3015 circuisset,
1744 2959 1799 3004 et
1830 2951 2065 3020 parietes

488 3043 903 3101 contrectasset,
932 3044 1150 3090 antrum
1185 3035 1513 3106 quadratum
1537 3053 1659 3093 esse
1687 3039 2061 3110 deprehendit.

2167 566 2327 636 μόνον
2348 566 2509 621 αὐτὸν
2552 567 2891 635 ἐγνωκότων.
2918 566 3059 620 Ἀλλ’
3087 569 3115 621 ὁ
3161 566 3262 639 μὲν
3301 566 3376 618 Ἦ
3381 582 3490 637 ρων
3536 566 3750 640 πικρῶς

2163 657 2306 711 οὕτω
2356 659 2453 712 καὶ
2501 659 2812 724 παναθλίως
2867 659 2970 730 τῆς
3020 656 3169 729 ζωῆς
3222 658 3586 729 ἀπελήλαται.
3642 660 3750 713 Kal

2163 750 2455 814 Θεότεκνος
2486 751 2542 805 δέ
2590 769 2676 815 τις
2706 751 2844 824 πρὸς
2885 752 2977 804 τὸν
3023 750 3375 822 Ἐλληνισμδν
3428 750 3746 822 ἀπορρυεὶς,

2166 844 2346 896 πᾶσαν
2380 843 2592 915 ἀθρόως
2624 843 2722 915 τὴν
2769 844 2947 916 σάρκα
2990 843 3276 905 διασαπεὶς
3321 841 3419 895 καὶ
3447 840 3749 912 σκωλήκων

2166 933 2265 1004 ὕλη
2299 933 2542 1003 γεγονὼς
2561 976 2575 1000 ,
2606 934 2700 987 καὶ
2730 934 2794 1004 δὴ
2825 934 2920 987 καὶ
2955 933 3083 996 τοὺς
3110 932 3424 1003 ὀφθαλμοὺς
3451 931 3544 984 ὑπ’
3568 930 3751 984 αὐτῶν

2164 1027 2504 1097 ἐξορυχθείς,
2548 1025 2816 1080 τελευτῶν
2866 1026 2947 1089 είς
2984 1024 3180 1096 μανίαν
3224 1024 3474 1095 ἐτράπη,
3522 1022 3620 1076 καὶ
3649 1023 3751 1095 τὴν

2165 1117 2360 1171 ἑαυτοῦ
2391 1118 2638 1187 γλῶτταν
2669 1116 3023 1187 καταφαγὼν,
3055 1119 3120 1171 ἐκ
3148 1116 3359 1188 πικρῶν
3389 1114 3642 1187 βασάνων
3669 1116 3751 1178 εἰς

2166 1209 2302 1264 πολὺ
2324 1208 2683 1283 χαλεπώτερα
2700 1207 3071 1281 παρεπέμφθη
3086 1207 3438 1277 κολαστήρια.
3453 1206 3566 1261 Καὶ
3581 1205 3751 1260 πολλά

2164 1299 2389 1354 τοιαῦτα
2417 1300 2480 1354 τὸ
2497 1300 2651 1355 Θείον
2678 1298 2934 1368 ἐτερατού
2945 1316 3083 1368 ργει,
3113 1297 3477 1369 ἀντιρρόπους
3501 1295 3606 1358 τὰς
3630 1313 3751 1350 ποι-

2166 1394 2265 1457 νάς
2294 1397 2444 1467 παρὰ
2471 1394 2581 1449 τῶν
2607 1394 2832 1465 ἁναίδην
2862 1392 3201 1447 ἀσεϐούντων
3228 1390 3711 1463 εἰσπραττόμενον.

2240 1658 2319 1711 ιδ’.
2350 1658 2472 1711 ’Ὁτι
2499 1656 2809 1728 προστάξας
2829 1697 2843 1719 ,
2874 1655 3058 1726 φησὶν,
3106 1654 3391 1718 Ἰουλιανὸς
3418 1652 3487 1707 τὰ
3518 1652 3752 1723 Ἱεροσό-

2166 1748 2311 1819 λυμα
2340 1748 2828 1818 ἀνοικοδομεῖσθαι,
2857 1747 2934 1811 ὼς
2963 1747 3029 1801 ἂν
3057 1745 3157 1811 τὰς
3194 1747 3324 1817 περὶ
3352 1745 3535 1799 αὐτῶν
3556 1744 3751 1798 δεσποο

2166 1841 2324 1903 τικὰς
2362 1840 2696 1910 προρρήσεις
2728 1837 2965 1910 ἀκύρους
2993 1836 3185 1907 ἐλέγξῃ
3206 1876 3221 1901 ,
3248 1836 3558 1890 τούναντίον
3602 1835 3751 1889 ἅπαν

2165 1926 2240 1985 ὧν
2274 1931 2637 1995 ἐσπούδασεν,
2676 1929 3052 2000 ἐξειργάσατο.
3088 1928 3258 1981 ΙἈλλα
3285 1944 3343 1981 τε
3389 1928 3501 1999 γὰρ
3543 1926 3751 1998 τέρατα

2168 2023 2418 2093 ὑπερφυῆ
2443 2021 2505 2074 το
2530 2020 2689 2093 ἔργον
2718 2020 3145 2092 κατασκήψαντα
3176 2018 3377 2089 ἐπέσχε
3396 2035 3411 2049 ·
3437 2019 3531 2072 καὶ
3558 2017 3622 2090 δή
3652 2017 3752 2071 καὶ

2165 2112 2275 2166 τῶν
2314 2111 2580 2182 θεμελίων
2609 2111 3083 2184 εὐτρεπιζομένων
3106 2153 3121 2179 ,
3155 2106 3237 2174 εἷς
3276 2110 3386 2164 τῶν
3438 2109 3635 2174 λίθων,
3666 2111 3751 2173 εις

2165 2207 2263 2278 τὴν
2294 2206 2529 2276 ἐσχάτην
2560 2206 2801 2276 κρηπῖδα
2828 2204 3179 2275 τεταγμένων
3213 2202 3491 2274 κινηθεὶς,
3524 2202 3753 2273 στόμιον

2166 2299 2364 2370 ἄντρου
2411 2297 2555 2361 τινὸς
2588 2297 2906 2369 παρέδειξεν
2932 2337 2946 2361 ,
2978 2296 3402 2369 ἐνειργασμένου
3439 2297 3506 2366 τῇ
3547 2295 3747 2365 πέτρᾳ.

2180 2392 2266 2455 Ὠς
2294 2391 2338 2444 δ’
2372 2391 2574 2463 ἄπορος
2604 2386 2672 2463 ἦν
2702 2391 2815 2460 (77)
2859 2389 2948 2443 διά
2988 2389 3049 2442 τὸ
3081 2387 3244 2458 βάθος
3286 2388 3416 2441 ίδεῖν
3457 2388 3526 2442 τά
3573 2387 3749 2451 ἔνδον,

2167 2482 2479 2555 βουλόμενοι
2501 2481 2704 2551 γνῶναι
2748 2480 2810 2533 τὸ
2849 2478 3019 2550 σαφὲς
3049 2480 3099 2531 οἱ
3130 2482 3242 2542 τοῖς
3280 2477 3463 2549 ἔργοις
3501 2478 3748 2546 ἐφεστῶ-

2165 2591 2298 2639 τες,
2354 2571 2587 2628 καθιῶσί
2632 2589 2754 2625 τινα
2806 2571 2914 2624 τῶν
2966 2569 3214 2641 ἐργατῶν
3264 2569 3476 2641 σχοίνου
3533 2571 3749 2642 μακρᾶς

2167 2667 2546 2740 ἐκδησάμενοι.
2597 2665 2654 2718 Ὀ
2685 2663 2742 2717 δέ
2772 2662 3126 2735 καθιμηθεὶς,
3159 2662 3304 2734 ὕδωρ
3346 2662 3447 2733 μὲν
3477 2656 3636 2734 εὗρεν
3664 2664 3750 2725 εἰς

2168 2761 2341 2832 μέσας
2371 2758 2583 2829 κνήμας
2605 2754 2744 2809 κατὰ
2771 2754 2831 2807 τὺ
2856 2743 3073 2826 ἀντρον“
3092 2754 3423 2825 συνεστηκός
3438 2772 3452 2785 ο
3478 2756 3750 2823 πανταχοί

2165 2853 2222 2906 δὲ
2247 2849 2542 2923 περιελθὼν
2572 2846 2789 2903 καὶτῶν
2820 2846 3016 2916 τοίχων
3043 2846 3393 2916 ἐφαψάμενος
3416 2884 3431 2909 ,
3463 2845 3747 2917 τετράγω-

2167 2961 2256 2997 νον
2300 2944 2398 3013 μέν
2424 2941 2485 2995 τὸ
2515 2941 2709 3013 ἄντρον
2742 2941 2901 3010 ἔγνω.
2960 2939 3343 3010 Ἀναστρέφων
3371 2937 3428 2991 δέ
3457 2936 3551 2991 καὶ
3603 2936 3749 2991 κατά

2164 3037 2226 3090 τὸ
2255 3036 2420 3106 μέσον
2457 3034 2735 3103 γεγονὼς,
2777 3032 3094 3104 ἐντυγχάνει
3147 3030 3316 3102 στήλῃ
3365 3031 3473 3084 τινὶ
3498 3069 3514 3094 ,
3568 3028 3747 3101 βραχῦ

492 3123 764 3182 Reversus
790 3126 1019 3192 deinde,
1063 3142 1188 3182 cum
1224 3128 1278 3182 in
1329 3129 1511 3185 medio
1557 3130 1922 3201 constitisset,
1973 3150 2063 3189 co-

2167 3128 2416 3199 διεχούσῃ
2440 3127 2533 3181 τοῦ
2562 3126 2752 3190 ὓδατος
2773 3145 2786 3158 ·
2888 3125 2985 3197 τὴν
3011 3120 3170 3195 χεῖρα
3198 3123 3470 3177 ἐπιϐαλὼν
3499 3122 3748 3193 εὑρίσκει

491 3217 733 3273 lumnam
791 3218 1084 3288 quamdam
1119 3218 1346 3275 offendit
1399 3235 1521 3290 quae
1566 3223 1852 3291 paululum
1902 3241 2063 3296 supra

2171 3220 2370 3291 βιϐλίον
2403 3221 2539 3290 αὐτῇ
2571 3218 2935 3289 ἐπικείμενον,
2961 3217 3272 3287 λεπτοτάτῳ
3308 3217 3402 3270 καὶ
3441 3212 3751 3286 καθαροτά-

488 3325 687 3379 aquam
715 3311 986 3365 exstabat.
1020 3309 1195 3375 Quam
1229 3326 1352 3365 cum
1382 3327 1547 3365 manu
1597 3316 2065 3383 apprehendisset,

492 3398 692 3453 librum
730 3399 778 3453 ei
812 3398 1130 3468 impozétum
1166 3400 1405 3468 reperit,
1439 3401 1762 3456 tenuissimo
1798 3420 1862 3458 ac
1886 3405 2069 3475 puris-

491 3490 633 3545 simo
663 3491 831 3544 linteo
866 3491 1190 3546 involutum.
1234 3490 1484 3562 Cumque
1521 3508 1645 3548 eum
1674 3494 1753 3549 uti
1787 3497 2068 3552 invenerat

494 3580 823 3643 sustulisset,
856 3581 1070 3651 signum
1096 3580 1244 3635 dedit
1280 3591 1339 3636 ut
1365 3582 1543 3652 ipsum
1571 3585 1933 3641 retraherent.
1962 3586 2067 3643 Re-

492 3679 699 3726 tractus
733 3672 895 3740 igitur
923 3672 1160 3726 ostendit
1183 3672 1406 3740 librum,
1436 3683 1492 3729 et
1516 3676 1801 3732 universos
1826 3678 2065 3734 admira-

492 3762 639 3815 tione
677 3762 946 3833 perculit,
989 3764 1058 3818 ob
1089 3763 1139 3818 id
1179 3765 1417 3820 maxime
1466 3767 1612 3836 quod
1645 3782 1838 3824 recens
1886 3769 2065 3827 adhuc

493 3861 656 3921 atque
685 3852 922 3908 intactus
949 3853 1258 3922 videbatur,
1298 3863 1353 3910 et
1379 3856 1525 3926 quod
1549 3856 1603 3911 in
1635 3872 1701 3913 eo
1732 3858 1854 3913 loco
1877 3875 2065 3930 reper-

492 3952 583 3999 tus
618 3943 828 4000 fuisset.
857 3945 955 4000 Hic
977 3946 1143 4017 igitur
1165 3947 1303 4003 liber
1323 3988 1339 4015 ,
1372 3949 1519 4018 quod
1554 3951 1848 4022 gentilibus
1875 3968 1940 4008 ac
1969 3953 2066 4009 Ju-

490 4037 623 4091 daais
647 4037 839 4107 majori
861 4036 1042 4093 adhuc
1065 4037 1415 4093 admirationi
1440 4038 1565 4108 fuit,
1594 4041 1882 4098 confestim
1908 4059 2066 4113 aper-

490 4136 581 4182 tus
605 4168 619 4193 ,
650 4126 705 4181 in
749 4128 955 4198 capite,
987 4128 1094 4183 hoc
1122 4129 1357 4185 habebat
1379 4131 1644 4201 scriptum
1681 4134 2065 4203 grandioribus

492 4219 718 4274 litteris:
757 4218 824 4273 In
871 4222 1134 4290 principio
1154 4232 1267 4275 erat
1310 4222 1531 4277 Verbum
1554 4265 1570 4291 ,
1604 4233 1653 4278 et
1694 4223 1915 4279 Verbum
1948 4236 2061 4281 erat

488 4310 632 4378 apud
672 4309 857 4375 Deum,
888 4322 937 4366 et
966 4311 1107 4366 Deus
1155 4322 1270 4367 erat
1312 4313 1556 4368 Verbum.
1586 4312 1927 4384 Prorsusque
1974 4316 2063 4372 hic

484 4393 625 4456 liber
654 4401 922 4473 integrum
959 4403 1090 4458 illud
1123 4405 1439 4460 continebat
1485 4405 1833 4476 Evangeliuin
1862 4447 1877 4472 ,
1915 4408 2061 4477 quod

2166 3330 2245 3385 τῳ
2295 3312 2708 3385 περιειλημένον
2754 3310 3027 3381 ἡμιτυϐίῳ
3058 3310 3134 3381 (a)
3158 3329 3171 3341 ν
3222 3309 3546 3380 ἀνελόμενος
3580 3308 3637 3361 δέ
3670 3307 3749 3371 ὡς

2167 3400 2293 3476 εὗρε
2337 3404 2397 3458 τὸ
2427 3403 2629 3474 βιϐλίον
2657 3444 2670 3468 ,
2718 3402 2970 3474 σημαίνει
3003 3402 3111 3457 δεῖν
3155 3402 3317 3456 αὐτὸν
3367 3401 3744 3472 ἀνακομίζειν.

2180 3496 2592 3567 Ἀνακομισθεὶς
2636 3495 2702 3566 δὴ
2750 3495 3081 3548 ἐπιδείκνυσι
3124 3493 3184 3546 τὸ
3237 3492 3435 3563 βιϐλίον
3462 3532 3477 3558 ,
3525 3494 3622 3547 καὶ
3668 3494 3749 3555 είς

2142 3588 2376 3658 ’θάμϐος
2422 3589 2666 3652 ἅπαντας
2700 3588 2820 3656 ἄγει
2845 3629 2861 3653 ,
2902 3587 3137 3657 μάλιστα
3163 3586 3207 3640 δ’
3237 3587 3318 3639 ὅτι
3347 3586 3442 3639 καὶ
3487 3585 3748 3657 νεουργὸν

2168 3679 2262 3732 καὶ
2291 3677 2454 3749 ἀθιγῆ
2488 3678 2600 3747 (78)
2631 3680 2858 3749 παρεῖχε
2887 3676 2985 3749 τὴν
3025 3677 3153 3731 θέαν
3172 3716 3187 3740 ,
3219 3676 3314 3731 καὶ⁸
3342 3675 3418 3738 ὡς
3448 3678 3507 3729 ἐν
3552 3677 3747 3745 ἐκείνῳ

2167 3768 2233 3823 ἂν
2265 3769 2485 3840 εὑρεθὲν
2538 3768 2612 3840 τῷ
2641 3769 2841 3842 χωρίῳ.
2874 3769 2948 3821 Τὸ
2979 3769 3036 3822 δέ
3084 3768 3191 3841 ἀρα
3235 3768 3297 3821 τὸ
3331 3768 3557 3837 βιϐλίον,
3587 3766 3618 3821 δ
3653 3768 3747 3822 καὶ

2168 3861 2328 3915 πλέον
2361 3860 2710 3933 Ἑλληνιστάς
2741 3862 2836 3915 καὶ
2877 3861 3161 3925 Ἰουδαίους
3194 3859 3556 3931 κατέπληξεν,
3584 3859 3746 3922 εὐθὺς

2168 3955 2287 4008 κατ’
2319 3954 2493 4027 ἀρχὰς
2526 3953 2888 4024 ἀναπτυχθέν,
2930 3953 3184 4023 μεγάλοις
3213 3953 3365 4020 ἔλεγε
3394 3952 3744 4023 γράμμασιν,

2180 4048 2277 4099 Ἐν
2304 4046 2461 4117 ἀρχῇ
2492 4043 2572 4115 ἦν
2610 4050 2642 4099 ό
2671 4034 2862 4115 Λόγος
2882 4086 2895 4109 ,
2927 4046 3024 4098 καί
3062 4047 3093 4099 ὀ
3122 4045 3313 4113 Λόγος
3340 4040 3419 4113 ἦν
3448 4043 3603 4111 πρὸς
3639 4040 3746 4094 τὸν

2170 4136 2354 4202 Θεὸν,
2388 4137 2485 4189 καί
2529 4136 2674 4199 Θεὸς
2714 4132 2793 4205 ἦν
2824 4138 2856 4188 δ
2888 4136 3095 4204 Λόγος.
3136 4136 3248 4188 Καὶ
3279 4132 3468 4196 ἁπλῶς
3513 4131 3743 4199 ὁλόκλη-

2172 4244 2262 4300 ρον
2288 4230 2321 4299 ἡ
2346 4227 2530 4299 γραφὴ
2559 4227 2619 4280 τὸ
2646 4227 2974 4296 Εὐαγγέλιον
2997 4226 3227 4288 ἐδείκνυ,
3256 4228 3392 4296 ὅπερ
3424 4224 3459 4295 ή
3493 4222 3743 4289 θεολόγος

2166 4320 2260 4373 τοῦ
2298 4319 2540 4391 μαθητοῦ
2589 4320 2683 4373 καὶ
2731 4318 2998 4390 παρθένου
3050 4316 3443 4390 εὐηγγελίσατο
3496 4315 3736 4384 γλῶσσα.

2166 4415 2384 4486 Ἐδήλου
2411 4414 2468 4468 δέ
2499 4414 2607 4484 ἀρα
2642 4412 2779 4483 μετὰ
2818 4413 2924 4466 τῶν
2952 4412 3128 4467 ἀλλων
3155 4409 3471 4482 παραδόξων
3500 4409 3680 4480 ἔργων
3707 4407 3742 4463 ἃ

489 4508 645 4549 sacra
691 4494 945 4564 discipuli
998 4496 1333 4566 virginisque
1386 4497 1568 4567 lingua
1618 4500 2057 4557 annuntiaverat.

2167 4510 2286 4562 κατ’
2317 4509 2492 4560 ἐκεῖνο
2517 4503 2713 4576 καιροῦ
2738 4503 3029 4575 οὐρανόθεν
3056 4502 3339 4572 ἐπεδείχθη
3360 4543 3373 4564 ,
3419 4500 3494 4572 μὴ
3522 4500 3589 4554 ἀν
3611 4514 3741 4552 ποτε

490 4582 661 4638 Porro
694 4584 799 4639 hoc
829 4586 1150 4640 miraculum
1183 4602 1289 4641 una
1324 4601 1449 4642 cum
1496 4587 1620 4642 aliis
1646 4590 1906 4659 prodigiis
1938 4605 2060 4659 qua:

493 4684 625 4731 tunc
676 4677 892 4732 coalitus
931 4685 1150 4731 ostensa
1202 4687 1358 4741 sunt,
1421 4679 1702 4749 perspicue
1762 4681 2057 4748 indicabat,

489 4781 771 4837 nunquam
806 4768 862 4821 in
892 4766 1106 4822 irritum
1144 4783 1396 4823 casuram
1442 4785 1563 4825 esse
1593 4771 1917 4825 sententiam
1951 4771 2060 4828 Do-

490 4859 647 4927 mini,
680 4875 800 4930 quae
828 4860 1015 4931 templi
1050 4861 1409 4917 vastationem
1445 4872 1709 4932 perpetuo
1741 4879 2056 4919 mansuram

490 4950 827 5015 praedixerat.
856 4950 1017 5007 Liber
1059 4953 1205 5008 enim
1257 4951 1347 5007 ille
1373 4992 1388 5017 ,
1434 4969 1558 5008 eum
1595 4953 1688 5023 qui
1735 4954 1836 5007 ista
1889 4955 2058 5009 multo

2163 4598 2441 4652 διαπεσεῖν
2468 4594 2793 4664 δεσποτικὴν
2824 4594 3097 4663 ἀπόφασιν
3122 4633 3137 4656 ,
3177 4593 3299 4663 ἥτις
3342 4592 3440 4661 τήν
3470 4591 3551 4651 είς
3587 4588 3740 4648 τέλος

2165 4686 2446 4756 ἐρήμωσιν
2472 4683 2566 4737 τοῦ
2600 4684 2704 4738 νεὼ
2740 4686 3051 4754 προανεῖπε.
3082 4684 3192 4736 Καὶ
3218 4680 3326 4753 γὰρ
3353 4679 3485 4734 Θεόν
3505 4695 3565 4732 τε
3592 4677 3739 4731 ἐθεο-

2164 4775 2315 4843 λόγει
2345 4775 2405 4828 τὺ
2436 4774 2638 4845 βιϐλίον
2670 4775 2759 4828 τὸν
2803 4773 2974 4828 ταῦτα
3016 4773 3481 4845 προτεθεσπικότα
3516 4771 3612 4823 καὶ
3648 4769 3740 4838 δη·

2170 4865 2426 4937 μιουργδν
2459 4866 2745 4920 ἁπάντων·
2776 4866 2872 4920 καὶ
2898 4865 3117 4935 ἐλεγχος
3140 4860 3207 4936 ἦν
3250 4863 3343 4917 τοῦ
3391 4861 3569 4933 μάτην
3601 4856 3740 4914 ἐκεί·

2165 4974 2287 5021 νους
2332 4957 2460 5029 περὶ
2507 4957 2603 5028 τὴν
2659 4956 2945 5028 οἰκοδομὴν
2978 4956 3245 5011 ποιεῖσθαι
3278 4956 3389 5025 (79)
3409 4993 3425 5019 ,
3458 4955 3557 5023 τῆς
3591 4950 3738 5009 θείας

1710 5084 1952 5130 VALESII
1993 5085 2491 5134 ANNOTATIONES.

557 5183 670 5259 (76)
703 5185 898 5259 Supra,
930 5203 977 5244 c.
1009 5186 1057 5259 si,

559 5254 671 5330 (77)
714 5254 962 5330 ᾎᾶτορος
1012 5254 1108 5328 ἦν.
1155 5255 1514 5312 Scribendum
1551 5265 1635 5313 est
1662 5257 1852 5326 procul
1880 5258 2049 5313 dubio

557 5393 665 5473 (78)
704 5393 1006 5473 Νεουρτόν
1050 5398 1149 5452 καί
1191 5394 1390 5465 dan-F1.
1441 5393 1520 5451 Ex
1560 5395 1749 5453 codice
1800 5395 2053 5453 Bocbarti

2158 5191 2471 5260 emendavi,
2493 5191 2588 5244 καὶ
2621 5190 2805 5260 ἀθιγῆ.

2230 5259 2344 5330 (79)
2363 5259 2590 5330 ίΜάτην
2611 5252 2883 5326 ἐκείνους
2904 5260 3035 5327 περὶ
3060 5258 3184 5330 τὴν,
3203 5256 3529 5327 οἰκοδομὴν
3556 5252 3732 5309 ποιεῖ·

2157 5329 2331 5384 σθαι,
2354 5329 2712 5386 Scribendum
2742 5331 2954 5386 videtur
2980 5329 3277 5383 πονεῖσθαι.

1944 5510 2275 5558 VARIORUM
2284 5544 2296 5556 .

554 5621 633 5689 (al
680 5619 1010 5686 Ἢμιτυὸίῳ.
1042 5620 1167 5675 llaec
1210 5634 1317 5674 vox
1362 5617 1605 5673 occurrit
1650 5616 1812 5683 infra,
1851 5618 1945 5674 lib.
1983 5636 2045 5684 Il,

483 5701 606 5761 Cap.
644 5690 694 5761 1ξ
723 5690 818 5761 Est
845 5700 1024 5761 autem
1054 5689 1342 5761 ἡμιτύϐιον
1368 5689 1619 5761 linteum,
1638 5690 1945 5761 sudarium,
1969 5689 2051 5743 fa—

479 5757 619 5824 scia,
655 5758 869 5813 sindon.
918 5758 1024 5814 Hac
1076 5757 1208 5816 voce
1238 5760 1351 5827 jam
1394 5758 1523 5814 olim
1566 5758 1650 5815 usi
1687 5768 1812 5815 sunt
1844 5759 2052 5815 Aristo-

2152 5625 2360 5749 pha‘nes
2384 5666 2400 5693 ,
2440 5623 2815 5698 Hippocrates,
2843 5622 3170 5680 Plutarchus
3196 5662 3210 5689 ,
3244 5620 3362 5675 Jac.
3419 5610 3720 5689 Gotliafred.

2153 5711 2204 5748 ιη
2262 5711 2340 5749 oc.

2153 5711 2204 5748 ιη
2241 5711 2340 5749 loc.
