4028 6330
516 339 628 400 555

1904 342 2392 403 PHILOSTORGII

3681 348 3784 407 558

513 461 661 519 citus
689 470 911 532 postero
941 464 1030 521 die
1056 464 1347 521 Jovianum
1381 464 1766 536 imperatorem
1811 471 2091 527 renuntia-

2204 488 2325 543 την,
2359 468 2642 542 ἀνίστησιν
2675 468 2704 522 ὁ
2748 468 2977 540 στρατὸς
3019 469 3296 525 Ἰωόιανὸν
3340 470 3589 543 βασιλέα.
3646 472 3707 529 '0
3730 474 3788 531 δί

519 552 618 609 vit.
647 554 715 608 At
742 554 833 611 ille
867 555 1068 625 (neque
1090 556 1237 611 enim
1260 556 1365 610 alia
1387 557 1530 613 ratio
1563 559 1916 630 expediendae
1946 563 2098 619 salu-

516 644 588 703 tis
617 656 918 717 supererat,
949 663 1076 703 cum
1109 647 1397 705 universus
1426 651 1698 709 exercitus
1729 654 1795 709 ad
1829 655 2096 710 decimam

514 747 725 809 partem
777 739 1027 794 redactus
1062 741 1232 809 esset)
1262 740 1598 799 tricennales
1628 744 1879 803 inducias
1905 754 2099 818 pactus

513 837 599 885 est
628 844 754 886 cum
782 828 984 896 Persis,
1012 827 1186 884 Nisibi
1226 830 1343 900 ipsa
1376 833 1457 888 eis
1477 834 1699 902 tradita,
1729 844 1786 893 et
1833 838 2096 904 castellis,

511 937 853 993 quzecuuque
898 925 1294 995 propugnaculi
1337 926 1516 982 instar
1544 928 1811 986 adversus
1844 930 2042 987 Persas
2068 948 2099 987 a

510 1012 776 1069 Romanis
804 1014 1020 1083 objecta
1054 1024 1214 1071 crant
1240 1018 1307 1071 ad
1338 1018 1657 1075 Armeniam
1690 1037 1887 1094 usque.
1927 1023 2098 1081 Porro

508 1104 985 1173 cadaverJuliani,
1018 1105 1387 1165 Merobaudes
1421 1118 1475 1165 et
1497 1111 1592 1181 qui
1620 1127 1747 1181 cum
1795 1115 1888 1170 illo
1921 1126 2095 1184 erant,

508 1212 635 1254 cum
686 1197 740 1253 in
790 1196 1046 1253 Ciliciam
1093 1199 1490 1269 deportassent,
1540 1218 1648 1258 non
1697 1206 1972 1273 consulto,
2004 1209 2098 1264 sed

508 1304 643 1345 casu
661 1290 900 1361 quodam
919 1305 949 1346 e
966 1292 1186 1363 regione
1203 1294 1441 1364 sepulcri
1457 1294 1512 1350 in
1530 1312 1641 1367 quo
1671 1296 1948 1354 Maximini
1973 1316 2098 1356 ossa

509 1391 672 1438 erant
714 1384 959 1448 condita,
992 1385 1403 1455 deposuerunt,
1442 1387 1527 1442 via
1571 1388 1792 1460 publica
1833 1390 2102 1447 duntaxat

509 1475 720 1531 loculos
748 1490 940 1531 eorum
983 1491 1015 1531 a
1061 1491 1123 1532 se
1155 1476 1390 1533 invicem
1432 1490 1744 1551 separante.

579 1565 635 1619 2.
665 1564 905 1621 Euzoius
934 1574 990 1621 et
1023 1567 1117 1637 qui
1150 1583 1273 1624 cum
1310 1569 1404 1626 illo
1451 1579 1612 1626 erant
1646 1571 1911 1643 episcopi,
1944 1573 2101 1630 libel-

511 1657 627 1711 lum
655 1657 876 1727 quidem
909 1672 1011 1728 pro
1040 1658 1197 1715 Actio
1235 1660 1349 1731 (85)
1389 1661 1622 1733 ejusque
1663 1663 1915 1721 doctrina
1961 1680 2099 1721 con-

508 1748 887 1819 scripserunt:
931 1764 1155 1820 operam
1187 1760 1369 1808 tamen
1402 1768 1510 1809 non
1534 1754 1806 1811 dederunt
1822 1765 1884 1811 ut
1907 1772 1997 1813 res
2026 1758 2095 1813 ad

2201 562 2286 634 (οὐ
2312 562 2424 633 γὰρ
2452 556 2522 633 ἦν
2550 560 2726 624 ἄλλως
2750 560 3102 633 διασωθῆναι,
3125 563 3205 625 είς
3233 562 3461 619 δέκατον
3493 563 3663 636 μέρος
3689 568 3788 637 τῆς

2200 653 2329 725 ὅλης
2343 655 2607 725 στρατιᾶς
2622 653 3145 725 ἀπολεπτυνθείσης)
3181 657 3622 725 τριακοντούτεις
3646 658 3786 712 τίθε-

2199 762 2290 799 ται
2319 745 2457 817 πρὸς
2490 746 2582 799 τὸν
2614 745 2832 818 Πέρσην
2867 746 3121 811 σπονδὰς,
3155 747 3255 818 τῆς
3285 764 3347 800 τε
3382 749 3659 813 Νισίόεως
3690 751 3785 804 αὐ-

2199 833 2302 905 τῆς
2323 836 2623 899 ὑπεκστὰς,
2655 836 2752 889 καὶ
2789 835 2900 890 τῶν
2927 835 3202 908 φρουρίων
3230 838 3335 892 ὅσα
3370 839 3667 911 Ῥωμαίοις
3695 843 3788 894 ἐπὶ

2201 923 2420 995 Πέρσας
2457 925 2587 995 ἄχρι
2636 924 2735 995 τῆς
2776 924 3066 996 Ἀρμενίας
3112 927 3275 980 οἱονεὶ
3329 929 3512 998 τεῖχος
3554 929 3789 1002 προύὅέ-

2201 1017 2385 1089 6λητο.
2418 1016 2523 1071 Τὸν
2545 1017 2603 1071 δὲ
2635 1016 2829 1089 νεκρὸν
2870 1017 3161 1072 Ἰουλιανοῦ
3185 1018 3546 1092 Μεροόαύδης
3577 1020 3655 1092 (ο)
3694 1022 3788 1075 καὶ

2199 1110 2250 1162 οἱ
2277 1111 2374 1163 σὺν
2393 1107 2544 1180 αὐτῷ
2565 1109 2623 1163 ἐν
2640 1108 2871 1180 Κιλικίᾳ
2889 1109 3239 1178 κομίσαντες,
3259 1110 3322 1163 οὐ
3339 1110 3483 1164 κατὰ
3506 1112 3783 1183 πρόνοιαν,

2200 1200 2345 1255 κατὰ
2391 1200 2449 1254 δέ
2486 1217 2611 1255 τινα
2656 1200 2982 1272 περιφορὰν,
3031 1201 3264 1274 ἀντικρὺ
3294 1201 3388 1256 τοῦ
3431 1202 3606 1272 τάφου
3637 1202 3697 1266 ὃς
3721 1205 3787 1258 τὰ

2199 1291 2508 1363 Μαξιμίνου
2531 1295 2772 1362 συνεῖχεν
2797 1292 2951 1356 ὀστᾶ,
2970 1292 3282 1361 κατέθεντο,
3313 1292 3593 1365 λεωφόρου
3620 1296 3786 1367 μόνης

2198 1384 2298 1439 ἀπ’
2317 1383 2562 1455 ἀλλήλων
2577 1382 2676 1447 τὰς
2700 1382 2876 1454 θήκας
2908 1382 3087 1439 αὐτῶν
3114 1383 3574 1458 διατειχιζούσης.

2272 1564 2338 1636 β’.
2373 1565 2498 1619 Ὀτι
2525 1563 2787 1631 Εὐζώῖος,
2818 1565 2975 1638 φησὶ,
3018 1567 3111 1622 καὶ
3135 1569 3184 1623 oi
3217 1568 3315 1623 σὺν
3347 1568 3518 1641 αὐτῷ,
3555 1569 3654 1625 τὸν
3685 1570 3783 1641 μὲν

2199 1657 2342 1728 ὑπὲρ
2382 1657 2588 1712 Ἀετίου
2620 1658 2715 1712 καὶ
2748 1657 2840 1712 τοῦ
2882 1658 3152 1731 δόγματος
3181 1660 3345 1733 τόμον
3379 1660 3638 1727 ἐξέθεσαν
3675 1681 3688 1692 ·
3722 1662 3781 1717 οὐ

2203 1750 2309 1821 μήν
2338 1764 2405 1815 γε
2447 1749 2731 1823 περαίνειν
2784 1748 2961 1804 ταῦτα
3014 1750 3376 1824 διανέστησαν
3418 1752 3556 1824 (84).
3592 1752 3688 1807 Διὸ
3732 1755 3782 1809 οι

509 1845 717 1899 exitum
767 1843 1180 1914 perduceretur.
1212 1842 1453 1900 Proinde
1482 1843 1675 1902 Aetius
1700 1855 1755 1903 et
1791 1848 2091 1905 Eunomius

2200 1840 2329 1913 περὶ
2360 1840 2565 1897 ’Δέτιον
2587 1842 2684 1897 καὶ
2717 1842 2984 1914 Εὐνόμιον
3011 1844 3071 1896 ὲν
3093 1845 3642 1899 Κωσταντινουπόλει
3668 1845 3785 1900 δια·

509 1932 607 2004 qui
637 1932 1117 2003 Constantinopoli
1142 1933 1520 2002 morabantur,
1544 1950 1646 1991 sua
1673 1938 1888 2008 negotia
1917 1954 2014 2009 per
2038 1955 2100 1998 se

396 2022 401 2028 ’
509 2027 615 2098 ipsi
644 2025 1124 2083 administrarunt.
1167 2026 1232 2083 Et
1278 2042 1403 2083 cum
1435 2028 1545 2084 alia
1592 2044 1694 2100 pro
1727 2031 1956 2088 arbitrio
1995 2047 2098 2089 suo

507 2118 910 2176 constituerant
962 2127 1129 2188 prout
1173 2119 1308 2190 ipsis
1332 2121 1842 2178 commodissimum
1873 2124 2097 2182 videba-

508 2224 618 2279 tur,
652 2221 767 2269 tum
801 2211 1088 2284 episcopos
1114 2212 1218 2269 sibi
1241 2214 1570 2270 ordinarunt
1598 2233 1612 2270 :
1637 2230 1704 2272 ex
1726 2231 1962 2287 quorum
1989 2235 2098 2275 nu-

504 2320 679 2371 mero,
709 2304 988 2361 Candidus
1012 2304 1233 2376 quidem
1261 2315 1314 2361 et
1338 2305 1608 2364 Arrianus
1629 2306 1886 2366 Ecclesiis
1917 2309 2099 2384 Lydia:

503 2406 561 2453 ct
604 2396 771 2452 lonia:
802 2394 1079 2467 praepositi
1124 2404 1275 2452 sunt.
1308 2395 1614 2454 Palaestinae
1644 2415 1775 2456 vero
1807 2401 2098 2473 episcopus

503 2487 688 2547 factus
738 2498 823 2545 est
856 2487 1178 2545 Theodulus
1220 2503 1287 2544 ex
1340 2489 1600 2560 episcopo
1629 2492 2095 2563 Chzeretaporum.

502 2581 626 2642 Jam
659 2597 794 2639 vero
829 2580 1303 2653 Constantinopoli
1350 2581 1529 2652 (multi
1573 2583 1722 2638 enim
1776 2583 1831 2638 in
1861 2599 1925 2639 ea
1966 2586 2098 2641 urbe

505 2676 574 2733 ab
604 2674 857 2730 Eudoxio
905 2674 1145 2745 aliisque
1188 2671 1355 2729 sectis
1390 2672 1729 2738 deﬁcientes,
1761 2673 1901 2729 Aetii
1935 2684 2099 2745 atque

502 2767 761 2824 Eunomii
814 2767 1154 2839 adauxerant
1177 2764 1414 2836 partem)
1438 2765 1677 2835 primum
1700 2763 1958 2822 Ecclesiae
1984 2782 2098 2824 suae

502 2858 820 2929 episcopum
868 2856 1198 2911 ordinarunt
1244 2857 1614 2912 Poemenium.
1664 2855 1824 2924 Quod
1873 2859 2096 2928 quidem

504 2949 732 3017 factum,
765 2945 1077 3002 Eudoxium
1117 2945 1213 3017 qui
1261 2946 1489 3002 unitatis
1524 2961 1652 3002 cum
1697 2947 1806 3004 illis
1844 2948 2098 3006 ineundae

504 3016 658 3111 sp'em
691 3038 954 3094 hactenus
1010 3035 1245 3100 foverat,
1272 3051 1501 3107 prorsus
1532 3037 1670 3108 ipsis
1718 3038 2095 3094 adversarium

503 3128 758 3185 reddidit.
793 3126 1076 3184 Pmmcnio
1105 3134 1291 3183 autem
1327 3142 1439 3183 non
1479 3128 1654 3186 multo
1682 3136 1808 3199 post
1848 3139 2088 3196 mortuo,

501 3220 844 3276 Florentium
878 3219 935 3274 in
964 3219 1086 3289 ejus
1113 3218 1295 3275 locum
1325 3219 1750 3277 substitucrunt.
1770 3219 1930 3278 Lesbi
1949 3237 2088 3293 pra:-

503 3322 672 3384 terea,
710 3327 837 3369 cum
870 3311 991 3383 ejus
1024 3310 1133 3368 loci
1166 3310 1459 3383 episcopus
1503 3320 1753 3369 mortuus
1788 3321 1955 3381 esset,
1982 3327 2084 3369 an-

2197 1931 2497 2005 τρίϐοντες,
2531 1933 2653 1988 καθ’
2697 1933 2926 1999 ἑαυτοὺς
2961 1935 3062 2006 ἤδη
3111 1934 3220 1990 τῶν
3260 1936 3606 2009 πραγμάτιον
3647 1954 3783 2010 προ-

2193 2027 2435 2081 ῒσταντο.
2455 2026 2538 2081 Τά
2556 2044 2617 2081 τε
2641 2027 2780 2083 ἄλλα
2804 2027 2880 2092 ὡς
2906 2028 3091 2092 αὐτοῖς
3109 2029 3283 2084 ἐδόκει
3308 2030 3447 2103 πρὸς
3474 2030 3539 2085 τὸ
3561 2032 3785 2104 ἄριστον

2196 2118 2475 2191 τιθέμενοι
2496 2135 2510 2149 ο
2542 2118 2639 2174 καὶ
2679 2119 2744 2191 δὴ
2786 2120 2882 2174 καὶ
2921 2120 3260 2186 ἐπισκόπους
3301 2121 3641 2178 καθίστασαν
3667 2141 3682 2154 ·
3709 2115 3786 2179 ὧν

2198 2210 2461 2276 Κάνδιδος
2485 2210 2561 2284 (b)
2596 2212 2696 2283 μὲν
2714 2212 2809 2265 καὶ
2842 2212 3127 2284 Ἀρριανὸς
3155 2215 3277 2278 ταῖς
3300 2212 3443 2268 κατὰ
3463 2215 3665 2270 Λυδίαν
3693 2216 3787 2270 καὶ

2211 2303 2413 2358 Ἰωνίαν
2462 2302 2808 2375 Ἐκκλησίαις
2857 2304 3176 2375 ἐφίστανται
3212 2323 3227 2339 ο
3249 2306 3618 2380 Παλαιστίνης
3654 2309 3717 2364 δὲ
3757 2312 3787 2365 ὁ

2204 2396 2316 2451 ἀπὸ
2373 2397 2740 2470 Χαιρατόπων
2786 2396 3075 2464 Θεόδου).ος
3132 2400 3535 2474 έπεσκόπησεν.
3583 2402 3674 2455 Ἐν
3728 2402 3785 2456 δὲ

2202 2487 2774 2543 Κωνσταντινουπόλει
2805 2489 2923 2560 (καὶ
2961 2490 3071 2562 γὰρ
3104 2490 3358 2558 Εὐδοξίου
3391 2493 3488 2547 καί
3507 2492 3786 2548 τινωνιᾱλο

2197 2578 2304 2634 λων
2344 2581 2609 2653 αἱρέσεων
2640 2581 2914 2653 ἀπορρυὲν
2942 2582 3046 2637 οὐκ
3072 2582 3256 2650 ὀλίγον
3284 2583 3493 2655 πλῆθος
3521 2585 3622 2656 τὴν
3649 2584 3781 2656 περὶ

2211 2671 2414 2725 Ἀέτιον
2451 2671 2548 2726 καὶ
2570 2672 2836 2743 Εὐνόμιον
2871 2674 3064 2745 μοῖραν
3092 2673 3391 2745 ἐπηύξησε)
3415 2675 3783 2747 χειροτονοῦσι

2198 2762 2415 2836 πρῶτον
2444 2763 2548 2834 τῆς
2578 2762 2699 2818 καθ’
2716 2764 2948 2828 ἑαυτοὺς
2985 2764 3336 2837 Ἐκκλησίας,
3355 2766 3641 2838 Ποιμένιον
3665 2767 3785 2821 bvo-

2201 2870 2298 2926 μα.
2327 2855 2393 2908 '0
2426 2854 2522 2908 καὶ
2560 2854 2652 2909 τὸν
2699 2854 2971 2921 Εὑδόξιον,
3023 2856 3185 2928 μέχρι
3217 2857 3339 2911 τότε
3371 2857 3473 2921 τὰς
3509 2857 3648 2928 πρὸς
3679 2859 3781 2912 αὐ-

2195 2944 2321 3007 τοὺς
2354 2947 2456 3016 τῆς
2484 2943 2733 3009 ένώσεως
2753 2944 2980 3010 ἐλπίδας
3007 2947 3425 3018 ὑποστρέφοντα
3450 2947 3587 3020 (85),
3616 2949 3700 3014 εις
3718 2948 3786 3004 τὸ

2199 3032 2431 3104 βεϐαίως
2462 3035 2759 3090 ἀντίπαλον
2806 3039 3198 3112 μετεστήσατο.
3242 3040 3533 3111 Ποιμενίου
3566 3038 3626 3093 δὲ
3660 3040 3782 3111 μετ’

2195 3124 2257 3178 οὐ
2287 3118 2462 3183 πολὺν
2477 3128 2887 3194 ἀποὸιώσαντος
2918 3130 3108 3203 χρόνον
3127 3171 3143 3197 ,
3170 3131 3596 3187 ἀντικαθιστὼι
3633 3132 3785 3187 Φλω-

2196 3220 2425 3290 ρέντιον.
2447 3221 2543 3285 Είς
2578 3220 2636 3274 δὲ
2662 3221 2761 3294 τὴν
2798 3222 3028 3289 Λέσϐον,
3059 3223 3154 3278 τοῦ
3174 3224 3383 3297 ταύτης
3413 3226 3781 3297 ἀποιχομένου

2195 3312 2475 3385 ποιμένος,
2504 3314 2871 3386 χειροτονοῦσι
2911 3315 3022 3389 (86)
3049 3317 3275 3373 Θάλλον.
3313 3319 3392 3392 Τῇ
3430 3319 3489 3374 δὲ
3534 3319 3675 3392 πρὸς
3703 3319 3784 3388 τῷ

1730 3484 1973 3530 νΑιΕεΠ
2012 3484 2507 3532 ANNOTATIONES.

577 3592 694 3665 (85)
730 3591 807 3665 De
834 3590 990 3665 Aetio
1015 3604 1167 3662 supr.
1195 3589 1234 3643 l.
1264 3603 1364 3665 vn,
1390 3605 1440 3646 c.
1470 3590 1544 3665 £5L
1565 3590 1618 3645 6.

575 3659 688 3737 (84)
731 3664 813 3737 03’)
835 3660 965 3737 mir:
984 3678 1053 3731 τε
1083 3659 1405 3737 ’περαίνειῖ
1434 3659 2083 3737 ταῦτα-διανέστησᾳν.

504 3729 749 3790 Pessime
779 3729 926 3787 hunc
945 3729 1126 3787 locum
1159 3729 1320 3785 vertit
1352 3729 1722 3787 Gothofredus
1756 3732 1859 3787 hoc
1884 3729 2084 3787 modo:

508 3803 634 3859 Non
657 3802 774 3857 ideo
819 3810 997 3855 tamen
1045 3801 1266 3856 suadere
1296 3801 1428 3866 hwc,
1467 3817 1558 3855 seu
1602 3801 1673 3856 ad
1723 3801 1834 3857 haec
1880 3802 2088 3857 hortari

504 3874 840 3929 sustinuisse.
873 3870 1042 3938 Quasi
1064 3873 1353 3940 παραινεῖν
1379 3872 1666 3940 legeretur.
1696 3873 1860 3941 Atqui
1892 3881 2004 3928 tum
2031 3873 2085 3927 in

505 3953 678 4008 textu,
705 3952 818 3999 tum
856 3943 910 3996 in
933 3941 1382 3997 annotationibus
1416 3942 1552 4006 suis,
1580 3940 1948 4000 Gothofredus
1976 3959 2086 3996 πα-

506 4015 721 4100 ραίνειν
754 4013 1081 4100 constanter
1114 4010 1917 4100 posuit:Querelnon‘dubito,
1950 4012 2085 4100 quin

504 4082 562 4140 in
598 4100 702 4141 ms.
741 4085 929 4155 codice
976 4098 1084 4155 quo
1138 4095 1271 4138 usus
1307 4091 1408 4155 est,
1448 4082 1740 4155 scriptum“
1769 4083 1859 4155 sit
1888 4082 2085 4155 περαί-

504 4172 651 4221 νειν,
681 4154 956 4226 quomodo
986 4152 1186 4226 habent
1228 4153 1400 4226 nostri
1432 4153 1678 4226 codices,
1706 4152 2084 4226 _Sc_oriace'nsis_

506 4221 760 4282 videlicet
785 4235 838 4279 et
868 4223 1290 4279 Bochartianus.
1325 4221 1422 4293 Est
1448 4231 1627 4277 autem
1667 4222 1753 4277 hic
1778 4224 1943 4293 hujus
1977 4224 2082 4277 loci

508 4296 889 4352 sensus.Cum
943 4293 1275 4349 Euzoius-et
1317 4291 1657 4347 Antiochena
1699 4291 1963 4363 synodus,
1992 4309 2081 4363 re-

510 4376 713 4438 gnante
736 4363 975 4438 AJuliano
1004 4364 1251 4438 collecta
1278 4402 1293 4427 ,
1324 4363 1613 4438 epistolam
1665 4361 1980 4438 synodicam
2017 4361 2086 4416 de

508 4433 858 4494 restitutione
900 4434 1040 4489 Aetii
1069 4443 1124 4488 et
1164 4434 1507 4503 consortium
1556 4433 1675 4501 ejus
1720 4433 2033 4503 scripsisset
2068 4451 2083 4500 ;

2189 3601 2483 3657 verterent,
2505 3591 2867 3663 Theophilum
2892 3592 3083 3650 Indum
3108 3593 3779 3663 miseruntAntiochiam:

2188 3662 2719 3736 praecipuequidein
2759 3677 2827 3718 eo
2875 3664 3110 3736 consilio
3142 3673 3203 3721 ut
3247 3662 3514 3736 Euzoium
3562 3680 3785 3736 urgeret

2188 3742 2353 3801 atque
2372 3734 2658 3805 excitaret,
2676 3747 2788 3805 quo
2811 3748 2926 3788 rem
2949 3735 3099 3790 illam
3124 3736 3192 3790 ad
3219 3734 3781 3805 exitumperducere,

2187 3811 2244 3856 et
2297 3802 2493 3871 synodi
2547 3818 2662 3859 suae
2694 3802 3047 3860 ’sententiam
3109 3802 3474 3860 exsecutioni‘
3515 3802 3783 3863 mandare

2187 3872 2352 3927 vellet
2369 3872 2501 3946 ;_sin
2529 3874 2733 3946 minus,
2759 3882 2828 3946 ut
2872 3876 3118 3946 getianis
3152 3875 3264 3929 illic
3296 3874 3623 3946 degentibus
3641 3891 3783 3946 prae-

2186 3952 2355 4017 esset:
2373 3941 2466 4017 Sic
2487 3944 2636 4017 enim
2662 3945 2855 4017 scribit
2880 3941 3483 4017 Philostorgiusjni‘ra:
3510 3941 3783 4017 ᾏφιὶινεῖ-

2185 4030 2274 4096 ται
2315 4013 2576 4096 Θεόφιλος
2609 4016 2637 4067 ὁ
2676 4013 2855 4096 Ἰνδὸς,
2887 4017 2975 4096 ἐφ’
3003 4009 3047 4084 ᾦ
3069 4009 3187 4096 τογ’
3207 4014 3458 4096 Εὑιςὼῖον·
3486 4009 3781 4096 μὲν’“κατᾲ

2185 4082 2711 4157 τὸλπροήγούμενον
2742 4082 3068 4157 ἀναστῆσαι,
3104 4086 3186 4157 εἰς
3235 4084 3389 4157 τέλος
3434 4082 3665 4157 ἀγαγεῖν
3712 4087 3782 4142 τὰ

2186 4153 2564 4228 ῥπὲρἊετίου
2605 4153 2959 4228 ὲγνωσμέναζί
2996 4155 3283 4228 Περαίνειν
3313 4153 3653 4225 ἱεὶιυιίὶιίοω
3685 4172 3783 4212 va-

2186 4224 2263 4278 let
2294 4224 2437 4291 quod
2471 4226 2555 4294 είς
2595 4225 2748 4289 τέλος
2778 4224 3026 4294 ἀγαγεῖν.

2257 4294 2373 4365 (85)
2412 4293 2530 4365 Τῆς
2550 4293 3099 4361 ἐνώσεωςέλπίδας
3121 4296 3606 4364 ὑποστρέφοντα.
3632 4294 3780 4351 Lon-

2192 4377 2259 4433 ge
2290 4364 2494 4419 rectius
2524 4365 2576 4419 in
2625 4380 2724 4419 ms.
2761 4366 2953 4420 codice
2990 4365 3262 4420 Samuelis
3286 4365 3543 4421 Bocharti
3575 4367 3778 4421 scribi-

2196 4442 2284 4505 tur
2315 4433 2715 4504 ὑποτρέφοντα.
2751 4434 3031 4505 Eudoxius
3058 4436 3203 4490 enim
3241 4434 3348 4490 CP.
3382 4435 3778 4505 episcopus,ad

507 4507 579 4578 ob
612 4504 1049 4578 persecutionem
1079 4502 1515 4578 Christianorum
1549 4495 1670 4578 qua:
1700 4495 2090 4578 tunc-maxime
2123 4495 2166 4551 D
2195 4503 2249 4558 id
2276 4495 2736 4578 usque'tcmporis
2775 4521 2934 4578 spem
2959 4504 3166 4561 fecerat
3199 4505 3375 4578 Aetio,
3401 4495 3456 4560 ἐι
3484 4495 3776 4578 Ειιὶιοιιιίο,

506 4572 793 4646 ﬂagrabat,
822 4591 947 4628 eum
987 4574 1054 4646 ad
1088 4572 1395 4646 Eudoxium
1437 4572 1780 4646 ctrcliques
1797 4574 2083 4646 episcopos

506 4640 725 4703 mittere
752 4640 1081 4714 supersedit,
1114 4651 1173 4697 ut
1218 4640 1851 4714 s_cr‘i_bit_Philostorgius
1883 4643 1944 4714 in,
1984 4640 2079 4698 lib.

504 4733 603 4772 vn.
630 4716 761 4771 Post
792 4709 1021 4769 mortem
1056 4727 1186 4767 vero
1230 4709 1433 4764 Juliani
1456 4753 1470 4774 ,
1511 4710 1720 4765 reddita
1739 4709 1867 4781 'jam
1909 4713 2087 4768 Eccle-

506 4788 606 4843 siis
640 4800 806 4856 pace,
840 4783 1144 4856 epistolam
1173 4782 1392 4856 quide
1447 4781 1595 4834 illam
1650 4783 1968 4856 synodicam
2016 4783 2083 4837 ad

503 4851 812 4912 Eudoxium
861 4851 917 4910 et
964 4853 1033 4907 ad
1080 4851 1217 4907 alios
1259 4851 1548 4921 episcopos
1596 4851 1922 4919 transmisit,
1951 4868 2084 4921 ope-

507 4943 628 4983 ram
681 4936 865 4981 tamen
902 4939 1011 4978 non
1060 4923 1209 4978 dedit
1244 4930 1303 4975 ut
1338 4936 1425 4976 res
1459 4922 1524 4976 ad
1574 4922 1779 4976 exitum
1831 4923 2092 4992 perduce-

502 5009 676 5052 retur.
710 4996 891 5061 Quare
926 4994 1112 5048 Aetius
1136 5002 1190 5048 et
1218 4993 1523 5047 Eunomius
1553 4993 1645 5061 qui
1674 5001 1785 5046 tum
1819 4996 2091 5048 Constan-

502 5069 731 5139 tinopoli
756 5066 1277 5130 morabantur,cum
1308 5062 1593 5134 segnitiem
1613 5063 1805 5119 Euzoii
1836 5064 2092 5119 animad-

2193 4573 2470 4630 societatis
2528 4583 2693 4644 atque
2743 4575 2968 4630 unitatis
3015 4591 3140 4630 cum
3197 4575 3306 4630 illis
3363 4575 3632 4631 ineundae.
3671 4575 3777 4631 Sed

2192 4654 2482 4715 postquam
2540 4646 2676 4702 vidit
2726 4645 3027 4712 Eudoxius,
3073 4646 3408 4715 Aetium_eo
3458 4646 3780 4700 temeritatis

2192 4713 2460 4784 erupisse,
2490 4726 2552 4770 ut
2594 4718 2911 4786 episcopum
2946 4725 3107 4771 sectae
3149 4731 3264 4771 suae
3301 4713 3776 4786 Constantinopoli

2193 4786 2494 4849 ordinaret,
2526 4800 2647 4841 sese
2671 4788 2739 4841 ab
2760 4787 2899 4841 Aelii
2920 4786 3168 4855 partibus
3187 4787 3403 4855 penitus
3431 4787 3671 4855 abrupit.

2266 4855 2380 4927 (86)
2427 4855 2867 4924 Χειροτονοῦσι.
2922 4854 3058 4927 Post
3121 4854 3347 4927 verbum
3408 4854 3779 4927 χειροτονοῦσι

2199 4924 2496 4996 asteriscus
2523 4928 2828 4996 appositus,
2846 4926 3125 4996 quidpiam
3152 4925 3242 4982 hic
3267 4924 3459 4996 deesse
3484 4924 3777 4996 signiﬁcat,

2199 4993 2763 5051 Desideratnr—autem
2820 4993 3017 5065 nomen
3069 4995 3309 5065 episcopi
3348 5010 3511 5064 quem
3539 4993 3776 5052 ‘Aetiani

2199 5082 2294 5120 seu
2344 5065 2598 5122 Anommi
2637 5068 2691 5121 in
2734 5066 2913 5122 insula
2959 5064 3138 5121 Lesbo
3176 5064 3603 5121 constituerunt.
3645 5065 3779 5137 Ejus

1985 5197 2314 5244 VARIORUM
2322 5229 2334 5241 .

575 5313 652 5384 (ο)
673 5312 785 5369 Τὸν
804 5310 874 5366 δὲ
895 5310 1114 5384 γεκρρν
1132 5310 2092 5384 ‘IotharoﬁMepoo'addncAtAm.

502 5380 856 5442 Marcellinus
894 5382 947 5436 id
976 5382 1013 5436 'a
1047 5380 1314 5452 Procopio
1346 5381 1546 5452 factum
1582 5385 1792 5444 scribit,
1830 5384 1923 5437 lib.
1962 5399 2088 5448 xxv,

502 5458 677 5527 cap.9
716 5474 729 5511 :
761 5453 896 5509 Cum
924 5453 1135 5527 Juliqni
1189 5451 1449 5527 supremis
1487 5451 1781 5527 Procopius
1831 5453 2087 5527 mittitur,

503 5522 586 5591 ea,
619 5536 677 5580 ut
714 5533 973 5594 superstes
1008 5524 1097 5577 ille
1117 5524 1478 5594 mandaverat
1498 5563 1512 5585 ,
1544 5522 1856 5594 humaturus
1883 5525 1937 5594 in
1965 5523 2090 5576 sub-

504 5598 708 5653 urbano
736 5590 984 5649 Tarsensi
1016 5594 1068 5647 in
1104 5592 1315 5649 Cilicia.
1351 5590 1467 5647 Hoc
1493 5593 1673 5647 caeteri
1694 5607 1885 5647 omnes
1917 5593 2089 5647 histo-

505 5668 914 5723 ricitestantur.
937 5663 1091 5719 Tarsi
1129 5665 1292 5717 etiam
1325 5662 1652 5717 Maximinus
1690 5663 1987 5732 imperator
2028 5673 2086 5717 et

507 5752 686 5791 saevus
706 5735 1142 5789 Christianorum
1173 5740 1492 5801 persecutor
1511 5734 1818 5787 exstinctus
1848 5742 1952 5788 est.
1972 5732 2083 5789 Eu-

513 5813 651 5875 trop.
684 5805 718 5858 l.
746 5820 804 5879 Ax,
832 5804 956 5879 Ζοεις
980 5804 1016 5859 l.
1049 5818 1107 5872 ιι,
1138 5800 1191 5872 ρῖ
1256 5801 1383 5865 677.
1398 5800 1718 5859 etLactant.
1737 5806 1809 5859 Ue
1826 5804 2081 5859 mortibus

2197 5323 2576 5386 persecutcap
2614 5315 2703 5376 49,
2724 5329 2891 5386 quem
2914 5311 3346 5386 vid.ap.Euseb.
3377 5308 3774 5381 p.458,not.ﬁ.

2275 5384 2351 5453 (ο)
2389 5383 2704 5452 Κάνδιδος.
2742 5383 2819 5440 De
2852 5383 3101 5440 Candide
3130 5394 3185 5439 et
3226 5383 3459 5436 Arriano
3496 5394 3622 5433 mox
3655 5395 3773 5452 cap.

2195 5454 2249 5519 4,
2288 5455 2342 5517 6,
2371 5456 2422 5519 7,
2453 5466 2510 5511 et
2536 5457 2627 5511 lib.
2659 5472 2713 5511 Ix
2736 5499 2750 5523 ,
2786 5469 2907 5524 cap.
2934 5456 2986 5511 1.
3020 5453 3121 5510 Hic
3149 5465 3235 5510 est
3271 5453 3359 5506 ille
3386 5449 3666 5524 Candidus
3684 5453 3774 5520 qui

2197 5495 2422 5595 scripsit,
2447 5493 2514 5581 551
2544 5493 3175 5581 Marintmwifictorinum
3220 5523 3421 5595 librum
3455 5518 3532 5573 De
3559 5493 3775 5595 generie-

2196 5588 2337 5650 tione
2389 5598 2592 5664 divina.
2641 5595 2716 5652 De
2745 5595 3027 5654 Theodulo
3058 5608 3253 5664 supra,
3289 5593 3525 5664 lib.ivu.
3554 5588 3604 5645 c.
3645 5588 3700 5654 6,
3720 5597 3773 5664 et

2194 5664 2342 5792 illini-:51;
2370 5662 2804 5738 lib.tx,cap.18.
2833 5665 2908 5723 De
2929 5660 3159 5738 reliquis
3197 5665 3326 5720 item
3353 5663 3449 5743 lib;
3485 5660 3765 5730 meatu.

2190 5751 2220 5791 e
2348 5776 2362 5791 .
