4028 6330
239 374 347 433 537

1247 363 1817 430 ECCLESIASTICE
1857 360 2216 435 HISTORIA}
2253 360 2385 422 LIB.
2427 358 2562 422 Vili.

3404 361 3508 428 εεε

240 494 455 568 Ηοντίφ
482 492 717 564 Γαλατίᾳ
731 492 843 563 (87)
858 492 954 546 καὶ
970 490 1341 562 Καππαδοκίᾳ
1362 488 1687 561 Εὐφραίνιον
1709 483 1822 557 (88)

1960 481 2152 561 istitem
2185 484 2510 540 ordinarunt
2532 484 2807 540 Thallum.
2843 484 3068 543 Galatia:
3112 484 3242 543 item
3277 502 3400 561 qum
3426 499 3513 548 est

238 583 720 659 armate-Koma:-
748 584 848 657 τὴν
879 585 935 639 δὲ
967 584 1225 639 Κιλικίαν
1267 582 1554 644 Ἰουλιανὸς
1579 578 1823 650 ἐγχειρί-

241 678 414 743 ζεται.
464 677 610 748 Πρὸς
652 677 710 731 δὲ
743 676 843 749 τὴν
874 679 932 731 ὲν
977 680 1044 749 τῇ
1087 676 1242 747 κοίλῃ
1277 673 1449 746 Συρίᾳ
1497 672 1825 742 Ἀντιόχειαν

243 771 365 842 μετ’
386 771 454 823 οὐ
479 770 646 823 πολὺν
674 769 865 842 χρόνον
904 767 1187 840 ἐθελοντὴς
1218 769 1529 837 ἀφικνεῖται
1569 763 1827 832 Θεόφιλος

240 861 269 915 ὁ
311 859 505 924 Ἰνδός·
542 859 629 930 ἐφ’
734 861 826 913 τὸν
856 859 1096 924 Eaedem;
1126 860 1247 930 μὲν,
1284 857 1425 913 κατὰ
1451 856 1514 910 τὸ
1550 852 1827 927 προηγού-

244 968 427 1022 μενον,
457 952 762 1023 ἀναστῆσαι
801 954 883 1016 εἰς
910 951 1060 1015 τέλος
1082 952 1310 1020 ἀγαγεῖν
1339 949 1409 1003 τὰ
1434 949 1575 1017 ὑπὲρ
1618 944 1827 998 Ἀετίου

243 1043 601 1112 ἐγνωσμένα*
639 1045 689 1096 εἰ
728 1043 786 1096 δὲ
832 1043 930 1115 μὴ,
966 1044 1131 1109 αὐτός
1164 1060 1229 1112 γε
1279 1038 1692 1114 καθηγήσεσθαι
1732 1036 1826 1091 τοῦ

244 1139 426 1189 ἐκεῖσε
454 1135 711 1206 πλήθους,
741 1136 865 1189 ὅσον
892 1136 992 1205 τὴν
1029 1134 1241 1188 ἐκείνου
1272 1121 1502 1203 γνώμην
1527 1127 1826 1200 ἠσπάζετο.

255 1227 559 1299 Ἐκατέρας
590 1226 648 1279 δὲ
671 1225 879 1297 Λιϐύης
903 1225 998 1279 καὶ
1027 1227 1151 1279 ὅσον
1175 1228 1233 1277 ὲν
1255 1228 1322 1295 τῇ
1364 1221 1626 1292 Αἰγύπτῳ
1658 1220 1719 1273 τὸ
1740 1220 1831 1275 αὐ-

245 1318 353 1372 τῶν
382 1318 610 1382 διέσωζε
639 1322 915 1389 φρόνημα,
951 1320 1064 1380 τοῖς
1086 1315 1231 1386 ἀμφὶ
1256 1315 1466 1386 Σέρῤαν
1496 1331 1555 1367 τε
1579 1312 1674 1366 καὶ
1701 1310 1830 1365 Στέ-

247 1430 417 1484 φανον
451 1413 549 1466 καὶ
588 1411 913 1481 Ἠλιόδωρον
950 1408 1142 1479 ἔμελεν
1182 1407 1316 1478 (89).
1347 1405 1583 1468 Τούτους
1613 1404 1715 1475 μὲν
1739 1401 1832 1456 οὖν

247 1505 499 1569 ἅπαντας
522 1506 550 1557 ὁ
577 1503 958 1575 Φιλοστόργιος
982 1501 1229 1564 ἐπαίνοις
1253 1501 1352 1554 οὐκ
1380 1499 1493 1569 ἔχει
1522 1497 1682 1570 κόρον
1713 1496 1831 1551 δια-

249 1594 496 1663 κοσμεῖν,
521 1592 623 1663 τήν
644 1608 703 1645 τε
730 1590 959 1662 δόναμιν
987 1590 1097 1645 τῶν
1124 1589 1299 1658 λόγων
1322 1586 1600 1659 ἀνυμνῶν,
1624 1587 1718 1640 καὶ
1742 1588 1834 1641 τὸν

249 1684 366 1755 βίον
403 1682 765 1749 ἀποθειάζων.

317 1782 390 1844 γ’.
427 1775 849 1829 ὍτιΘεοδόσιόν
871 1775 950 1847 (α)
982 1788 1106 1830 τινα
1142 1774 1251 1831 τῶν
1275 1773 1611 1841 ἐπισκόπων,
1630 1773 1835 1846 θερμὸν

1920 572 2080 643 juxta
2128 572 2386 642 Pontum,
2410 584 2466 631 et
2517 573 2879 646 Cappadocia:
2907 578 3223 652 episcopum
3260 580 3515 652 praefece-

1925 665 2473 736 runtEuphronium,
2506 675 2561 723 et
2597 668 2801 725 Cilicia:
2840 668 3140 727 Iulianum.
3165 673 3514 731 Antiochiam

1927 772 2058 812 vero
2079 757 2391 829 Ctelesyria:
2420 760 2562 815 haud
2598 762 2771 818 multo
2800 771 3041 832 postsua
3071 777 3264 834 sponte
3295 781 3353 821 se
3379 781 3517 822 con-

1928 851 2053 907 tulit
2093 850 2429 922 Theophilus
2475 851 2643 911 ludus
2683 874 2697 909 :
2729 856 3002 927 praecipue
3037 857 3257 926 quidem
3298 867 3358 913 ut
3404 857 3514 914 Eua-

1935 943 2117 997 zoium
2152 944 2414 999 excitaret
2458 946 2525 1000 ad
2559 961 2623 1001 ea
2662 962 2784 1017 quae
2812 964 2909 1018 pro
2943 949 3101 1005 Aetio
3140 950 3354 1005 decreta
3392 949 3515 1007 fuea

1931 1045 2089 1101 rant,
2125 1037 2502 1106 adimplenda;
2546 1039 2631 1094 sin
2686 1041 2898 1107 minus,
2947 1052 3008 1098 ut
3051 1044 3192 1113 plebi
3240 1060 3363 1114 qua:
3407 1045 3517 1100 illic

1929 1115 2233 1183 doctrinam
2267 1130 2440 1200 ipsius
2485 1132 2931 1202 amplectebatur,
2978 1144 3252 1203 prmesset.
3305 1135 3521 1194 Utrius-

1934 1237 2042 1291 que
2069 1230 2249 1277 autem
2280 1221 2484 1293 Libyae,
2516 1231 2570 1278 et
2600 1232 2871 1298 quotquot
2891 1240 2986 1296 per
3009 1227 3321 1283 universam
3347 1228 3520 1300 ngy-

1932 1323 2083 1383 ptum
2117 1314 2612 1385 dogmatiipsorum
2646 1317 3016 1385 adluerebant,
3039 1335 3171 1375 cura
3198 1334 3362 1388 penes
3392 1320 3535 1396 Seria

1932 1420 2052 1461 ram
2077 1415 2133 1461 et
2163 1404 2500 1476 Stephanum
2538 1416 2701 1477 atque
2739 1406 3087 1465 Heliodorum
3128 1412 3294 1466 stetit.
3337 1410 3397 1465 In
3437 1412 3523 1470 his

1934 1494 2196 1550 omnibus
2218 1495 2582 1566 praedicandis
2617 1497 2830 1552 nullum
2861 1498 3084 1553 modum
3116 1507 3297 1556 servat
3340 1500 3524 1557 Philo-

1936 1589 2201 1659 storgius,
2224 1598 2340 1645 tum
2374 1589 2744 1658 eloquentiam
2775 1604 2991 1657 eorum,
3013 1597 3129 1647 tum
3160 1591 3288 1647 vitae
3316 1595 3523 1651 sancti-

1938 1690 2107 1741 tatem
2137 1682 2295 1739 miris
2329 1681 2586 1738 laudibus
2613 1682 2867 1739 eﬂ‘erens.

2013 1777 2068 1830 ὅ.
2107 1774 2433 1829 Theodosius
2480 1791 2563 1845 ep.
2614 1775 3004 1830 Eunomianus.
3155 1764 3525 1832 Theodosium

250 1836 490 1939 ἐραστὴν
528 1868 629 1939 τῆς
679 1867 844 1921 αὐτοῦ
876 1836 1183 1939 ἀ’ίρὲσεωςι
1212 1869 1444 1939 εἰσάγει,
1474 1870 1570 1924 καὶ
1597 1836 1709 1932 ’τάξ
1736 1836 1840 1923 ’διὰ

1960 1867 2236 1938 ιιιειηᾶειη
2271 1836 2590 1937 episcopum
2653 1875 2923 1922 memorat
2967 1863 3403 1938 Philostorgius,
3440 1882 3529 1922 ar-

252 1958 359 2011 τῶν
409 1957 686 2025 γυναικῶν
733 1959 928 2031 ἡδονὰς
969 1960 1260 2014 ἀποκλίναι
1295 1960 1442 2033 (90),
1472 1961 1568 2015 καὶ⁵
1610 1960 1749 2015 ἄλλα
1780 1978 1842 2015 τε

252 2041 489 2118 δυσσεϐῆ
521 2051 588 2120 τῇ
618 2049 826 2122 ἀρχαίᾳ
857 2049 984 2122 δόξῃ
1017 2051 1273 2123 συνάψαι,
1315 2054 1412 2108 καὶ
1454 2052 1520 2125 δὴ
1552 2053 1629 2118 ὡς
1655 2057 1684 2108 ό
1709 2055 1845 2127 Χρι-

255 2142 378 2205 στὸς
408 2141 645 2213 τρεπτδς
693 2141 793 2214 μὲν
825 2145 893 2214 τῇ
923 2160 986 2212 γε
1012 2142 1173 2213 φύσει
1201 2147 1268 2216 τῇ
1313 2146 1524 2216 οἰκείᾳ,
1552 2147 1846 2219 ἐπιμελείᾳ

257 2233 311 2288 δὲ
340 2232 454 2287 τῶν
486 2232 703 2305 ἀρετῶν
722 2234 1121 2307 ἀνυπερϐλήτῳ
1149 2238 1230 2300 είς
1247 2237 1309 2290 τὸ
1332 2238 1604 2309 ἄτρεπτον
1631 2239 1847 2309 ἀνυιζνω-

259 2318 449 2387 θῆναι·
486 2314 582 2372 καὶ
630 2318 713 2372 ὅτι
766 2318 903 2390 μηδὲ
956 2318 1249 2388 φθέγγοιτο
1307 2321 1430 2392 μηδ’
1475 2321 1730 2376 ἁκούοιτο
1783 2323 1844 2377 τὸ

259 2411 432 2476 Θεῖον,
473 2412 602 2466 ἐπεὶ
629 2415 810 2484 χεῖρες
837 2411 904 2467 ἂν
944 2413 1095 2485 αὐτῷ
1142 2415 1239 2469 κα).
1286 2415 1449 2470 ἀκοαὶ
1486 2415 1844 2487 συμπλασθή-

263 2522 447 2561 σονται
470 2521 485 2536 ·
511 2506 608 2561 καὶ
630 2505 765 2560 ἄλλα
784 2505 843 2561 δὲ
869 2507 1265 2580 τοιουτότροπά
1299 2524 1432 2578 φησι
1457 2508 1619 2563 αὐτὸν
1656 2508 1848 2562 δυσσε-

262 2597 449 2668 δῆσαι.

332 2777 395 2832 δ’.
434 2777 559 2832 Ὅτι
578 2771 607 2830 ὃ
636 2774 843 2843 Ἀέτιος
893 2771 993 2850 μὲν
1039 2778 1177 2853 πρὸς
1206 2773 1307 2853 τὴν
1337 2774 1539 2837 Λυδίαν
1581 2782 1812 2853 ἀφίκετο
1832 2818 1848 2849 ,

265 2870 357 2924 τὸν
373 2870 636 2925 Κάνδιδον
654 2870 747 2925 καὶ
778 2870 1061 2943 magsme
1076 2876 1196 2938 ταῖς
1211 2873 1527 2946 ἐκκλησίαις
1542 2876 1817 2948 ὲνιδρύσαι
1833 2892 1849 2906 ⁶

268 2965 298 3017 ὁ
327 2963 382 3018 δὲ
409 2963 810 3035 προειρημένος
837 2964 1116 3029 Θεοδόσιος
1141 2965 1250 3020 τῶν
1269 2966 1483 3038 ἀνδρῶν
1507 2969 1733 3024 ἐκείνων
1762 2970 1853 3024 τὸν

272 3054 386 3125 βίον
414 3053 636 3124 ἔλεγχον
666 3054 760 3107 τοῦ
791 3054 992 3109 οίκείου
1017 3056 1387 3127 ὑπειδόμενος,
1409 3057 1476 3111 δι’
1497 3057 1698 3131 ἔχθρας
1724 3061 1855 3115 καθ-

1944 1959 2327 2015 dentissimum
2362 1967 2666 2014 amatorem
2715 1958 2988 2029 dogmatis
3019 1958 3527 2022 Eunomianorum;

1945 2052 2041 2123 qui
2074 2060 2254 2106 tamen
2303 2050 2372 2106 ad
2413 2050 2652 2107 lascivos
2687 2051 2978 2106 mulierum
3023 2067 3241 2109 amores
3274 2051 3529 2116 descivit,

1946 2154 2001 2202 et
2041 2160 2167 2201 cum
2199 2143 2303 2198 alia
2334 2142 2584 2214 quaedam
2613 2142 2781 2212 impia
2816 2142 2999 2212 prisco
3028 2143 3269 2214 dogmati
3308 2142 3532 2215 adjecit,

1948 2246 2063 2293 tum
2116 2235 2273 2303 illud,
2306 2226 2589 2292 Christum
2638 2242 2834 2305 suapte
2890 2234 3111 2305 quidem
3159 2242 3354 2290 natura
3410 2250 3534 2292 esse

1947 2327 2290 2391 mutabilem,
2324 2326 2419 2382 sed
2450 2318 2659 2381 eximio
2684 2325 2921 2397 quodam
2950 2324 3132 2379 studio
3158 2322 3423 2377 virtutum
3465 2323 3534 2377 ad

1948 2417 2349 2473 immutabilem
2382 2426 2585 2473 statum
2624 2426 2870 2472 evectum
2897 2415 3103 2483 fuisse;
3132 2423 3187 2470 et
3213 2415 3361 2485 quod
3394 2414 3537 2469 Deus

1949 2524 2127 2579 neque
2156 2511 2416 2578 loquatur
2434 2524 2611 2579 neque
2640 2509 2861 2565 audiat:
2895 2508 3098 2580 alioqui
3133 2522 3329 2563 manus
3357 2506 3407 2562 ei
3433 2520 3537 2561 aua-

1948 2616 2149 2673 resque
2178 2600 2587 2673 aliingerentur.
2621 2600 2743 2657 Alia
2762 2615 2983 2671 quoque
3013 2599 3260 2670 ejusdem
3291 2596 3440 2654 modi
3468 2597 3537 2652 ab

1951 2694 2045 2750 illo
2069 2694 2234 2761 impie
2256 2704 2466 2751 asserta
2494 2709 2617 2749 esse
2649 2693 2803 2755 dicit.

2022 2787 2076 2841 4.
2135 2785 2413 2842 Theodosii
2464 2788 2695 2856 episcopi
2738 2785 2988 2840 adversus
3037 2778 3359 2848 Candidum,
3405 2789 3537 2848 etc.,

1955 2889 2118 2950 gesta.
2148 2879 2338 2934 Aetius
2381 2878 2601 2947 quidem
2632 2877 2685 2931 in
2731 2875 2954 2948 Lydiam
2995 2873 3257 2946 perrexit,
3299 2881 3360 2929 ut
3393 2872 3541 2929 Cane

1957 2972 2146 3029 didum
2184 2980 2238 3026 et
2270 2969 2565 3025 Arrianum
2612 2967 2873 3024 Ecclesiis
2912 2967 3032 3036 ejus
3074 2965 3368 3037 provinciae
3414 2976 3541 3035 prie

1960 3064 2162 3120 liceret.
2179 3059 2479 3117 Praedictus
2495 3069 2677 3115 autem
2693 3058 3035 3114 Theodosius
3064 3057 3231 3112 vitam
3260 3057 3541 3112 hominum

276 3144 487 3202 (σταται
524 3145 603 3218 τῷ
640 3147 848 3218 Ἀετίῳ,
876 3148 1056 3203 καίτοι
1097 3165 1161 3217 γε
1198 3149 1274 3220 μὴ
1322 3151 1692 3221 ἀνασχόμενος
1729 3155 1853 3224 πρὶν

1962 3154 2179 3209 illorum
2231 3166 2346 3207 suae
2393 3150 2566 3221 ipsius
2616 3150 3101 3220 reprehensionem
3143 3147 3262 3204 fore
3312 3145 3543 3210 veritus,

272 3239 354 3303 είς
378 3236 472 3291 τὸν
493 3237 615 3291 κατ’
645 3237 811 3292 αὑτοῦ
856 3239 1024 3311 τόμον
1054 3242 1495 3315 χειρογραφῆσαι
1528 3243 1664 3315 (9|).
1696 3245 1860 3301 Ἀλλὰ

1969 3245 2235 3301 adversus
2261 3242 2479 3299 Aetium
2512 3239 2827 3297 inimicitias
2859 3239 3119 3311 suscepit,
3141 3237 3357 3295 tametsi
3388 3247 3544 3293 antea

1501 3408 1740 3464 nassa
1764 3408 2261 3466 ANNOTATIONES.

280 3529 479 3578 nomen
513 3515 675 3593 nobis
708 3522 946 3578 servavit
975 3522 1220 3593 optimus
1250 3516 1423 3579 codex
1456 3516 1730 3584 Samuelis
1761 3527 1866 3582 Bn-

280 3592 583 3669 ιεΙιξιι-ιὶτξι)Δ
600 3607 715 3669 quo
741 3593 940 3669 diserte
973 3594 1239 3669 scriptnm
1285 3594 1597 3669 invenimus
1621 3614 1864 3669 χειροτο-

280 3663 433 3717 νοῦσι
476 3662 722 3735 -Θαλλονζ
768 3665 836 3734 τῇ
869 3663 973 3735 δέ,
994 3672 1099 3717 etc.
1153 3662 1209 3717 In
1271 3665 1587 3720 authentico
1622 3662 1864 3735 'qu'idem

280 3732 577 3804 exemplari
594 3732 846 3804 Boehart’i
869 3734 1132 3802 scriptum
1155 3742 1275 3787 erat
1291 3732 1676 3804 χειροτονοῦσιί
1687 3737 1863 3793 ἄλλον.

280 3803 439 3859 Unde
469 3804 555 3857 vir
582 3803 779 3858 doctus
817 3804 882 3858 ad
921 3819 1073 3857 oram
1120 3803 1330 3859 codicis
1368 3803 1717 3861 Bochartiani
1768 3824 1868 3861 an-

279 3874 493 3996 notavit
523 3889 540 3940 ;
569 3872 856 3944 legendum
898 3888 1021 3929 esse
1057 3868 1261 3928 Θάλλον
1308 3876 1492 3946 potius
1536 3892 1700 3947 quam
1732 3877 1869 3933 Γάλ-

310 3961 390 3996 ον.

310 3961 390 3998 ον.

350 4013 466 4085 (87)
505 4014 590 4085 Τῇ
617 4017 684 4071 δε
700 4014 851 4085 πρὸς
870 4014 951 4081 τῷ
970 4015 1201 4078 Ποντίῳ
1225 4016 1515 4084 Γαλατίᾳ.
1541 4015 1719 4070 Lucas
1742 4015 1871 4070 Hol-

280 4087 493 4158 stenius
528 4088 584 4158 in
612 4087 860 4158 margine
898 4089 982 4141 sui
1017 4087 1225 4141 codicis
1249 4087 1364 4140 haec
1396 4088 1697 4158 adnotavit.
1731 4086 1869 4158 Lego

280 4156 489 4227 Πόντῳ.
523 4156 1097 4227 1ηιειιὶεἰιᾼΡοιιιὶρειη
1132 4158 1446 4226 regionem,
1479 4157 1533 4210 in
1570 4159 1707 4211 duas
1735 4156 1864 4226 pro-

279 4225 491 4282 vineias
509 4225 766 4292 divisam,
792 4225 1253 4295 HelenOpontum,
1278 4237 1329 4281 et
1353 4227 1588 4281 Pontum
1616 4225 1866 4282 Polemo-

280 4298 524 4352 niaeum.
561 4299 709 4352 ldem
747 4297 859 4351 fere
907 4305 1201 4350 annotarat
1252 4297 1332 4350 vir
1381 4299 1575 4352 doctus
1623 4298 1689 4351 ad
1724 4299 1865 4352 latus

280 4368 645 4437 manuscripti
674 4367 881 4437 codicis
913 4366 1170 4420 Bocharti
1207 4382 1220 4419 :
1252 4368 1337 4420 vel
1372 4369 1581 4422 scilicet
1616 4369 1863 4421 scriben-

278 4437 408 4491 dum
449 4436 579 4509 esse
602 4436 739 4509 πρὸς
778 4436 856 4507 τῷ
878 4437 1086 4509 Πόντῳ,
1117 4437 1202 4491 vel
1230 4438 1390 4509 unica
1421 4452 1554 4492 voce
1585 4452 1863 4508 προσπον-

277 4507 550 4579 τίῳηὸειι
586 4507 740 4579 prior
775 4507 1296 4579 emendatio‘magis
1330 4508 1526 4577 placet.

350 4576 466 4648 (88)
510 4576 849 4648 Ἐςρράνιον.
867 4576 1050 4630 Codex
1082 4576 1455 4631 Scoriacensis
1484 4577 1745 4646 scriptum
1773 4578 1869 4648 ha-

277 4647 370 4704 bet
403 4648 732 4720 Εῷφράνιον.
771 4648 1190 4720 Bcchartianus
1220 4662 1347 4703 vero
1368 4648 1713 4720 Ευςρραίνιον.
1759 4647 1863 4720 sed

278 4736 389 4773 non
439 4716 633 4774 dubito
689 4719 821 4788 quin
873 4717 1236 4788 scribendum
1284 4720 1354 4772 sit
1404 4716 1723 4788 Εὑςορόνιον.
1778 4716 1868 4771 Sic

277 4790 424 4845 enim
464 4786 781 4843 nominatur
810 4803 838 4842 a
867 4786 1231 4857 Philostorgio
1257 4788 1307 4841 in
1337 4788 1475 4842 libro
1499 4786 1589 4852 ix,
1617 4803 1740 4856 cap.
1781 4788 1865 4841 18.

350 4859 468 4930 (89)
530 4860 845 4930 Ἐμελλεν.
897 4856 1106 4930 Procul
1151 4856 1319 4911 dubio
1377 4858 1725 4930 scribendum
1785 4869 1870 4912 est

281 4928 493 4998 ἔμελεν.
523 4928 699 4995 Quam
727 4930 946 4998 quidem
987 4928 1360 4997 conjecturam
1404 4928 1458 4982 in
1492 4933 1736 4998 margine
1767 4944 1866 4983 co-

280 5003 417 5055 dicis
446 4999 699 5055 Bocharti
732 5001 1029 5067 ascriptam
1065 4998 1267 5052 inveni.

350 5072 467 5143 (90)
513 5069 766 5143 ’μδονᾲς
791 5069 1132 5143 armatam.
1162 5067 1282 5143 Non
1320 5069 1490 5143 probo
1541 5069 1867 5143 interpreta-

286 5137 486 5197 tionem
514 5139 856 5203 Gothofredi,
889 5141 982 5208 qui
1038 5140 1184 5193 hunc
1229 5139 1407 5193 locum
1439 5138 1510 5192 ita
1549 5139 1711 5191 vertit
1745 5156 1757 5190 :
1797 5137 1866 5190 Et

288 5211 561 5267 muliebres
589 5210 881 5279 voluptates
933 5209 1291 5264 abhorruisse.
1322 5208 1434 5278 Ego
1468 5223 1597 5279 vero
1640 5209 1713 5261 ita
1755 5223 1870 5261 ver-

291 5284 507 5337 tendum
538 5296 662 5337 esse
694 5278 951 5334 existimo
985 5297 998 5332 :
1027 5281 1109 5333 Ad
1139 5279 1362 5333 lascivos
1410 5278 1695 5330 mulierum’
1729 5294 1870 5330 amo-

290 5368 364 5406 res
401 5352 703 5406 descivisse.
754 5349 998 5405 Primum
1034 5348 1609 5420 quiaiPhiiostorgius
1655 5363 1870 5420 semper

288 5421 388 5479 hoc
427 5438 597 5479 sensu
656 5432 889 5491 usurpat
922 5418 1112 5477 vocem
1167 5418 1479 5483 ἀποκλῖναι,
1517 5428 1577 5472 ut
1619 5418 1871 5487 superius

1972 3529 2268 3585 observare
2302 3524 2547 3581 memini.
2597 3523 2805 3581 Deinde
2847 3536 2914 3579 eo
2959 3522 3105 3592 quod
3144 3515 3547 3592 Pbilostorgius

1973 3600 2078 3654 hoc
2107 3599 2226 3653 loco
2246 3598 2518 3664 vituperat
2544 3594 3174 3650 Theodosium.Nullum
3198 3602 3377 3649 autem
3404 3600 3551 3647 esset

1973 3669 2256 3739 probrum,
2288 3668 2334 3723 si
2376 3669 2585 3722 diceret
2621 3665 3308 3739 episcopumeoncubitus
3358 3664 3554 3739 nniliea-

1975 3733 2097 3792 rum
2129 3746 2436 3793 aversatum
2464 3752 2604 3792 esse.
2644 3733 2824 3803 Quare
2857 3737 3207 3791 scribendum
3249 3742 3382 3805 puto
3416 3733 3554 3805 πρὸς

1974 3810 2074 3879 τὰς
2107 3808 2196 3861 διὰ
2226 3807 2336 3879 τῶν
2374 3805 2651 3879 γυναικῶν
2687 3805 2881 3879 ἡδονὰς
2908 3806 3225 3879 όιποκλίναι.
3252 3804 3556 3858 Postremo

1977 3877 2386 3948 Philostorgius
2428 3878 2544 3945 ipse
2581 3876 3085 3948 interpretationem
3140 3884 3390 3948 nostram
3429 3889 3556 3948 co..-

1975 3948 2177 4001 lirmat.
2214 3944 2578 4002 Séribitenim
2606 3950 2657 4001 in
2690 3944 2938 4017 sequenti
2971 3946 3168 4015 capite,
3205 3960 3327 4017 cum
3366 3944 3554 4017 Aetius

1977 4018 2030 4071 in
2062 4017 2288 4088 Lydiam
2332 4018 2588 4083 venisset,
2615 4027 2675 4072 ut
2700 4014 3005 4088 Candidum
3034 4014 3087 4070 et
3113 4016 3408 4088 Arrianum
3441 4014 3549 4082 epi-

1977 4084 2173 4157 scopos
2206 4087 2317 4141 illic
2347 4088 2724 4142 constitueret.
2763 4086 3132 4157 Theodosium
3158 4084 3419 4157 istumgle
3446 4102 3554 4152 quo

1977 4155 2127 4213 nunc
2169 4158 2430 4227 loquitur,
2472 4158 2704 4211 veritum
2750 4172 2818 4211 ne
2858 4156 3075 4210 vivendi
3125 4157 3265 4210 ratio
3310 4155 3551 4227 illorum,

1978 4243 2093 4283 suae
2135 4226 2492 4297 reprehensio
2537 4236 2700 4297 atque
2745 4227 3052 4296 objurgatio
3090 4236 3257 4297 esset,
3292 4226 3555 4297 adversus

1973 4295 2544 4352 Actium—inimicitias
2576 4295 2901 4366 suscepisse.
2917 4295 3221 4352 Theodosii
3251 4296 3418 4365 igitur
3445 4295 3557 4348 vita

1974 4368 2235 4423 dissoluta
2273 4376 2390 4421 erat
2417 4382 2480 4422 ac
2516 4368 2800 4434 ﬂagitiosa.
2838 4366 2916 4420 llli
2948 4367 3116 4432 enim,
3147 4368 3411 4421 Arrianus
3441 4366 3553 4419 sci--

1976 4438 2100 4492 licet
2129 4446 2182 4492 et
2215 4437 2514 4495 Candidus.
2547 4439 2616 4492 ob
2647 4438 2767 4492 vita:
2790 4439 3136 4492 sanctitatem
3165 4454 3195 4491 a
3221 4437 3434 4492 eunetis
3456 4452 3549 4491 su-

1900 4489 1949 4548 D
1975 4489 2382 4577 magnam;
2399 4489 2444 4561 si
2468 4489 3194 4577 minsas-'33.;"ei-ea1inus:
3229 4489 3395 4577 sua;
3410 4489 3559 4577 quod

1975 4576 2374 4646 Philoslorgius
2401 4577 2499 4648 τὴν
2525 4576 2794 4648 ἔκθεσμον
2834 4577 3110 4631 πολιτείαν
3150 4579 3341 4634 tribuit
3385 4576 3560 4633 Theo-

1971 4648 2147 4719 dosio,
2178 4649 2228 4702 id
2254 4656 2357 4713 est,
2380 4650 2725 4719 irregutarem
2757 4649 3220 4716 conversationem.

1990 4779 1999 4790 ,_
2045 4718 2155 4788 (9|)
2193 4721 2300 4784 Εἰς
2336 4717 2442 4771 τὸν
2473 4717 2599 4790 κατ’
2626 4719 2813 4773 αὐτοῦ
2843 4721 3033 4788 νόμον
3064 4717 3557 4790 χειρογρτιφῆσαι,

1972 4787 2091 4842 Jam
2134 4787 2343 4856 pridem
2379 4789 2723 4857 conjeceram
2762 4787 3111 4844 scribendum
3154 4787 3275 4845 esse
3308 4791 3400 4844 τὸν
3438 4788 3559 4842 κατ’

1972 4857 2137 4912 αὐτοῦ
2167 4859 2355 4928 τόμον.
2385 4858 2585 4914 Postea
2616 4875 2743 4914 vero
2775 4863 2942 4914 codex
2977 4860 3248 4915 Samuelis
3280 4860 3563 4925 Bocharti,

1975 4944 2140 5000 quem
2164 4930 2413 4984 absoluta
2438 4930 2888 4999 interpretatione
2910 4946 3030 4985 mea
3053 4946 3245 4986 naeuus
3263 4947 3407 4994 sum,
3431 4946 3565 4985 con-

1969 5000 2242 5069 jecturam
2294 5015 2472 5053 meam
2510 5000 2874 5055 conﬁrmavit.
2934 5000 2991 5054 In
3042 5016 3109 5055 eo
3155 5004 3299 5056 enim
3358 5002 3562 5056 diserte

1972 5070 2233 5125 scribitur
2264 5070 2661 5141 τόμονηεὶουιί
2711 5070 3001 5141 legendum
3058 5072 3421 5141 conieceram.
3456 5071 3562 5123 Per

1972 5149 2174 5194 tomum
2199 5134 2593 5211 vero‘inteliigit
2638 5134 3045 5211 Philostorgius
3074 5134 3361 5211 epistolam
3391 5154 3559 5210 syria-

1976 5211 2152 5281 dicam
2202 5210 2424 5264 concilii
2467 5210 2687 5281 CPLde
2727 5210 3081 5266 damnatione
3112 5210 3186 5265 ac
3220 5211 3562 5281 depositione

1974 5279 2138 5343 Aetii,
2171 5295 2336 5349 quam
2380 5281 2548 5335 refert
2583 5279 2947 5335 Theodoritus
2980 5283 3035 5335 in
3080 5281 3176 5334 lib.
3216 5298 3255 5335 ιι
3291 5279 3561 5333 Historiae

1975 5348 2371 5405 ecclesiasticae.
2423 5350 2683 5419 Ejusdem
2728 5354 3059 5405 mentionem
3097 5352 3227 5405 facit
3254 5349 3559 5403 Philostor-

1977 5420 2099 5489 gius
2137 5434 2304 5488 supra
2340 5424 2397 5475 in
2437 5422 2533 5476 lib.
2566 5437 2640 5487 ιν,
2676 5432 2731 5476 et
2775 5423 2830 5475 in
2861 5422 2958 5477 lib.
3000 5437 3073 5475 vn
3114 5437 3233 5492 cap.
3266 5420 3302 5473 2
3346 5422 3436 5474 ubi
3468 5420 3562 5473 τὸν

1756 5553 2086 5599 VARIORUM
2095 5585 2108 5597 .

352 5670 431 5742 (a)
460 5639 809 5742 Θεοδόσιον.
842 5665 1016 5742 Hujus
1045 5661 1363 5742 Theodosii,
1390 5658 1783 5742 Philadelphia:
1811 5660 1865 5714 in

294 5729 452 5811 Ly‘dia
478 5739 753 5811 episcopi,
780 5729 1149 5811 meminerunt
1188 5732 1353 5811 etiam
1390 5729 1647 5811 Socrages
1679 5729 1867 5811 Πιλλι,

294 5798 540 5883 capJO';
571 5798 912 5866 Athanasius
976 5806 1050 5860 De
1078 5801 1313 5875 synodis,
1366 5816 1488 5874 pag.
1537 5798 1643 5857 6'9
1735 5800 1865 5857 edit.

1976 5661 2305 5733 Qonimelin.
2334 5679 2349 5727 ;
2384 5660 2722 5733 Epiphanius
2757 5661 2953 5719 haeresi
2985 5661 3075 5728 75,
3109 5662 3260 5716 ntim.
3310 5659 3399 5715 26.
3436 5659 3565 5718 Joh

1979 5730 2286 5801 Gotltofred.
2324 5733 2377 5785 in
2410 5730 2512 5787 loci
