4028 6330
1251 408 1818 470 ECCLESIASTICE
1860 410 2217 469 HISTORIA:
2260 412 2389 468 LIB.
2435 409 2570 467 Vill.
3481 410 3585 469 3366

303 515 591 582 Βασίλειος
609 518 712 591 μὲν
740 518 1149 596 Ἀπολλιναρίου
1169 522 1550 599 λαμπρότερος
1572 526 1648 599 (5)
1681 523 1771 600 ἦν.
1797 527 1890 601 Τῷ

2006 528 2118 585 iem
2148 528 2216 585 ad
2250 543 2437 586 sacras
2471 529 2682 585 litteras
2719 528 2972 599 pertinet,
3024 526 3253 601 utrique
3280 528 3582 595 anteponit.

300 608 361 664 δὲ
377 610 687 683 Γρηγορίῳ,
709 612 804 667 καὶ
824 614 1299 688 παρ’ἀμφοτέροις
1316 616 1711 691 ἐξεταζομένῳ,
1736 600 1898 692 μείζω

2006 617 2356 675 AcBasilium
2376 620 2598 691 quidem
2628 620 2940 691 Apollinare
2970 600 3394 692 splendidiorem
3418 617 3588 676 fuisse

304 701 466 774 βάσιν
491 703 574 766 εἰς
604 705 930 777 συγγραφὰς
951 705 1028 777 (4)
1053 701 1198 779 εἶχεν
1230 710 1260 762 6
1278 707 1436 778 λόγος
1457 727 1471 740 ·
1496 710 1591 765 καὶ
1629 706 1700 782 ἦν
1727 713 1898 766 εἰπεῖν

2006 710 2133 767 dicit
2165 711 2220 766 in
2247 713 2614 784 panegyricis.
2647 712 2897 782 Gregorii
2929 727 3081 778 vero,
3118 712 3166 767 si
3199 725 3324 767 cum
3355 718 3588 782 utroque

317 793 484 847 Ἀπολ
495 794 743 869 λιναρίου
774 797 875 868 μὲν
895 797 1207 871 ἀδρότερος,
1237 799 1518 855 Βασιλείου
1538 800 1595 856 δὲ
1626 802 1898 874 σταθερὼ-

2006 809 2373 873 comparetur,
2434 804 2612 875 magis
2667 803 2895 870 fundata
2948 804 3015 859 ad
3073 801 3420 859 scribendum
3486 800 3590 858 fuit

298 902 485 959 τερος.
1998 893 2213 959 oratio;
2258 901 2313 948 et
2360 893 2676 965 Apollinare
2725 895 2944 966 quidem
2993 894 3216 952 uberior
3258 893 3364 951 fuit
3402 895 3458 951 in
3505 894 3589 950 di-

1997 985 2207 1053 cendo;
2238 983 2444 1041 Basilio
2474 996 2657 1042 autem
2694 986 2928 1042 firmior.

378 1131 590 1205 [Placet
647 1133 796 1192 aliud
830 1135 1183 1212 Philostorgii
1236 1139 1607 1213 fragmentum
1659 1139 1849 1198 Greece
1903 1140 1993 1197 hic
2034 1142 2326 1211 collocare,
2367 1143 2514 1215 quod
2558 1144 2839 1201 Morellius
2886 1145 2947 1201 in
2974 1146 3173 1218 quinto
3197 1145 3403 1203 Nicetae
3447 1146 3589 1203 libro

304 1225 405 1281 fol.
436 1226 544 1283 509
568 1227 764 1287 Latine
793 1235 1181 1291 tantummodo.
1206 1236 1414 1306 posuit,
1449 1234 1637 1293 Graece
1674 1244 1865 1292 autem
1908 1237 2134 1293 nonnisi
2180 1237 2415 1309 carptim
2449 1239 2593 1309 apud
2629 1237 2855 1294 Suidam
2902 1253 3028 1295 voc.
3074 1237 3509 1307 Ἀπολινάριος,
3538 1242 3589 1293 et

307 1321 331 1377 i
356 1342 369 1376 I
403 1325 677 1393 excerptis
711 1325 1000 1384 Photianis
1027 1328 1152 1385 libri
1183 1331 1363 1386 octavi
1399 1331 1627 1402 legitur.
1658 1333 1752 1389 Sic
1784 1333 1956 1405 igitur
1978 1348 2039 1389 se
2070 1333 2236 1391 habet
2264 1334 2615 1406 Pbilostorgii
2660 1335 2813 1392 locus
2838 1351 2870 1391 a
2901 1334 3090 1392 Niceta
3119 1337 3280 1394 nobis
3304 1336 3592 1393 exhibitas

301 1419 366 1472 in
396 1414 522 1469 cod.
560 1411 684 1470 Vat.
715 1430 838 1488 pag.
873 1417 977 1472 155
1010 1417 1046 1473 b
1077 1437 1091 1473 :
1131 1418 1195 1473 '0
1228 1419 1658 1486 δυσσεϐέστατος
1683 1421 1898 1475 Φιλοστέ

2006 1438 2065 1485 ος
2098 1422 2158 1475 ἐν
2190 1422 2270 1493 τῷ
2298 1423 2471 1495 ὀγδόῳ
2507 1424 2609 1495 τῆς
2642 1425 2882 1496 ίστορίας
2914 1425 3060 1497 λόγῳ
3102 1427 3196 1481 τὸν
3236 1427 3590 1482 δυσσεϐέστα²

299 1522 398 1561 τον
427 1506 616 1562 τοῦτον
637 1508 908 1579 Εὐνόμιον
943 1510 1183 1564 ἐπαινῶν
1224 1528 1408 1582 φησιν,
1442 1513 1519 1577 ὡς
1547 1516 1578 1568 6
1615 1513 2028 1584 Ἀπολλινάριος
2058 1511 2121 1567 τὸ
2160 1514 2616 1585 ὑπομνηματικὸν
2645 1512 2787 1581 εἶδος
2824 1516 2927 1588 τῆς
2967 1516 3166 1582 λέξεως
3202 1520 3402 1591 ἄριστα
3436 1517 3551 1590 εἷχε
3573 1537 3586 1552 ’

298 1601 591 1665 Βασίλειος
626 1600 686 1655 δὲ
718 1600 1088 1671 πανηγυρίσαι
1125 1601 1286 1672 μόνον
1322 1602 1708 1675 λαμπρότατος
1733 1599 1802 1675 ἦν
1822 1618 1836 1631 ⁸
1872 1602 1951 1674 τῷ
1980 1602 2038 1657 δὲ
2071 1604 2357 1676 Γρηγορίῳ
2400 1603 2643 1676 ἑκάτερα
2670 1606 2800 1677 παρ’
2834 1606 3180 1680 ἀμφοτέρους
3218 1608 3593 1682 ἐξεταζομένῳ

302 1697 482 1769 μείζω
509 1694 665 1766 βάσιν
692 1698 771 1760 εἰς
790 1695 1114 1768 συγγραφὴν
1148 1692 1292 1769 εἶχεν
1319 1700 1348 1752 6
1378 1698 1536 1767 λόγος
1557 1712 1573 1728 ⁸
1603 1699 1698 1754 καὶ
1741 1695 1811 1772 ἦν
1842 1702 2018 1753 εἰπεῖν
2057 1699 2472 1773 Ἀπολλιναρίου
2519 1702 2620 1773 μὲν
2654 1702 2964 1778 ἀδρότερος.
2989 1703 3270 1757 Βασιλείου
3299 1703 3357 1758 δὲ
3391 1703 3592 1774 σταθη-

299 1792 531 1865 ρότερος
552 1810 568 1824 ·
595 1793 625 1845 6
651 1791 752 1862 μὲν
782 1786 878 1847 οὖν
906 1792 1314 1865 Ἀπολλινάριος
1347 1794 1442 1848 καὶ
1473 1796 1501 1848 6
1523 1770 1803 1859 Βασίλειος
1839 1795 1982 1849 κατά
2008 1795 2112 1867 τῆς
2152 1770 2452 1865 ἀπολογίας
2582 1770 3191 1871 Εὐνόμιοςέξήνεγκεν,
3228 1770 3587 1871 ὲγραψάτηνϋο
3606 1770 3625 1788 κ

294 1888 403 1945 τοῦ
430 1888 489 1943 δὲ
519 1889 825 1962 Γρηγορίου
873 1889 990 1963 (καὶ
1016 1889 1174 1944 τοῦτό
1210 1908 1295 1956 τις
1340 1892 1423 1956 είς
1463 1892 1735 1956 συνέσεως
1766 1890 2040 1957 ἀπόδειξιν
2091 1892 2190 1963 οὐχ
2216 1892 2422 1963 ἥκιστα
2456 1892 2635 1963 λάϐοι)
2685 1892 2994 1963 διαγνόντος
3041 1893 3240 1947 ὁπόσον
3271 1890 3423 1962 αὺτῷ
3455 1890 3593 1965 πρὸς

303 1989 521 2042 ἐκεῖνον
549 1981 617 2058 ἦν
642 1986 842 2066 τὸτῆς
869 1987 1155 2060 δυνάμεως
1192 1987 1377 2059 μέσον,
1411 1989 1504 2042 καὶ
1539 1989 1640 2058 τὴν
1669 1988 1902 2059 ἡσυχίαν
1934 1987 2350 2059 ἀσπασαμένου,
2392 1987 2553 2059 μόνον
2587 1988 2647 2043 δέ
2674 2005 2797 2042 τινα
2838 1987 2948 2042 τῶν
2975 1986 3244 2059 Εὑνομίου
3284 1985 3595 2056 κεφαλαίων

296 2085 367 2138 ἐν
395 2081 474 2155 τῷ
500 2082 645 2151 Περὶ
680 2081 820 2137 Υίοῦ
840 2082 985 2154 λόγῳ
1011 2083 1434 2155 ἀνατρέψαντος,
1465 2083 1542 2149 ὡς
1569 2086 1628 2138 ὲν
1653 2083 1784 2137 εῖδει
1810 2082 1904 2137 τοῦ
1931 2083 2396 2155 πρὸςἊνομοίους
2418 2084 2793 2157 ἀντιρρήσεως
2812 2097 2828 2116 ο
2856 2082 2887 2135 6
2914 2082 2972 2136 δὲ
2995 2080 3594 2153 ΕὐνόμιοςἏπολλινά-

298 2195 425 2253 ριον
456 2177 553 2251 μὲν
576 2177 698 2232 οὐδὲ
727 2178 1100 2251 ἀντιρρήσεως
1129 2178 1329 2249 ἠξίωσε
1349 2195 1364 2211 ·
1396 2179 1489 2233 καὶ
1514 2179 1623 2252 γὰρ
1664 2178 1744 2250 τῷ
1772 2179 1886 2234 ὄντι
1912 2179 2182 2254 πλαδαρὸς
2215 2180 2296 2242 εἰς
2326 2177 2502 2233 ταῦτα
2542 2178 2825 2250 ἀπήντησε
2870 2178 2966 2232 καὶ
3008 2175 3391 2247 ἀσυστρεφής·
3433 2174 3597 2228 Βασι-

295 2274 436 2345 λείῳ
461 2274 519 2327 δὲ
552 2275 806 2329 ἀντεῖπεν
837 2275 897 2329 ὲν
929 2274 1088 2329 πέντε
1120 2275 1322 2345 λόγοις,
1353 2272 1429 2331 ὧν
1458 2276 1586 2340 τοὺς
1614 2274 2048 2348 προεκδοθέντας
2082 2275 2375 2348 δεξάμενος
2402 2274 2707 2339 Βασίλειος,
2747 2271 2854 2326 ὑπὸ
2884 2272 2984 2343 τῆς
3011 2269 3315 2342 δυσθυμίας
3351 2268 3444 2323 τὸν
3480 2267 3594 2340 βίον

295 2368 560 2423 ἀπέλιπε.
595 2399 659 2409 -
696 2367 827 2435 MAI,
858 2367 1110 2441 Spict'leg.
1149 2367 1327 2439 Rom.,
1352 2377 1488 2426 tom.
1521 2370 1613 2436 IV,
1642 2386 1696 2441 ρ.
1726 2367 1883 2442 424.Ῑ

381 2521 470 2595 ιβ’.
504 2524 625 2578 ὀτι
659 2524 722 2578 οὐ
755 2524 916 2596 μόνον
950 2524 1044 2581 τὸν
1081 2526 1255 2598 μέγαν
1283 2527 1591 2592 Βασίλειον,
1624 2527 1764 2583 ἀλλά
1800 2528 1897 2583 καὶ

2070 2527 2159 2583 12.
2193 2525 2397 2582 Eorum
2426 2527 2628 2599 scripta
2673 2526 2731 2580 in
2771 2523 3026 2580 Eunomit'
3064 2520 3484 2594 Apologeticum.
3519 2546 3595 2560 -

294 2614 399 2670 τὸν
430 2613 838 2687 Ἀπολλινάριον
873 2616 1025 2685 λέγει
1075 2617 1215 2688 πρὸς
1252 2617 1352 2688 τὴν
1386 2618 1702 2687 Ἀπολογίαν
1732 2619 1896 2674 Εὐνο-

300 2706 439 2779 μίου
461 2706 818 2779 ἀντιγράψαι.
851 2704 985 2761 Εἶτα
1030 2707 1488 2780 πάλινςΕὑνομίου
1520 2711 1579 2763 ὲν
1607 2710 1772 2764 πέντε
1804 2710 1897 2764 λό-

295 2815 427 2869 γοις
477 2800 890 2870 συμπλακέντος
921 2799 1222 2872 Βασιλείῳ,
1267 2803 1514 2872 ἐντυχεῖν
1561 2803 1771 2856 ἐκεῖνον
1817 2800 1898 2873 τῷ

306 2888 542 2964 πρώτῳ,
572 2889 669 2943 καὶ
708 2888 1175 2964 βαρυθυμήσαντα
1202 2890 1383 2945 λιπεῖν
1411 2890 1504 2944 τὸν
1543 2890 1677 2962 βίον.
1707 2890 1897 2958 Οὕτως

293 2982 461 3054 αὐτῷ
508 2980 572 3035 τὺ
598 2980 794 3053 ψεῦδος
827 2981 906 3054 (a)
946 2983 1041 3037 ὲπὶ
1090 2981 1275 3055 πολλῷ
1312 2983 1414 3055 τῆς
1449 2983 1711 3055 ἀληθείας
1751 2984 1896 3039 τετί-

297 3090 508 3147 μηται.

372 3265 469 3327 ιγ’.
504 3257 628 3310 Ὀτι
658 3256 770 3310 τῶν
803 3254 1111 3327 εἰρημένων
1146 3254 1320 3324 ἁγίων
1346 3254 1579 3327 ἀνδρῶν,
1612 3254 1895 3310 Βασιλείου

295 3349 407 3406 καὶ
442 3348 772 3422 Γρηγορίου,
817 3346 1136 3418 περιφανῶς
1170 3348 1267 3400 καὶ
1304 3347 1529 3419 ἀναίδην
1562 3348 1900 3422 καταψεύδε-

293 3458 437 3498 ταιο
615 3410 727 3510 γὰρ
759 3410 1185 3507 λέγεινἀὑτοὺς
1233 3410 1524 3510 ἄνθρωπον
1568 3410 1898 3513 γεῖενῆσθαι

288 3539 400 3594 τὸν
426 3537 579 3602 Υἰδν,
608 3536 749 3591 ἀλλά
787 3535 1071 3607 ἐνοικῆσαι
1108 3534 1403 3608 ἀνθρώπῳ,
1457 3537 1552 3591 καὶ
1577 3538 1748 3612 ταύτῃ
1780 3539 1897 3594 δια-

291 3631 539 3702 ζυγῆναι
567 3629 662 3683 τὸν
677 3627 1085 3698 Ἀπολλινάριον
1110 3628 1213 3699 τῆς
1248 3628 1446 3701 μοίρας
1479 3630 1680 3686 αὐτῶν.
1712 3632 1900 3686 Aleia.

292 3738 398 3775 ται
425 3720 485 3773 δὲ
532 3720 807 3785 κάκεῖνον,
842 3720 941 3773 οὐκ
969 3721 1056 3790 ἐφ’
1096 3715 1178 3784 οἷς
1206 3723 1320 3786 τοῖς
1347 3722 1600 3777 εὐσεϐέσι
1623 3725 1898 3797 παρέσχεν

293 3813 512 3878 αἰτίαν,
569 3812 686 3868 ἀλλ’
722 3815 803 3878 εἰς
851 3813 1045 3887 ἑτέραν
1093 3814 1257 3869 αὑτὸν
1305 3816 1639 3890 κατασύρειν
1688 3820 1898 3889 εἰσάγει

295 3907 568 3978 σπουδήν.
621 3906 785 3975 Λέγει
833 3905 891 3959 δὲ
943 3907 1091 3978 μετὰ.
1119 3907 1227 3961 τῶν
1272 3908 1471 3975 ἄλλων,
1512 3910 1602 3964 ὅτι
1661 3911 1759 3983 τὴν
1787 3911 1896 3967 τῶν
1925 3891 1967 3949 C

296 3999 581 4072 σωμάτων
612 3999 915 4054 ἀνάστασιν
949 4000 1294 4073 ἀπεκήρυξεν
1325 4002 1424 4073 (ὑ).

379 4176 466 4232 ιδ’.
505 4177 651 4242 Ὅτι,
703 4177 859 4246 φησί,
927 4177 1337 4250 Ἀπολλινάριος
1387 4179 1530 4235 κατά
1580 4180 1894 4256 Πορφυρίου

290 4268 529 4342 γράψας
557 4269 653 4322 ἐπὶ
678 4268 813 4323 πολὺ
847 4272 1042 4344 κρατεῖ
1074 4269 1186 4325 τῶν
1222 4271 1615 4345 ἠγωνισμένων
1647 4274 1894 4346 Εὐσεϐίῳ

1998 2619 2092 2676 Ait
2136 2617 2558 2691 Philostorgius,
2607 2632 2720 2675 non
2771 2616 2950 2674 solum
3001 2613 3264 2670 Basiliam
3306 2610 3589 2683 Magnum,

2000 2727 2189 2767 verum
2220 2711 2385 2767 etiam
2415 2710 2813 2781 Apollinarem,
2843 2705 3137 2778 scripsisse
3167 2703 3428 2758 adversus
3445 2697 3594 2773 Apo-

1999 2803 2282 2874 logett'cum
2331 2800 2623 2867 Eunomii;
2655 2809 2846 2872 postea
2887 2812 3021 2854 vero
3065 2793 3401 2851 Eunomium
3429 2791 3594 2862 quin-

1999 2911 2107 2968 que
2131 2895 2290 2951 libris
2310 2893 2576 2951 adversus
2598 2892 2866 2949 Basiliam
2886 2890 3232 2955 decertasse;
3265 2887 3413 2943 hunc
3435 2899 3586 2945 vero.

1998 3006 2125 3047 cum
2174 2991 2415 3062 primum
2447 2990 2715 3046 duntaxat
2766 2987 2968 3043 librum
3012 2984 3255 3057 legisset,
3290 2982 3447 3054 gravi
3491 2980 3593 3037 do-

1999 3083 2114 3140 lore
2150 3083 2461 3154 perculsum
2489 3096 2558 3138 ex
2583 3082 2687 3137 hac
2712 3081 2822 3135 vita
2846 3079 3134 3150 migrasse.
3155 3075 3306 3131 Adeo
3338 3072 3428 3131 hic
3453 3072 3593 3129 scri-

1997 3186 2122 3248 ptor
2160 3176 2506 3251 mendacium
2541 3174 2718 3246 pluris
2741 3173 2875 3229 facit
2903 3185 3070 3243 quam
3104 3169 3415 3224 veritatem.

2071 3269 2159 3323 15.
2192 3267 2260 3322 In
2316 3267 2524 3322 eosdem
2571 3265 2877 3321 calumnias.
2921 3261 3158 3318 Eosdem
3210 3258 3592 3318 sanctissimos

1998 3357 2167 3423 viros,
2199 3357 2460 3413 Basilium
2496 3357 2708 3413 scilicet
2736 3364 2792 3412 et
2817 3355 3165 3428 Gregorium,
3194 3361 3381 3423 aperte
3400 3359 3455 3406 et
3490 3350 3594 3405 im-

1998 3451 2267 3522 pudenter
2298 3449 2669 3505 calumniatur
2697 3467 2713 3506 :
2758 3463 2937 3519 neque
2963 3446 3110 3503 enim
3153 3459 3250 3502 eos
3286 3443 3469 3499 dicere
3500 3439 3592 3496 Fi-

2000 3541 2134 3596 lium
2185 3540 2469 3596 hominem
2496 3539 2704 3596 factum
2748 3555 2893 3609 esse,
2927 3539 3024 3596 sed
3067 3538 3123 3593 in
3164 3533 3389 3592 homine
3433 3532 3592 3588 iuba-

1999 3634 2238 3700 bitasse;
2273 3647 2509 3704 eamque
2545 3632 2616 3688 ob
2640 3647 2866 3689 causam
2896 3631 3271 3703 Apollinarem
3300 3628 3370 3683 ab
3396 3640 3589 3682 eorum

1999 3725 2247 3796 partibus
2307 3739 2428 3781 sese
2471 3724 2812 3795 abjunxisse.
2851 3722 3025 3780 Istum
3066 3736 3199 3778 vero
3234 3720 3399 3776 etiam
3425 3732 3591 3776 accu-

2001 3824 2107 3882 sat,
2138 3829 2248 3870 non
2300 3815 2372 3871 ob
2409 3830 2475 3871 ea
2506 3829 2740 3885 quorum
2776 3829 2942 3869 causa
2972 3829 3004 3868 a
3046 3813 3152 3882 piis
3188 3809 3445 3867 omnibus
3474 3821 3592 3863 me-

2000 3908 2108 3963 rito
2135 3908 2503 3978 reprehensus
2527 3917 2633 3974 est,
2661 3908 2757 3964 sed
2787 3908 2840 3962 in
2872 3907 3022 3962 aliud
3046 3903 3320 3976 quoddam
3347 3901 3588 3959 studium

2001 3999 2288 4070 abreptum
2332 4013 2454 4055 esse
2493 3998 2681 4053 tradit.
2716 3997 2864 4053 inter
2913 3997 3018 4051 alia
3057 4003 3238 4051 autem
3271 3993 3425 4058 dicit,
3459 4005 3586 4046 eum

2002 4090 2464 4148 resurrectionem
2497 4104 2792 4160 corporum
2823 4088 3126 4158 negavisse.

2075 4183 2164 4241 14.
2198 4181 2532 4253 Apollinaris
2559 4182 2616 4236 in
2659 4180 3018 4251 Porphyrium
3061 4177 3282 4246 scripta.
3310 4203 3384 4217 --
3418 4172 3584 4243 Apol—

2001 4273 2195 4332 linaris
2234 4274 2289 4329 in
2323 4274 2481 4330 libris
2518 4288 2658 4344 quos
2696 4280 2887 4328 contra
2937 4268 3299 4341 Porphyrium
3342 4263 3584 4336 scripsit,

1538 4445 1784 4491 VALESII
1822 4446 2325 4495 ANNOTATIONES.

372 4579 460 4655 (ᾗ)
494 4579 948 4655 Ἀποᾷλιναρίου
974 4580 1403 4655 λαμπρότερος.
1455 4581 1610 4655 Apud
1677 4580 1905 4655 Sui_dam

301 4651 531 4709 additur
556 4651 783 4706 verbum
818 4651 1215 4721 πανηγυρίσαι,
1242 4654 1388 4721 quod
1417 4652 1603 4707 nescio
1632 4667 1730 4708 cur
1753 4651 1894 4708 Plio-

303 4727 419 4779 tius
453 4720 826 4793 praetermisit,
849 4720 981 4793 cum
1012 4720 1067 4793 in
1090 4736 1156 4775 eo
1200 4720 1338 4793 pene
1366 4730 1479 4793 tota
1512 4722 1593 4777 vis
1620 4723 1892 4793 consistat

302 4790 616 4851 sententiae.
653 4791 745 4846 Ait
775 4791 921 4863 enim
952 4790 1347 4863 Plijlosmrgius
1372 4792 1475 4848 hos
1503 4792 1723 4863 quidem
1760 4802 1892 4862 tres,

302 4863 685 4935 Apollinarem
740 4862 970 4935 scilicet,
1006 4860 1279 4935 ‘Basiliuin
1337 4860 1895 4935 atque’GreAgorium,

304 4931 559 4989 omnium
587 4931 674 4987 sui
698 4931 966 5005 temporis
989 4931 1384 5005 disertissimos
1410 4931 1598 5005 fuisse.
1638 4931 1895 5005 Singulos

2009 4581 2331 4639 scribendos
2389 4579 2817 4638 commentarios
2887 4579 3256 4650 aptissimum.
3319 4577 3584 4650 Basilium

2004 4669 2133 4725 vero
2160 4654 2214 4707 in
2242 4652 2572 4725 panegyrieo
2608 4650 2823 4725 dicendi
2855 4646 3052 4725 genere
3084 4646 3587 4725 excelluisse._Gre-

2004 4724 2143 4794 gorii
2172 4719 2303 4778 vero
2331 4719 2637 4794 orationem
2666 4723 2841 4793 magis
2868 4719 3367 4794 fundatam‘fuisse,
3397 4719 3451 4773 id
3475 4726 3583 4784 est,

2004 4790 2263 4877 utlviilgo
2287 4794 2447 4877 loqui
2483 4790 2956 4877 solemusfmagis
2983 4790 3336 4877 periodicam.

2075 4863 2151 4934 (αἰ)
2188 4861 2411 4926 Μείζωιν·
2446 4866 2533 4929 εἰς
2569 4861 2944 4934 cumnade
2984 4861 3138 4934 illinc
3185 4861 3586 4934 lociim_emen-

2001 4929 2212 4989 davi'ex
2235 4936 2424 4989 codice
2454 4929 2734 4988 Samuelis
2752 4929 3026 5000 Bccharti,
3061 4932 3114 4985 in
3141 4947 3250 5000 quo
3276 4932 3346 4984 ita
3366 4929 3585 5000 legitur,

308 5017 491 5077 tamen
525 4997 898 5077 prop_rium_'ac
919 5003 1248 5077 peculiarem
1267 5003 1497 5077 dicendi
1518 4997 1891 5077 charactérem

2006 5005 2177 5077 μείζω
2233 5004 2389 5077 βάσιν
2447 5006 2527 5068 εἰς
2579 5003 2922 5077 συγγραφὰς,
2951 4999 3098 5072 εἶχεν
3128 4997 3375 5077 όίλόγος.
3407 4997 3585 5077 Quam

308 5075 591 5131 habuisse.

678 5088 768 5127 am
795 5068 1128 5144 Apollinaris
1151 5073 1372 5144 quidem
1398 5073 1599 5143 stylum
1629 5071 1802 5130 fuisse
1826 5074 1894 5129 ad

2006 5068 2326 5146 scripturam
2355 5068 2870 5131 eoulirmat'Si'iidas
2908 5072 2964 5128 in
2999 5068 3583 5141 νὀοοἊπολλινάριος.

1783 5246 2132 5293 VARIORUM.

381 5398 460 5469 (a)
502 5398 721 5469 Diith
750 5394 1028 5469 adnitar)
1052 5393 1497 5469 ,ψεῦδος-.-.Μυῖα
1543 5396 1649 5469 ho_c
1688 5397 1904 5469 epipho-

309 5465 465 5524 nema
510 5467 821 5525 narrationi
858 5466 948 5521 isti
980 5466 1263 5536 subiunxit
1302 5465 1552 5520 Photius.
1597 5465 1903 5521 Eunomius

308 5541 456 5595 enim
511 5541 688 5596 libros
738 5537 878 5592 istos
935 5535 1214 5591 nonnisi
1269 5545 1394 5605 post
1433 5537 1648 5590 obitum
1712 5537 1903 5592 Basilii

310 5612 364 5665 in
413 5610 592 5668 lucem
658 5608 851 5673 edidit,
905 5615 1043 5663 teste
1097 5612 1288 5662 eodem
1327 5605 1546 5672 Photio,
1598 5608 1721 5662 cod.
1777 5607 1900 5662 156.

308 5680 637 5736 W.Lowth.

387 5722 401 5734 .
429 5682 637 5737 Lowth.

383 5753 460 5821 (ὁ)
492 5752 619 5820 Τὴν
650 5749 769 5805 τῶν
793 5746 1086 5821 σωμάτων
1126 5748 1467 5803 ἀνάστασιν
1498 5747 1901 5821 ἀπεκήρυξεν.

319 5817 654 5894 Apollinaris
720 5817 1180 5878 resurrectionem
1240 5834 1352 5875 non
1415 5817 1659 5893 negavit,
1713 5834 1906 5876 verum

2000 5399 2147 5454 circa
2184 5395 2643 5453 resurrectionem
2698 5393 2973 5462 ineptivit;
3026 5395 3275 5462 mortuos
3313 5386 3462 5462 enim
3493 5404 3584 5441 re-

1999 5483 2257 5524 versuros
2289 5468 2429 5523 dixit
2463 5465 2533 5520 ad
2569 5467 2741 5535 legem
2784 5457 2838 5518 et
2862 5458 3379 5535 circumcisionem,
3420 5457 3582 5522 ritus,

2003 5538 2296 5602 sacriﬁcia,
2346 5532 2755 5604 templum—per
2803 5532 2963 5604 mille
2986 5544 3162 5604 annos
3178 5543 3210 5604 ;_
3219 5534 3285 5604 iit
3313 5536 3587 5604 testantur

2000 5609 2236 5663 Basilius
2264 5596 2422 5676 epist.
2451 5596 2555 5668 74;
2583 5596 2934 5676 Epiphanius
2953 5599 3145 5676 haeresi
3180 5598 3248 5649 77
3268 5596 3585 5676 ;__Hierony-

2001 5693 2126 5734 mus
2177 5679 2234 5730 in
2283 5667 2399 5745 ὁαρ.
2447 5667 2998 5745 xvar'Ezechiclis._
3028 5668 3105 5722 De
3154 5667 3420 5735 peculiari
3464 5669 3586 5739 ejus

2001 5748 2194 5808 haeresi
2227 5740 2526 5805 vid.'Socr.
2566 5745 2660 5802 lib.
2699 5759 2762 5811 ti,
2797 5758 2917 5813 cap.
2948 5740 3070 5807 ult.,
3101 5748 3215 5795 not.
3250 5753 3306 5797 ιι.
