4028 6330
1841 331 2337 395 PHILOSTORGII

3617 343 3715 399 572

442 452 557 510 quo
579 441 650 494 ab
677 439 813 497 urbe
855 440 1056 514 Cyzico
1083 442 1430 514 migraverat,
1460 453 1574 501 toto
1617 446 1874 519 deinceps
1898 448 2024 506 vitae

2133 467 2215 506 νον
2233 451 2557 524 (14),ἦψατο·
2582 451 2763 508 καίτοι
2791 454 2897 509 τῶν
2914 452 3186 527 ὁμοδόξων
3203 436 3524 510 ἐπισκόπων
3546 454 3724 523 οὐδεὶς

442 544 559 586 sua:
611 538 881 603 tempore,
914 550 981 589 ne
1015 550 1172 590 sacra
1206 537 1427 606 quidem
1479 539 1744 610 mysteria
1786 556 2028 611 unquam

444 617 776 687 celebravit,
824 623 1076 692 quamvis
1125 624 1507 694 episcoporum
1561 628 1808 699 ejusdem
1866 640 2031 687 sectze

443 709 630 766 nullus
666 721 830 777 esset,
871 713 963 783 qui
1005 715 1213 785 absque
1246 716 1367 787 ejus
1408 720 1682 776 sententia
1729 721 2031 792 quidquam

445 814 511 856 ex
540 802 703 857 rebus
725 804 1112 863 ecclesiasticis
1134 819 1440 882 perageret.

516 890 573 946 5.
608 890 900 964 Procopius
924 903 1205 966 tyrannus.
1233 931 1305 941 —
1338 899 1538 956 Valens
1563 901 1784 957 tertium
1812 901 2030 974 imperii

444 981 528 1038 sui
549 997 755 1037 annum
785 984 1091 1056 ingressus,
1109 989 1509 1060 expeditionem
1539 990 1802 1048 adversus
1833 990 2030 1049 Persas

442 1074 699 1143 suscepit;
748 1091 860 1145 quo
896 1077 1119 1148 quidem
1159 1089 1404 1151 tempore
1448 1080 1752 1152 Procopius
1807 1098 2030 1155 quoque

439 1163 917 1238 Constantinopoli
973 1171 1320 1241 tyrannidem
1379 1173 1631 1244 arripuit.
1699 1174 1872 1229 Porro
1936 1174 2030 1230 hic

438 1253 740 1326 Procopius
797 1258 1210 1331 propinquitate
1257 1263 1473 1334 generis
1537 1263 1870 1333 conjunctus
1912 1272 2032 1320 erat

437 1343 686 1415 Juliano,
718 1351 999 1422 multaque
1039 1352 1326 1408 hominum
1361 1354 1569 1425 judicia
1593 1355 1661 1411 de
1689 1350 1780 1411 illo
1802 1356 2029 1423 ﬁebant,

439 1440 642 1510 quibus
662 1442 950 1512 imperium
973 1444 1023 1499 ei
1041 1444 1411 1502 deferebatur.
1426 1447 1556 1514 Quae
1577 1447 1796 1517 quidem
1817 1449 2029 1519 judicia

439 1531 652 1586 crebris
706 1534 1058 1591 sermonibus
1107 1536 1526 1608 evulgabantur.
1564 1537 1740 1605 Quam
1792 1540 1864 1594 ob
1912 1554 2027 1594 rem

440 1620 670 1678 Joviano
722 1625 790 1679 ad
843 1627 1133 1696 imperium
1185 1639 1397 1695 erecto,
1457 1629 1762 1701 Procopius
1806 1643 2029 1703 arrepta

441 1712 570 1785 fuga
600 1714 1052 1786 Mesopotamiam
1084 1720 1327 1791 reliquit,
1360 1730 1414 1777 et
1437 1738 1545 1777 una
1575 1737 1702 1777 cum
1723 1739 1890 1779 uxore
1908 1738 2030 1780 sese

2130 534 2219 610 ἦν,
2244 540 2301 605 ὃς
2318 540 2419 612 τῆς
2442 542 2652 597 ἐκείνου
2673 541 2898 615 γνώμης
2921 543 3092 615 χωρὶς
3119 542 3272 598 οὐδὲν
3288 543 3399 599 τῶν
3425 544 3721 616 ἐκκλησια-

2134 627 2333 682 πικῶν
2359 628 2733 702 διεπράττετο.
3717 676 3731 745 \

3726 748 3736 779 ι

2200 902 2263 949 ε’.
2320 895 2442 949 Ὀτι
2478 894 2663 967 τρίτου
2697 895 2798 966 τῆς
2832 893 3113 966 βασιλείας
3144 894 3299 960 ἔτους
3348 896 3564 968 Οὐάλης
3596 898 3727 952 ἐπι-

2131 985 2255 1051 ϐὰς,
2292 987 2385 1040 ἐπὶ
2414 987 2631 1059 Πέρσας
2657 988 3019 1057 ἐστράτευσε·
3051 986 3174 1041 καθ’
3204 987 3263 1041 ὃν
3290 989 3483 1061 καιρὸν
3517 990 3596 1062 (a)
3627 990 3721 1046 καὶ

2130 1077 2438 1149 Προκόπιος
2480 1076 2579 1148 τὴν
2625 1077 2920 1148 τυραννίδα
2962 1076 3104 1130 κατά
3142 1078 3718 1135 Κωνσταντινούπολιν

2129 1167 2495 1222 ἐσκευάσατο.
2539 1168 2597 1221 '0
2627 1166 2685 1221 δὲ
2720 1167 3027 1235 Προκόπιος
3060 1161 3216 1231 οὗτος
3248 1170 3328 1233 είς
3353 1170 3417 1223 τὸ
3443 1170 3538 1225 τοῦ
3587 1173 3719 1225 ’ῐου⁶

2128 1260 2313 1315 λιανοῦ
2360 1261 2520 1332 γένος
2551 1260 2847 1331 ἀνεφέρετο
2865 1275 2879 1289 ·
2912 1260 3009 1313 καὶ
3035 1260 3223 1315 πολλοὶ⁵
3252 1262 3603 1318 ἀνεκινοῦντο
3628 1264 3718 1318 λο-

2128 1353 2339 1423 γισμοὶ,
2367 1353 2467 1422 τὴν
2500 1351 2781 1422 βασιλείαν
2813 1352 2964 1424 αὐτῷ
2996 1352 3413 1425 περιάπτοντες.
3457 1355 3567 1408 Καὶ
3591 1356 3719 1421 τούς

2128 1444 2424 1514 λογισμοὺς
2465 1445 2558 1498 καὶ
2596 1444 2743 1513 λόγοι
2785 1444 3052 1516 διέφερον.
3089 1443 3190 1498 Διά
3228 1443 3387 1505 τοῦτο
3440 1444 3715 1501 Ἰωϐιανοῦ

2132 1537 2558 1610 βασιλεύσαντος
2600 1538 2701 1608 τῆς
2759 1537 3191 1608 Μεσοποταμίας
3242 1531 3398 1601 οὗτος
3447 1538 3715 1611 ἀποδρὰς,

2129 1632 2225 1687 καὶ
2251 1630 2479 1693 πολλοὺς
2507 1632 2566 1683 ὲν
2594 1629 2944 1700 ταλαιπωρίᾳ
2966 1629 3169 1692 τόπους
3197 1628 3463 1699 ἀμείψας,
3498 1629 3717 1700 φεύγων

2129 1742 2190 1779 τε
2222 1724 2360 1795 μετὰ
2386 1723 2487 1794 τῆς
2513 1721 2777 1793 γυναικὸς
2795 1721 2892 1775 καὶ
2911 1722 3312 1793 κρυπτόμενος,
3339 1722 3417 1785 ὡς
3446 1722 3718 1794 ἀπείρηκε

437 1806 742 1871 occultans,
785 1806 1065 1878 variisque
1092 1810 1325 1865 subinde
1359 1812 1710 1866 commutatis
1743 1811 1881 1867 locis
1905 1827 2015 1866 non

2133 1815 2491 1887 πλανώμενος,
2519 1814 2612 1869 τὸν
2642 1812 2870 1884 ἔσχατον
2889 1852 2905 1877 ,
2941 1811 3130 1884 φησὶν,
3163 1812 3489 1885 ἀναῤῥίπτει
3528 1813 3715 1870 κύϐον.

438 1896 559 1952 sine
583 1898 791 1967 ingenti
822 1900 1140 1958 diﬂicultate
1188 1919 1251 1959 ac
1286 1904 1530 1970 miseria,
1566 1919 1818 1959 errorum
1857 1920 1922 1961 ac
1941 1906 2025 1961 la-

438 1990 719 2046 tebrarum
771 2002 1061 2062 pertaesus,
1122 1995 1339 2051 tandem
1379 2005 1705 2064 extremam,
1760 2006 1819 2053 ut
1848 1998 2025 2068 aiunt,

437 2083 610 2138 aleam
632 2084 797 2165 ‘jecit.
827 2084 1228 2143 Chalcedonem
1262 2089 1427 2159 igitur
1462 2089 1763 2160 profeCtus,
1805 2088 1864 2143 in
1917 2090 2029 2144 Eu-

438 2174 610 2228 nomii
647 2189 780 2244 agro
834 2176 928 2246 qui
978 2185 1134 2232 extra
1181 2178 1371 2233 urbem
1432 2180 1570 2235 situs
1609 2188 1749 2246 erat,
1801 2180 2030 2235 absente

438 2273 569 2320 tunc
609 2265 855 2333 domino,
888 2268 1122 2324 delituit.
1182 2268 1336 2325 Unde
1369 2287 1497 2327 cum
1528 2272 1841 2342 traiecisset
1879 2272 2028 2328 Con-

438 2357 883 2428 stantinopolim,
918 2360 1129 2431 absque
1156 2362 1262 2416 ulla
1295 2363 1442 2418 caede
1473 2364 1768 2435 imperium
1788 2379 2029 2437 occupa-

435 2448 533 2503 vit.
587 2446 699 2505 Nec
749 2451 925 2507 multo
959 2461 1085 2523 post
1116 2454 1308 2524 praelio
1338 2470 1461 2510 cum
1490 2456 1717 2513 Valente
1763 2473 2026 2528 congres-

435 2553 552 2603 sus,
599 2539 802 2595 ducum
860 2557 1111 2609 suorum,
1145 2542 1390 2601 Gomarii
1428 2553 1485 2601 et
1515 2546 1785 2617 Agilonis,
1845 2548 2030 2618 prodi-

437 2629 583 2685 tione
631 2642 924 2702 superatus
978 2644 1062 2691 est
1096 2653 1109 2690 :
1147 2644 1473 2707 arreptaque
1511 2636 1638 2709 fuga
1687 2636 1927 2695 Nicaeam
1966 2654 2028 2696 se

434 2722 658 2793 recepit.
697 2722 969 2780 Postridie
1009 2740 1139 2781 vero
1170 2742 1295 2782 cum
1330 2728 1459 2784 inde
1483 2727 1766 2785 discedere
1794 2729 2028 2785 medita-

434 2824 608 2882 retur,
646 2830 676 2869 a
702 2813 1003 2881 Florentio,
1035 2817 1125 2873 cui
1161 2819 1314 2876 urbis
1344 2820 1494 2877 illius
1531 2822 1841 2877 custodiam
1869 2836 2025 2877 com-

436 2906 687 2971 miserat,
721 2909 1230 2977 comprehenditur,
1284 2911 1617 2982 vinctusque
1643 2912 1711 2967 ad
1742 2910 2025 2967 Valentem

435 2990 776 3069 perducitur.
818 2999 885 3055 Et
915 2999 1221 3071 Procopius
1244 3001 1465 3072 quidem
1494 3019 1621 3059 mox
1650 3004 1829 3073 capite
1865 3011 2026 3059 trun-

337 3130 343 3136 .
435 3098 591 3147 catus
613 3100 720 3160 est,
751 3106 877 3147 cum
910 3106 1007 3148 sex
1040 3092 1313 3149 mensium
1350 3094 1527 3164 spatio
1551 3093 1901 3167 tyrannidem
1923 3108 2024 3149 ex-

435 3180 742 3250 ercuisset;
796 3181 1079 3239 Florentio
1132 3198 1292 3250 vero,
1335 3200 1406 3239 ne
1454 3185 1523 3240 ad
1576 3186 1745 3241 vitam
1805 3184 2026 3256 quidem

436 3273 613 3343 ipsius
647 3274 976 3329 servandam
1004 3273 1223 3330 sull‘eeit
1252 3275 1514 3346 proditio,
1547 3276 1641 3332 sed
1674 3274 1879 3331 milites
1899 3290 2027 3331 eum

436 3364 691 3421 incendio
738 3365 1104 3433 tradiderunt,
1159 3366 1232 3422 ob
1290 3375 1528 3422 veterem
1586 3366 1924 3422 simultatem
1979 3366 2031 3422 ei

2129 1910 2242 1964 Καὶ
2270 1908 2370 1979 τὴν
2395 1906 2721 1978 Καλχηδόνα
2745 1903 3095 1969 καταλαϐὼν,
3126 1904 3185 1958 ὲν
3211 1903 3289 1977 τῷ
3320 1903 3416 1959 τοῦ
3447 1905 3717 1977 Εὐνομίου

2128 1998 2319 2073 ἀγρῷ,
2368 1999 2470 2068 τῆς
2499 1998 2708 2060 πόλεως
2749 1995 2950 2061 ἔξωθεν
2976 1994 3331 2068 διακειμένῳ,
3384 1996 3495 2050 οὐδ’
3531 1998 3720 2071 ἐπιδη-

2132 2090 2358 2163 μοῦντος
2383 2088 2477 2142 τοῦ
2514 2087 2802 2150 δεσπότου,
2833 2084 3027 2140 ἑαυτὸν
3055 2085 3471 2158 κατακρύπτει·
3507 2087 3715 2142 ἐκεῖθεν

2126 2183 2182 2237 δὲ
2209 2184 2291 2247 είς
2320 2180 2419 2254 τὴν
2457 2181 2610 2235 πόλιν
2636 2178 2849 2251 διάρας,
2884 2177 3167 2250 ἐγκρατὴς
3190 2178 3467 2250 ἀναιμωτὶ⁵
3493 2179 3595 2249 τῆς
3618 2178 3717 2250 βα-

2130 2274 2331 2337 σιλείας
2374 2272 2607 2341 γίνεται.
2650 2268 2782 2326 Εἶτα
2814 2272 2931 2342 μετ’
2959 2271 3020 2325 οὐ
3062 2269 3233 2324 πολὺν
3263 2270 3457 2341 χρόνον
3491 2269 3719 2342 πολέμῳ

2129 2365 2430 2437 συρραγεὶς
2462 2364 2749 2429 Οὐάλεντι,
2776 2363 3039 2437 προδοσίᾳ
3063 2362 3172 2418 τῶν
3195 2363 3361 2418 αὐτοῦ
3392 2362 3717 2436 στρατηγῶν

2126 2456 2399 2528 Γομαρίω
2430 2456 2525 2509 καὶ
2566 2454 2831 2524 Ἀγελίου,
2861 2456 3127 2528 ἡττᾶται·
3158 2455 3255 2508 καὶ
3298 2452 3517 2524 φεύγων
3550 2470 3719 2509 κατα-

2127 2550 2395 2621 λαμϐάνει
2441 2549 2543 2619 τὴν
2588 2549 2846 2604 Νίκαιαν.
2889 2549 2968 2621 Τῇ
2996 2548 3054 2602 δὲ
3099 2546 3363 2618 ἐπαύριον
3409 2545 3718 2619 διανοηθεὶς

2127 2642 2338 2698 ἐκεῖθεν
2386 2641 2670 2712 ἀπαίρειν,
2716 2641 2822 2695 ὐπὸ
2849 2639 3214 2710 Φλωρεντίου,
3257 2638 3318 2702 ὅς
3369 2638 3723 2713 φρούραρχος

2130 2733 2221 2787 ὐπ’
2263 2730 2430 2786 αὐτοῦ
2460 2731 2561 2803 τῆς
2593 2730 2805 2794 πόλεως
2840 2728 3595 2801 κατέστη,.συλλαμϐάνεται,
3620 2729 3717 2784 καλ⁸

2126 2818 2413 2891 δεσμώτην
2443 2819 2606 2873 αὐτὸν
2631 2820 2660 2873 ό
2700 2816 2981 2871 συλλαϐὼν
3013 2816 3151 2889 πρὸς
3185 2817 3400 2887 Οὐάλην
3426 2816 3573 2885 ἄγει.
3603 2816 3718 2871 Καὶ

2127 2912 2435 2985 Προκόπιος
2463 2911 2564 2983 μὲν
2589 2911 2691 2983 τῆς
2714 2911 2958 2981 κεφαλῆς
2986 2910 3378 2982 ἀποτέμνεται,
3412 2910 3507 2963 ἐπὶ
3535 2908 3717 2980 μῆνας

2127 3003 2188 3071 ἕξ
2225 3003 2616 3076 μετεωρισθεὶς
2662 3005 2731 3076 τῇ
2766 3002 3071 3075 τυραννίδι·
3126 3001 3449 3074 Φλωρεντίῳ
3494 3000 3554 3054 δὲ
3594 3000 3718 3055 οὐδὲ

2127 3096 2363 3171 ἤρκεσεν
2395 3096 2429 3167 ἡ
2457 3095 2725 3168 σωτήριος
2750 3094 3014 3167 προδοσία
3041 3092 3178 3165 (15),
3202 3092 3338 3148 ἀλλά
3371 3093 3508 3166 πυρὶ
3540 3092 3720 3147 διδόα-

2135 3204 2220 3242 σιν
2248 3185 2413 3241 αὐτδν
2432 3187 2461 3239 ό
2485 3185 2717 3257 στρατὸς
2747 3186 2870 3240 κατ’
2904 3184 3075 3257 όργὴν
3097 3181 3359 3246 παλαιὰν,
3384 3181 3521 3236 διότι
3545 3198 3723 3262 φροντι

2138 3278 2247 3351 ρῶν
2288 3278 2496 3342 ἐκεῖνος
2542 3276 2667 3331 ὐπδ-
2693 3276 3023 3349 Προκοπίου.
3050 3274 3152 3346 τὴν
3205 3273 3442 3329 Νίκαιαν
3488 3272 3721 3336 πολλοὺς

2137 3367 2321 3422 αὐτῶν
2354 3367 2637 3423 ἐκάκωσεν
2663 3367 3022 3441 αἱρουμένους
3044 3366 3116 3421 τά
3135 3365 3458 3431 Οὐάλεντος.

439 3456 661 3528 infensi,
693 3470 978 3531 propterea
1003 3461 1150 3531 quod
1170 3460 1370 3517 missus
1396 3476 1428 3516 a
1460 3460 1728 3533 Procopio
1760 3463 1830 3519 ad
1889 3462 2307 3522 custodiendam
2338 3463 2597 3531 Niczea'm,
2646 3463 2856 3520 multos
2908 3463 3156 3535 ipsorum
3197 3462 3342 3519 male
3399 3460 3719 3528 multasset,

440 3559 630 3624 utpote
658 3555 753 3624 qui
788 3552 1030 3611 Valentis
1063 3557 1307 3626 partibus
1336 3556 1604 3613 faverent.

509 3644 562 3700 6.
591 3646 733 3701 Aetii
768 3646 969 3701 obitus.
998 3676 1069 3688 -—
1096 3646 1217 3715 Quo
1248 3656 1493 3720 tempore
1517 3648 1823 3721 Procopius
1850 3649 2033 3706 adhuc

441 3738 787 3810 tyrannidem
835 3740 1159 3806 exercebat,
1208 3739 1515 3798 Eunomius
1554 3742 1625 3798 ad
1670 3758 1798 3799 eum
1846 3744 2032 3816 Cyzici

441 3838 557 3885 tum
587 3829 872 3902 degentem
903 3831 1072 3887 venit.
1096 3829 1270 3889 Porro
1297 3831 1563 3890 adventus
1592 3832 1872 3901 Eunomii,
1899 3836 2037 3892 libe-

439 3922 710 3978 rationem
738 3924 1050 3993 postulabat
1079 3940 1269 3981 eorum
1302 3925 1394 3996 qui
1445 3940 1476 3981 a
1515 3925 1784 3998 Procopio
1820 3926 1873 3981 in
1909 3927 2049 3982 vin-i

329 4085 340 4095 ν
439 4014 579 4069 culis
604 4013 1023 4083 detinebantur;
1056 4016 1295 4086 conjeeti
1318 4024 1500 4072 autem
1548 4027 1706 4073 erant
1728 4019 1783 4073 in
1809 4018 2025 4074 vincula

439 4120 507 4161 eo
531 4104 679 4176 quod
729 4103 977 4164 Valentis
1020 4116 1202 4178 partes
1248 4108 1489 4179 amplexi
1550 4116 1777 4177 essent;
1830 4109 2029 4166 horum

439 4196 734 4268 propinqui
761 4195 1092 4254 Eunomium
1115 4206 1428 4270 coegerant,
1451 4206 1514 4255 ut
1533 4199 1679 4255 hanc
1702 4198 2031 4272 legationem

2201 3657 2276 3716 ς’.
2315 3650 2435 3706 Ὀτι
2460 3649 2751 3722 Προκοπίῳ
2776 3648 2857 3703 ἐτι
2878 3648 2978 3722 τῆς
3004 3647 3318 3721 τυραννίδος
3337 3647 3717 3719 ὲποχουμένφ,

2125 3741 2393 3813 Εὐνόμιος
2440 3742 2579 3814 πρὸς
2624 3741 2785 3796 αὐτὸν
2815 3741 2874 3794 ὲν
2909 3739 3139 3809 Κυζίκῳ
3172 3738 3431 3808 διάγοντα
3473 3736 3718 3810 παραγί-

2125 3850 2298 3888 νεται.
2343 3833 2408 3887 Ἦ
2450 3832 2510 3887 δὲ
2560 3831 2747 3903 ἄφιξις
2785 3830 2939 3886 λύσιν
2969 3830 3211 3902 ἔπραττε
3255 3830 3459 3903 τῶνηὲν
3497 3830 3719 3902 δεσμοῖς

2125 3925 2219 3980 ὐπ’
2269 3923 2437 3980 αὐτοῦ
2471 3923 2886 3995 κατεχομένων·
2921 3923 2952 3974 ὁ
2993 3921 3193 3993 δεσμὸς
3224 3922 3282 3975 δὲ
3311 3921 3539 3986 τούτους
3570 3920 3721 3975 ὲπίε-

2126 4016 2219 4081 ζεν
2251 4054 2268 4081 ,
2296 4016 2491 4086 ὅτιπερ
2526 4013 2784 4085 ἔστεργον
2813 4011 2884 4067 τὰ
2924 4012 3256 4078 Οὐάλεντος·
3289 4013 3385 4068 καὶ
3411 4015 3460 4068 οἱ
3489 4013 3599 4068 τῶν
3632 4014 3721 4068 δε-

2130 4105 2305 4177 σμίων
2330 4106 2614 4175 συγγενεῖς
2634 4102 2990 4172 ἐξεϐιάσαντο
3041 4102 3134 4157 τὸν
3162 4102 3427 4174 Εὐνόμιον
3457 4101 3557 4174 τὴν
3579 4119 3718 4175 πρε-

2132 4198 2320 4254 σϐείαν
2355 4197 2631 4253 ὑπελθεῖν.
2677 4197 2737 4251 '0
2774 4195 2856 4264 δὲ,
2910 4193 3159 4251 ὑπελθὼν
3196 4194 3291 4250 καὶ
3337 4195 3467 4259 τοὺς
3515 4193 3721 4266 ἄνδρας

1672 4371 1920 4417 VALESII
1944 4369 2443 4417 ANNOTATIONES.

441 4483 763 4554 reliquerat,
766 4492 1056 4603 liperpetuo
1092 4481 1429 4539 abstinuisse
1459 4491 1695 4539 testatur
1720 4482 2026 4564 Philostor-
2059 4488 2102 4544 ι)
2130 4483 2272 4567 alius
2305 4479 2736 4605 lquoqueaﬂ‘erri
2766 4492 2960 4535 sensus
2993 4480 3190 4534 horum
3220 4478 3533 4562 verborum,
3557 4480 3717 4562 quasi

442 4553 586 4605 nius.
625 4552 719 4605 Sic
786 4554 1037 4605 Jusebius
1077 4563 1265 4605 noster
1291 4568 1412 4605 eam
1463 4568 1654 4605 vocem
1707 4563 1939 4605 usurpat
1968 4570 2024 4605 In
2129 4557 2277 4605 dicat
2355 4568 2637 4605 unomtum
2672 4564 2783 4605 non
2823 4550 2988 4605 modo
3016 4558 3142 4605 post
3173 4549 3575 4605 abdicattonem
3598 4564 3717 4605 ent-

442 4552 586 4621 gius.
625 4552 1037 4622 SieAEusebius
1077 4563 1265 4608 noster
1291 4568 1412 4607 eam
1463 4568 1654 4609 vocem
1707 4563 1939 4622 usurpat
1968 4554 2024 4607 in

445 4620 587 4677 libro
628 4639 683 4677 tv
723 4620 798 4675 De
822 4623 930 4675 vita
963 4622 1303 4693 Constantini
1346 4638 1467 4693 cap.
1504 4624 1594 4688 45,
1630 4620 2028 4686 Θυσίαιςάναί-

489 4708 570 4754 οις
594 4693 689 4745 καὶ
726 4695 1015 4764 μυστικαῖς
1063 4692 1397 4764 ἱερουργίαις
1418 4692 1490 4764 ίτδ
1532 4694 1685 4747 Θεῖον
1722 4695 2025 4749 ἱλάσκοντο.

489 4709 570 4754 οις
594 4709 689 4745 και
726 4709 1015 4762 μυστικαις
1063 4709 1397 4764 ιερουργιαις
1425 4709 1487 4746 το
1532 4709 1685 4747 σειον
1722 4709 2025 4749 ιλασκοντο.

449 4709 651 4834 §erum
705 4761 960 4834 sacriﬁcii
1014 4776 1212 4834 nomen
1236 4764 1423 4834 potuit
1471 4762 1703 4819 fortasse
1737 4763 2029 4834 displicere

447 4830 803 4896 Gotliolredo,
834 4833 1036 4902 quippe
1062 4833 1157 4901 qui
1183 4830 1394 4888 Calvini
1426 4834 1676 4889 haeresim
1703 4830 2024 4889 sectaretur.

450 4901 771 4972 Holsteni_us
806 4901 1185 4972 vero,utpote
1217 4903 1521 4959 catholicus
1555 4944 1569 4967 ,
1622 4906 1858 4959 retinere
1893 4902 2028 4957 illud

446 4971 656 5046 debuit.
688 4969 990 5025 Fatendum
1025 4969 1205 5046 tamen
1233 4982 1317 5029 est
1357 4974 1668 5046 ἱερουργίαν
1704 4974 2031 5046 generaliter

447 5041 595 5096 sumi
646 5056 809 5113 posse
854 5056 956 5112 pro
998 5044 1176 5098 otlicio
1218 5041 1564 5100 sacerdotali.
1592 5043 1686 5113 Sic
1708 5041 1861 5099 'enim
1892 5042 2029 5097 Phi-

445 5112 742 5238 llostorgius
770 5112 827 5166 in
863 5126 986 5183 cap.
1019 5114 1109 5178 10,
1156 5127 1279 5169 eam
1308 5129 1500 5170 vocem
1539 5112 1769 5185 uSurpat
1804 5128 1906 5185 pro
1939 5127 2031 5168 or-

486 5192 747 5237 inatione.

486 5182 747 5237 inatione.

518 5253 631 5336 (ιι)
660 5254 852 5336 “Goer
872 5252 1083 5336 ῥνεϐζω
1108 5254 1351 5336 χρόνογ.
1385 5253 1526 5336 Qlim
1575 5252 1793 5336 quidem
1836 5251 2030 5336 existi-

2129 4555 2277 4609 dicat
2305 4548 2637 4609 Eunomium
2672 4564 2783 4605 non
2823 4550 2988 4605 modo
3016 4558 3142 4620 post
3173 4548 3575 4605 abdicationem
3598 4550 3718 4619 epi-

2125 4634 2380 4694 scopatus
2409 4622 2687 4696 Cyziceni,
2713 4620 3090 4696 verum_etiam
3116 4630 3276 4675 antea
3299 4627 3413 4675 toto
3443 4620 3570 4696 vitae
3600 4634 3718 4674 sua)

2125 4690 2372 4762 tempore
2400 4734 2416 4759 ,
2457 4690 2638 4749 'sacra
2692 4690 2953 4762 mysteria
2984 4705 3328 4762 gnunquamﬂ
3375 4690 3712 4762 celebrasse.

2125 4760 2478 4833 Qui—quidem
2519 4775 2717 4817 sensus
2758 4760 2948 4833 verbis
2981 4760 3333 4829 PliiloStorgii
3365 4760 3547 4833 aptius
3581 4774 3717 4833 con-

2127 4829 2297 4888 venit’.
2338 4834 2499 4890 Certe
2530 4829 2847 4889 Holstenius
2881 4831 3029 4887 hunc
3058 4832 3238 4887 locum
3267 4833 3342 4886 ita
3383 4830 3599 4886 videtur
3630 4830 3712 4883 in-

2128 4904 2422 4959 tellexisse.

2201 4974 2314 5044 (‘5)
2357 4974 2426 5029 Ἦ
2455 4974 2747 5045 σωτήριος
2796 4973 3113 5045 προδοσία.
3142 4971 3502 5045 iampridem
3535 4969 3717 5038 conje.

2128 5041 2310 5120 ceram
2333 5041 2687 5120 scribendum
2719 5041 2853 5120 esse:
2878 5043 3200 5120 Φλωρεντίῳ
3237 5042 3295 5096 δὲ
3325 5041 3716 5120 οὐδὲνῆρκεσεγ

2126 5116 2209 5178 εις
2263 5117 2599 5192 σωτηρίαν-ὴ
2631 5115 2913 5192 προδοσία,
2956 5110 3318 5192 P_os_tea;vero
3344 5110 3542 5167 nactus
3567 5110 3715 5165 codi-

2126 5199 2245 5256 cem
2277 5183 2719 5256 manuscriptum
2761 5186 3037 5243 Samuelis
3060 5183 3491 5256 Borharti,_cain
3522 5195 3712 5237 emen-

2126 5254 2406 5328 dationem
2444 5257 2504 5328 in,
2546 5251 2807 5328 margine,
2835 5257 3133 5328 ascriptam
3184 5251 3495 5328 inveni._ln
3557 5258 3708 5328 textu

447 5317 1261 5397 mavi"scribendumuhic'Esse
1288 5325 1514 5397 ξπεόίω,
1547 5317 1825 5397 qupmodo
1859 5324 2026 5379 etiam
2123 5339 2255 5397 vero
2292 5326 2365 5397 ita
2402 5317 2695 5397 scriptum'
2722 5327 2886 5382 habet
2932 5317 3075 5382 idem
3127 5324 3297 5379 codex
3320 5362 3336 5388 ,
3391 5323 3426 5393 ή
3466 5317 3712 5392 σωτηρία

448 5394 596 5451 hunc
642 5395 824 5451 locum
872 5394 1139 5452 intellexit
1189 5393 1580 5451 Gothofredus.
1607 5393 1795 5449 Potest
1842 5403 2024 5449 tamen

2126 5394 2407 5467 προδοσία.

1916 5526 1996 5570 VA
2002 5526 2246 5573 RIORUM
2253 5558 2265 5571 .

523 5625 603 5696 (a)
649 5630 791 5683 Καθ’
838 5629 912 5683 ὃν
954 5626 1431 5698 καιρόν-,ίϐοηινιι
1487 5627 1630 5682 lianc
1672 5624 2020 5698 Pliilostorgii

453 5694 864 5768 chronologiam
925 5694 1171 5753 statuunt
1198 5697 1397 5768 Pagius
1416 5706 1470 5752 et.
1497 5697 1864 5768 Gothofredus
1884 5694 2022 5768 Prii-

454 5766 739 5836 copianam
770 5769 1110 5840 tyrannidem
1135 5766 1430 5840 contigisse
1465 5783 1609 5824 anno
1638 5769 1762 5826 565.
1788 5767 1863 5824 De
1888 5767 2021 5825 Pro-

2129 5629 2433 5771 cggiosvid.
2476 5628 2631 5688 Socr.
2666 5631 2761 5688 lib.
2808 5646 2883 5700 iv,
2936 5644 3058 5702 cap.
3112 5628 3177 5697 ὃς
3226 5637 3285 5685 et
3315 5627 3444 5686 Soz.
3500 5627 3593 5686 lib.
3632 5639 3710 5698 η,

2129 5717 2155 5757 c
2232 5736 2248 5755 .
2320 5742 2334 5757 .

2129 5717 2248 5757 C30.
2280 5717 2334 5757 δ.
