4028 6330
311 406 414 465 673

1292 395 1863 455 ECCLESIAS'HCJE
1898 396 2253 455 HISTORIA}
2296 397 2429 454 LIB.
2470 396 2565 454 IX.

3459 397 3570 458 574

307 521 481 582 λύσας,
503 512 692 569 θᾶττον
716 514 1012 586 ἐπανῆκεν.
1046 512 1183 567 Ὑπὸ
1201 512 1259 567 δὲ
1280 514 1410 577 τοὺς
1427 513 1625 576 αὐτοὺς
1637 512 1865 584 χρόνους

1976 512 2161 569 abiret.
2201 510 2509 568 Eunomius
2560 508 2728 581 igitur
2782 508 2887 566 hac
2944 508 3223 582 legatione
3275 518 3564 580 suscepta,

306 612 392 670 καὶ
438 592 636 663 ςΑέτιον
685 610 713 662 ὁ
756 608 856 678 τῆς
906 608 1071 677 νήσου
1113 606 1190 679 (a)
1241 606 1394 678 παρά
1423 605 1518 659 τοῦ
1562 604 1871 677 Προκοπίου

309 699 508 762 σταλεὶς
538 699 748 771 ἄρχειν,
796 697 1155 768 διαϐληθέντα
1189 696 1344 770 παρὰ
1392 696 1499 750 τῶν
1558 694 1871 769 ἐπιχωρίων

305 795 366 850 τὰ
397 791 687 854 Οὐάλεντος
719 790 1014 862 αἱρεῖσθαι,
1038 792 1118 855 εἰς
1149 790 1333 860 κρίσιν
1361 784 1510 842 εἷλκε
1530 804 1545 817 ⁸
1576 788 1673 843 καὶ
1702 786 1870 842 θάνα-

303 899 388 945 τος
430 880 492 934 ἀν
541 878 714 951 βίαιος
758 879 1031 944 διεδέξατο
1073 879 1173 952 τὴν
1221 880 1497 952 διαϐολὴν,
1549 879 1602 932 εί
1657 878 1731 949 μή
1784 893 1870 941 τις

303 969 618 1042 ἀφικόμενος
647 970 770 1024 κατ’
806 972 985 1023 ἐκεῖνο
1007 969 1200 1042 καιροῦ
1224 968 1335 1022 τῶν
1366 965 1872 1039 παραδυναστευόν-

303 1081 401 1119 των
429 1062 737 1135 Προκοπίῳ,
767 1062 861 1115 τὸν
899 1063 1102 1116 Ἀέτιον
1126 1061 1218 1115 τοῦ
1246 1061 1436 1131 ξίφους
1459 1057 1725 1145 ⁸ἀρπιίιζει.
1757 1048 1870 1112 Καὶ

301 1154 400 1225 γὰρ
443 1152 576 1224 πρὸς
606 1152 795 1221 γένους
833 1151 910 1205 ὢν
946 1153 975 1204 ὁ
1007 1151 1424 1221 καταπεμφθεὶς
1462 1153 1527 1204 ἐκ
1560 1148 1869 1221 Προκοπίου

312 1241 642 1317 Έρῤενιανοῦ
662 1242 767 1297 ’καὶ
794 1240 1190 1317 Γερῤεσιανοῦ⁸
1224 1242 1448 1313 ἀδελφοὶ
1490 1241 1547 1295 δὲ
1578 1242 1752 1312 ἤστην
1779 1232 1871 1294 οὖ-

299 1354 394 1400 τοι,
427 1337 519 1389 καὶ
544 1333 626 1406 τῷ
649 1335 900 1407 Εὐνομίῳ
928 1335 1170 1406 συνῆσάν
1195 1352 1255 1389 τε
1274 1335 1370 1389 καὶ⁸
1400 1332 1866 1402 συνδιεόέϐληντο.

301 1427 473 1490 Οὕτως
502 1426 615 1498 (l6)
648 1426 789 1481 κατά
819 1427 1020 1499 πολλὴν
1056 1426 1307 1492 ἐξουσίαν
1335 1428 1431 1481 καὶ
1451 1426 1542 1481 τδν
1578 1425 1871 1479 καταδικα-

300 1520 520 1590 σάμενον
549 1519 753 1583 αὐτοὺς
795 1520 1123 1591 ἀπειλήσας,
1167 1520 1263 1572 xei.
1296 1518 1395 1590 τὴν
1426 1520 1515 1573 ἐπ’
1546 1518 1747 1580 αὐτοὺς
1775 1517 1872 1570 θαι

296 1611 586 1682 νατηφόρον
623 1611 1046 1681 ἀνασωσάμενος
1087 1611 1291 1681 ψῆφον,
1335 1610 1610 1682 καθαροὺς
1642 1608 1870 1662 ἀπολύει

294 1700 393 1754 τῶν
424 1700 850 1772 ἐπικληθέντων.
910 1702 969 1755 '0
1017 1700 1075 1753 δὲ
1135 1701 1363 1766 ’Δέτιος,
1415 1700 1543 1764 τοὺς
1588 1699 1699 1770 (l7)
1750 1699 1869 1769 μεθ’

1973 619 2099 660 cum
2132 603 2287 657 viros
2304 601 2431 658 illos
2463 600 2714 657 custodia
2746 599 3062 666 liberasset,
3096 598 3281 655 statim
3309 612 3568 655 reversus

1971 703 2075 750 est.
2111 693 2227 748 Sub
2261 694 2403 748 idem
2440 703 2655 764 tempus
2711 693 2761 748 is
2808 692 2902 763 qui
2951 708 2982 747 a
3030 691 3303 762 Procopio
3355 689 3566 748 missus

1973 782 2154 838 fuerat
2186 791 2248 838 ut
2277 783 2511 839 insulam
2541 783 2971 851 administraret,
3005 783 3229 837 Aetium
3260 796 3480 853 quoque
3506 780 3567 838 in

1969 876 2240 947 judicium
2276 876 2466 943 traxit,
2500 883 2821 932 accusatum
2852 876 2921 931 ab
2953 875 3149 931 incolis
3182 875 3329 946 quod
3362 872 3569 929 Valen-

1972 969 2044 1024 tis
2072 968 2323 1039 partibus
2372 967 2616 1036 faveret;
2670 977 2724 1024 et
2772 968 3011 1024 violenta
3047 982 3196 1023 mors
3234 966 3567 1021 calumniam

1975 1060 2119 1115 haud
2143 1060 2310 1116 dubie
2344 1061 2641 1116 subsecuta
2677 1068 2850 1126 esset,
2880 1060 2988 1116 nisi
3017 1058 3242 1130 quidam
3274 1072 3341 1113 ex
3378 1058 3446 1113 iis
3473 1055 3568 1128 qui

1972 1153 2031 1207 in
2067 1154 2195 1209 aula
2232 1152 2486 1224 Procopii
2516 1152 2817 1224 plurimum
2847 1160 3119 1223 poterant,
3152 1167 3220 1207 eo
3268 1150 3389 1221 ipso
3426 1159 3568 1206 tem-

1971 1261 2105 1317 pore
2137 1247 2553 1317 superveniens,
2581 1244 2800 1307 Aetium
2843 1243 3027 1315 gladio
3050 1243 3436 1299 subtraxisset.
3469 1239 3568 1295 Et—

1972 1338 2117 1393 enim
2158 1338 2206 1393 is
2231 1337 2325 1407 qui
2350 1341 2554 1392 missus
2589 1335 2770 1392 fuerat
2790 1352 2822 1391 a
2850 1335 3136 1407 Procopio,
3159 1344 3425 1406 cognatus
3450 1338 3572 1389 erat

1972 1428 2306 1484 Herenniani
2327 1436 2382 1483 et
2410 1428 2723 1484 Gerresiani
2750 1447 2763 1481 :
2802 1427 2860 1482 hi
2890 1435 3068 1481 autem
3094 1424 3292 1481 fratres
3319 1429 3571 1490 erant,et

1972 1532 2098 1573 cum
2115 1515 2388 1572 Eunomio
2398 1517 2600 1572 versati
2616 1514 2855 1581 fuerant,
2868 1526 2921 1571 et
2936 1530 3044 1571 una
3058 1530 3179 1569 cum
3196 1514 3288 1568 illo
3302 1511 3567 1568 accusati.

1972 1605 2074 1662 Hic
2097 1607 2261 1678 igitur
2294 1621 2395 1677 pro
2427 1621 2488 1662 ea
2507 1621 2615 1678 qua
2637 1605 2901 1677 praeditus
2927 1611 3046 1659 erat
3069 1610 3354 1674 potestate,
3373 1616 3495 1656 cum
3514 1607 3570 1656 et

1967 1698 2140 1770 judici
2192 1700 2289 1770 qui
2337 1713 2432 1755 eos
2484 1699 2945 1755 condemnaverat
3006 1696 3247 1749 minatus
3298 1700 3469 1758 esset,
3512 1700 3569 1747 et

293 1790 473 1847 ἑαυτοῦ
508 1791 918 1853 συναναλαόὼν,
956 1793 1049 1846 ἐπὶ
1099 1792 1201 1863 τὴν
1244 1791 1664 1847 Κωνσταντίνου
1712 1790 1870 1844 πόλιν

1976 1790 2262 1860 capitalem
2295 1790 2623 1846 sententiam
2643 1804 2767 1860 qua:
2798 1788 2852 1842 in
2881 1787 3005 1842 illos
3041 1785 3152 1840 lata
3181 1784 3362 1839 fuerat
3392 1781 3568 1838 resci-

292 1882 521 1955 ἀπαίρει,
580 1883 747 1936 κάκεῖ
794 1882 959 1956 συνῆν
993 1882 1246 1955 Εὖνομίῳ
1277 1900 1338 1937 τε
1388 1883 1484 1937 καὶ
1523 1882 1864 1954 Φλωρεντίῳ.

1976 1881 2163 1950 disset,
2197 1895 2294 1937 eos
2325 1896 2356 1936 a
2389 1880 2716 1937 criminibus
2745 1880 2977 1950 objectis
3018 1893 3188 1949 puros
3227 1886 3392 1948 atque
3423 1877 3567 1933 inte-

290 1975 391 2028 Καὶ
424 1978 538 2046 μετ’
571 1976 638 2030 οὐ
682 1976 849 2031 πολὺν
897 1976 1093 2051 χρόνον
1123 1976 1371 2049 τελευτᾷ,
1408 1977 1678 2048 Εὑνομίου
1714 1975 1776 2029 τό
1807 1993 1869 2029 τε

1976 1988 2100 2045 gros
2152 1975 2383 2041 dimisit.
2433 1975 2626 2029 Aetius
2679 1988 2810 2030 vero
2843 1973 2968 2029 istis
3001 1988 3188 2028 secum
3240 1973 3565 2041 assumptis,

292 2066 451 2138 στόμα
469 2068 784 2137 ωνελόντος
807 2068 938 2140 (18),
960 2070 1190 2133 καὶτοὺς
1205 2069 1517 2140 ὀφθαλμοὺς
1539 2071 1654 2132 τοῖς
1668 2066 1869 2122 δακτύ-

1976 2066 2504 2137 Constantinopolim
2545 2066 2846 2139 navigavit,
2878 2076 3044 2136 atque
3094 2064 3168 2120 ibi
3216 2079 3342 2119 cum
3377 2064 3569 2118 Euno-

290 2156 393 2225 λοις
420 2160 886 2238 περιστείλαντος,
936 2160 1032 2214 καί
1071 2178 1135 2230 γε
1178 2162 1273 2216 καὶ
1310 2162 1409 2234 τὴν
1442 2160 1608 2232 ἄλλην
1639 2160 1867 2234 κηδείαν

291 2249 419 2319 μετά
439 2251 545 2306 τῶν
591 2250 919 2327 ὀμοφρόνων
956 2251 1322 2326 τελεσαμένου
1356 2252 1493 2327 πρὸς
1519 2251 1582 2306 τὺ
1618 2250 1875 2325 λαμπρό-

287 2357 453 2400 τατον.

348 2608 408 2676 ζ’.
457 2610 579 2665 ὀτι
617 2610 772 2666 κατά
816 2611 1307 2683 Μαρκιανούπολιν
1344 2611 1599 2679 Εύδοξίου
1656 2613 1872 2669 συνδια-

283 2700 547 2778 τρίϐοντος
570 2701 663 2773 τῷ
689 2702 971 2767 Οὐάλεντι,
1002 2705 1030 2756 ὁ
1060 2704 1117 2756 ἐν
1149 2705 1721 2760 Κωνσταντινουπόλει
1746 2706 1870 2778 κλῆ-

285 2792 723 2865 ροςψηφίξον-ται
744 2794 950 2866 ταύτης
974 2794 1381 2850 ἀπελαύνεσθαι
1411 2798 1501 2851 τὸν
1533 2798 1743 2853 Ἀέτιον
1767 2798 1864 2872 (ὁ).

292 2880 344 2935 ὐ
387 2883 443 2938 δέ
475 2885 577 2957 τὴν
612 2886 947 2957 Καλχηδόνα
981 2888 1305 2943 καταλαϐὼν
1326 2930 1340 2954 ,
1405 2891 1608 2963 γράφει
1649 2892 1711 2946 τδ
1744 2911 1869 2948 συν-

280 2973 483 3045 ενεχθὲν
513 2976 787 3048 Εὑδηξίῳ.
832 2978 891 3031 '0
923 2978 980 3032 δὲ
1005 2980 1065 3032 οὐ
1090 2980 1248 3050 μόνον
1276 2981 1377 3035 οὐκ
1400 2983 1724 3055 ἀπεστράφη
1756 2986 1869 3048 τοῖς

280 3069 694 3141 γεγραμμένοις
744 3069 881 3141 (l9),
928 3070 1043 3123 ἀλλ’
1084 3073 1168 3125 ὅτι
1205 3072 1282 3144 μὴ
1325 3073 1420 3128 καὶ
1477 3072 1652 3147 μείζω
1703 3075 1868 3131 πάθοι

285 3154 647 3248 δυσχεραίνων·
682 3161 1034 3221 ἐπεδείκνυτο
1067 3164 1203 3237 (20).

350 3425 418 3489 η’.
468 3421 597 3476 Ὀτι
649 3422 1078 3493 συκοφαντοῦσι,
1116 3425 1301 3496 φησὶν,
1349 3425 1634 3498 Εὐνόμιον,
1683 3430 1742 3482 ἐν
1790 3427 1870 3500 τῷ

286 3512 461 3583 οἰκείῳ
491 3508 653 3587 ἀγρῷ
685 3515 1040 3589 κατακρύψαι
1075 3517 1168 3570 τὸν
1204 3519 1511 3591 Προκόπιον
1540 3521 1639 3594 τὴν
1670 3539 1871 3593 τυραν-

285 3603 393 3656 νίδα
426 3606 862 3678 ωλαμιῦμενον.
914 3611 1025 3663 Καὶ
1069 3610 1225 3681 μόλις
1266 3612 1431 3676 αὐτὸς
1472 3613 1574 3678 τὰς
1616 3615 1871 3679 διαϐολὰς

287 3694 376 3747 καὶ
404 3697 498 3750 τὸν
531 3699 754 3753 ἐκεῖθεν
794 3699 1151 3774 διεκρούσατο
1180 3701 1432 3759 θάνατον.
1477 3705 1798 3781 ’Υπερόριος
1823 3708 1870 3763 δ’

285 3782 373 3840 οὖν
400 3791 480 3854 εἰς
521 3792 623 3864 τὴν
664 3793 1026 3864 Μαυρουσίδα
1072 3795 1177 3866 γῆν
1210 3797 1579 3869 ἐκπέμπεται,
1612 3800 1869 3867 Αὑξονίου

285 3880 373 3932 τοῦ
407 3882 517 3939 τῶν
544 3886 907 3958 πραιτωρίων
946 3888 1193 3961 ἐπάρχου
1220 3890 1321 3961 τὴν
1359 3890 1538 3963 φυγὴν
1566 3892 1716 3963 αὑτῷ
1745 3895 1870 3947 ἐπι-

287 3968 552 4048 ϐαλόντος.
612 3975 760 4030 Ἀλλ’
787 3978 816 4031 ὁ
845 3977 943 4050 μὲν
979 3979 1246 4050 χειμῶνος
1277 3981 1429 4063 ὄντος
1452 3982 1690 4053 ἐπήγετο
1718 3981 1830 4055 (2i)
1850 3999 1866 4014 ο

1971 2162 2085 2218 mio
2118 2176 2183 2217 ac
2211 2159 2493 2216 Florentio
2517 2159 2675 2215 vixit.
2712 2158 2825 2215 Nec
2854 2159 3033 2214 multo
3063 2167 3191 2230 post
3237 2157 3494 2214 discessit
3538 2169 3571 2212 ο

1971 2250 2392 2318 vita,Eunomio
2419 2266 2483 2307 os
2508 2251 2560 2307 ei
2579 2251 2926 2317 occludente,
2954 2258 3009 2308 et
3030 2250 3224 2306 oculos
3248 2236 3436 2319 digiiis
3452 2247 3570 2304 suis

1971 2343 2391 2413 comprimente,
2446 2349 2502 2396 et
2547 2341 2758 2410 reliqua
2792 2355 2917 2410 quae
2965 2339 3033 2393 ad
3065 2338 3234 2393 funus
3273 2336 3569 2407 pertinent,

1972 2450 2081 2493 una
2114 2449 2242 2489 cum
2287 2416 2535 2503 ejusdem
2590 2431 2868 2503 opinionis
2915 2430 3284 2487 sectatoribus
3324 2423 3558 2499 splendi-

1971 2526 2202 2581 dissime
2246 2530 2604 2595 procurante.

2044 2617 2096 2670 7.
2124 2614 2421 2669 Eunomius
2455 2611 2921 2682 Constantinopoli
2951 2611 3160 2682 pulsus.
3198 2640 3268 2651 --
3295 2608 3435 2663 Dum
3459 2604 3567 2661 Eu-

1970 2708 2169 2763 doxius
2214 2704 2603 2775 Marcianopoli
2637 2712 2947 2759 moraretur
2986 2718 3094 2758 una
3141 2717 3268 2758 cum
3314 2699 3566 2767 Valente,

1971 2800 2151 2855 clerus
2175 2795 2437 2853 Ecclesiae
2463 2794 3082 2866 Constantinopolitanae
3123 2792 3454 2851 Eunomium
3490 2804 3561 2845 ex

1972 2889 2105 2945 urbe
2129 2888 2276 2960 regia
2300 2886 2610 2958 pellendum
2634 2890 2755 2942 esse
2781 2885 3042 2941 decrevit.
3063 2883 3370 2940 Eunomius
3404 2881 3574 2950 igitur

1970 2981 2380 3037 Chalcedonem
2406 2978 2709 3051 profectus,
2734 2979 2983 3034 Eudoxio
3002 2979 3054 3033 id
3089 2976 3238 3049 quod
3270 2976 3568 3043 acciderat,

1969 3088 2066 3144 per
2114 3073 2324 3127 litteras
2374 3072 2724 3144 signiﬁcavit.
2756 3070 2856 3127 llic
2880 3086 3010 3127 vero
3046 3070 3116 3127 iis
3182 3084 3306 3139 quae
3356 3066 3568 3137 scripta

1971 3164 2189 3221 fuerant
2218 3180 2326 3220 non
2354 3165 2519 3221 modo
2546 3173 2862 3223 commotus
2892 3179 3004 3220 non
3034 3171 3137 3230 est,
3178 3176 3371 3217 verum
3401 3159 3569 3217 etiam

1976 3259 2157 3330 palam
2184 3257 2450 3322 ostendit,
2503 3273 2648 3330 aegre
2698 3257 2844 3315 ferre
2873 3272 2933 3316 se
2962 3256 3110 3328 quod
3155 3255 3406 3328 graviora
3444 3266 3572 3323 per-

1975 3364 2175 3421 pessus
2206 3365 2316 3406 non
2352 3349 2571 3405 fuisset.

2045 3441 2098 3495 8.
2123 3440 2373 3496 Eunomii
2396 3440 2664 3496 exsilium.
2686 3438 2962 3494 Eudoxius
2982 3430 3568 3505 moritur.—Quidam.

1973 3542 2031 3587 Il
2049 3534 2124 3587 ait
2140 3531 2561 3604 Philostorgius,
2583 3530 2913 3587 Eunomium
2931 3527 3247 3587 calumniati
3262 3535 3410 3592 sunt,
3424 3521 3571 3595 quod

1975 3622 2031 3676 in
2064 3638 2196 3695 agro
2219 3638 2321 3679 suo
2344 3622 2670 3693 Procopium
2697 3622 3043 3687 occultasset,
3078 3618 3414 3693 tyrannidem
3440 3613 3575 3670 arri-
3688 3665 3694 3671 .

1975 3727 2106 3782 pere
2136 3714 2508 3769 meditantem.
2547 3712 2721 3780 Quam
2750 3712 3101 3778 calumniam,
3131 3717 3471 3777 mortemque
3500 3702 3572 3758 ob

1977 3803 2031 3857 id
2057 3804 2403 3871 intentatam,
2434 3821 2576 3876 aegre
2595 3805 2890 3861 admodum
2916 3803 3103 3873 effugit
3124 3800 3448 3856 Eunomius.
3472 3796 3573 3851 Ex-

1975 3893 2062 3946 sul
2093 3900 2271 3948 tamen
2296 3895 2500 3950 missus
2533 3902 2619 3949 est
2643 3893 2698 3948 in
2733 3892 3139 3958 Mauritaniam,
3163 3889 3414 3944 Ausonio
3434 3901 3574 3957 prm-

1973 3982 2115 4039 fccto
2130 3984 2368 4055 praetorii
2394 3985 2534 4044 hanc
2548 3986 2599 4042 ei
2625 3999 2844 4058 plenam
2870 3974 3165 4055 irrogante.
3186 3982 3254 4038 Et
3270 3978 3573 4036 Eunomius

1527 4157 1772 4202 VALESII
1809 4156 2312 4205 ANNOTATIONES.

314 4292 463 4381 7(l6)
488 4296 797 4381 Q5tmg§é
820 4293 1021 4381 ρι’ξτοςἶ
1074 4300 1434 4381 Scribendum
1464 4310 1598 4381 puto
1622 4299 1777 4368 οὗτος
1810 4304 1868 4381 δέ

285 4368 541 4440 οὖνκατὰ
588 4368 1113 4440 πολλὴννέξουσίαν.
1163 4370 1266 4425 Sed
1304 4381 1358 4426 et
1403 4368 1566 4440 paulo
1615 4382 1742 4427 ante
1777 4374 1867 4427 ubi

284 4434 474 4519 [figitur
512 4440 612 4493 καὶ
649 4434 1035 4519 ’τῷἙῦνομίῳ
1083 4442 1320 4519 συνῆσαν
1359 4434 1417 4495 τέ
1456 4444 1552 4496 καὶ
1578 4443 1872 4519 μσυνδιεβέ-

285 4504 496 4584 (ξληντο,
552 4504 782 4584 melius,
821 4518 881 4584 ut
917 4504 1135 4584 opinor,
1177 4504 1510 4584 scriberetur
1537 4512 1613 4584 τῷ
1654 4515 1864 4584 Ἁετίῳ.

281 4578 586 4652 dccpsatus
610 4580 787 4652 enim,
821 4578 1131 4652 licetfalso,
1159 4583 1301 4650 apud
1339 4578 1665 4652 Procopium
1693 4578 1872 4638 fuerat

283 4643 686 4724 Aetius,_quod
719 4643 903 4724 partes
933 4649 1173 4724 valentis
1197 4643 1432 4719 foveret,
1472 4643 1532 4708 nt
1557 4654 1720 4724 paulo
1746 4664 1871 4710 ante

283 4718 464 4795 retulit
496 4718 939 4795 Philostorgius;
968 4720 1237 4795 Eunomio
1277 4738 1415 4795 vero
1444 4724 1497 4776 id
1529 4718 1735 4778 crimen
1772 4727 1873 4779 ob-

282 4788 482 4862 iectum
507 4806 625 4862 non
663 4789 877 4862 fuerat:
902 4788 1021 4855 Quo
1039 4791 1183 4844 enim
1206 4793 1371 4846 modo
1404 4793 1458 4847 id
1482 4795 1646 4862 objici
1675 4796 1876 4862 potuis-

285 4856 690 4933 sclEunomio,
724 4860 818 4927 qui
847 4858 1170 4933 Procopium
1206 4864 1260 4916 in
1292 4879 1420 4933 agro
1452 4856 1878 4920 suo'Chalcedo-

285 4929 435 5002 nensi
472 4931 882 5002 occultaverat,
907 4939 961 4984 et
982 4929 1368 5002 quiCyzieui'n
1401 4933 1680 5002 profectus
1702 4934 1878 4991 fuerat

284 4997 348 5049 ad
383 4997 754 5069 Procopium,
783 5015 880 5069 pro
904 4997 1133 5069 captivis
1159 4997 1587 5059 intercessurus.
1852 5048 1855 5052 -

320 5068 490 5149 '(17).
513 5067 579 5123 Ὀ
602 5069 677 5123 δὲ
710 5067 942 5149 ξίέτιος,
964 5067 1136 5149 τοὺς.
1159 5071 1518 5149 Scribendum
1555 5076 1741 5149 procul
1772 5075 1876 5131 du-

283 5133 371 5219 bio
398 5133 670 5204 τούτους,
713 5139 765 5219 id
804 5133 1346 5219 estIHertfenianum
1376 5152 1427 5219 et
1470 5133 1875 5212 Gerresianum,

284 5210 375 5274 qui
413 5226 522 5264 una
552 5227 686 5265 cum
721 5210 841 5279 ipso
862 5212 1104 5267 accusati
1134 5213 1347 5267 fuerant
1375 5215 1552 5269 Aetio.

354 5280 467 5352 (18)
508 5283 584 5339 Τό
620 5297 687 5334 τε
728 5281 922 5352 στόμα
947 5284 1379 5349 συνελθόντος.
1416 5285 1637 5344 Rectius
1682 5291 1734 5343 in
1765 5305 1870 5343 ma.

287 5351 571 5423 ltuscr’ipto
628 5351 826 5408 codice
857 5351 1131 5411 Samuelis
1186 5352 1443 5411 Bocharti
1471 5361 1729 5416 scribitur
1755 5378 1880 5414 συν-

2238 4375 2360 4428 Οὺκ
2395 4370 2753 4441 ἀπεστράφη
2791 4369 2923 4442 τοῖς
2952 4364 3403 4442 γειναμσιιέένοίςε
3422 4363 3570 4442 -Νοη

1903 4410 1948 4465 D
1978 4410 2183 4499 dtuli-ilo.
2199 4410 2360 4513 quin"
2766 4410 2857 4497 sitv
2872 4410 2973 4513 ιῖὺέ
3001 4410 3436 4513 ἐξεσδτράφηξιᾱ
3463 4445 3569 4513 est,

1979 4506 2257 4568 Eat/laxius
2302 4530 2420 4568 vero
2440 4530 2504 4567 ea
2538 4528 2657 4584 qua:
2687 4512 2752 4566 ab
2776 4510 2928 4584 Aetio
2957 4511 3026 4562 ad
3051 4510 3225 4584 ipsum
3247 4508 3450 4584 scriptu
3479 4506 3572 4584 fat-:-

1976 4594 2161 4647 erant,
2196 4600 2301 4638 non
2339 4587 2494 4639 modo
2548 4576 2655 4638 non
2699 4580 2962 4643 attendit,
3000 4579 3077 4632 vel
3117 4594 3223 4632 non
3251 4576 3473 4631 curavit.
3515 4576 3571 4631 Id

1977 4655 2122 4726 enim
2148 4655 2422 4726 significat
2456 4654 2683 4710 verbum
2700 4648 3151 4722 ἐπιστρέφεσθαι,
3177 4656 3238 4703 ut
3265 4648 3423 4702 docet
3449 4647 3575 4701 Sui-

1983 4725 2178 4865 “iam
2233 4794 2419 4856 Μείζω
2476 4793 2669 4861 πάθος
2702 4790 3122 4865 δυσχεραίνφνῖ
3151 4788 3570 4865 ᾀπεδείξξνιῐῖο·

1984 4858 2170 4936 ΙΙιιῙυέ
2197 4866 2300 4921 loci
2331 4858 2658 4922 emendatio
2686 4858 2916 4919 debetur
2952 4861 3125 4914 codici
3159 4858 3432 4914 Samuelis
3465 4860 3572 4936 tgo-

1984 4928 2181 4992 cliarti.
2229 4939 2400 5002 Quem
2450 4952 2551 5004 ego
2607 4944 2900 5005 antequam
2932 4939 3123 5005 nactus
3169 4928 3573 5005 essein,a:dt6m

1983 4998 2422 5088 emendaveram.
2460 4998 2539 5061 lia
2590 4998 2768 5062 eniin'
2791 5002 3078 5075 legendum
3110 5015 3231 5055 esse
3287 4998 3407 5069 ipsa
3438 5013 3570 5068 syn-

1984 5087 2140 5220 tmzlﬁsl
2154 5078 2510 5220 fugamne
2536 5147 2724 5220 ὄντοςΔ
2738 5143 3016 5220 ἐπήγετο,
3060 5135 3438 5220 δεςῖρριιάυῃὶ,
3454 5150 3573 5204 pr0<

1986 5207 2076 5343 (cui
2101 5207 2267 5273 dubio
2292 5207 2375 5273 est
2404 5207 2767 5288 ἀπῆγετοξίύ
2802 5207 2907 5283 est,
2948 5207 3010 5270 in»
3045 5210 3295 5268 exsilium
3334 5207 3568 5260 abduce-

2020 5298 2159 5342 atur.

1772 5512 2125 5559 VARIORUM.

361 5642 439 5706 (α)
500 5638 621 5707 Τῆς
684 5634 906 5705 νήσου.
950 5630 1131 5707 Insula
1175 5630 1297 5707 haec
1347 5642 1465 5707 erat
1499 5633 1730 5703 Lesbos,
1770 5652 1883 5707 quo
1991 5653 2088 5694 sua
2114 5637 2559 5707 interpretatione
2578 5634 2897 5707 Eunomium
2919 5632 3195 5707 prorAetio
3214 5632 3478 5707 posuerit,
3495 5630 3565 5686 de

292 5701 495 5778 Actius,
519 5701 718 5766 relicta
742 5701 1233 5779 Constantinopoli,
1265 5705 1597 5779 navigasset,
1628 5716 1687 5761 ut
1713 5701 1883 5777 Supra
1991 5724 2101 5777 quo
2137 5701 2277 5779 nihil
2307 5708 2597 5779 monuitin
2632 5704 2795 5769 notis,
2826 5701 2937 5779 imo
2968 5705 3076 5762 illic
3097 5707 3164 5762 de
3195 5703 3354 5762 Actio
3389 5705 3567 5777 (aeque

293 5777 544 5837 narratur
565 5796 696 5849 cap.
730 5777 784 5831 4.

363 5851 437 5924 ξίν)
470 5851 586 5911 Τὸν
634 5844 890 5906 Ἂέτιον-
943 5844 1059 5905 Non
1092 5847 1249 5904 video
1299 5862 1397 5905 cur
1430 5846 1678 5909 Valesius
1704 5846 1792 5905 hic
1827 5848 1882 5905 in

1995 5774 2057 5837 ac
2080 5777 2476 5848 Gothofredus)
2518 5777 2632 5833 haec
2666 5774 2894 5846 accepit.
