  <div class='ocr_page' id='page_1' title='image "/cluster/home/n/w/nwhite01/storage/ocr_20150623/65/mdp.39015008972203/295.png"; bbox 0 0 4028 6330; ppageno 0'>
   <div class='ocr_carea' id='block_1_1' title="bbox 467 355 578 415">
    <p class='ocr_par' dir='ltr' id='par_1_1' title="bbox 467 355 578 415">
     <span class='ocr_line' id='line_1_1' title="bbox 467 355 578 415; baseline 0.009 -2"><span class='ocrx_word' id='word_1_1' title='bbox 467 355 578 415; x_wconf 79' lang='lat'><strong>579</strong></span> 
     </span>
    </p>
   </div>
   <div class='ocr_carea' id='block_1_2' title="bbox 1855 346 2342 406">
    <p class='ocr_par' dir='ltr' id='par_1_2' title="bbox 1855 346 2342 406">
     <span class='ocr_line' id='line_1_2' title="bbox 1855 346 2342 406; baseline 0 -2"><span class='ocrx_word' id='word_1_2' title='bbox 1855 346 2342 406; x_wconf 77' lang='lat' dir='ltr'><strong>PHILOSTORGII</strong></span> 
     </span>
    </p>
   </div>
   <div class='ocr_carea' id='block_1_3' title="bbox 3631 349 3729 408">
    <p class='ocr_par' dir='ltr' id='par_1_3' title="bbox 3631 349 3729 408">
     <span class='ocr_line' id='line_1_3' title="bbox 3631 349 3729 408; baseline 0.02 -2"><span class='ocrx_word' id='word_1_3' title='bbox 3631 349 3729 408; x_wconf 80' lang='lat'><strong>580</strong></span> 
     </span>
    </p>
   </div>
   <div class='ocr_carea' id='block_1_4' title="bbox 469 463 2054 552">
    <p class='ocr_par' dir='ltr' id='par_1_4' title="bbox 469 469 2048 543">
     <span class='ocr_line' id='line_1_4' title="bbox 469 469 2048 543; baseline -0.004 -13"><span class='ocrx_word' id='word_1_4' title='bbox 469 474 525 531; x_wconf 99' lang='lat' dir='ltr'><strong>id</strong></span> <span class='ocrx_word' id='word_1_5' title='bbox 551 473 696 529; x_wconf 90' lang='lat' dir='ltr'><strong>enim</strong></span> <span class='ocrx_word' id='word_1_6' title='bbox 727 479 848 529; x_wconf 80' lang='lat' dir='ltr'><strong>erat</strong></span> <span class='ocrx_word' id='word_1_7' title='bbox 875 471 1226 543; x_wconf 86' lang='lat' dir='ltr'><strong>protestatio;</strong></span> <span class='ocrx_word' id='word_1_8' title='bbox 1257 478 1312 525; x_wconf 91' lang='lat' dir='ltr'><strong>et</strong></span> <span class='ocrx_word' id='word_1_9' title='bbox 1339 469 1664 524; x_wconf 87' lang='lat' dir='ltr'><strong>Eunomium</strong></span> <span class='ocrx_word' id='word_1_10' title='bbox 1699 477 1814 523; x_wconf 87' lang='lat' dir='ltr'><strong>tum</strong></span> <span class='ocrx_word' id='word_1_11' title='bbox 1842 469 2048 524; x_wconf 88' lang='lat' dir='ltr'><strong>oratio-</strong></span> 
     </span>
    </p>
   </div>
   <div class='ocr_carea' id='block_1_5' title="bbox 2156 463 3728 552">
    <p class='ocr_par' dir='ltr' id='par_1_5' title="bbox 2156 463 3728 543">
     <span class='ocr_line' id='line_1_5' title="bbox 2156 463 3728 543; baseline -0.004 -21"><span class='ocrx_word' id='word_1_12' title='bbox 2156 485 2280 532; x_wconf 87' lang='grc' dir='ltr'>νους</span> <span class='ocrx_word' id='word_1_13' title='bbox 2305 464 2484 521; x_wconf 81' lang='grc' dir='ltr'>αὐτῶν</span> <span class='ocrx_word' id='word_1_14' title='bbox 2513 465 2582 519; x_wconf 84' lang='grc' dir='ltr'>τὰ</span> <span class='ocrx_word' id='word_1_15' title='bbox 2613 465 2934 536; x_wconf 82' lang='grc' dir='ltr'>μαθήματα,</span> <span class='ocrx_word' id='word_1_16' title='bbox 2961 464 3066 518; x_wconf 83' lang='grc' dir='ltr'><strong>ὑπὸ</strong></span> <span class='ocrx_word' id='word_1_17' title='bbox 3100 463 3192 537; x_wconf 78' lang='grc' dir='ltr'><strong>τὴν</strong></span> <span class='ocrx_word' id='word_1_18' title='bbox 3217 463 3388 537; x_wconf 82' lang='grc' dir='ltr'>αὐτὴν</span> <span class='ocrx_word' id='word_1_19' title='bbox 3412 465 3555 539; x_wconf 74' lang='grc' dir='ltr'>ἀρὰν</span> <span class='ocrx_word' id='word_1_20' title='bbox 3582 484 3728 543; x_wconf 77' lang='grc' dir='ltr'>ποιη.</span> 
     </span>
    </p>
   </div>
   <div class='ocr_carea' id='block_1_6' title="bbox 471 562 2044 636">
    <p class='ocr_par' dir='ltr' id='par_1_6' title="bbox 471 562 2044 636">
     <span class='ocr_line' id='line_1_6' title="bbox 471 562 2044 636; baseline -0.003 -16"><span class='ocrx_word' id='word_1_21' title='bbox 471 566 656 632; x_wconf 88' lang='lat' dir='ltr'><strong>nibus,</strong></span> <span class='ocrx_word' id='word_1_22' title='bbox 684 576 798 622; x_wconf 91' lang='lat' dir='ltr'><strong>tum</strong></span> <span class='ocrx_word' id='word_1_23' title='bbox 830 566 1049 636; x_wconf 77' lang='lat' dir='ltr'><strong>scriptis</strong></span> <span class='ocrx_word' id='word_1_24' title='bbox 1076 563 1291 634; x_wconf 90' lang='lat' dir='ltr'><strong>publice</strong></span> <span class='ocrx_word' id='word_1_25' title='bbox 1315 563 1639 618; x_wconf 73' lang='lat' dir='ltr'><strong>Annmmum</strong></span> <span class='ocrx_word' id='word_1_26' title='bbox 1663 562 2044 633; x_wconf 80' lang='lat' dir='ltr'><strong>appellassent,</strong></span> 
     </span>
    </p>
   </div>
   <div class='ocr_carea' id='block_1_7' title="bbox 471 653 2046 728">
    <p class='ocr_par' dir='ltr' id='par_1_7' title="bbox 471 653 2046 728">
     <span class='ocr_line' id='line_1_7' title="bbox 471 653 2046 728; baseline -0.004 -15"><span class='ocrx_word' id='word_1_27' title='bbox 471 657 743 728; x_wconf 86' lang='lat' dir='ltr'><strong>ﬁdemque</strong></span> <span class='ocrx_word' id='word_1_28' title='bbox 777 673 962 713; x_wconf 89' lang='lat' dir='ltr'><strong>eorum</strong></span> <span class='ocrx_word' id='word_1_29' title='bbox 1008 667 1062 711; x_wconf 90' lang='lat' dir='ltr'><strong>et</strong></span> <span class='ocrx_word' id='word_1_30' title='bbox 1095 664 1320 712; x_wconf 90' lang='lat' dir='ltr'><strong>cunctos</strong></span> <span class='ocrx_word' id='word_1_31' title='bbox 1367 655 1459 725; x_wconf 91' lang='lat' dir='ltr'><strong>qui</strong></span> <span class='ocrx_word' id='word_1_32' title='bbox 1508 670 1696 710; x_wconf 90' lang='lat' dir='ltr'><strong>eorum</strong></span> <span class='ocrx_word' id='word_1_33' title='bbox 1743 653 2046 708; x_wconf 74' lang='lat' dir='ltr'><strong>doctrinam</strong></span> 
     </span>
    </p>
   </div>
   <div class='ocr_carea' id='block_1_8' title="bbox 471 745 2045 818">
    <p class='ocr_par' dir='ltr' id='par_1_8' title="bbox 471 745 2045 818">
     <span class='ocr_line' id='line_1_8' title="bbox 471 745 2045 818; baseline -0.006 -14"><span class='ocrx_word' id='word_1_34' title='bbox 471 750 946 818; x_wconf 75' lang='lat' dir='ltr'><strong>amplecterentur,</strong></span> <span class='ocrx_word' id='word_1_35' title='bbox 1013 747 1186 802; x_wconf 87' lang='lat' dir='ltr'><strong>eidem</strong></span> <span class='ocrx_word' id='word_1_36' title='bbox 1249 747 1582 802; x_wconf 84' lang='lat' dir='ltr'><strong>anathemati</strong></span> <span class='ocrx_word' id='word_1_37' title='bbox 1650 745 2045 814; x_wconf 88' lang='lat' dir='ltr'><strong>subjecissent,</strong></span> 
     </span>
    </p>
   </div>
   <div class='ocr_carea' id='block_1_9' title="bbox 477 838 2046 909">
    <p class='ocr_par' dir='ltr' id='par_1_9' title="bbox 477 838 2046 909">
     <span class='ocr_line' id='line_1_9' title="bbox 477 838 2046 909; baseline -0.003 -15"><span class='ocrx_word' id='word_1_38' title='bbox 477 842 690 894; x_wconf 84' lang='lat' dir='ltr'><strong>tandem</strong></span> <span class='ocrx_word' id='word_1_39' title='bbox 710 838 960 909; x_wconf 82' lang='lat' dir='ltr'><strong>Cyziceni</strong></span> <span class='ocrx_word' id='word_1_40' title='bbox 981 838 1374 893; x_wconf 86' lang='lat' dir='ltr'><strong>ordinationem</strong></span> <span class='ocrx_word' id='word_1_41' title='bbox 1397 839 1754 901; x_wconf 87' lang='lat' dir='ltr'><strong>admiserunt,</strong></span> <span class='ocrx_word' id='word_1_42' title='bbox 1775 838 2046 892; x_wconf 89' lang='lat' dir='ltr'><strong>neminem</strong></span> 
     </span>
    </p>
   </div>
   <div class='ocr_carea' id='block_1_10' title="bbox 2157 555 3735 631">
    <p class='ocr_par' dir='ltr' id='par_1_10' title="bbox 2157 555 3735 631">
     <span class='ocr_line' id='line_1_10' title="bbox 2157 555 3735 631; baseline 0 -17"><span class='ocrx_word' id='word_1_43' title='bbox 2157 559 2428 631; x_wconf 85' lang='grc' dir='ltr'>σαμένων,</span> <span class='ocrx_word' id='word_1_44' title='bbox 2474 557 2796 626; x_wconf 81' lang='grc' dir='ltr'><strong>ὑφίστανται</strong></span> <span class='ocrx_word' id='word_1_45' title='bbox 2845 555 2944 627; x_wconf 84' lang='grc' dir='ltr'>τὴν</span> <span class='ocrx_word' id='word_1_46' title='bbox 2989 556 3361 628; x_wconf 57' lang='grc' dir='ltr'>χειροτονίαν</span> <span class='ocrx_word' id='word_1_47' title='bbox 3406 559 3505 628; x_wconf 75' lang='grc' dir='ltr'><strong>οὐχ</strong></span> <span class='ocrx_word' id='word_1_48' title='bbox 3553 559 3735 631; x_wconf 79' lang='grc' dir='ltr'>ἕτερόν</span> 
     </span>
    </p>
   </div>
   <div class='ocr_carea' id='block_1_11' title="bbox 2153 644 3734 716">
    <p class='ocr_par' dir='ltr' id='par_1_11' title="bbox 2153 644 3734 716">
     <span class='ocr_line' id='line_1_11' title="bbox 2153 644 3734 716; baseline 0.001 -14"><span class='ocrx_word' id='word_1_49' title='bbox 2153 666 2275 702; x_wconf 85' lang='grc' dir='ltr'>τινα</span> <span class='ocrx_word' id='word_1_50' title='bbox 2304 647 2509 716; x_wconf 83' lang='grc' dir='ltr'>ταύτην</span> <span class='ocrx_word' id='word_1_51' title='bbox 2541 645 2714 698; x_wconf 87' lang='grc' dir='ltr'>ὲλθεῖν</span> <span class='ocrx_word' id='word_1_52' title='bbox 2757 644 2868 714; x_wconf 75' lang='grc'>(51)</span> <span class='ocrx_word' id='word_1_53' title='bbox 2902 645 3284 716; x_wconf 88' lang='grc' dir='ltr'>ἀνασχόμενοι,</span> <span class='ocrx_word' id='word_1_54' title='bbox 3330 647 3445 698; x_wconf 77' lang='grc' dir='ltr'>ἀλλ’</span> <span class='ocrx_word' id='word_1_55' title='bbox 3473 647 3532 700; x_wconf 85' lang='grc' dir='ltr'>ὃν</span> <span class='ocrx_word' id='word_1_56' title='bbox 3558 648 3734 703; x_wconf 80' lang='grc' dir='ltr'>αὐτῶν</span> 
     </span>
    </p>
   </div>
   <div class='ocr_carea' id='block_1_12' title="bbox 2155 726 3734 810">
    <p class='ocr_par' dir='ltr' id='par_1_12' title="bbox 2155 726 3734 810">
     <span class='ocr_line' id='line_1_12' title="bbox 2155 726 3734 810; baseline -0.004 -16"><span class='ocrx_word' id='word_1_57' title='bbox 2155 743 2212 794; x_wconf 88' lang='grc' dir='ltr'>αἱ</span> <span class='ocrx_word' id='word_1_58' title='bbox 2235 740 2404 810; x_wconf 79' lang='grc' dir='ltr'>ψῆφοι</span> <span class='ocrx_word' id='word_1_59' title='bbox 2445 737 2834 809; x_wconf 81' lang='grc' dir='ltr'><strong>προσέταττον.</strong></span> <span class='ocrx_word' id='word_1_60' title='bbox 2876 738 2937 789; x_wconf 83' lang='lat'><strong>&#39;0</strong></span> <span class='ocrx_word' id='word_1_61' title='bbox 2970 736 3027 789; x_wconf 91' lang='grc' dir='ltr'><strong>δέ</strong></span> <span class='ocrx_word' id='word_1_62' title='bbox 3075 753 3140 804; x_wconf 89' lang='grc' dir='ltr'><strong>γε</strong></span> <span class='ocrx_word' id='word_1_63' title='bbox 3181 738 3601 808; x_wconf 71' lang='grc' dir='ltr'>χειροτονηθεὶς,</span> <span class='ocrx_word' id='word_1_64' title='bbox 3648 726 3734 794; x_wconf 49' lang='lat' dir='ltr'><strong>ab:</strong></span> 
     </span>
    </p>
   </div>
   <div class='ocr_carea' id='block_1_13' title="bbox 2156 827 3422 901">
    <p class='ocr_par' dir='ltr' id='par_1_13' title="bbox 2156 827 3422 901">
     <span class='ocr_line' id='line_1_13' title="bbox 2156 827 3422 901; baseline 0.006 -25"><span class='ocrx_word' id='word_1_65' title='bbox 2156 833 2253 894; x_wconf 79' lang='grc' dir='ltr'>οὺς</span> <span class='ocrx_word' id='word_1_66' title='bbox 2281 829 2551 901; x_wconf 80' lang='grc' dir='ltr'>λαμπρῶς</span> <span class='ocrx_word' id='word_1_67' title='bbox 2586 829 2852 899; x_wconf 79' lang='grc' dir='ltr'>ἐκήρυττε</span> <span class='ocrx_word' id='word_1_68' title='bbox 2883 828 2944 880; x_wconf 82' lang='grc' dir='ltr'><strong>τὸ</strong></span> <span class='ocrx_word' id='word_1_69' title='bbox 2979 829 3090 897; x_wconf 74' lang='lat'><strong>(5‘2)</strong></span> <span class='ocrx_word' id='word_1_70' title='bbox 3116 827 3422 898; x_wconf 82' lang='grc' dir='ltr'>ὁμοούσιον.</span> 
     </span>
    </p>
   </div>
   <div class='ocr_carea' id='block_1_14' title="bbox 474 921 3733 1003">
    <p class='ocr_par' dir='ltr' id='par_1_14' title="bbox 474 921 3733 1003">
     <span class='ocr_line' id='line_1_14' title="bbox 474 921 3733 1003; baseline -0.003 -14"><span class='ocrx_word' id='word_1_71' title='bbox 474 935 642 989; x_wconf 88' lang='lat' dir='ltr'><strong>alium</strong></span> <span class='ocrx_word' id='word_1_72' title='bbox 684 933 749 988; x_wconf 89' lang='lat' dir='ltr'><strong>ad</strong></span> <span class='ocrx_word' id='word_1_73' title='bbox 771 934 1142 1003; x_wconf 81' lang='lat' dir='ltr'><strong>episcopatum</strong></span> <span class='ocrx_word' id='word_1_74' title='bbox 1190 934 1496 1003; x_wconf 78' lang='lat' dir='ltr'><strong>promoveri</strong></span> <span class='ocrx_word' id='word_1_75' title='bbox 1534 933 1719 1003; x_wconf 89' lang='lat' dir='ltr'><strong>passi,</strong></span> <span class='ocrx_word' id='word_1_76' title='bbox 1752 933 1859 988; x_wconf 88' lang='lat' dir='ltr'><strong>nisi</strong></span> <span class='ocrx_word' id='word_1_77' title='bbox 1890 946 2052 1002; x_wconf 89' lang='lat' dir='ltr'><strong>quem</strong></span> <span class='ocrx_word' id='word_1_78' title='bbox 2093 929 2337 999; x_wconf 83' lang='lat' dir='ltr'><strong>ipsorum</strong></span> <span class='ocrx_word' id='word_1_79' title='bbox 2385 925 2637 995; x_wconf 68' lang='lat' dir='ltr'><strong>suffragia</strong></span> <span class='ocrx_word' id='word_1_80' title='bbox 2687 924 3075 993; x_wconf 73' lang='lat' dir='ltr'><strong>praztulissent.</strong></span> <span class='ocrx_word' id='word_1_81' title='bbox 3128 921 3396 992; x_wconf 73' lang='lat' dir='ltr'><strong>Caeterum</strong></span> <span class='ocrx_word' id='word_1_82' title='bbox 3429 924 3475 978; x_wconf 91' lang='lat' dir='ltr'><strong>is</strong></span> <span class='ocrx_word' id='word_1_83' title='bbox 3511 924 3603 994; x_wconf 93' lang='lat' dir='ltr'><strong>qui</strong></span> <span class='ocrx_word' id='word_1_84' title='bbox 3643 939 3733 980; x_wconf 87' lang='lat' dir='ltr'><strong>or-</strong></span> 
     </span>
    </p>
   </div>
   <div class='ocr_carea' id='block_1_15' title="bbox 471 1017 2420 1092">
    <p class='ocr_par' dir='ltr' id='par_1_15' title="bbox 471 1017 2420 1092">
     <span class='ocr_line' id='line_1_15' title="bbox 471 1017 2420 1092; baseline -0.005 -14"><span class='ocrx_word' id='word_1_85' title='bbox 471 1024 693 1079; x_wconf 89' lang='lat' dir='ltr'><strong>dinatus</strong></span> <span class='ocrx_word' id='word_1_86' title='bbox 745 1033 848 1087; x_wconf 90' lang='lat' dir='ltr'><strong>est,</strong></span> <span class='ocrx_word' id='word_1_87' title='bbox 887 1024 1029 1077; x_wconf 89' lang='lat' dir='ltr'><strong>illico</strong></span> <span class='ocrx_word' id='word_1_88' title='bbox 1074 1025 1591 1080; x_wconf 77' lang='lat' dir='ltr'><strong>consubstantialem</strong></span> <span class='ocrx_word' id='word_1_89' title='bbox 1623 1024 1820 1078; x_wconf 88' lang='lat' dir='ltr'><strong>Filium</strong></span> <span class='ocrx_word' id='word_1_90' title='bbox 1869 1023 2048 1092; x_wconf 87' lang='lat' dir='ltr'><strong>palam</strong></span> <span class='ocrx_word' id='word_1_91' title='bbox 2085 1017 2420 1090; x_wconf 70' lang='lat' dir='ltr'><strong>praedicavit.</strong></span> 
     </span>
    </p>
   </div>
   <div class='ocr_carea' id='block_1_16' title="bbox 542 1113 2047 1182">
    <p class='ocr_par' dir='ltr' id='par_1_16' title="bbox 542 1113 2047 1182">
     <span class='ocr_line' id='line_1_16' title="bbox 542 1113 2047 1182; baseline -0.001 -14"><span class='ocrx_word' id='word_1_92' title='bbox 542 1115 627 1168; x_wconf 73' lang='grc'><strong>14.</strong></span> <span class='ocrx_word' id='word_1_93' title='bbox 667 1113 961 1167; x_wconf 65' lang='lat' dir='ltr'><strong>Daret/reus</strong></span> <span class='ocrx_word' id='word_1_94' title='bbox 986 1130 1066 1182; x_wconf 78' lang='lat' dir='ltr'><strong>ep.</strong></span> <span class='ocrx_word' id='word_1_95' title='bbox 1112 1115 1354 1170; x_wconf 80' lang='lat' dir='ltr'><strong>Antioch.</strong></span> <span class='ocrx_word' id='word_1_96' title='bbox 1380 1115 1678 1170; x_wconf 86' lang='lat' dir='ltr'><strong>—Mortuo</strong></span> <span class='ocrx_word' id='word_1_97' title='bbox 1712 1115 1916 1168; x_wconf 85' lang='lat' dir='ltr'><strong>Euzoio</strong></span> <span class='ocrx_word' id='word_1_98' title='bbox 1941 1113 2047 1166; x_wconf 84' lang='lat' dir='ltr'><strong>An—</strong></span> 
     </span>
    </p>
   </div>
   <div class='ocr_carea' id='block_1_17' title="bbox 469 1204 2044 1274">
    <p class='ocr_par' dir='ltr' id='par_1_17' title="bbox 469 1204 2044 1274">
     <span class='ocr_line' id='line_1_17' title="bbox 469 1204 2044 1274; baseline 0 -14"><span class='ocrx_word' id='word_1_99' title='bbox 469 1205 733 1260; x_wconf 88' lang='lat' dir='ltr'><strong>tiochensi</strong></span> <span class='ocrx_word' id='word_1_100' title='bbox 768 1206 1044 1274; x_wconf 81' lang='lat' dir='ltr'><strong>episcopo,</strong></span> <span class='ocrx_word' id='word_1_101' title='bbox 1083 1205 1388 1262; x_wconf 88' lang='lat' dir='ltr'><strong>Dorothens</strong></span> <span class='ocrx_word' id='word_1_102' title='bbox 1418 1222 1483 1260; x_wconf 83' lang='lat' dir='ltr'><strong>ex</strong></span> <span class='ocrx_word' id='word_1_103' title='bbox 1517 1205 1773 1260; x_wconf 83' lang='lat' dir='ltr'><strong>Heraclea</strong></span> <span class='ocrx_word' id='word_1_104' title='bbox 1796 1204 2044 1260; x_wconf 72' lang='lat' dir='ltr'><strong>Thracia:</strong></span> 
     </span>
    </p>
   </div>
   <div class='ocr_carea' id='block_1_18' title="bbox 469 1297 2043 1368">
    <p class='ocr_par' dir='ltr' id='par_1_18' title="bbox 469 1297 2043 1368">
     <span class='ocr_line' id='line_1_18' title="bbox 469 1297 2043 1368; baseline -0.001 -16"><span class='ocrx_word' id='word_1_105' title='bbox 469 1299 523 1352; x_wconf 92' lang='lat' dir='ltr'><strong>in</strong></span> <span class='ocrx_word' id='word_1_106' title='bbox 559 1299 678 1366; x_wconf 85' lang='lat' dir='ltr'><strong>ejus</strong></span> <span class='ocrx_word' id='word_1_107' title='bbox 709 1298 889 1352; x_wconf 90' lang='lat' dir='ltr'><strong>sedem</strong></span> <span class='ocrx_word' id='word_1_108' title='bbox 927 1298 1226 1353; x_wconf 82' lang='lat' dir='ltr'><strong>translatus</strong></span> <span class='ocrx_word' id='word_1_109' title='bbox 1259 1305 1361 1352; x_wconf 90' lang='lat' dir='ltr'><strong>est.</strong></span> <span class='ocrx_word' id='word_1_110' title='bbox 1391 1297 1693 1368; x_wconf 89' lang='lat' dir='ltr'><strong>Utrumque</strong></span> <span class='ocrx_word' id='word_1_111' title='bbox 1725 1312 1910 1367; x_wconf 89' lang='lat' dir='ltr'><strong>porro,</strong></span> <span class='ocrx_word' id='word_1_112' title='bbox 1933 1306 2043 1351; x_wconf 90' lang='lat' dir='ltr'><strong>tam</strong></span> 
     </span>
    </p>
   </div>
   <div class='ocr_carea' id='block_1_19' title="bbox 469 1387 2046 1461">
    <p class='ocr_par' dir='ltr' id='par_1_19' title="bbox 469 1387 2046 1461">
     <span class='ocr_line' id='line_1_19' title="bbox 469 1387 2046 1461; baseline 0 -18"><span class='ocrx_word' id='word_1_113' title='bbox 469 1387 871 1457; x_wconf 89' lang='lat' dir='ltr'><strong>Demophilum,</strong></span> <span class='ocrx_word' id='word_1_114' title='bbox 925 1406 1086 1458; x_wconf 78' lang='lat' dir='ltr'><strong>quam</strong></span> <span class='ocrx_word' id='word_1_115' title='bbox 1143 1390 1472 1445; x_wconf 88' lang='lat' dir='ltr'><strong>Dorotheum</strong></span> <span class='ocrx_word' id='word_1_116' title='bbox 1507 1391 1820 1461; x_wconf 80' lang='lat' dir='ltr'><strong>perstringit</strong></span> <span class='ocrx_word' id='word_1_117' title='bbox 1861 1391 2046 1444; x_wconf 77' lang='lat' dir='ltr'><strong>Philo-</strong></span> 
     </span>
    </p>
   </div>
   <div class='ocr_carea' id='block_1_20' title="bbox 468 1477 2047 1552">
    <p class='ocr_par' dir='ltr' id='par_1_20' title="bbox 468 1477 2047 1552">
     <span class='ocr_line' id='line_1_20' title="bbox 468 1477 2047 1552; baseline -0.001 -16"><span class='ocrx_word' id='word_1_118' title='bbox 468 1481 729 1552; x_wconf 78' lang='lat' dir='ltr'><strong>storgius,</strong></span> <span class='ocrx_word' id='word_1_119' title='bbox 763 1482 908 1536; x_wconf 92' lang='lat' dir='ltr'><strong>hunc</strong></span> <span class='ocrx_word' id='word_1_120' title='bbox 954 1481 1172 1550; x_wconf 86' lang='lat' dir='ltr'><strong>quidem</strong></span> <span class='ocrx_word' id='word_1_121' title='bbox 1210 1481 1571 1536; x_wconf 86' lang='lat' dir='ltr'><strong>vanissimam</strong></span> <span class='ocrx_word' id='word_1_122' title='bbox 1619 1480 1914 1550; x_wconf 89' lang='lat' dir='ltr'><strong>appellans,</strong></span> <span class='ocrx_word' id='word_1_123' title='bbox 1945 1477 2047 1534; x_wconf 83' lang='lat' dir='ltr'><strong>De-</strong></span> 
     </span>
    </p>
   </div>
   <div class='ocr_carea' id='block_1_21' title="bbox 467 1571 2046 1641">
    <p class='ocr_par' dir='ltr' id='par_1_21' title="bbox 467 1571 2046 1641">
     <span class='ocr_line' id='line_1_21' title="bbox 467 1571 2046 1641; baseline 0 -17"><span class='ocrx_word' id='word_1_124' title='bbox 467 1571 770 1641; x_wconf 87' lang='lat' dir='ltr'><strong>mophilum</strong></span> <span class='ocrx_word' id='word_1_125' title='bbox 801 1586 932 1625; x_wconf 92' lang='lat' dir='ltr'><strong>vero</strong></span> <span class='ocrx_word' id='word_1_126' title='bbox 993 1571 1223 1626; x_wconf 87' lang='lat' dir='ltr'><strong>miscere</strong></span> <span class='ocrx_word' id='word_1_127' title='bbox 1251 1573 1436 1626; x_wconf 87' lang='lat' dir='ltr'><strong>omnia</strong></span> <span class='ocrx_word' id='word_1_128' title='bbox 1468 1581 1522 1626; x_wconf 91' lang='lat' dir='ltr'><strong>et</strong></span> <span class='ocrx_word' id='word_1_129' title='bbox 1550 1571 1884 1627; x_wconf 79' lang='lat' dir='ltr'><strong>confundere</strong></span> <span class='ocrx_word' id='word_1_130' title='bbox 1913 1571 2046 1626; x_wconf 91' lang='lat' dir='ltr'><strong>soli-</strong></span> 
     </span>
    </p>
   </div>
   <div class='ocr_carea' id='block_1_22' title="bbox 467 1663 2048 1734">
    <p class='ocr_par' dir='ltr' id='par_1_22' title="bbox 467 1663 2048 1734">
     <span class='ocr_line' id='line_1_22' title="bbox 467 1663 2048 1734; baseline 0.001 -18"><span class='ocrx_word' id='word_1_131' title='bbox 467 1671 608 1728; x_wconf 90' lang='lat' dir='ltr'><strong>tum,</strong></span> <span class='ocrx_word' id='word_1_132' title='bbox 656 1677 721 1718; x_wconf 91' lang='lat' dir='ltr'><strong>ac</strong></span> <span class='ocrx_word' id='word_1_133' title='bbox 754 1663 1026 1732; x_wconf 63' lang='lat' dir='ltr'><strong>praecipue</strong></span> <span class='ocrx_word' id='word_1_134' title='bbox 1072 1663 1439 1718; x_wconf 85' lang='lat' dir='ltr'><strong>ecclesiastica</strong></span> <span class='ocrx_word' id='word_1_135' title='bbox 1481 1664 1731 1734; x_wconf 74' lang='lat' dir='ltr'><strong>dogmata</strong></span> <span class='ocrx_word' id='word_1_136' title='bbox 1765 1682 1779 1717; x_wconf 89' lang='lat'><strong>:</strong></span> <span class='ocrx_word' id='word_1_137' title='bbox 1813 1664 1948 1718; x_wconf 89' lang='lat' dir='ltr'><strong>adeo</strong></span> <span class='ocrx_word' id='word_1_138' title='bbox 1987 1672 2048 1718; x_wconf 90' lang='lat' dir='ltr'><strong>ut</strong></span> 
     </span>
    </p>
   </div>
   <div class='ocr_carea' id='block_1_23' title="bbox 467 1733 2121 1823">
    <p class='ocr_par' dir='ltr' id='par_1_23' title="bbox 467 1733 2121 1823">
     <span class='ocr_line' id='line_1_23' title="bbox 467 1733 2121 1823; baseline 0.001 -18"><span class='ocrx_word' id='word_1_139' title='bbox 467 1752 705 1820; x_wconf 88' lang='lat' dir='ltr'><strong>quodam</strong></span> <span class='ocrx_word' id='word_1_140' title='bbox 737 1759 1002 1820; x_wconf 90' lang='lat' dir='ltr'><strong>tempore,</strong></span> <span class='ocrx_word' id='word_1_141' title='bbox 1039 1753 1166 1806; x_wconf 90' lang='lat' dir='ltr'><strong>dum</strong></span> <span class='ocrx_word' id='word_1_142' title='bbox 1191 1768 1498 1808; x_wconf 87' lang='lat' dir='ltr'><strong>sermonem</strong></span> <span class='ocrx_word' id='word_1_143' title='bbox 1531 1733 1759 1808; x_wconf 83' lang='lat' dir='ltr'><strong>haberet</strong></span> <span class='ocrx_word' id='word_1_144' title='bbox 1794 1752 1860 1808; x_wconf 88' lang='lat' dir='ltr'><strong>ad</strong></span> <span class='ocrx_word' id='word_1_145' title='bbox 1884 1768 2048 1823; x_wconf 88' lang='lat' dir='ltr'><strong>popu-</strong></span> <span class='ocrx_word' id='word_1_146' title='bbox 2083 1733 2121 1786; x_wconf 78' lang='grc' dir='ltr'><strong>Β</strong></span> 
     </span>
    </p>
   </div>
   <div class='ocr_carea' id='block_1_24' title="bbox 468 1840 2049 1912">
    <p class='ocr_par' dir='ltr' id='par_1_24' title="bbox 468 1840 2049 1912">
     <span class='ocr_line' id='line_1_24' title="bbox 468 1840 2049 1912; baseline 0.001 -18"><span class='ocrx_word' id='word_1_147' title='bbox 468 1841 582 1894; x_wconf 89' lang='lat' dir='ltr'><strong>lum</strong></span> <span class='ocrx_word' id='word_1_148' title='bbox 624 1841 1135 1910; x_wconf 85' lang='lat' dir='ltr'><strong>Constantinopoli,</strong></span> <span class='ocrx_word' id='word_1_149' title='bbox 1183 1841 1384 1897; x_wconf 81' lang='lat' dir='ltr'><strong>dixerit</strong></span> <span class='ocrx_word' id='word_1_150' title='bbox 1428 1856 1628 1912; x_wconf 88' lang='lat' dir='ltr'><strong>corpus</strong></span> <span class='ocrx_word' id='word_1_151' title='bbox 1665 1840 1870 1898; x_wconf 89' lang='lat' dir='ltr'><strong>Christi</strong></span> <span class='ocrx_word' id='word_1_152' title='bbox 1924 1858 2049 1912; x_wconf 89' lang='lat' dir='ltr'><strong>per-</strong></span> 
     </span>
    </p>
   </div>
   <div class='ocr_carea' id='block_1_25' title="bbox 468 1929 2050 2002">
    <p class='ocr_par' dir='ltr' id='par_1_25' title="bbox 468 1929 2050 2002">
     <span class='ocr_line' id='line_1_25' title="bbox 468 1929 2050 2002; baseline 0.001 -18"><span class='ocrx_word' id='word_1_153' title='bbox 468 1929 694 1984; x_wconf 86' lang='lat' dir='ltr'><strong>mistum</strong></span> <span class='ocrx_word' id='word_1_154' title='bbox 731 1930 1001 1985; x_wconf 85' lang='lat' dir='ltr'><strong>divinitati</strong></span> <span class='ocrx_word' id='word_1_155' title='bbox 1056 1931 1271 1999; x_wconf 87' lang='lat' dir='ltr'><strong>penitus</strong></span> <span class='ocrx_word' id='word_1_156' title='bbox 1297 1933 1607 1997; x_wconf 85' lang='lat' dir='ltr'><strong>evanuisse,</strong></span> <span class='ocrx_word' id='word_1_157' title='bbox 1651 1947 1717 1987; x_wconf 89' lang='lat' dir='ltr'><strong>eo</strong></span> <span class='ocrx_word' id='word_1_158' title='bbox 1742 1932 1905 1988; x_wconf 88' lang='lat' dir='ltr'><strong>modo</strong></span> <span class='ocrx_word' id='word_1_159' title='bbox 1939 1947 2050 2002; x_wconf 83' lang='lat' dir='ltr'><strong>quo</strong></span> 
     </span>
    </p>
   </div>
   <div class='ocr_carea' id='block_1_26' title="bbox 466 2019 2052 2076">
    <p class='ocr_par' dir='ltr' id='par_1_26' title="bbox 466 2019 2052 2076">
     <span class='ocr_line' id='line_1_26' title="bbox 466 2019 2052 2076; baseline 0.001 -4"><span class='ocrx_word' id='word_1_160' title='bbox 466 2019 624 2074; x_wconf 88' lang='lat' dir='ltr'><strong>lactis</strong></span> <span class='ocrx_word' id='word_1_161' title='bbox 648 2019 920 2074; x_wconf 81' lang='lat' dir='ltr'><strong>sextarius</strong></span> <span class='ocrx_word' id='word_1_162' title='bbox 949 2019 1000 2072; x_wconf 93' lang='lat' dir='ltr'><strong>in</strong></span> <span class='ocrx_word' id='word_1_163' title='bbox 1038 2020 1354 2075; x_wconf 88' lang='lat' dir='ltr'><strong>universum</strong></span> <span class='ocrx_word' id='word_1_164' title='bbox 1388 2021 1556 2074; x_wconf 88' lang='lat' dir='ltr'><strong>maris</strong></span> <span class='ocrx_word' id='word_1_165' title='bbox 1577 2020 1902 2076; x_wconf 91' lang='lat' dir='ltr'><strong>elementum</strong></span> <span class='ocrx_word' id='word_1_166' title='bbox 1920 2035 2052 2076; x_wconf 89' lang='lat' dir='ltr'><strong>con-</strong></span> 
     </span>
    </p>
   </div>
   <div class='ocr_carea' id='block_1_27' title="bbox 463 2108 2050 2180">
    <p class='ocr_par' dir='ltr' id='par_1_27' title="bbox 463 2108 2050 2180">
     <span class='ocr_line' id='line_1_27' title="bbox 463 2108 2050 2180; baseline 0.001 -17"><span class='ocrx_word' id='word_1_167' title='bbox 463 2109 642 2179; x_wconf 86' lang='lat' dir='ltr'><strong>jectus</strong></span> <span class='ocrx_word' id='word_1_168' title='bbox 673 2110 968 2165; x_wconf 85' lang='lat' dir='ltr'><strong>evanescit.</strong></span> <span class='ocrx_word' id='word_1_169' title='bbox 1003 2110 1272 2164; x_wconf 71' lang='lat' dir='ltr'><strong>Caeterum</strong></span> <span class='ocrx_word' id='word_1_170' title='bbox 1298 2108 1652 2180; x_wconf 85' lang='lat' dir='ltr'><strong>Demophilus</strong></span> <span class='ocrx_word' id='word_1_171' title='bbox 1673 2119 1830 2166; x_wconf 91' lang='lat' dir='ltr'><strong>ortus</strong></span> <span class='ocrx_word' id='word_1_172' title='bbox 1852 2109 1955 2171; x_wconf 74' lang='lat' dir='ltr'><strong>fuit</strong></span> <span class='ocrx_word' id='word_1_173' title='bbox 1983 2125 2050 2164; x_wconf 78' lang='lat' dir='ltr'><strong>ex</strong></span> 
     </span>
    </p>
   </div>
   <div class='ocr_carea' id='block_1_28' title="bbox 469 2201 2049 2274">
    <p class='ocr_par' dir='ltr' id='par_1_28' title="bbox 469 2201 2049 2274">
     <span class='ocr_line' id='line_1_28' title="bbox 469 2201 2049 2274; baseline 0 -18"><span class='ocrx_word' id='word_1_174' title='bbox 469 2203 604 2257; x_wconf 89' lang='lat' dir='ltr'><strong>urbe</strong></span> <span class='ocrx_word' id='word_1_175' title='bbox 659 2201 1088 2267; x_wconf 89' lang='lat' dir='ltr'><strong>Thessalonica,</strong></span> <span class='ocrx_word' id='word_1_176' title='bbox 1143 2217 1340 2274; x_wconf 80' lang='lat' dir='ltr'><strong>genere</strong></span> <span class='ocrx_word' id='word_1_177' title='bbox 1393 2203 1538 2257; x_wconf 90' lang='lat' dir='ltr'><strong>haud</strong></span> <span class='ocrx_word' id='word_1_178' title='bbox 1595 2202 1842 2272; x_wconf 78' lang='lat' dir='ltr'><strong>ignobili.</strong></span> <span class='ocrx_word' id='word_1_179' title='bbox 1901 2201 2049 2258; x_wconf 92' lang='lat' dir='ltr'><strong>ldem</strong></span> 
     </span>
    </p>
   </div>
   <div class='ocr_carea' id='block_1_29' title="bbox 468 2292 2052 2366">
    <p class='ocr_par' dir='ltr' id='par_1_29' title="bbox 468 2292 2052 2366">
     <span class='ocr_line' id='line_1_29' title="bbox 468 2292 2052 2366; baseline 0.001 -19"><span class='ocrx_word' id='word_1_180' title='bbox 468 2293 829 2350; x_wconf 84' lang='lat' dir='ltr'><strong>Eunomianis</strong></span> <span class='ocrx_word' id='word_1_181' title='bbox 867 2293 1162 2350; x_wconf 90' lang='lat' dir='ltr'><strong>admodum</strong></span> <span class='ocrx_word' id='word_1_182' title='bbox 1215 2293 1462 2349; x_wconf 77' lang='lat' dir='ltr'><strong>infensus</strong></span> <span class='ocrx_word' id='word_1_183' title='bbox 1495 2292 1839 2366; x_wconf 78' lang='lat' dir='ltr'><strong>gravissimis</strong></span> <span class='ocrx_word' id='word_1_184' title='bbox 1891 2293 2052 2348; x_wconf 88' lang='lat' dir='ltr'><strong>malis</strong></span> 
     </span>
    </p>
   </div>
   <div class='ocr_carea' id='block_1_30' title="bbox 466 2385 798 2442">
    <p class='ocr_par' dir='ltr' id='par_1_30' title="bbox 466 2385 798 2442">
     <span class='ocr_line' id='line_1_30' title="bbox 466 2385 798 2442; baseline 0.003 -1"><span class='ocrx_word' id='word_1_185' title='bbox 466 2400 564 2442; x_wconf 89' lang='lat' dir='ltr'><strong>eos</strong></span> <span class='ocrx_word' id='word_1_186' title='bbox 598 2385 798 2442; x_wconf 81' lang='lat' dir='ltr'><strong>aﬁ‘ecit.</strong></span> 
     </span>
    </p>
   </div>
   <div class='ocr_carea' id='block_1_31' title="bbox 538 2475 2052 2533">
    <p class='ocr_par' dir='ltr' id='par_1_31' title="bbox 538 2475 2052 2533">
     <span class='ocr_line' id='line_1_31' title="bbox 538 2475 2052 2533; baseline 0 0"><span class='ocrx_word' id='word_1_187' title='bbox 538 2479 626 2533; x_wconf 80' lang='grc'><strong>15.</strong></span> <span class='ocrx_word' id='word_1_188' title='bbox 661 2478 736 2532; x_wconf 85' lang='lat' dir='ltr'><strong>De</strong></span> <span class='ocrx_word' id='word_1_189' title='bbox 771 2477 1006 2532; x_wconf 79' lang='lat' dir='ltr'><strong>Valentis</strong></span> <span class='ocrx_word' id='word_1_190' title='bbox 1065 2492 1360 2532; x_wconf 79' lang='lat' dir='ltr'><strong>successore</strong></span> <span class='ocrx_word' id='word_1_191' title='bbox 1417 2475 1656 2532; x_wconf 86' lang='lat' dir='ltr'><strong>oracula.</strong></span> <span class='ocrx_word' id='word_1_192' title='bbox 1705 2508 1775 2518; x_wconf 96' lang='lat'><strong><em>—</em></strong></span> <span class='ocrx_word' id='word_1_193' title='bbox 1807 2475 2052 2533; x_wconf 77' lang='lat' dir='ltr'><strong>Valentis</strong></span> 
     </span>
    </p>
   </div>
   <div class='ocr_carea' id='block_1_32' title="bbox 467 2569 2051 2641">
    <p class='ocr_par' dir='ltr' id='par_1_32' title="bbox 467 2569 2051 2641">
     <span class='ocr_line' id='line_1_32' title="bbox 467 2569 2051 2641; baseline -0.003 -14"><span class='ocrx_word' id='word_1_194' title='bbox 467 2571 828 2641; x_wconf 86' lang='lat' dir='ltr'><strong>temporibus,</strong></span> <span class='ocrx_word' id='word_1_195' title='bbox 868 2569 1153 2640; x_wconf 76' lang='lat' dir='ltr'><strong>gentilium</strong></span> <span class='ocrx_word' id='word_1_196' title='bbox 1209 2569 1432 2624; x_wconf 90' lang='lat' dir='ltr'><strong>oracula</strong></span> <span class='ocrx_word' id='word_1_197' title='bbox 1463 2570 1534 2625; x_wconf 91' lang='lat' dir='ltr'><strong>iis</strong></span> <span class='ocrx_word' id='word_1_198' title='bbox 1568 2569 1660 2640; x_wconf 91' lang='lat' dir='ltr'><strong>qui</strong></span> <span class='ocrx_word' id='word_1_199' title='bbox 1698 2569 1815 2640; x_wconf 89' lang='lat' dir='ltr'><strong>ipsa</strong></span> <span class='ocrx_word' id='word_1_200' title='bbox 1845 2583 2051 2624; x_wconf 91' lang='lat' dir='ltr'><strong>consu-</strong></span> 
     </span>
    </p>
   </div>
   <div class='ocr_carea' id='block_1_33' title="bbox 467 2657 2052 2729">
    <p class='ocr_par' dir='ltr' id='par_1_33' title="bbox 467 2657 2052 2729">
     <span class='ocr_line' id='line_1_33' title="bbox 467 2657 2052 2729; baseline -0.001 -15"><span class='ocrx_word' id='word_1_201' title='bbox 467 2661 700 2723; x_wconf 91' lang='lat' dir='ltr'><strong>lucrant,</strong></span> <span class='ocrx_word' id='word_1_202' title='bbox 756 2658 994 2714; x_wconf 86' lang='lat' dir='ltr'><strong>calculos</strong></span> <span class='ocrx_word' id='word_1_203' title='bbox 1044 2657 1311 2729; x_wconf 86' lang='lat' dir='ltr'><strong>quosdam</strong></span> <span class='ocrx_word' id='word_1_204' title='bbox 1360 2659 1627 2714; x_wconf 90' lang='lat' dir='ltr'><strong>dederunt</strong></span> <span class='ocrx_word' id='word_1_205' title='bbox 1656 2660 1822 2714; x_wconf 81' lang='lat' dir='ltr'><strong>certis</strong></span> <span class='ocrx_word' id='word_1_206' title='bbox 1858 2658 2052 2713; x_wconf 89' lang='lat' dir='ltr'><strong>litteris</strong></span> 
     </span>
    </p>
   </div>
   <div class='ocr_carea' id='block_1_34' title="bbox 467 2743 2052 2817">
    <p class='ocr_par' dir='ltr' id='par_1_34' title="bbox 467 2743 2052 2817">
     <span class='ocr_line' id='line_1_34' title="bbox 467 2743 2052 2817; baseline 0.001 -16"><span class='ocrx_word' id='word_1_207' title='bbox 467 2747 780 2816; x_wconf 82' lang='lat' dir='ltr'><strong>insignitas.</strong></span> <span class='ocrx_word' id='word_1_208' title='bbox 845 2743 1066 2802; x_wconf 67' lang='lat' dir='ltr'><strong>Littera:</strong></span> <span class='ocrx_word' id='word_1_209' title='bbox 1115 2746 1256 2801; x_wconf 89' lang='lat' dir='ltr'><strong>inter</strong></span> <span class='ocrx_word' id='word_1_210' title='bbox 1312 2762 1368 2802; x_wconf 90' lang='lat' dir='ltr'><strong>se</strong></span> <span class='ocrx_word' id='word_1_211' title='bbox 1394 2749 1618 2817; x_wconf 70' lang='lat' dir='ltr'><strong>junctae,</strong></span> <span class='ocrx_word' id='word_1_212' title='bbox 1651 2749 1771 2804; x_wconf 90' lang='lat' dir='ltr'><strong>aliis</strong></span> <span class='ocrx_word' id='word_1_213' title='bbox 1799 2747 2052 2802; x_wconf 88' lang='lat' dir='ltr'><strong>Theodo-</strong></span> 
     </span>
    </p>
   </div>
   <div class='ocr_carea' id='block_1_35' title="bbox 467 2837 2051 2906">
    <p class='ocr_par' dir='ltr' id='par_1_35' title="bbox 467 2837 2051 2906">
     <span class='ocr_line' id='line_1_35' title="bbox 467 2837 2051 2906; baseline 0 -13"><span class='ocrx_word' id='word_1_214' title='bbox 467 2838 634 2902; x_wconf 89' lang='lat' dir='ltr'><strong>sium,</strong></span> <span class='ocrx_word' id='word_1_215' title='bbox 670 2837 792 2892; x_wconf 89' lang='lat' dir='ltr'><strong>aliis</strong></span> <span class='ocrx_word' id='word_1_216' title='bbox 822 2837 1162 2893; x_wconf 81' lang='lat' dir='ltr'><strong>Theodulum</strong></span> <span class='ocrx_word' id='word_1_217' title='bbox 1203 2848 1297 2893; x_wconf 90' lang='lat' dir='ltr'><strong>aut</strong></span> <span class='ocrx_word' id='word_1_218' title='bbox 1322 2837 1707 2906; x_wconf 86' lang='lat' dir='ltr'><strong>Theodorum,</strong></span> <span class='ocrx_word' id='word_1_219' title='bbox 1745 2840 2051 2903; x_wconf 80' lang='lat' dir='ltr'><strong>sivealium</strong></span> 
     </span>
    </p>
   </div>
   <div class='ocr_carea' id='block_1_36' title="bbox 467 2927 2054 3000">
    <p class='ocr_par' dir='ltr' id='par_1_36' title="bbox 467 2927 2054 3000">
     <span class='ocr_line' id='line_1_36' title="bbox 467 2927 2054 3000; baseline 0.001 -18"><span class='ocrx_word' id='word_1_220' title='bbox 467 2930 781 3000; x_wconf 84' lang='lat' dir='ltr'><strong>quempiam</strong></span> <span class='ocrx_word' id='word_1_221' title='bbox 823 2927 1107 3000; x_wconf 78' lang='lat' dir='ltr'><strong>designare</strong></span> <span class='ocrx_word' id='word_1_222' title='bbox 1143 2929 1465 2984; x_wconf 86' lang='lat' dir='ltr'><strong>videbantur</strong></span> <span class='ocrx_word' id='word_1_223' title='bbox 1504 2927 1637 2998; x_wconf 78' lang='grc'>(55).</span> <span class='ocrx_word' id='word_1_224' title='bbox 1678 2927 1816 2984; x_wconf 86' lang='lat' dir='ltr'><strong>Nam</strong></span> <span class='ocrx_word' id='word_1_225' title='bbox 1868 2930 2054 3000; x_wconf 72' lang='lat' dir='ltr'><strong>ﬁgura:</strong></span> 
     </span>
    </p>
   </div>
   <div class='ocr_carea' id='block_1_37' title="bbox 467 3017 2052 3089">
    <p class='ocr_par' dir='ltr' id='par_1_37' title="bbox 467 3017 2052 3089">
     <span class='ocr_line' id='line_1_37' title="bbox 467 3017 2052 3089; baseline 0.003 -18"><span class='ocrx_word' id='word_1_226' title='bbox 467 3017 772 3074; x_wconf 88' lang='lat' dir='ltr'><strong>litterarum</strong></span> <span class='ocrx_word' id='word_1_227' title='bbox 799 3020 865 3072; x_wconf 87' lang='lat' dir='ltr'><strong>ad</strong></span> <span class='ocrx_word' id='word_1_228' title='bbox 895 3019 924 3072; x_wconf 88' lang='grc' dir='ltr'><strong>δ</strong></span> <span class='ocrx_word' id='word_1_229' title='bbox 965 3034 1138 3089; x_wconf 86' lang='lat' dir='ltr'><strong>usque</strong></span> <span class='ocrx_word' id='word_1_230' title='bbox 1165 3019 1679 3088; x_wconf 80' lang='lat' dir='ltr'><strong>progrediebantur,</strong></span> <span class='ocrx_word' id='word_1_231' title='bbox 1712 3020 2052 3076; x_wconf 59' lang='lat' dir='ltr'><strong>daemonibus</strong></span> 
     </span>
    </p>
   </div>
   <div class='ocr_carea' id='block_1_38' title="bbox 467 3098 2048 3180">
    <p class='ocr_par' dir='ltr' id='par_1_38' title="bbox 467 3098 2048 3180">
     <span class='ocr_line' id='line_1_38' title="bbox 467 3098 2048 3180; baseline -0.001 -15"><span class='ocrx_word' id='word_1_232' title='bbox 467 3109 712 3180; x_wconf 88' lang='lat' dir='ltr'><strong>obliqua,</strong></span> <span class='ocrx_word' id='word_1_233' title='bbox 748 3119 810 3165; x_wconf 92' lang='lat' dir='ltr'><strong>ut</strong></span> <span class='ocrx_word' id='word_1_234' title='bbox 841 3110 1036 3176; x_wconf 92' lang='lat' dir='ltr'><strong>solent,</strong></span> <span class='ocrx_word' id='word_1_235' title='bbox 1071 3125 1335 3180; x_wconf 88' lang='lat' dir='ltr'><strong>responsa</strong></span> <span class='ocrx_word' id='word_1_236' title='bbox 1355 3098 1632 3175; x_wconf 83' lang='lat' dir='ltr'><strong>dantibus,</strong></span> <span class='ocrx_word' id='word_1_237' title='bbox 1663 3108 1718 3163; x_wconf 91' lang='lat' dir='ltr'><strong>in</strong></span> <span class='ocrx_word' id='word_1_238' title='bbox 1753 3109 2048 3178; x_wconf 87' lang='lat' dir='ltr'><strong>perniciem</strong></span> 
     </span>
    </p>
   </div>
   <div class='ocr_carea' id='block_1_39' title="bbox 469 3201 2051 3274">
    <p class='ocr_par' dir='ltr' id='par_1_39' title="bbox 469 3201 2051 3274">
     <span class='ocr_line' id='line_1_39' title="bbox 469 3201 2051 3274; baseline -0.001 -17"><span class='ocrx_word' id='word_1_239' title='bbox 469 3217 662 3258; x_wconf 89' lang='lat' dir='ltr'><strong>eorum</strong></span> <span class='ocrx_word' id='word_1_240' title='bbox 693 3203 788 3274; x_wconf 90' lang='lat' dir='ltr'><strong>qui</strong></span> <span class='ocrx_word' id='word_1_241' title='bbox 845 3202 1004 3256; x_wconf 88' lang='lat' dir='ltr'><strong>ﬁdem</strong></span> <span class='ocrx_word' id='word_1_242' title='bbox 1041 3201 1150 3256; x_wconf 90' lang='lat' dir='ltr'><strong>illis</strong></span> <span class='ocrx_word' id='word_1_243' title='bbox 1197 3201 1419 3267; x_wconf 85' lang='lat' dir='ltr'><strong>habent,</strong></span> <span class='ocrx_word' id='word_1_244' title='bbox 1453 3209 1507 3256; x_wconf 90' lang='lat' dir='ltr'><strong>et</strong></span> <span class='ocrx_word' id='word_1_245' title='bbox 1529 3201 1598 3256; x_wconf 90' lang='lat' dir='ltr'><strong>ad</strong></span> <span class='ocrx_word' id='word_1_246' title='bbox 1625 3201 1884 3272; x_wconf 82' lang='lat' dir='ltr'><strong>ell‘ugium</strong></span> <span class='ocrx_word' id='word_1_247' title='bbox 1921 3202 2051 3256; x_wconf 90' lang='lat' dir='ltr'><strong>mali</strong></span> 
     </span>
    </p>
   </div>
   <div class='ocr_carea' id='block_1_40' title="bbox 469 3291 2051 3364">
    <p class='ocr_par' dir='ltr' id='par_1_40' title="bbox 469 3291 2051 3364">
     <span class='ocr_line' id='line_1_40' title="bbox 469 3291 2051 3364; baseline -0.001 -16"><span class='ocrx_word' id='word_1_248' title='bbox 469 3303 720 3350; x_wconf 81' lang='lat' dir='ltr'><strong>eventus.</strong></span> <span class='ocrx_word' id='word_1_249' title='bbox 755 3291 908 3348; x_wconf 85' lang='lat' dir='ltr'><strong>Unde</strong></span> <span class='ocrx_word' id='word_1_250' title='bbox 937 3299 990 3349; x_wconf 92' lang='lat' dir='ltr'><strong>et</strong></span> <span class='ocrx_word' id='word_1_251' title='bbox 1017 3291 1340 3348; x_wconf 87' lang='lat' dir='ltr'><strong>Theodorus</strong></span> <span class='ocrx_word' id='word_1_252' title='bbox 1370 3293 1591 3362; x_wconf 90' lang='lat' dir='ltr'><strong>quidam</strong></span> <span class='ocrx_word' id='word_1_253' title='bbox 1636 3295 1777 3363; x_wconf 90' lang='lat' dir='ltr'><strong>apud</strong></span> <span class='ocrx_word' id='word_1_254' title='bbox 1802 3293 1968 3364; x_wconf 85' lang='lat' dir='ltr'><strong>Syros</strong></span> <span class='ocrx_word' id='word_1_255' title='bbox 1995 3294 2051 3348; x_wconf 92' lang='lat' dir='ltr'><strong>in</strong></span> 
     </span>
    </p>
   </div>
   <div class='ocr_carea' id='block_1_41' title="bbox 470 3384 2055 3457">
    <p class='ocr_par' dir='ltr' id='par_1_41' title="bbox 470 3384 2055 3457">
     <span class='ocr_line' id='line_1_41' title="bbox 470 3384 2055 3457; baseline 0 -17"><span class='ocrx_word' id='word_1_256' title='bbox 470 3384 720 3441; x_wconf 77' lang='lat' dir='ltr'><strong>fraudem</strong></span> <span class='ocrx_word' id='word_1_257' title='bbox 754 3385 1032 3452; x_wconf 90' lang='lat' dir='ltr'><strong>inductus,</strong></span> <span class='ocrx_word' id='word_1_258' title='bbox 1061 3401 1184 3441; x_wconf 93' lang='lat' dir='ltr'><strong>cum</strong></span> <span class='ocrx_word' id='word_1_259' title='bbox 1212 3385 1550 3457; x_wconf 81' lang='lat' dir='ltr'><strong>tyrannidem</strong></span> <span class='ocrx_word' id='word_1_260' title='bbox 1578 3384 1834 3440; x_wconf 86' lang='lat' dir='ltr'><strong>invadere</strong></span> <span class='ocrx_word' id='word_1_261' title='bbox 1856 3385 2055 3454; x_wconf 64' lang='lat' dir='ltr'><strong>coepis-</strong></span> 
     </span>
    </p>
   </div>
   <div class='ocr_carea' id='block_1_42' title="bbox 471 3477 2054 3549">
    <p class='ocr_par' dir='ltr' id='par_1_42' title="bbox 471 3477 2054 3549">
     <span class='ocr_line' id='line_1_42' title="bbox 471 3477 2054 3549; baseline -0.001 -17"><span class='ocrx_word' id='word_1_262' title='bbox 471 3489 576 3542; x_wconf 87' lang='lat' dir='ltr'><strong>set,</strong></span> <span class='ocrx_word' id='word_1_263' title='bbox 613 3479 799 3532; x_wconf 89' lang='lat' dir='ltr'><strong>statim</strong></span> <span class='ocrx_word' id='word_1_264' title='bbox 825 3493 948 3533; x_wconf 91' lang='lat' dir='ltr'><strong>cum</strong></span> <span class='ocrx_word' id='word_1_265' title='bbox 971 3479 1037 3533; x_wconf 91' lang='lat' dir='ltr'><strong>iis</strong></span> <span class='ocrx_word' id='word_1_266' title='bbox 1059 3479 1151 3548; x_wconf 90' lang='lat' dir='ltr'><strong>qui</strong></span> <span class='ocrx_word' id='word_1_267' title='bbox 1177 3479 1353 3549; x_wconf 93' lang='lat' dir='ltr'><strong>ipsum</strong></span> <span class='ocrx_word' id='word_1_268' title='bbox 1383 3479 1555 3534; x_wconf 90' lang='lat' dir='ltr'><strong>secuti</strong></span> <span class='ocrx_word' id='word_1_269' title='bbox 1578 3477 1812 3545; x_wconf 82' lang='lat' dir='ltr'><strong>fuerant,</strong></span> <span class='ocrx_word' id='word_1_270' title='bbox 1843 3478 2054 3533; x_wconf 78' lang='lat' dir='ltr'><strong>exstin-</strong></span> 
     </span>
    </p>
   </div>
   <div class='ocr_carea' id='block_1_43' title="bbox 471 3568 2054 3640">
    <p class='ocr_par' dir='ltr' id='par_1_43' title="bbox 471 3568 2054 3640">
     <span class='ocr_line' id='line_1_43' title="bbox 471 3568 2054 3640; baseline 0.002 -18"><span class='ocrx_word' id='word_1_271' title='bbox 471 3577 595 3623; x_wconf 91' lang='lat' dir='ltr'><strong>ctus</strong></span> <span class='ocrx_word' id='word_1_272' title='bbox 631 3578 750 3634; x_wconf 90' lang='lat' dir='ltr'><strong>est;</strong></span> <span class='ocrx_word' id='word_1_273' title='bbox 783 3584 909 3624; x_wconf 90' lang='lat' dir='ltr'><strong>cum</strong></span> <span class='ocrx_word' id='word_1_274' title='bbox 939 3568 1046 3623; x_wconf 89' lang='lat' dir='ltr'><strong>illis</strong></span> <span class='ocrx_word' id='word_1_275' title='bbox 1073 3585 1202 3624; x_wconf 88' lang='lat' dir='ltr'><strong>vero</strong></span> <span class='ocrx_word' id='word_1_276' title='bbox 1247 3570 1451 3626; x_wconf 90' lang='lat' dir='ltr'><strong>multos</strong></span> <span class='ocrx_word' id='word_1_277' title='bbox 1491 3585 1708 3640; x_wconf 91' lang='lat' dir='ltr'><strong>quoque</strong></span> <span class='ocrx_word' id='word_1_278' title='bbox 1734 3571 2054 3625; x_wconf 90' lang='lat' dir='ltr'><strong>innocentes</strong></span> 
     </span>
    </p>
   </div>
   <div class='ocr_carea' id='block_1_44' title="bbox 471 3657 2054 3734">
    <p class='ocr_par' dir='ltr' id='par_1_44' title="bbox 471 3657 2054 3734">
     <span class='ocr_line' id='line_1_44' title="bbox 471 3657 2054 3734; baseline 0.002 -20"><span class='ocrx_word' id='word_1_279' title='bbox 471 3657 674 3716; x_wconf 80' lang='lat' dir='ltr'><strong>Valens</strong></span> <span class='ocrx_word' id='word_1_280' title='bbox 733 3662 1002 3732; x_wconf 88' lang='lat' dir='ltr'><strong>supplicio</strong></span> <span class='ocrx_word' id='word_1_281' title='bbox 1037 3661 1239 3729; x_wconf 77' lang='lat' dir='ltr'><strong>aﬁecit,</strong></span> <span class='ocrx_word' id='word_1_282' title='bbox 1277 3677 1340 3717; x_wconf 91' lang='lat' dir='ltr'><strong>eo</strong></span> <span class='ocrx_word' id='word_1_283' title='bbox 1364 3662 1513 3733; x_wconf 89' lang='lat' dir='ltr'><strong>quod</strong></span> <span class='ocrx_word' id='word_1_284' title='bbox 1549 3663 1794 3734; x_wconf 88' lang='lat' dir='ltr'><strong>ipsorum</strong></span> <span class='ocrx_word' id='word_1_285' title='bbox 1828 3663 2054 3719; x_wconf 87' lang='lat' dir='ltr'><strong>nomina</strong></span> 
     </span>
    </p>
   </div>
   <div class='ocr_carea' id='block_1_45' title="bbox 470 3752 1260 3824">
    <p class='ocr_par' dir='ltr' id='par_1_45' title="bbox 470 3752 1260 3824">
     <span class='ocr_line' id='line_1_45' title="bbox 470 3752 1260 3824; baseline 0 -16"><span class='ocrx_word' id='word_1_286' title='bbox 470 3753 544 3808; x_wconf 90' lang='lat' dir='ltr'><strong>ab</strong></span> <span class='ocrx_word' id='word_1_287' title='bbox 570 3752 658 3807; x_wconf 92' lang='lat' dir='ltr'><strong>his</strong></span> <span class='ocrx_word' id='word_1_288' title='bbox 684 3754 881 3809; x_wconf 89' lang='lat' dir='ltr'><strong>litteris</strong></span> <span class='ocrx_word' id='word_1_289' title='bbox 910 3754 1260 3824; x_wconf 85' lang='lat' dir='ltr'><strong>incipiebant.</strong></span> 
     </span>
    </p>
   </div>
   <div class='ocr_carea' id='block_1_46' title="bbox 547 3843 2055 3914">
    <p class='ocr_par' dir='ltr' id='par_1_46' title="bbox 547 3843 2055 3914">
     <span class='ocr_line' id='line_1_46' title="bbox 547 3843 2055 3914; baseline 0.003 -16"><span class='ocrx_word' id='word_1_290' title='bbox 547 3844 633 3898; x_wconf 77' lang='grc'><strong>16.</strong></span> <span class='ocrx_word' id='word_1_291' title='bbox 676 3843 1078 3901; x_wconf 81' lang='lat' dir='ltr'><strong>Valentinianus</strong></span> <span class='ocrx_word' id='word_1_292' title='bbox 1121 3845 1420 3914; x_wconf 69' lang='lat' dir='ltr'><strong>Semobiit,</strong></span> <span class='ocrx_word' id='word_1_293' title='bbox 1445 3847 1636 3901; x_wconf 85' lang='lat' dir='ltr'><strong>Junior</strong></span> <span class='ocrx_word' id='word_1_294' title='bbox 1659 3848 1705 3901; x_wconf 90' lang='lat' dir='ltr'><strong>ei</strong></span> <span class='ocrx_word' id='word_1_295' title='bbox 1731 3847 2055 3903; x_wconf 80' lang='lat' dir='ltr'><strong>succedit.—</strong></span> 
     </span>
    </p>
   </div>
   <div class='ocr_carea' id='block_1_47' title="bbox 473 3935 2058 4008">
    <p class='ocr_par' dir='ltr' id='par_1_47' title="bbox 473 3935 2058 4008">
     <span class='ocr_line' id='line_1_47' title="bbox 473 3935 2058 4008; baseline 0.003 -18"><span class='ocrx_word' id='word_1_296' title='bbox 473 3935 888 3992; x_wconf 87' lang='lat' dir='ltr'><strong>Valentinianus</strong></span> <span class='ocrx_word' id='word_1_297' title='bbox 923 3939 1218 4008; x_wconf 77' lang='lat' dir='ltr'><strong>imperator</strong></span> <span class='ocrx_word' id='word_1_298' title='bbox 1253 3939 1502 4003; x_wconf 89' lang='lat' dir='ltr'><strong>moritur,</strong></span> <span class='ocrx_word' id='word_1_299' title='bbox 1545 3954 1670 3993; x_wconf 87' lang='lat' dir='ltr'><strong>cum</strong></span> <span class='ocrx_word' id='word_1_300' title='bbox 1711 3954 1884 3994; x_wconf 90' lang='lat' dir='ltr'><strong>annos</strong></span> <span class='ocrx_word' id='word_1_301' title='bbox 1921 3940 2058 3994; x_wconf 82' lang='lat' dir='ltr'><strong>duo-</strong></span> 
     </span>
    </p>
   </div>
   <div class='ocr_carea' id='block_1_48' title="bbox 471 4029 2052 4098">
    <p class='ocr_par' dir='ltr' id='par_1_48' title="bbox 471 4029 2052 4098">
     <span class='ocr_line' id='line_1_48' title="bbox 471 4029 2052 4098; baseline 0.001 -15"><span class='ocrx_word' id='word_1_302' title='bbox 471 4029 646 4084; x_wconf 87' lang='lat' dir='ltr'><strong>decim</strong></span> <span class='ocrx_word' id='word_1_303' title='bbox 695 4029 1036 4098; x_wconf 87' lang='lat' dir='ltr'><strong>imperasset,</strong></span> <span class='ocrx_word' id='word_1_304' title='bbox 1094 4041 1148 4086; x_wconf 92' lang='lat' dir='ltr'><strong>et</strong></span> <span class='ocrx_word' id='word_1_305' title='bbox 1181 4029 1502 4085; x_wconf 86' lang='lat' dir='ltr'><strong>Gratianum</strong></span> <span class='ocrx_word' id='word_1_306' title='bbox 1561 4031 1734 4084; x_wconf 81' lang='lat' dir='ltr'><strong>ﬁlium</strong></span> <span class='ocrx_word' id='word_1_307' title='bbox 1783 4031 2052 4086; x_wconf 67' lang='lat' dir='ltr'><strong>hmredem</strong></span> 
     </span>
    </p>
   </div>
   <div class='ocr_carea' id='block_1_49' title="bbox 472 4121 2052 4192">
    <p class='ocr_par' dir='ltr' id='par_1_49' title="bbox 472 4121 2052 4192">
     <span class='ocr_line' id='line_1_49' title="bbox 472 4121 2052 4192; baseline 0.003 -18"><span class='ocrx_word' id='word_1_308' title='bbox 472 4121 687 4191; x_wconf 84' lang='lat' dir='ltr'><strong>imperii</strong></span> <span class='ocrx_word' id='word_1_309' title='bbox 720 4122 964 4191; x_wconf 78' lang='lat' dir='ltr'><strong>reliquit.</strong></span> <span class='ocrx_word' id='word_1_310' title='bbox 991 4121 1235 4192; x_wconf 79' lang='lat' dir='ltr'><strong>Reliquit</strong></span> <span class='ocrx_word' id='word_1_311' title='bbox 1271 4124 1434 4177; x_wconf 89' lang='lat' dir='ltr'><strong>etiam</strong></span> <span class='ocrx_word' id='word_1_312' title='bbox 1476 4123 1614 4178; x_wconf 84' lang='lat' dir='ltr'><strong>duos</strong></span> <span class='ocrx_word' id='word_1_313' title='bbox 1654 4123 1790 4178; x_wconf 90' lang='lat' dir='ltr'><strong>alios</strong></span> <span class='ocrx_word' id='word_1_314' title='bbox 1828 4123 2052 4188; x_wconf 86' lang='lat' dir='ltr'><strong>liberos,</strong></span> 
     </span>
    </p>
   </div>
   <div class='ocr_carea' id='block_1_50' title="bbox 473 4210 2051 4279">
    <p class='ocr_par' dir='ltr' id='par_1_50' title="bbox 473 4210 2051 4279">
     <span class='ocr_line' id='line_1_50' title="bbox 473 4210 2051 4279; baseline 0 -12"><span class='ocrx_word' id='word_1_315' title='bbox 473 4210 684 4267; x_wconf 81' lang='lat' dir='ltr'><strong>Gallam</strong></span> <span class='ocrx_word' id='word_1_316' title='bbox 741 4213 953 4268; x_wconf 82' lang='lat' dir='ltr'><strong>scilicet</strong></span> <span class='ocrx_word' id='word_1_317' title='bbox 992 4214 1182 4279; x_wconf 87' lang='lat' dir='ltr'><strong>ﬁliam,</strong></span> <span class='ocrx_word' id='word_1_318' title='bbox 1217 4224 1270 4268; x_wconf 92' lang='lat' dir='ltr'><strong>et</strong></span> <span class='ocrx_word' id='word_1_319' title='bbox 1302 4213 1739 4269; x_wconf 80' lang='lat' dir='ltr'><strong>Valentinianum</strong></span> <span class='ocrx_word' id='word_1_320' title='bbox 1770 4212 2051 4269; x_wconf 87' lang='lat' dir='ltr'><strong>Juniorem</strong></span> 
     </span>
    </p>
   </div>
   <div class='ocr_carea' id='block_1_51' title="bbox 2228 1103 3734 1176">
    <p class='ocr_par' dir='ltr' id='par_1_51' title="bbox 2228 1103 3734 1176">
     <span class='ocr_line' id='line_1_51' title="bbox 2228 1103 3734 1176; baseline -0.003 -14"><span class='ocrx_word' id='word_1_321' title='bbox 2228 1109 2309 1163; x_wconf 85' lang='grc' dir='ltr'>ιδ’.</span> <span class='ocrx_word' id='word_1_322' title='bbox 2341 1108 2463 1159; x_wconf 76' lang='grc' dir='ltr'>Ὀτι</span> <span class='ocrx_word' id='word_1_323' title='bbox 2510 1105 2933 1176; x_wconf 75' lang='grc' dir='ltr'>τελευτήσαντος</span> <span class='ocrx_word' id='word_1_324' title='bbox 2960 1103 3200 1169; x_wconf 73' lang='grc' dir='ltr'>Εύζωῖου</span> <span class='ocrx_word' id='word_1_325' title='bbox 3237 1103 3331 1157; x_wconf 79' lang='grc' dir='ltr'>τοῦ</span> <span class='ocrx_word' id='word_1_326' title='bbox 3382 1105 3734 1175; x_wconf 82' lang='grc' dir='ltr'>’Λντιοχείας,</span> 
     </span>
    </p>
   </div>
   <div class='ocr_carea' id='block_1_52' title="bbox 2151 1196 3735 1270">
    <p class='ocr_par' dir='ltr' id='par_1_52' title="bbox 2151 1196 3735 1270">
     <span class='ocr_line' id='line_1_52' title="bbox 2151 1196 3735 1270; baseline -0.004 -18"><span class='ocrx_word' id='word_1_327' title='bbox 2151 1201 2180 1252; x_wconf 84' lang='grc' dir='ltr'><strong><em>ὁ</em></strong></span> <span class='ocrx_word' id='word_1_328' title='bbox 2209 1198 2487 1269; x_wconf 87' lang='grc' dir='ltr'>Δωρόθεος</span> <span class='ocrx_word' id='word_1_329' title='bbox 2516 1196 2592 1268; x_wconf 88' lang='grc' dir='ltr'>(α)</span> <span class='ocrx_word' id='word_1_330' title='bbox 2627 1196 2685 1260; x_wconf 80' lang='grc' dir='ltr'>ἐξ</span> <span class='ocrx_word' id='word_1_331' title='bbox 2721 1196 3049 1266; x_wconf 83' lang='grc' dir='ltr'>Ἡρακλείας</span> <span class='ocrx_word' id='word_1_332' title='bbox 3081 1198 3182 1268; x_wconf 82' lang='grc' dir='ltr'><strong>τῆς</strong></span> <span class='ocrx_word' id='word_1_333' title='bbox 3221 1197 3443 1269; x_wconf 79' lang='grc' dir='ltr'>Θρᾴκης</span> <span class='ocrx_word' id='word_1_334' title='bbox 3477 1199 3615 1270; x_wconf 81' lang='grc' dir='ltr'>πρὸς</span> <span class='ocrx_word' id='word_1_335' title='bbox 3641 1201 3735 1269; x_wconf 74' lang='grc' dir='ltr'><strong>μὲν</strong></span> 
     </span>
    </p>
   </div>
   <div class='ocr_carea' id='block_1_53' title="bbox 2151 1287 3732 1360">
    <p class='ocr_par' dir='ltr' id='par_1_53' title="bbox 2151 1287 3732 1360">
     <span class='ocr_line' id='line_1_53' title="bbox 2151 1287 3732 1360; baseline 0 -17"><span class='ocrx_word' id='word_1_336' title='bbox 2151 1291 2243 1344; x_wconf 85' lang='grc' dir='ltr'><strong>τὸν</strong></span> <span class='ocrx_word' id='word_1_337' title='bbox 2295 1289 2506 1342; x_wconf 76' lang='grc' dir='ltr'>ἐκείνου</span> <span class='ocrx_word' id='word_1_338' title='bbox 2557 1287 2878 1358; x_wconf 82' lang='grc' dir='ltr'>μεθίσταται</span> <span class='ocrx_word' id='word_1_339' title='bbox 2901 1288 3107 1359; x_wconf 88' lang='grc' dir='ltr'>-θρόνον</span> <span class='ocrx_word' id='word_1_340' title='bbox 3129 1329 3142 1353; x_wconf 95' lang='grc'><strong>,</strong></span> <span class='ocrx_word' id='word_1_341' title='bbox 3185 1289 3431 1360; x_wconf 83' lang='grc' dir='ltr'>διασύρει</span> <span class='ocrx_word' id='word_1_342' title='bbox 3463 1290 3521 1343; x_wconf 84' lang='grc' dir='ltr'>δὲ</span> <span class='ocrx_word' id='word_1_343' title='bbox 3552 1291 3644 1343; x_wconf 88' lang='grc' dir='ltr'><strong>τόν</strong></span> <span class='ocrx_word' id='word_1_344' title='bbox 3675 1308 3732 1344; x_wconf 82' lang='grc' dir='ltr'><strong>τε</strong></span> 
     </span>
    </p>
   </div>
   <div class='ocr_carea' id='block_1_54' title="bbox 2152 1379 3734 1453">
    <p class='ocr_par' dir='ltr' id='par_1_54' title="bbox 2152 1379 3734 1453">
     <span class='ocr_line' id='line_1_54' title="bbox 2152 1379 3734 1453; baseline 0.001 -19"><span class='ocrx_word' id='word_1_345' title='bbox 2152 1381 2459 1452; x_wconf 71' lang='grc' dir='ltr'><strong>Δημόφιλον</strong></span> <span class='ocrx_word' id='word_1_346' title='bbox 2483 1381 2577 1433; x_wconf 73' lang='grc' dir='ltr'><strong>καὶ</strong></span> <span class='ocrx_word' id='word_1_347' title='bbox 2608 1379 2884 1450; x_wconf 83' lang='grc' dir='ltr'><strong>Δωρόθεον</strong></span> <span class='ocrx_word' id='word_1_348' title='bbox 2907 1382 2934 1432; x_wconf 83' lang='grc' dir='ltr'><strong>ό</strong></span> <span class='ocrx_word' id='word_1_349' title='bbox 2953 1382 3327 1450; x_wconf 80' lang='grc' dir='ltr'>συγγραφεὺς,</span> <span class='ocrx_word' id='word_1_350' title='bbox 3349 1383 3440 1434; x_wconf 79' lang='grc' dir='ltr'><strong>τὸν</strong></span> <span class='ocrx_word' id='word_1_351' title='bbox 3472 1382 3571 1453; x_wconf 86' lang='grc' dir='ltr'><strong>μὲν</strong></span> <span class='ocrx_word' id='word_1_352' title='bbox 3607 1383 3734 1436; x_wconf 79' lang='grc' dir='ltr'>ἀλα-</span> 
     </span>
    </p>
   </div>
   <div class='ocr_carea' id='block_1_55' title="bbox 2153 1471 3733 1543">
    <p class='ocr_par' dir='ltr' id='par_1_55' title="bbox 2153 1471 3733 1543">
     <span class='ocr_line' id='line_1_55' title="bbox 2153 1471 3733 1543; baseline 0.002 -18"><span class='ocrx_word' id='word_1_353' title='bbox 2153 1473 2471 1537; x_wconf 81' lang='grc' dir='ltr'>ζονέστατον</span> <span class='ocrx_word' id='word_1_354' title='bbox 2498 1471 2696 1539; x_wconf 88' lang='grc' dir='ltr'>λέγων,</span> <span class='ocrx_word' id='word_1_355' title='bbox 2726 1471 2817 1524; x_wconf 78' lang='grc' dir='ltr'><strong>τὸν</strong></span> <span class='ocrx_word' id='word_1_356' title='bbox 2843 1471 2898 1523; x_wconf 81' lang='grc' dir='ltr'>δὲ</span> <span class='ocrx_word' id='word_1_357' title='bbox 2925 1472 3230 1542; x_wconf 76' lang='grc' dir='ltr'>Δημόφιλον</span> <span class='ocrx_word' id='word_1_358' title='bbox 3253 1473 3444 1543; x_wconf 83' lang='grc' dir='ltr'>φύρειν</span> <span class='ocrx_word' id='word_1_359' title='bbox 3465 1490 3527 1525; x_wconf 87' lang='grc' dir='ltr'><strong>τε</strong></span> <span class='ocrx_word' id='word_1_360' title='bbox 3559 1475 3733 1528; x_wconf 87' lang='grc' dir='ltr'>πάντα</span> 
     </span>
    </p>
   </div>
   <div class='ocr_carea' id='block_1_56' title="bbox 2153 1563 3733 1638">
    <p class='ocr_par' dir='ltr' id='par_1_56' title="bbox 2153 1563 3733 1638">
     <span class='ocr_line' id='line_1_56' title="bbox 2153 1563 3733 1638; baseline 0.002 -21"><span class='ocrx_word' id='word_1_361' title='bbox 2153 1567 2250 1618; x_wconf 74' lang='grc' dir='ltr'>καὶ</span> <span class='ocrx_word' id='word_1_362' title='bbox 2283 1567 2504 1634; x_wconf 85' lang='grc' dir='ltr'>συγχεῖν</span> <span class='ocrx_word' id='word_1_363' title='bbox 2529 1563 2958 1634; x_wconf 88' lang='grc' dir='ltr'>ἀκρατέστατον,</span> <span class='ocrx_word' id='word_1_364' title='bbox 2986 1565 3080 1616; x_wconf 76' lang='grc' dir='ltr'>καὶ</span> <span class='ocrx_word' id='word_1_365' title='bbox 3104 1564 3342 1634; x_wconf 82' lang='grc' dir='ltr'>μάλιστά</span> <span class='ocrx_word' id='word_1_366' title='bbox 3357 1583 3417 1634; x_wconf 89' lang='grc' dir='ltr'><strong>γε</strong></span> <span class='ocrx_word' id='word_1_367' title='bbox 3447 1565 3515 1619; x_wconf 84' lang='grc' dir='ltr'><strong>τά</strong></span> <span class='ocrx_word' id='word_1_368' title='bbox 3537 1567 3733 1638; x_wconf 78' lang='grc' dir='ltr'>ὲκκλη·</span> 
     </span>
    </p>
   </div>
   <div class='ocr_carea' id='block_1_57' title="bbox 2156 1654 3733 1724">
    <p class='ocr_par' dir='ltr' id='par_1_57' title="bbox 2156 1654 3733 1724">
     <span class='ocr_line' id='line_1_57' title="bbox 2156 1654 3733 1724; baseline 0.002 -16"><span class='ocrx_word' id='word_1_369' title='bbox 2156 1655 2412 1709; x_wconf 84' lang='grc' dir='ltr'>σιαστικά</span> <span class='ocrx_word' id='word_1_370' title='bbox 2443 1656 2687 1724; x_wconf 86' lang='grc' dir='ltr'>δόγματα</span> <span class='ocrx_word' id='word_1_371' title='bbox 2715 1671 2728 1685; x_wconf 91' lang='grc'><strong>·</strong></span> <span class='ocrx_word' id='word_1_372' title='bbox 2791 1654 2932 1708; x_wconf 84' lang='grc' dir='ltr'>ὥστε</span> <span class='ocrx_word' id='word_1_373' title='bbox 2964 1654 3094 1708; x_wconf 80' lang='grc' dir='ltr'>ποτὲ</span> <span class='ocrx_word' id='word_1_374' title='bbox 3143 1655 3237 1709; x_wconf 77' lang='grc' dir='ltr'>καὶ</span> <span class='ocrx_word' id='word_1_375' title='bbox 3268 1655 3410 1709; x_wconf 84' lang='grc' dir='ltr'><strong>κατά</strong></span> <span class='ocrx_word' id='word_1_376' title='bbox 3445 1657 3733 1711; x_wconf 65' lang='grc' dir='ltr'>Κωνστανε</span> 
     </span>
    </p>
   </div>
   <div class='ocr_carea' id='block_1_58' title="bbox 2149 1745 3727 1818">
    <p class='ocr_par' dir='ltr' id='par_1_58' title="bbox 2149 1745 3727 1818">
     <span class='ocr_line' id='line_1_58' title="bbox 2149 1745 3727 1818; baseline 0.001 -18"><span class='ocrx_word' id='word_1_377' title='bbox 2149 1746 2456 1800; x_wconf 82' lang='grc' dir='ltr'>τινούπολιν</span> <span class='ocrx_word' id='word_1_378' title='bbox 2489 1745 2922 1816; x_wconf 79' lang='grc' dir='ltr'>ἐκκλησιάζοντα</span> <span class='ocrx_word' id='word_1_379' title='bbox 2961 1745 3146 1815; x_wconf 88' lang='grc' dir='ltr'>φάναι,</span> <span class='ocrx_word' id='word_1_380' title='bbox 3171 1745 3232 1798; x_wconf 86' lang='grc' dir='ltr'>τὺ</span> <span class='ocrx_word' id='word_1_381' title='bbox 3265 1746 3422 1818; x_wconf 81' lang='grc' dir='ltr'>σῶμα</span> <span class='ocrx_word' id='word_1_382' title='bbox 3451 1748 3548 1801; x_wconf 80' lang='grc' dir='ltr'><strong>τοῦ</strong></span> <span class='ocrx_word' id='word_1_383' title='bbox 3578 1748 3727 1812; x_wconf 82' lang='grc' dir='ltr'>Υιοῦ,</span> 
     </span>
    </p>
   </div>
   <div class='ocr_carea' id='block_1_59' title="bbox 2149 1837 3730 1912">
    <p class='ocr_par' dir='ltr' id='par_1_59' title="bbox 2149 1837 3730 1912">
     <span class='ocr_line' id='line_1_59' title="bbox 2149 1837 3730 1912; baseline 0.001 -21"><span class='ocrx_word' id='word_1_384' title='bbox 2149 1837 2458 1910; x_wconf 76' lang='grc' dir='ltr'>ἀνακραθὲν</span> <span class='ocrx_word' id='word_1_385' title='bbox 2517 1840 2584 1908; x_wconf 79' lang='grc' dir='ltr'>τῇ</span> <span class='ocrx_word' id='word_1_386' title='bbox 2639 1837 2874 1908; x_wconf 87' lang='grc' dir='ltr'>θεότητι,</span> <span class='ocrx_word' id='word_1_387' title='bbox 2907 1839 2986 1900; x_wconf 84' lang='grc' dir='ltr'><strong>είς</strong></span> <span class='ocrx_word' id='word_1_388' title='bbox 3014 1838 3076 1890; x_wconf 84' lang='grc' dir='ltr'><strong>τὸ</strong></span> <span class='ocrx_word' id='word_1_389' title='bbox 3119 1837 3448 1906; x_wconf 85' lang='grc' dir='ltr'>ἀδηλότατον</span> <span class='ocrx_word' id='word_1_390' title='bbox 3479 1855 3730 1912; x_wconf 80' lang='grc' dir='ltr'>κεχωρη-</span> 
     </span>
    </p>
   </div>
   <div class='ocr_carea' id='block_1_60' title="bbox 2149 1928 3730 2002">
    <p class='ocr_par' dir='ltr' id='par_1_60' title="bbox 2149 1928 3730 2002">
     <span class='ocr_line' id='line_1_60' title="bbox 2149 1928 3730 2002; baseline 0.002 -21"><span class='ocrx_word' id='word_1_391' title='bbox 2149 1929 2327 1992; x_wconf 82' lang='grc' dir='ltr'>κέναι,</span> <span class='ocrx_word' id='word_1_392' title='bbox 2354 1929 2413 1983; x_wconf 83' lang='grc' dir='ltr'>ὃν</span> <span class='ocrx_word' id='word_1_393' title='bbox 2450 1928 2650 2000; x_wconf 88' lang='grc' dir='ltr'>τρόπον</span> <span class='ocrx_word' id='word_1_394' title='bbox 2681 1929 2773 1982; x_wconf 76' lang='grc' dir='ltr'><strong>καὶ</strong></span> <span class='ocrx_word' id='word_1_395' title='bbox 2812 1929 3082 1997; x_wconf 84' lang='grc' dir='ltr'>γάλακτος</span> <span class='ocrx_word' id='word_1_396' title='bbox 3113 1928 3307 2000; x_wconf 83' lang='grc' dir='ltr'>ξέστης</span> <span class='ocrx_word' id='word_1_397' title='bbox 3338 1930 3417 2001; x_wconf 82' lang='grc' dir='ltr'>τῷ</span> <span class='ocrx_word' id='word_1_398' title='bbox 3445 1931 3609 1984; x_wconf 76' lang='grc' dir='ltr'>παντὶ</span> <span class='ocrx_word' id='word_1_399' title='bbox 3634 1931 3730 2002; x_wconf 86' lang='grc' dir='ltr'>τῆς</span> 
     </span>
    </p>
   </div>
   <div class='ocr_carea' id='block_1_61' title="bbox 2150 2017 3730 2094">
    <p class='ocr_par' dir='ltr' id='par_1_61' title="bbox 2150 2017 3730 2094">
     <span class='ocr_line' id='line_1_61' title="bbox 2150 2017 3730 2094; baseline 0.001 -21"><span class='ocrx_word' id='word_1_400' title='bbox 2150 2018 2426 2090; x_wconf 79' lang='grc' dir='ltr'>Θαλάσσης</span> <span class='ocrx_word' id='word_1_401' title='bbox 2451 2019 2765 2090; x_wconf 54' lang='lat' dir='ltr'><strong>summa;</strong></span> <span class='ocrx_word' id='word_1_402' title='bbox 2794 2021 3118 2091; x_wconf 84' lang='grc' dir='ltr'>συστήματι.</span> <span class='ocrx_word' id='word_1_403' title='bbox 3138 2021 3344 2092; x_wconf 80' lang='grc' dir='ltr'>Πατρὶς</span> <span class='ocrx_word' id='word_1_404' title='bbox 3366 2021 3410 2074; x_wconf 88' lang='grc' dir='ltr'>δ’</span> <span class='ocrx_word' id='word_1_405' title='bbox 3439 2017 3509 2094; x_wconf 81' lang='grc' dir='ltr'>ἦν</span> <span class='ocrx_word' id='word_1_406' title='bbox 3541 2023 3575 2094; x_wconf 86' lang='grc' dir='ltr'><strong>ή</strong></span> <span class='ocrx_word' id='word_1_407' title='bbox 3600 2022 3730 2075; x_wconf 66' lang='grc' dir='ltr'>Θεσα</span> 
     </span>
    </p>
   </div>
   <div class='ocr_carea' id='block_1_62' title="bbox 2151 2109 3729 2181">
    <p class='ocr_par' dir='ltr' id='par_1_62' title="bbox 2151 2109 3729 2181">
     <span class='ocr_line' id='line_1_62' title="bbox 2151 2109 3729 2181; baseline 0.003 -20"><span class='ocrx_word' id='word_1_408' title='bbox 2151 2109 2407 2180; x_wconf 86' lang='grc' dir='ltr'>σαλονίκη</span> <span class='ocrx_word' id='word_1_409' title='bbox 2469 2110 2550 2180; x_wconf 82' lang='grc' dir='ltr'>τῷ</span> <span class='ocrx_word' id='word_1_410' title='bbox 2608 2110 2910 2180; x_wconf 80' lang='grc' dir='ltr'>Δημοφίλῳ</span> <span class='ocrx_word' id='word_1_411' title='bbox 2948 2109 3044 2180; x_wconf 84' lang='lat' dir='ltr'><strong>(b),</strong></span> <span class='ocrx_word' id='word_1_412' title='bbox 3076 2111 3169 2164; x_wconf 78' lang='grc' dir='ltr'><strong>καὶ</strong></span> <span class='ocrx_word' id='word_1_413' title='bbox 3197 2111 3256 2164; x_wconf 82' lang='grc' dir='ltr'><strong>τὸ</strong></span> <span class='ocrx_word' id='word_1_414' title='bbox 3282 2112 3409 2166; x_wconf 84' lang='grc' dir='ltr'>ἄλλο</span> <span class='ocrx_word' id='word_1_415' title='bbox 3442 2113 3602 2181; x_wconf 85' lang='grc' dir='ltr'>γένος</span> <span class='ocrx_word' id='word_1_416' title='bbox 3634 2114 3729 2167; x_wconf 76' lang='grc' dir='ltr'><strong>οὐκ</strong></span> 
     </span>
    </p>
   </div>
   <div class='ocr_carea' id='block_1_63' title="bbox 2149 2201 3730 2276">
    <p class='ocr_par' dir='ltr' id='par_1_63' title="bbox 2149 2201 3730 2276">
     <span class='ocr_line' id='line_1_63' title="bbox 2149 2201 3730 2276; baseline 0.004 -22"><span class='ocrx_word' id='word_1_417' title='bbox 2149 2201 2382 2272; x_wconf 83' lang='grc' dir='ltr'>ἄσημον.</span> <span class='ocrx_word' id='word_1_418' title='bbox 2415 2201 2570 2255; x_wconf 86' lang='grc' dir='ltr'>Κατὰ</span> <span class='ocrx_word' id='word_1_419' title='bbox 2605 2201 2662 2255; x_wconf 83' lang='grc' dir='ltr'>δὲ</span> <span class='ocrx_word' id='word_1_420' title='bbox 2691 2202 2800 2255; x_wconf 84' lang='grc' dir='ltr'>τῶν</span> <span class='ocrx_word' id='word_1_421' title='bbox 2827 2203 3140 2275; x_wconf 81' lang='grc' dir='ltr'>λεγομένων</span> <span class='ocrx_word' id='word_1_422' title='bbox 3169 2205 3518 2276; x_wconf 81' lang='grc' dir='ltr'>Εὑνομιανῶν</span> <span class='ocrx_word' id='word_1_423' title='bbox 3567 2207 3730 2270; x_wconf 76' lang='grc' dir='ltr'>πολὺς</span> 
     </span>
    </p>
   </div>
   <div class='ocr_carea' id='block_1_64' title="bbox 2151 2290 3208 2368">
    <p class='ocr_par' dir='ltr' id='par_1_64' title="bbox 2151 2290 3208 2368">
     <span class='ocr_line' id='line_1_64' title="bbox 2151 2290 3208 2368; baseline 0.006 -22"><span class='ocrx_word' id='word_1_424' title='bbox 2151 2293 2302 2366; x_wconf 74' lang='grc' dir='ltr'>ἔρρει</span> <span class='ocrx_word' id='word_1_425' title='bbox 2327 2297 2448 2358; x_wconf 86' lang='grc' dir='ltr'>ταῖς</span> <span class='ocrx_word' id='word_1_426' title='bbox 2483 2294 2792 2349; x_wconf 86' lang='grc' dir='ltr'>κακώσεσιν</span> <span class='ocrx_word' id='word_1_427' title='bbox 2819 2295 2848 2347; x_wconf 87' lang='grc' dir='ltr'><strong>ὁ</strong></span> <span class='ocrx_word' id='word_1_428' title='bbox 2877 2290 3208 2368; x_wconf 77' lang='grc' dir='ltr'>Δημόφιλος.</span> 
     </span>
    </p>
   </div>
   <div class='ocr_carea' id='block_1_65' title="bbox 2240 2449 3729 2552">
    <p class='ocr_par' dir='ltr' id='par_1_65' title="bbox 2240 2449 3729 2552">
     <span class='ocr_line' id='line_1_65' title="bbox 2240 2449 3729 2552; baseline 0.005 -23"><span class='ocrx_word' id='word_1_429' title='bbox 2240 2479 2323 2531; x_wconf 79' lang='grc' dir='ltr'>ιε’.</span> <span class='ocrx_word' id='word_1_430' title='bbox 2350 2477 2492 2543; x_wconf 88' lang='grc' dir='ltr'>Ὅτι,</span> <span class='ocrx_word' id='word_1_431' title='bbox 2525 2472 2665 2531; x_wconf 86' lang='grc' dir='ltr'><strong>κατά</strong></span> <span class='ocrx_word' id='word_1_432' title='bbox 2695 2449 2822 2542; x_wconf 60' lang='grc' dir='ltr'>τοὺς</span> <span class='ocrx_word' id='word_1_433' title='bbox 2855 2472 3156 2543; x_wconf 77' lang='grc' dir='ltr'>Οὐάλεντος</span> <span class='ocrx_word' id='word_1_434' title='bbox 3188 2477 3435 2552; x_wconf 87' lang='grc' dir='ltr'>χρόνους,</span> <span class='ocrx_word' id='word_1_435' title='bbox 3468 2484 3576 2538; x_wconf 84' lang='grc' dir='ltr'><strong>τῶν</strong></span> <span class='ocrx_word' id='word_1_436' title='bbox 3619 2476 3729 2536; x_wconf 81' lang='grc' dir='ltr'><strong>Ἕλ-</strong></span> 
     </span>
    </p>
   </div>
   <div class='ocr_carea' id='block_1_66' title="bbox 2155 2569 3729 2647">
    <p class='ocr_par' dir='ltr' id='par_1_66' title="bbox 2155 2569 3729 2647">
     <span class='ocr_line' id='line_1_66' title="bbox 2155 2569 3729 2647; baseline 0.001 -22"><span class='ocrx_word' id='word_1_437' title='bbox 2155 2569 2394 2641; x_wconf 84' lang='grc' dir='ltr'>ληνικῶν</span> <span class='ocrx_word' id='word_1_438' title='bbox 2411 2569 2760 2642; x_wconf 77' lang='grc' dir='ltr'>χρηστηρίων</span> <span class='ocrx_word' id='word_1_439' title='bbox 2785 2572 2897 2634; x_wconf 88' lang='grc' dir='ltr'>τοῖς</span> <span class='ocrx_word' id='word_1_440' title='bbox 2915 2571 3230 2642; x_wconf 81' lang='grc' dir='ltr'>προσιοῦσιν</span> <span class='ocrx_word' id='word_1_441' title='bbox 3249 2573 3550 2627; x_wconf 80' lang='grc' dir='ltr'>ἀνεδίδοντο</span> <span class='ocrx_word' id='word_1_442' title='bbox 3565 2575 3729 2647; x_wconf 71' lang='grc' dir='ltr'>ψῆφοι</span> 
     </span>
    </p>
   </div>
   <div class='ocr_carea' id='block_1_67' title="bbox 2151 2661 3729 2738">
    <p class='ocr_par' dir='ltr' id='par_1_67' title="bbox 2151 2661 3729 2738">
     <span class='ocr_line' id='line_1_67' title="bbox 2151 2661 3729 2738; baseline 0.003 -24"><span class='ocrx_word' id='word_1_443' title='bbox 2151 2661 2504 2715; x_wconf 88' lang='grc' dir='ltr'>κατάστικτοι</span> <span class='ocrx_word' id='word_1_444' title='bbox 2551 2661 2899 2734; x_wconf 81' lang='grc' dir='ltr'>γράμμασιν.</span> <span class='ocrx_word' id='word_1_445' title='bbox 2953 2663 3020 2715; x_wconf 81' lang='grc' dir='ltr'><strong>Ἀ</strong></span> <span class='ocrx_word' id='word_1_446' title='bbox 3070 2664 3427 2736; x_wconf 84' lang='grc' dir='ltr'>συντιθέμενα</span> <span class='ocrx_word' id='word_1_447' title='bbox 3472 2667 3585 2730; x_wconf 84' lang='grc' dir='ltr'>τοῖς</span> <span class='ocrx_word' id='word_1_448' title='bbox 3633 2667 3729 2738; x_wconf 79' lang='grc' dir='ltr'>μὲν</span> 
     </span>
    </p>
   </div>
   <div class='ocr_carea' id='block_1_68' title="bbox 2150 2752 3754 2825">
    <p class='ocr_par' dir='ltr' id='par_1_68' title="bbox 2150 2752 3754 2825">
     <span class='ocr_line' id='line_1_68' title="bbox 2150 2752 3754 2825; baseline 0.004 -20"><span class='ocrx_word' id='word_1_449' title='bbox 2150 2752 2242 2806; x_wconf 78' lang='grc' dir='ltr'><strong>τὸν</strong></span> <span class='ocrx_word' id='word_1_450' title='bbox 2273 2753 2550 2805; x_wconf 85' lang='grc' dir='ltr'>Θεοδόσιον</span> <span class='ocrx_word' id='word_1_451' title='bbox 2585 2753 2760 2806; x_wconf 70' lang='grc' dir='ltr'>ἐδόκει</span> <span class='ocrx_word' id='word_1_452' title='bbox 2810 2754 3026 2824; x_wconf 83' lang='grc' dir='ltr'>δηλοῦν,</span> <span class='ocrx_word' id='word_1_453' title='bbox 3071 2759 3183 2820; x_wconf 79' lang='grc' dir='ltr'>τοῖς</span> <span class='ocrx_word' id='word_1_454' title='bbox 3211 2757 3268 2809; x_wconf 73' lang='grc' dir='ltr'>δὲ</span> <span class='ocrx_word' id='word_1_455' title='bbox 3293 2757 3383 2810; x_wconf 76' lang='grc' dir='ltr'><strong>τὸν</strong></span> <span class='ocrx_word' id='word_1_456' title='bbox 3419 2757 3754 2825; x_wconf 77' lang='grc' dir='ltr'>Θεόδουλον,..</span> 
     </span>
    </p>
   </div>
   <div class='ocr_carea' id='block_1_69' title="bbox 2152 2843 3728 2921">
    <p class='ocr_par' dir='ltr' id='par_1_69' title="bbox 2152 2843 3728 2921">
     <span class='ocr_line' id='line_1_69' title="bbox 2152 2843 3728 2921; baseline 0.005 -26"><span class='ocrx_word' id='word_1_457' title='bbox 2152 2844 2185 2915; x_wconf 78' lang='grc' dir='ltr'>ἢ</span> <span class='ocrx_word' id='word_1_458' title='bbox 2222 2844 2312 2897; x_wconf 82' lang='grc' dir='ltr'><strong>τὸν</strong></span> <span class='ocrx_word' id='word_1_459' title='bbox 2357 2843 2653 2915; x_wconf 85' lang='grc' dir='ltr'>Θεόδωρον,</span> <span class='ocrx_word' id='word_1_460' title='bbox 2687 2845 2721 2914; x_wconf 69' lang='grc' dir='ltr'>ἢ</span> <span class='ocrx_word' id='word_1_461' title='bbox 2753 2862 2877 2899; x_wconf 85' lang='grc' dir='ltr'>τινα</span> <span class='ocrx_word' id='word_1_462' title='bbox 2931 2845 3090 2900; x_wconf 85' lang='grc' dir='ltr'>ἄλλον</span> <span class='ocrx_word' id='word_1_463' title='bbox 3129 2849 3530 2920; x_wconf 84' lang='grc' dir='ltr'>παραπλήσιον.</span> <span class='ocrx_word' id='word_1_464' title='bbox 3555 2849 3728 2921; x_wconf 87' lang='grc' dir='ltr'>Μέχρι</span> 
     </span>
    </p>
   </div>
   <div class='ocr_carea' id='block_1_70' title="bbox 2152 2933 3727 3013">
    <p class='ocr_par' dir='ltr' id='par_1_70' title="bbox 2152 2933 3727 3013">
     <span class='ocr_line' id='line_1_70' title="bbox 2152 2933 3727 3013; baseline 0.005 -26"><span class='ocrx_word' id='word_1_465' title='bbox 2152 2933 2262 3006; x_wconf 76' lang='grc' dir='ltr'><strong>γὰρ</strong></span> <span class='ocrx_word' id='word_1_466' title='bbox 2293 2935 2386 2988; x_wconf 75' lang='grc' dir='ltr'>τοῦ</span> <span class='ocrx_word' id='word_1_467' title='bbox 2420 2933 2579 2989; x_wconf 86' lang='grc' dir='ltr'>δέλτα</span> <span class='ocrx_word' id='word_1_468' title='bbox 2613 2936 2720 2990; x_wconf 85' lang='grc' dir='ltr'><strong>τῶν</strong></span> <span class='ocrx_word' id='word_1_469' title='bbox 2753 2934 3094 3009; x_wconf 79' lang='grc' dir='ltr'>γραμμάτων</span> <span class='ocrx_word' id='word_1_470' title='bbox 3127 2939 3177 2993; x_wconf 90' lang='grc' dir='ltr'><strong>οί</strong></span> <span class='ocrx_word' id='word_1_471' title='bbox 3214 2938 3372 2995; x_wconf 87' lang='grc' dir='ltr'>τύποι</span> <span class='ocrx_word' id='word_1_472' title='bbox 3409 2944 3727 3013; x_wconf 82' lang='grc' dir='ltr'>προήγοντο,</span> 
     </span>
    </p>
   </div>
   <div class='ocr_carea' id='block_1_71' title="bbox 2153 3026 3730 3104">
    <p class='ocr_par' dir='ltr' id='par_1_71' title="bbox 2153 3026 3730 3104">
     <span class='ocr_line' id='line_1_71' title="bbox 2153 3026 3730 3104; baseline 0.004 -26"><span class='ocrx_word' id='word_1_473' title='bbox 2153 3026 2312 3092; x_wconf 80' lang='grc' dir='ltr'>λοξάς</span> <span class='ocrx_word' id='word_1_474' title='bbox 2354 3026 2464 3079; x_wconf 79' lang='grc' dir='ltr'><strong>τῶν</strong></span> <span class='ocrx_word' id='word_1_475' title='bbox 2516 3027 2806 3098; x_wconf 84' lang='grc' dir='ltr'>δαιμόνων,</span> <span class='ocrx_word' id='word_1_476' title='bbox 2865 3028 2940 3092; x_wconf 84' lang='grc' dir='ltr'>ὡς</span> <span class='ocrx_word' id='word_1_477' title='bbox 2971 3029 3246 3097; x_wconf 78' lang='grc' dir='ltr'>εἰώθασιν,</span> <span class='ocrx_word' id='word_1_478' title='bbox 3274 3032 3358 3084; x_wconf 72' lang='grc' dir='ltr'><strong>ἐπ’</strong></span> <span class='ocrx_word' id='word_1_479' title='bbox 3388 3031 3594 3104; x_wconf 81' lang='grc' dir='ltr'>ὀλέθρῳ</span> <span class='ocrx_word' id='word_1_480' title='bbox 3625 3033 3730 3085; x_wconf 88' lang='grc' dir='ltr'>τῶν</span> 
     </span>
    </p>
   </div>
   <div class='ocr_carea' id='block_1_72' title="bbox 2154 3121 3732 3200">
    <p class='ocr_par' dir='ltr' id='par_1_72' title="bbox 2154 3121 3732 3200">
     <span class='ocr_line' id='line_1_72' title="bbox 2154 3121 3732 3200; baseline 0.004 -24"><span class='ocrx_word' id='word_1_481' title='bbox 2154 3121 2492 3193; x_wconf 83' lang='grc' dir='ltr'>πειθομένων</span> <span class='ocrx_word' id='word_1_482' title='bbox 2510 3123 2603 3176; x_wconf 61' lang='grc' dir='ltr'><strong>καί⁸</strong></span> <span class='ocrx_word' id='word_1_483' title='bbox 2629 3124 2975 3194; x_wconf 84' lang='grc' dir='ltr'>ἀναχωρήσει</span> <span class='ocrx_word' id='word_1_484' title='bbox 3003 3125 3102 3194; x_wconf 85' lang='grc' dir='ltr'>τῆς</span> <span class='ocrx_word' id='word_1_485' title='bbox 3132 3127 3430 3197; x_wconf 86' lang='grc' dir='ltr'>ἀποτυχίας</span> <span class='ocrx_word' id='word_1_486' title='bbox 3451 3127 3548 3192; x_wconf 86' lang='grc' dir='ltr'><strong>τὰς</strong></span> <span class='ocrx_word' id='word_1_487' title='bbox 3571 3130 3732 3200; x_wconf 67' lang='grc' dir='ltr'>ἀναρέ</span> 
     </span>
    </p>
   </div>
   <div class='ocr_carea' id='block_1_73' title="bbox 2155 3212 3733 3290">
    <p class='ocr_par' dir='ltr' id='par_1_73' title="bbox 2155 3212 3733 3290">
     <span class='ocr_line' id='line_1_73' title="bbox 2155 3212 3733 3290; baseline 0.004 -24"><span class='ocrx_word' id='word_1_488' title='bbox 2155 3215 2342 3290; x_wconf 75' lang='grc' dir='ltr'>ῥήσεις</span> <span class='ocrx_word' id='word_1_489' title='bbox 2367 3215 2726 3286; x_wconf 83' lang='grc' dir='ltr'>ποιουμένων.</span> <span class='ocrx_word' id='word_1_490' title='bbox 2749 3212 2838 3269; x_wconf 81' lang='grc' dir='ltr'><strong>Διὸ</strong></span> <span class='ocrx_word' id='word_1_491' title='bbox 2861 3219 2955 3274; x_wconf 77' lang='grc' dir='ltr'><strong>καὶ</strong></span> <span class='ocrx_word' id='word_1_492' title='bbox 2981 3214 3256 3287; x_wconf 87' lang='grc' dir='ltr'>Θεόδωρός</span> <span class='ocrx_word' id='word_1_493' title='bbox 3277 3236 3360 3282; x_wconf 88' lang='grc' dir='ltr'><strong>τις</strong></span> <span class='ocrx_word' id='word_1_494' title='bbox 3392 3221 3733 3290; x_wconf 75' lang='grc' dir='ltr'>παρασυρεὶς</span> 
     </span>
    </p>
   </div>
   <div class='ocr_carea' id='block_1_74' title="bbox 2153 3305 3731 3382">
    <p class='ocr_par' dir='ltr' id='par_1_74' title="bbox 2153 3305 3731 3382">
     <span class='ocr_line' id='line_1_74' title="bbox 2153 3305 3731 3382; baseline 0.004 -24"><span class='ocrx_word' id='word_1_495' title='bbox 2153 3309 2216 3376; x_wconf 82' lang='grc' dir='ltr'>τῇ</span> <span class='ocrx_word' id='word_1_496' title='bbox 2257 3305 2463 3378; x_wconf 82' lang='grc' dir='ltr'>ἀπάτῃ.</span> <span class='ocrx_word' id='word_1_497' title='bbox 2525 3308 2621 3360; x_wconf 75' lang='grc' dir='ltr'><strong>καὶ</strong></span> <span class='ocrx_word' id='word_1_498' title='bbox 2667 3309 2986 3379; x_wconf 85' lang='grc' dir='ltr'>τυραννίδος</span> <span class='ocrx_word' id='word_1_499' title='bbox 3047 3308 3351 3363; x_wconf 77' lang='grc' dir='ltr'>ἐπιϐαίνειν</span> <span class='ocrx_word' id='word_1_500' title='bbox 3409 3311 3731 3382; x_wconf 74' lang='grc' dir='ltr'>ἀρξάμενος,</span> 
     </span>
    </p>
   </div>
   <div class='ocr_carea' id='block_1_75' title="bbox 2155 3397 3735 3472">
    <p class='ocr_par' dir='ltr' id='par_1_75' title="bbox 2155 3397 3735 3472">
     <span class='ocr_line' id='line_1_75' title="bbox 2155 3397 3735 3472; baseline 0.004 -22"><span class='ocrx_word' id='word_1_501' title='bbox 2155 3397 2347 3452; x_wconf 81' lang='grc' dir='ltr'>θᾶττον</span> <span class='ocrx_word' id='word_1_502' title='bbox 2405 3399 2503 3452; x_wconf 78' lang='grc' dir='ltr'><strong>σὺν</strong></span> <span class='ocrx_word' id='word_1_503' title='bbox 2556 3402 2669 3462; x_wconf 86' lang='grc' dir='ltr'>τοῖς</span> <span class='ocrx_word' id='word_1_504' title='bbox 2719 3399 3006 3469; x_wconf 78' lang='grc' dir='ltr'>ἑπομένοις</span> <span class='ocrx_word' id='word_1_505' title='bbox 3053 3399 3332 3453; x_wconf 88' lang='grc' dir='ltr'>ἀπώλετο·</span> <span class='ocrx_word' id='word_1_506' title='bbox 3379 3400 3496 3472; x_wconf 86' lang='grc' dir='ltr'>μεθ’</span> <span class='ocrx_word' id='word_1_507' title='bbox 3535 3397 3611 3455; x_wconf 79' lang='grc' dir='ltr'>ὧν</span> <span class='ocrx_word' id='word_1_508' title='bbox 3644 3400 3735 3456; x_wconf 69' lang='grc' dir='ltr'><strong>καί</strong></span> 
     </span>
    </p>
   </div>
   <div class='ocr_carea' id='block_1_76' title="bbox 2153 3489 3736 3564">
    <p class='ocr_par' dir='ltr' id='par_1_76' title="bbox 2153 3489 3736 3564">
     <span class='ocr_line' id='line_1_76' title="bbox 2153 3489 3736 3564; baseline 0.002 -22"><span class='ocrx_word' id='word_1_509' title='bbox 2153 3489 2264 3544; x_wconf 81' lang='grc' dir='ltr'><strong>τῶν</strong></span> <span class='ocrx_word' id='word_1_510' title='bbox 2328 3491 2581 3545; x_wconf 79' lang='grc' dir='ltr'>ἀναιτίων</span> <span class='ocrx_word' id='word_1_511' title='bbox 2620 3493 2719 3545; x_wconf 81' lang='grc' dir='ltr'><strong>οὐκ</strong></span> <span class='ocrx_word' id='word_1_512' title='bbox 2753 3492 2968 3560; x_wconf 83' lang='grc' dir='ltr'>ὀλίγους</span> <span class='ocrx_word' id='word_1_513' title='bbox 3011 3490 3124 3563; x_wconf 66' lang='grc'>(54)</span> <span class='ocrx_word' id='word_1_514' title='bbox 3169 3493 3323 3556; x_wconf 86' lang='grc' dir='ltr'>δίκας</span> <span class='ocrx_word' id='word_1_515' title='bbox 3369 3493 3582 3564; x_wconf 77' lang='grc' dir='ltr'>Οὐάλης</span> <span class='ocrx_word' id='word_1_516' title='bbox 3633 3493 3736 3546; x_wconf 80' lang='grc' dir='ltr'>ἀπ-</span> 
     </span>
    </p>
   </div>
   <div class='ocr_carea' id='block_1_77' title="bbox 2149 3577 3734 3656">
    <p class='ocr_par' dir='ltr' id='par_1_77' title="bbox 2149 3577 3734 3656">
     <span class='ocr_line' id='line_1_77' title="bbox 2149 3577 3734 3656; baseline 0.004 -24"><span class='ocrx_word' id='word_1_517' title='bbox 2149 3577 2350 3650; x_wconf 79' lang='grc' dir='ltr'>ῄτησεν</span> <span class='ocrx_word' id='word_1_518' title='bbox 2370 3623 2384 3646; x_wconf 94' lang='grc'><strong>,</strong></span> <span class='ocrx_word' id='word_1_519' title='bbox 2415 3579 2596 3656; x_wconf 80' lang='grc' dir='ltr'>ὅτιπερ</span> <span class='ocrx_word' id='word_1_520' title='bbox 2631 3585 2815 3648; x_wconf 83' lang='grc' dir='ltr'>αὐτοῖς</span> <span class='ocrx_word' id='word_1_521' title='bbox 2847 3586 2880 3655; x_wconf 86' lang='grc' dir='ltr'><strong>ή</strong></span> <span class='ocrx_word' id='word_1_522' title='bbox 2923 3585 3066 3656; x_wconf 84' lang='grc' dir='ltr'>ἁρχὴ</span> <span class='ocrx_word' id='word_1_523' title='bbox 3092 3583 3186 3637; x_wconf 80' lang='grc' dir='ltr'>τοῦ</span> <span class='ocrx_word' id='word_1_524' title='bbox 3221 3585 3484 3656; x_wconf 84' lang='grc' dir='ltr'>ὀνόματος</span> <span class='ocrx_word' id='word_1_525' title='bbox 3503 3586 3570 3640; x_wconf 81' lang='grc' dir='ltr'>δι’</span> <span class='ocrx_word' id='word_1_526' title='bbox 3596 3585 3734 3639; x_wconf 63' lang='grc' dir='ltr'>ὲκείι</span> 
     </span>
    </p>
   </div>
   <div class='ocr_carea' id='block_1_78' title="bbox 2156 3670 3227 3744">
    <p class='ocr_par' dir='ltr' id='par_1_78' title="bbox 2156 3670 3227 3744">
     <span class='ocr_line' id='line_1_78' title="bbox 2156 3670 3227 3744; baseline 0.005 -20"><span class='ocrx_word' id='word_1_527' title='bbox 2156 3687 2264 3727; x_wconf 87' lang='grc' dir='ltr'><strong>νων</strong></span> <span class='ocrx_word' id='word_1_528' title='bbox 2295 3670 2404 3726; x_wconf 88' lang='grc' dir='ltr'><strong>τῶν</strong></span> <span class='ocrx_word' id='word_1_529' title='bbox 2435 3674 2781 3744; x_wconf 80' lang='grc' dir='ltr'>γραμμάτων</span> <span class='ocrx_word' id='word_1_530' title='bbox 2813 3673 3227 3742; x_wconf 78' lang='grc' dir='ltr'>ἀνεγινώσκετο.</span> 
     </span>
    </p>
   </div>
   <div class='ocr_carea' id='block_1_79' title="bbox 2233 3847 3734 3923">
    <p class='ocr_par' dir='ltr' id='par_1_79' title="bbox 2233 3847 3734 3923">
     <span class='ocr_line' id='line_1_79' title="bbox 2233 3847 3734 3923; baseline 0 -17"><span class='ocrx_word' id='word_1_531' title='bbox 2233 3859 2332 3918; x_wconf 83' lang='grc' dir='ltr'>ις’.</span> <span class='ocrx_word' id='word_1_532' title='bbox 2371 3849 2490 3907; x_wconf 76' lang='grc' dir='ltr'>Ὀτι</span> <span class='ocrx_word' id='word_1_533' title='bbox 2529 3847 2972 3916; x_wconf 73' lang='grc' dir='ltr'>Οὐαλεντινιανὸς</span> <span class='ocrx_word' id='word_1_534' title='bbox 3000 3847 3245 3923; x_wconf 77' lang='grc' dir='ltr'>τελευτᾷ,</span> <span class='ocrx_word' id='word_1_535' title='bbox 3283 3853 3608 3923; x_wconf 80' lang='grc' dir='ltr'>βασιλεύσας</span> <span class='ocrx_word' id='word_1_536' title='bbox 3643 3853 3734 3923; x_wconf 78' lang='grc' dir='ltr'><strong>ἔτη</strong></span> 
     </span>
    </p>
   </div>
   <div class='ocr_carea' id='block_1_80' title="bbox 2158 3944 3736 4018">
    <p class='ocr_par' dir='ltr' id='par_1_80' title="bbox 2158 3944 3736 4018">
     <span class='ocr_line' id='line_1_80' title="bbox 2158 3944 3736 4018; baseline -0.001 -20"><span class='ocrx_word' id='word_1_537' title='bbox 2158 3944 2501 4006; x_wconf 86' lang='grc' dir='ltr'>δυοκαίδεκα,</span> <span class='ocrx_word' id='word_1_538' title='bbox 2562 3947 2656 3999; x_wconf 69' lang='grc' dir='ltr'><strong>καὶ</strong></span> <span class='ocrx_word' id='word_1_539' title='bbox 2704 3947 3042 4016; x_wconf 81' lang='grc' dir='ltr'>κληρονόμον</span> <span class='ocrx_word' id='word_1_540' title='bbox 3082 3947 3182 4016; x_wconf 80' lang='grc' dir='ltr'><strong>τῆς</strong></span> <span class='ocrx_word' id='word_1_541' title='bbox 3229 3948 3405 4018; x_wconf 78' lang='grc' dir='ltr'>ἀρχῆς</span> <span class='ocrx_word' id='word_1_542' title='bbox 3445 3948 3736 4018; x_wconf 75' lang='grc' dir='ltr'>Γρατιανὺν</span> 
     </span>
    </p>
   </div>
   <div class='ocr_carea' id='block_1_81' title="bbox 2157 4035 3736 4109">
    <p class='ocr_par' dir='ltr' id='par_1_81' title="bbox 2157 4035 3736 4109">
     <span class='ocr_line' id='line_1_81' title="bbox 2157 4035 3736 4109; baseline 0.001 -22"><span class='ocrx_word' id='word_1_543' title='bbox 2157 4035 2249 4088; x_wconf 81' lang='grc' dir='ltr'><strong>τὸν</strong></span> <span class='ocrx_word' id='word_1_544' title='bbox 2288 4035 2451 4088; x_wconf 86' lang='grc' dir='ltr'>παῖδα</span> <span class='ocrx_word' id='word_1_545' title='bbox 2501 4036 2844 4090; x_wconf 87' lang='grc' dir='ltr'>καταλείπει.</span> <span class='ocrx_word' id='word_1_546' title='bbox 2873 4036 3148 4090; x_wconf 83' lang='grc' dir='ltr'>Κατέλιπε</span> <span class='ocrx_word' id='word_1_547' title='bbox 3181 4036 3237 4090; x_wconf 79' lang='grc' dir='ltr'>δὲ</span> <span class='ocrx_word' id='word_1_548' title='bbox 3276 4037 3369 4090; x_wconf 76' lang='grc' dir='ltr'>καὶ</span> <span class='ocrx_word' id='word_1_549' title='bbox 3399 4039 3616 4109; x_wconf 78' lang='grc' dir='ltr'>ἑτέρους</span> <span class='ocrx_word' id='word_1_550' title='bbox 3647 4037 3736 4091; x_wconf 76' lang='grc' dir='ltr'><strong>δύο</strong></span> 
     </span>
    </p>
   </div>
   <div class='ocr_carea' id='block_1_82' title="bbox 2159 4127 3732 4198">
    <p class='ocr_par' dir='ltr' id='par_1_82' title="bbox 2159 4127 3732 4198">
     <span class='ocr_line' id='line_1_82' title="bbox 2159 4127 3732 4198; baseline 0 -20"><span class='ocrx_word' id='word_1_551' title='bbox 2159 4127 2378 4190; x_wconf 82' lang='grc' dir='ltr'>παῖδας,</span> <span class='ocrx_word' id='word_1_552' title='bbox 2421 4127 2629 4180; x_wconf 85' lang='grc' dir='ltr'>Γάλλαν</span> <span class='ocrx_word' id='word_1_553' title='bbox 2676 4146 2736 4181; x_wconf 88' lang='grc' dir='ltr'><strong>τε</strong></span> <span class='ocrx_word' id='word_1_554' title='bbox 2783 4128 3089 4198; x_wconf 83' lang='grc' dir='ltr'>θυγατέρα,</span> <span class='ocrx_word' id='word_1_555' title='bbox 3139 4127 3232 4180; x_wconf 69' lang='grc' dir='ltr'><strong>καὶ</strong></span> <span class='ocrx_word' id='word_1_556' title='bbox 3277 4128 3732 4189; x_wconf 71' lang='grc' dir='ltr'>Οὑαλεντινιανὸν,</span> 
     </span>
    </p>
   </div>
   <div class='ocr_carea' id='block_1_83' title="bbox 2154 4218 3740 4292">
    <p class='ocr_par' dir='ltr' id='par_1_83' title="bbox 2154 4218 3740 4292">
     <span class='ocr_line' id='line_1_83' title="bbox 2154 4218 3740 4292; baseline 0.002 -22"><span class='ocrx_word' id='word_1_557' title='bbox 2154 4218 2391 4290; x_wconf 86' lang='grc' dir='ltr'>τέτταρά</span> <span class='ocrx_word' id='word_1_558' title='bbox 2420 4236 2520 4272; x_wconf 82' lang='grc' dir='ltr'><strong>που</strong></span> <span class='ocrx_word' id='word_1_559' title='bbox 2538 4220 2800 4289; x_wconf 87' lang='grc' dir='ltr'>γεγονότα</span> <span class='ocrx_word' id='word_1_560' title='bbox 2820 4219 2911 4289; x_wconf 72' lang='grc' dir='ltr'><strong>ἔτη</strong></span> <span class='ocrx_word' id='word_1_561' title='bbox 2929 4221 3062 4290; x_wconf 81' lang='grc'>(55),</span> <span class='ocrx_word' id='word_1_562' title='bbox 3091 4219 3150 4272; x_wconf 82' lang='grc' dir='ltr'>ὃν</span> <span class='ocrx_word' id='word_1_563' title='bbox 3177 4220 3377 4273; x_wconf 79' lang='grc' dir='ltr'>αὐτίκα</span> <span class='ocrx_word' id='word_1_564' title='bbox 3403 4221 3438 4291; x_wconf 77' lang='grc' dir='ltr'><strong>ἥ</strong></span> <span class='ocrx_word' id='word_1_565' title='bbox 3468 4236 3528 4273; x_wconf 84' lang='grc' dir='ltr'><strong>τε</strong></span> <span class='ocrx_word' id='word_1_566' title='bbox 3559 4221 3740 4292; x_wconf 81' lang='grc' dir='ltr'>μήτηρ</span> 
     </span>
    </p>
   </div>
   <div class='ocr_carea' id='block_1_84' title="bbox 1701 4346 2474 4394">
    <p class='ocr_par' dir='ltr' id='par_1_84' title="bbox 1701 4346 2474 4394">
     <span class='ocr_line' id='line_1_84' title="bbox 1701 4346 2474 4394; baseline 0.004 -4"><span class='ocrx_word' id='word_1_567' title='bbox 1701 4346 1943 4390; x_wconf 78' lang='lat' dir='ltr'><strong>VALESII</strong></span> <span class='ocrx_word' id='word_1_568' title='bbox 1976 4347 2474 4394; x_wconf 76' lang='lat' dir='ltr'><strong>ANNOTATIONES.</strong></span> 
     </span>
    </p>
   </div>
   <div class='ocr_carea' id='block_1_85' title="bbox 545 4428 2054 4501">
    <p class='ocr_par' dir='ltr' id='par_1_85' title="bbox 545 4428 2054 4501">
     <span class='ocr_line' id='line_1_85' title="bbox 545 4428 2054 4501; baseline 0 -19"><span class='ocrx_word' id='word_1_569' title='bbox 545 4428 656 4500; x_wconf 79' lang='grc'>(51)</span> <span class='ocrx_word' id='word_1_570' title='bbox 689 4431 811 4499; x_wconf 84' lang='grc' dir='ltr'><strong>Οὐχ</strong></span> <span class='ocrx_word' id='word_1_571' title='bbox 836 4429 1042 4498; x_wconf 75' lang='grc' dir='ltr'>ἕτερόν</span> <span class='ocrx_word' id='word_1_572' title='bbox 1068 4447 1201 4484; x_wconf 73' lang='grc' dir='ltr'>τινα</span> <span class='ocrx_word' id='word_1_573' title='bbox 1240 4433 1465 4500; x_wconf 82' lang='grc' dir='ltr'>ταύτην</span> <span class='ocrx_word' id='word_1_574' title='bbox 1497 4429 1717 4486; x_wconf 77' lang='grc' dir='ltr'><strong>ἐλθεῖν.</strong></span> <span class='ocrx_word' id='word_1_575' title='bbox 1751 4428 1948 4482; x_wconf 85' lang='lat' dir='ltr'><strong>Deessc</strong></span> <span class='ocrx_word' id='word_1_576' title='bbox 1979 4430 2054 4501; x_wconf 70' lang='lat' dir='ltr'><strong>\fi-</strong></span> 
     </span>
    </p>
   </div>
   <div class='ocr_carea' id='block_1_86' title="bbox 2156 4428 3737 4501">
    <p class='ocr_par' dir='ltr' id='par_1_86' title="bbox 2235 4428 3737 4501">
     <span class='ocr_line' id='line_1_86' title="bbox 2235 4428 3737 4501; baseline 0 -16"><span class='ocrx_word' id='word_1_577' title='bbox 2235 4433 2347 4501; x_wconf 78' lang='grc'>(55)</span> <span class='ocrx_word' id='word_1_578' title='bbox 2388 4429 2647 4498; x_wconf 77' lang='grc' dir='ltr'>Τέττίιρά</span> <span class='ocrx_word' id='word_1_579' title='bbox 2673 4428 2992 4498; x_wconf 64' lang='grc' dir='ltr'>που...ἔτη.η</span> <span class='ocrx_word' id='word_1_580' title='bbox 3017 4428 3191 4485; x_wconf 89' lang='lat' dir='ltr'><strong>lnms.</strong></span> <span class='ocrx_word' id='word_1_581' title='bbox 3227 4430 3414 4486; x_wconf 89' lang='lat' dir='ltr'><strong>codice</strong></span> <span class='ocrx_word' id='word_1_582' title='bbox 3465 4429 3737 4485; x_wconf 83' lang='lat' dir='ltr'><strong>Samuelis</strong></span> 
     </span>
    </p>
   </div>
   <div class='ocr_carea' id='block_1_87' title="bbox 473 4499 2060 4571">
    <p class='ocr_par' dir='ltr' id='par_1_87' title="bbox 473 4499 2060 4571">
     <span class='ocr_line' id='line_1_87' title="bbox 473 4499 2060 4571; baseline -0.001 -19"><span class='ocrx_word' id='word_1_583' title='bbox 473 4499 634 4571; x_wconf 76' lang='lat' dir='ltr'><strong>detur</strong></span> <span class='ocrx_word' id='word_1_584' title='bbox 649 4503 980 4571; x_wconf 61' lang='lat' dir='ltr'><strong>praepositio,</strong></span> <span class='ocrx_word' id='word_1_585' title='bbox 1013 4517 1133 4571; x_wconf 72' lang='lat' dir='ltr'><strong>quae</strong></span> <span class='ocrx_word' id='word_1_586' title='bbox 1150 4502 1388 4569; x_wconf 82' lang='lat' dir='ltr'><strong>suppleri</strong></span> <span class='ocrx_word' id='word_1_587' title='bbox 1413 4499 1588 4571; x_wconf 82' lang='lat' dir='ltr'><strong>potest</strong></span> <span class='ocrx_word' id='word_1_588' title='bbox 1605 4503 1708 4553; x_wconf 89' lang='lat' dir='ltr'><strong>hoc</strong></span> <span class='ocrx_word' id='word_1_589' title='bbox 1732 4501 1922 4553; x_wconf 84' lang='lat' dir='ltr'><strong>modo:</strong></span> <span class='ocrx_word' id='word_1_590' title='bbox 1946 4500 2060 4568; x_wconf 74' lang='grc' dir='ltr'>Οὐχ</span> 
     </span>
    </p>
   </div>
   <div class='ocr_carea' id='block_1_88' title="bbox 471 4568 1818 4641">
    <p class='ocr_par' dir='ltr' id='par_1_88' title="bbox 471 4568 1818 4641">
     <span class='ocr_line' id='line_1_88' title="bbox 471 4568 1818 4641; baseline -0.001 -21"><span class='ocrx_word' id='word_1_591' title='bbox 471 4568 660 4641; x_wconf 67' lang='grc' dir='ltr'>ἔτερόν</span> <span class='ocrx_word' id='word_1_592' title='bbox 700 4587 819 4622; x_wconf 87' lang='grc' dir='ltr'>τινα</span> <span class='ocrx_word' id='word_1_593' title='bbox 853 4570 987 4641; x_wconf 61' lang='lat' dir='ltr'><strong>too;</strong></span> <span class='ocrx_word' id='word_1_594' title='bbox 1023 4568 1818 4641; x_wconf 70' lang='grc' dir='ltr'>ταύτηνέλθείνἀνασχόμενοι.</span> 
     </span>
    </p>
   </div>
   <div class='ocr_carea' id='block_1_89' title="bbox 548 4637 2061 4710">
    <p class='ocr_par' dir='ltr' id='par_1_89' title="bbox 548 4637 2061 4710">
     <span class='ocr_line' id='line_1_89' title="bbox 548 4637 2061 4710; baseline -0.001 -18"><span class='ocrx_word' id='word_1_595' title='bbox 548 4637 658 4710; x_wconf 72' lang='grc'>(52)</span> <span class='ocrx_word' id='word_1_596' title='bbox 689 4637 983 4708; x_wconf 76' lang='grc' dir='ltr'>Λαμπρῶς</span> <span class='ocrx_word' id='word_1_597' title='bbox 1025 4637 1398 4707; x_wconf 77' lang='grc' dir='ltr'>ἐκηρύττετο.</span> <span class='ocrx_word' id='word_1_598' title='bbox 1448 4637 1624 4695; x_wconf 68' lang='grc' dir='ltr'>(ὶοθοιὶ</span> <span class='ocrx_word' id='word_1_599' title='bbox 1656 4637 2061 4710; x_wconf 20' lang='grc' dir='ltr'>Βοριιιιηίᾼιιιι-</span> 
     </span>
    </p>
   </div>
   <div class='ocr_carea' id='block_1_90' title="bbox 475 4707 2061 4772">
    <p class='ocr_par' dir='ltr' id='par_1_90' title="bbox 475 4707 2061 4772">
     <span class='ocr_line' id='line_1_90' title="bbox 475 4707 2061 4772; baseline -0.001 -10"><span class='ocrx_word' id='word_1_600' title='bbox 475 4709 614 4762; x_wconf 85' lang='lat' dir='ltr'><strong>ctior</strong></span> <span class='ocrx_word' id='word_1_601' title='bbox 641 4707 733 4763; x_wconf 84' lang='lat' dir='ltr'><strong>hic</strong></span> <span class='ocrx_word' id='word_1_602' title='bbox 772 4707 940 4763; x_wconf 75' lang='lat' dir='ltr'><strong>estet</strong></span> <span class='ocrx_word' id='word_1_603' title='bbox 983 4711 1342 4766; x_wconf 87' lang='lat' dir='ltr'><strong>emendatior.</strong></span> <span class='ocrx_word' id='word_1_604' title='bbox 1378 4712 1467 4767; x_wconf 87' lang='lat' dir='ltr'><strong>Sic</strong></span> <span class='ocrx_word' id='word_1_605' title='bbox 1497 4711 1642 4765; x_wconf 86' lang='lat' dir='ltr'><strong>enim</strong></span> <span class='ocrx_word' id='word_1_606' title='bbox 1685 4709 1869 4772; x_wconf 86' lang='lat' dir='ltr'><strong>habet,</strong></span> <span class='ocrx_word' id='word_1_607' title='bbox 1900 4707 2061 4771; x_wconf 73' lang='grc' dir='ltr'>εὐθὺς</span> 
     </span>
    </p>
   </div>
   <div class='ocr_carea' id='block_1_91' title="bbox 475 4778 1157 4848">
    <p class='ocr_par' dir='ltr' id='par_1_91' title="bbox 475 4778 1157 4848">
     <span class='ocr_line' id='line_1_91' title="bbox 475 4778 1157 4848; baseline 0.001 -17"><span class='ocrx_word' id='word_1_608' title='bbox 475 4779 741 4848; x_wconf 65' lang='grc' dir='ltr'>ἐκήρυττε</span> <span class='ocrx_word' id='word_1_609' title='bbox 770 4779 830 4832; x_wconf 72' lang='grc' dir='ltr'>τὸ</span> <span class='ocrx_word' id='word_1_610' title='bbox 851 4778 1015 4848; x_wconf 85' lang='grc' dir='ltr'>ὁμοού</span> <span class='ocrx_word' id='word_1_611' title='bbox 1025 4795 1157 4832; x_wconf 89' lang='grc' dir='ltr'>σιον.</span> 
     </span>
    </p>
   </div>
   <div class='ocr_carea' id='block_1_92' title="bbox 549 4847 2058 4918">
    <p class='ocr_par' dir='ltr' id='par_1_92' title="bbox 549 4847 2058 4918">
     <span class='ocr_line' id='line_1_92' title="bbox 549 4847 2058 4918; baseline 0.001 -17"><span class='ocrx_word' id='word_1_612' title='bbox 549 4847 664 4918; x_wconf 78' lang='lat'><strong>(35)</strong></span> <span class='ocrx_word' id='word_1_613' title='bbox 711 4847 865 4902; x_wconf 87' lang='lat' dir='ltr'><strong>Socr.</strong></span> <span class='ocrx_word' id='word_1_614' title='bbox 888 4847 991 4902; x_wconf 80' lang='lat' dir='ltr'><strong>lib.</strong></span> <span class='ocrx_word' id='word_1_615' title='bbox 1028 4866 1100 4909; x_wconf 86' lang='lat' dir='ltr'><strong>tv,</strong></span> <span class='ocrx_word' id='word_1_616' title='bbox 1136 4865 1256 4918; x_wconf 87' lang='lat' dir='ltr'><strong>cap.</strong></span> <span class='ocrx_word' id='word_1_617' title='bbox 1285 4850 1383 4915; x_wconf 73' lang='lat'><strong>19;</strong></span> <span class='ocrx_word' id='word_1_618' title='bbox 1423 4851 1548 4905; x_wconf 85' lang='lat' dir='ltr'><strong>Snz.</strong></span> <span class='ocrx_word' id='word_1_619' title='bbox 1586 4851 1678 4903; x_wconf 91' lang='lat' dir='ltr'><strong>lib.</strong></span> <span class='ocrx_word' id='word_1_620' title='bbox 1706 4864 1780 4909; x_wconf 74' lang='grc' dir='ltr'>γι,</span> <span class='ocrx_word' id='word_1_621' title='bbox 1811 4863 1930 4916; x_wconf 89' lang='lat' dir='ltr'><strong>cap.</strong></span> <span class='ocrx_word' id='word_1_622' title='bbox 1968 4847 2058 4902; x_wconf 73' lang='lat'><strong>55.</strong></span> 
     </span>
    </p>
   </div>
   <div class='ocr_carea' id='block_1_93' title="bbox 550 4917 2059 4991">
    <p class='ocr_par' dir='ltr' id='par_1_93' title="bbox 550 4917 2059 4991">
     <span class='ocr_line' id='line_1_93' title="bbox 550 4917 2059 4991; baseline -0.001 -18"><span class='ocrx_word' id='word_1_623' title='bbox 550 4917 662 4987; x_wconf 72' lang='grc'>(54)</span> <span class='ocrx_word' id='word_1_624' title='bbox 685 4919 793 4991; x_wconf 70' lang='lat' dir='ltr'><strong>Kal</strong></span> <span class='ocrx_word' id='word_1_625' title='bbox 833 4917 1256 4973; x_wconf 77' lang='grc' dir='ltr'>τῶνέναντίων</span> <span class='ocrx_word' id='word_1_626' title='bbox 1283 4925 1393 4974; x_wconf 80' lang='grc' dir='ltr'>οὐκ</span> <span class='ocrx_word' id='word_1_627' title='bbox 1422 4923 1685 4991; x_wconf 80' lang='grc' dir='ltr'>ὀλίγους.</span> <span class='ocrx_word' id='word_1_628' title='bbox 1723 4918 1841 4991; x_wconf 63' lang='lat' dir='ltr'><strong>Non</strong></span> <span class='ocrx_word' id='word_1_629' title='bbox 1868 4919 2059 4991; x_wconf 81' lang='lat' dir='ltr'><strong>dubito</strong></span> 
     </span>
    </p>
   </div>
   <div class='ocr_carea' id='block_1_94' title="bbox 519 4989 2060 5052">
    <p class='ocr_par' dir='ltr' id='par_1_94' title="bbox 519 4989 2060 5052">
     <span class='ocr_line' id='line_1_94' title="bbox 519 4989 2060 5052; baseline 0.001 -10"><span class='ocrx_word' id='word_1_630' title='bbox 519 4991 610 5042; x_wconf 90' lang='lat' dir='ltr'><strong>uin</strong></span> <span class='ocrx_word' id='word_1_631' title='bbox 639 4990 989 5044; x_wconf 82' lang='lat' dir='ltr'><strong>scribendum</strong></span> <span class='ocrx_word' id='word_1_632' title='bbox 1023 4991 1092 5043; x_wconf 85' lang='lat' dir='ltr'><strong>sit</strong></span> <span class='ocrx_word' id='word_1_633' title='bbox 1117 4991 1218 5046; x_wconf 92' lang='lat' dir='ltr'><strong>hoc</strong></span> <span class='ocrx_word' id='word_1_634' title='bbox 1240 4991 1381 5052; x_wconf 91' lang='lat' dir='ltr'><strong>loco,</strong></span> <span class='ocrx_word' id='word_1_635' title='bbox 1413 4989 1538 5043; x_wconf 74' lang='grc' dir='ltr'>τῶν</span> <span class='ocrx_word' id='word_1_636' title='bbox 1559 4989 1837 5044; x_wconf 87' lang='grc' dir='ltr'>ἀναιτίων.</span> <span class='ocrx_word' id='word_1_637' title='bbox 1872 4989 1925 5042; x_wconf 92' lang='lat' dir='ltr'><strong>Id</strong></span> <span class='ocrx_word' id='word_1_638' title='bbox 1955 4999 2060 5052; x_wconf 86' lang='lat' dir='ltr'><strong>est,</strong></span> 
     </span>
    </p>
   </div>
   <div class='ocr_carea' id='block_1_95' title="bbox 532 5057 2065 5130">
    <p class='ocr_par' dir='ltr' id='par_1_95' title="bbox 532 5057 2065 5130">
     <span class='ocr_line' id='line_1_95' title="bbox 532 5057 2065 5130; baseline 0 -19"><span class='ocrx_word' id='word_1_639' title='bbox 532 5077 598 5113; x_wconf 83' lang='lat' dir='ltr'><strong>na</strong></span> <span class='ocrx_word' id='word_1_640' title='bbox 631 5077 750 5113; x_wconf 85' lang='lat' dir='ltr'><strong>cum</strong></span> <span class='ocrx_word' id='word_1_641' title='bbox 783 5059 889 5114; x_wconf 80' lang='lat' dir='ltr'><strong>illis</strong></span> <span class='ocrx_word' id='word_1_642' title='bbox 925 5059 1116 5113; x_wconf 83' lang='lat' dir='ltr'><strong>multos</strong></span> <span class='ocrx_word' id='word_1_643' title='bbox 1146 5077 1346 5130; x_wconf 84' lang='lat' dir='ltr'><strong>quoque</strong></span> <span class='ocrx_word' id='word_1_644' title='bbox 1381 5063 1677 5115; x_wconf 77' lang='lat' dir='ltr'><strong>innocentes</strong></span> <span class='ocrx_word' id='word_1_645' title='bbox 1720 5057 1908 5113; x_wconf 83' lang='lat' dir='ltr'><strong>Valens</strong></span> <span class='ocrx_word' id='word_1_646' title='bbox 1941 5075 2065 5128; x_wconf 85' lang='lat' dir='ltr'><strong>sup-</strong></span> 
     </span>
    </p>
   </div>
   <div class='ocr_carea' id='block_1_96' title="bbox 477 5129 2062 5201">
    <p class='ocr_par' dir='ltr' id='par_1_96' title="bbox 477 5129 2062 5201">
     <span class='ocr_line' id='line_1_96' title="bbox 477 5129 2062 5201; baseline -0.002 -18"><span class='ocrx_word' id='word_1_647' title='bbox 477 5131 640 5201; x_wconf 85' lang='lat' dir='ltr'><strong>plicio</strong></span> <span class='ocrx_word' id='word_1_648' title='bbox 664 5131 861 5200; x_wconf 71' lang='lat' dir='ltr'><strong>alfecit.</strong></span> <span class='ocrx_word' id='word_1_649' title='bbox 891 5129 1340 5186; x_wconf 78' lang='lat' dir='ltr'><strong>Emendationem</strong></span> <span class='ocrx_word' id='word_1_650' title='bbox 1369 5141 1610 5186; x_wconf 89' lang='lat' dir='ltr'><strong>nostram</strong></span> <span class='ocrx_word' id='word_1_651' title='bbox 1647 5131 1933 5201; x_wconf 65' lang='lat' dir='ltr'><strong>conﬁrmat</strong></span> <span class='ocrx_word' id='word_1_652' title='bbox 1958 5145 2062 5182; x_wconf 90' lang='lat' dir='ltr'><strong>ms.</strong></span> 
     </span>
    </p>
   </div>
   <div class='ocr_carea' id='block_1_97' title="bbox 477 5197 2066 5272">
    <p class='ocr_par' dir='ltr' id='par_1_97' title="bbox 477 5197 2066 5272">
     <span class='ocr_line' id='line_1_97' title="bbox 477 5197 2066 5272; baseline -0.004 -16"><span class='ocrx_word' id='word_1_653' title='bbox 477 5197 652 5256; x_wconf 74' lang='lat' dir='ltr'><strong>codex</strong></span> <span class='ocrx_word' id='word_1_654' title='bbox 698 5197 992 5265; x_wconf 43' lang='lat' dir='ltr'><strong>&#39;Bocharti,</strong></span> <span class='ocrx_word' id='word_1_655' title='bbox 1032 5202 1102 5272; x_wconf 83' lang='lat' dir='ltr'><strong>in</strong></span> <span class='ocrx_word' id='word_1_656' title='bbox 1146 5217 1256 5272; x_wconf 90' lang='lat' dir='ltr'><strong>quo</strong></span> <span class='ocrx_word' id='word_1_657' title='bbox 1315 5204 1576 5269; x_wconf 86' lang='lat' dir='ltr'><strong>scriptum</strong></span> <span class='ocrx_word' id='word_1_658' title='bbox 1639 5210 1722 5255; x_wconf 90' lang='lat' dir='ltr'><strong>est</strong></span> <span class='ocrx_word' id='word_1_659' title='bbox 1769 5197 1877 5252; x_wconf 81' lang='grc' dir='ltr'>τῶν</span> <span class='ocrx_word' id='word_1_660' title='bbox 1910 5200 2066 5252; x_wconf 81' lang='grc' dir='ltr'>ἀναι-</span> 
     </span>
    </p>
   </div>
   <div class='ocr_carea' id='block_1_98' title="bbox 476 5271 1691 5344">
    <p class='ocr_par' dir='ltr' id='par_1_98' title="bbox 476 5271 1691 5344">
     <span class='ocr_line' id='line_1_98' title="bbox 476 5271 1691 5344; baseline -0.002 -17"><span class='ocrx_word' id='word_1_661' title='bbox 476 5273 630 5342; x_wconf 83' lang='grc' dir='ltr'>τίων,</span> <span class='ocrx_word' id='word_1_662' title='bbox 663 5281 828 5344; x_wconf 89' lang='lat' dir='ltr'><strong>prout</strong></span> <span class='ocrx_word' id='word_1_663' title='bbox 853 5271 1143 5342; x_wconf 78' lang='lat' dir='ltr'><strong>legendum</strong></span> <span class='ocrx_word' id='word_1_664' title='bbox 1166 5271 1294 5328; x_wconf 81' lang='lat' dir='ltr'><strong>esse</strong></span> <span class='ocrx_word' id='word_1_665' title='bbox 1323 5272 1691 5340; x_wconf 87' lang='lat' dir='ltr'><strong>corjeccram.</strong></span> 
     </span>
    </p>
   </div>
   <div class='ocr_carea' id='block_1_99' title="bbox 2162 4501 3737 4573">
    <p class='ocr_par' dir='ltr' id='par_1_99' title="bbox 2162 4501 3737 4573">
     <span class='ocr_line' id='line_1_99' title="bbox 2162 4501 3737 4573; baseline 0 -19"><span class='ocrx_word' id='word_1_666' title='bbox 2162 4501 2414 4556; x_wconf 84' lang='lat' dir='ltr'><strong>Bocharti</strong></span> <span class='ocrx_word' id='word_1_667' title='bbox 2474 4503 2987 4573; x_wconf 79' lang='lat' dir='ltr'><strong>sot&#39;iptunt_im&#39;etti,</strong></span> <span class='ocrx_word' id='word_1_668' title='bbox 3037 4502 3271 4573; x_wconf 88' lang='grc' dir='ltr'>τέτταρά</span> <span class='ocrx_word' id='word_1_669' title='bbox 3322 4519 3408 4553; x_wconf 88' lang='grc' dir='ltr'><strong>πω</strong></span> <span class='ocrx_word' id='word_1_670' title='bbox 3437 4501 3737 4573; x_wconf 37' lang='grc' dir='ltr'>ἐτηνιιυοιί</span> 
     </span>
    </p>
   </div>
   <div class='ocr_carea' id='block_1_100' title="bbox 2161 4571 3738 4640">
    <p class='ocr_par' dir='ltr' id='par_1_100' title="bbox 2161 4571 3738 4640">
     <span class='ocr_line' id='line_1_100' title="bbox 2161 4571 3738 4640; baseline -0.001 -16"><span class='ocrx_word' id='word_1_671' title='bbox 2161 4573 2287 4626; x_wconf 88' lang='lat' dir='ltr'><strong>licet</strong></span> <span class='ocrx_word' id='word_1_672' title='bbox 2315 4573 2571 4640; x_wconf 80' lang='lat' dir='ltr'><strong>exiguum</strong></span> <span class='ocrx_word' id='word_1_673' title='bbox 2622 4572 2712 4633; x_wconf 84' lang='lat' dir='ltr'><strong>sit,</strong></span> <span class='ocrx_word' id='word_1_674' title='bbox 2752 4571 2892 4626; x_wconf 84' lang='lat' dir='ltr'><strong>haud</strong></span> <span class='ocrx_word' id='word_1_675' title='bbox 2922 4571 3211 4640; x_wconf 86' lang='lat' dir='ltr'><strong>quaquam</strong></span> <span class='ocrx_word' id='word_1_676' title='bbox 3248 4581 3427 4625; x_wconf 90' lang='lat' dir='ltr'><strong>tamen</strong></span> <span class='ocrx_word' id='word_1_677' title='bbox 3465 4572 3738 4638; x_wconf 67' lang='lat' dir='ltr'><strong>negligen-</strong></span> 
     </span>
    </p>
   </div>
   <div class='ocr_carea' id='block_1_101' title="bbox 2160 4641 3739 4710">
    <p class='ocr_par' dir='ltr' id='par_1_101' title="bbox 2160 4641 3739 4710">
     <span class='ocr_line' id='line_1_101' title="bbox 2160 4641 3739 4710; baseline -0.003 -14"><span class='ocrx_word' id='word_1_678' title='bbox 2160 4643 2288 4696; x_wconf 92' lang='lat' dir='ltr'><strong>dum</strong></span> <span class='ocrx_word' id='word_1_679' title='bbox 2323 4643 2529 4710; x_wconf 85' lang='lat' dir='ltr'><strong>putavi.</strong></span> <span class='ocrx_word' id='word_1_680' title='bbox 2563 4641 2833 4695; x_wconf 71' lang='lat' dir='ltr'><strong>Czeterum</strong></span> <span class='ocrx_word' id='word_1_681' title='bbox 2866 4642 2931 4696; x_wconf 82' lang='lat' dir='ltr'><strong>tle</strong></span> <span class='ocrx_word' id='word_1_682' title='bbox 2962 4651 3118 4696; x_wconf 59' lang='lat' dir='ltr'><strong>velate</strong></span> <span class='ocrx_word' id='word_1_683' title='bbox 3152 4641 3514 4696; x_wconf 75' lang='lat' dir='ltr'><strong>Valentiniani</strong></span> <span class='ocrx_word' id='word_1_684' title='bbox 3544 4641 3739 4694; x_wconf 81' lang='lat' dir='ltr'><strong>Junio-</strong></span> 
     </span>
    </p>
   </div>
   <div class='ocr_carea' id='block_1_102' title="bbox 2162 4711 3739 4773">
    <p class='ocr_par' dir='ltr' id='par_1_102' title="bbox 2162 4711 3739 4773">
     <span class='ocr_line' id='line_1_102' title="bbox 2162 4711 3739 4773; baseline -0.001 -8"><span class='ocrx_word' id='word_1_685' title='bbox 2162 4713 2258 4773; x_wconf 90' lang='lat' dir='ltr'><strong>ris,</strong></span> <span class='ocrx_word' id='word_1_686' title='bbox 2289 4712 2562 4766; x_wconf 84' lang='lat' dir='ltr'><strong>consentit</strong></span> <span class='ocrx_word' id='word_1_687' title='bbox 2591 4712 2753 4764; x_wconf 88' lang='lat' dir='ltr'><strong>etiam</strong></span> <span class='ocrx_word' id='word_1_688' title='bbox 2777 4713 3098 4766; x_wconf 82' lang='lat' dir='ltr'><strong>Ammianus</strong></span> <span class='ocrx_word' id='word_1_689' title='bbox 3127 4711 3474 4765; x_wconf 82' lang='lat' dir='ltr'><strong>Marcellinus</strong></span> <span class='ocrx_word' id='word_1_690' title='bbox 3509 4711 3564 4764; x_wconf 93' lang='lat' dir='ltr'><strong>in</strong></span> <span class='ocrx_word' id='word_1_691' title='bbox 3602 4711 3739 4764; x_wconf 90' lang='lat' dir='ltr'><strong>libro</strong></span> 
     </span>
    </p>
   </div>
   <div class='ocr_carea' id='block_1_103' title="bbox 2162 4781 3741 4849">
    <p class='ocr_par' dir='ltr' id='par_1_103' title="bbox 2162 4781 3741 4849">
     <span class='ocr_line' id='line_1_103' title="bbox 2162 4781 3741 4849; baseline 0 -15"><span class='ocrx_word' id='word_1_692' title='bbox 2162 4782 2462 4845; x_wconf 79' lang='lat' dir='ltr'><strong>tricesimo,</strong></span> <span class='ocrx_word' id='word_1_693' title='bbox 2505 4782 2608 4835; x_wconf 85' lang='lat' dir='ltr'><strong>sub</strong></span> <span class='ocrx_word' id='word_1_694' title='bbox 2662 4783 2851 4845; x_wconf 86' lang='lat' dir='ltr'><strong>linem;</strong></span> <span class='ocrx_word' id='word_1_695' title='bbox 2885 4791 2937 4834; x_wconf 90' lang='lat' dir='ltr'><strong>et</strong></span> <span class='ocrx_word' id='word_1_696' title='bbox 2973 4782 3205 4835; x_wconf 81' lang='lat' dir='ltr'><strong>Victoris</strong></span> <span class='ocrx_word' id='word_1_697' title='bbox 3242 4782 3510 4849; x_wconf 86' lang='lat' dir='ltr'><strong>Epitome,</strong></span> <span class='ocrx_word' id='word_1_698' title='bbox 3548 4790 3603 4834; x_wconf 91' lang='lat' dir='ltr'><strong>et</strong></span> <span class='ocrx_word' id='word_1_699' title='bbox 3639 4781 3741 4834; x_wconf 72' lang='grc' dir='ltr'><strong>Ζοδ</strong></span> 
     </span>
    </p>
   </div>
   <div class='ocr_carea' id='block_1_104' title="bbox 2163 4849 3741 4920">
    <p class='ocr_par' dir='ltr' id='par_1_104' title="bbox 2163 4849 3741 4920">
     <span class='ocr_line' id='line_1_104' title="bbox 2163 4849 3741 4920; baseline -0.001 -15"><span class='ocrx_word' id='word_1_700' title='bbox 2163 4853 2337 4905; x_wconf 74' lang='lat' dir='ltr'><strong>simus</strong></span> <span class='ocrx_word' id='word_1_701' title='bbox 2393 4867 2455 4904; x_wconf 89' lang='lat' dir='ltr'><strong>ac</strong></span> <span class='ocrx_word' id='word_1_702' title='bbox 2489 4851 2755 4904; x_wconf 86' lang='lat' dir='ltr'><strong>Zonaras.</strong></span> <span class='ocrx_word' id='word_1_703' title='bbox 2788 4851 2958 4907; x_wconf 87' lang='lat' dir='ltr'><strong>Natus</strong></span> <span class='ocrx_word' id='word_1_704' title='bbox 2992 4861 3077 4906; x_wconf 83' lang='lat' dir='ltr'><strong>cst</strong></span> <span class='ocrx_word' id='word_1_705' title='bbox 3129 4853 3292 4920; x_wconf 82' lang='lat' dir='ltr'><strong>igitur</strong></span> <span class='ocrx_word' id='word_1_706' title='bbox 3330 4849 3741 4920; x_wconf 78' lang='lat' dir='ltr'><strong>Valentinianus</strong></span> 
     </span>
    </p>
   </div>
   <div class='ocr_carea' id='block_1_105' title="bbox 2168 4919 3741 4976">
    <p class='ocr_par' dir='ltr' id='par_1_105' title="bbox 2168 4919 3741 4976">
     <span class='ocr_line' id='line_1_105' title="bbox 2168 4919 3741 4976; baseline 0 -3"><span class='ocrx_word' id='word_1_707' title='bbox 2168 4921 2361 4975; x_wconf 85' lang='lat' dir='ltr'><strong>.lunior</strong></span> <span class='ocrx_word' id='word_1_708' title='bbox 2391 4938 2536 4976; x_wconf 88' lang='lat' dir='ltr'><strong>anno</strong></span> <span class='ocrx_word' id='word_1_709' title='bbox 2563 4922 2766 4976; x_wconf 81' lang='lat' dir='ltr'><strong>Christi</strong></span> <span class='ocrx_word' id='word_1_710' title='bbox 2814 4922 2936 4974; x_wconf 71' lang='lat'><strong>371.</strong></span> <span class='ocrx_word' id='word_1_711' title='bbox 2972 4919 3237 4975; x_wconf 72' lang='lat' dir='ltr'><strong>Cancrum</strong></span> <span class='ocrx_word' id='word_1_712' title='bbox 3265 4921 3334 4974; x_wconf 88' lang='lat' dir='ltr'><strong>ab</strong></span> <span class='ocrx_word' id='word_1_713' title='bbox 3364 4922 3467 4974; x_wconf 92' lang='lat' dir='ltr'><strong>hoc</strong></span> <span class='ocrx_word' id='word_1_714' title='bbox 3502 4919 3741 4974; x_wconf 55' lang='lat' dir='ltr'><strong>Valentid</strong></span> 
     </span>
    </p>
   </div>
   <div class='ocr_carea' id='block_1_106' title="bbox 2162 4989 3739 5060">
    <p class='ocr_par' dir='ltr' id='par_1_106' title="bbox 2162 4989 3739 5060">
     <span class='ocr_line' id='line_1_106' title="bbox 2162 4989 3739 5060; baseline -0.002 -15"><span class='ocrx_word' id='word_1_715' title='bbox 2162 4993 2327 5045; x_wconf 88' lang='lat' dir='ltr'><strong>niauo</strong></span> <span class='ocrx_word' id='word_1_716' title='bbox 2353 4990 2602 5054; x_wconf 82' lang='lat' dir='ltr'><strong>Juniore,</strong></span> <span class='ocrx_word' id='word_1_717' title='bbox 2635 4991 2738 5060; x_wconf 15' lang='lat' dir='ltr'><strong>qui,</strong></span> <span class='ocrx_word' id='word_1_718' title='bbox 2764 4991 2910 5045; x_wconf 90' lang='lat' dir='ltr'><strong>ﬁlius</strong></span> <span class='ocrx_word' id='word_1_719' title='bbox 2947 4991 3050 5045; x_wconf 83' lang='lat' dir='ltr'><strong>fuit</strong></span> <span class='ocrx_word' id='word_1_720' title='bbox 3093 4992 3316 5060; x_wconf 84' lang='lat' dir='ltr'><strong>majoris</strong></span> <span class='ocrx_word' id='word_1_721' title='bbox 3352 4989 3739 5051; x_wconf 71' lang='lat' dir='ltr'><strong>Valentiniani,</strong></span> 
     </span>
    </p>
   </div>
   <div class='ocr_carea' id='block_1_107' title="bbox 2162 5059 3741 5130">
    <p class='ocr_par' dir='ltr' id='par_1_107' title="bbox 2162 5059 3741 5130">
     <span class='ocr_line' id='line_1_107' title="bbox 2162 5059 3741 5130; baseline -0.001 -14"><span class='ocrx_word' id='word_1_722' title='bbox 2162 5062 2579 5130; x_wconf 82' lang='lat' dir='ltr'><strong>distinguendus</strong></span> <span class='ocrx_word' id='word_1_723' title='bbox 2597 5071 2679 5115; x_wconf 88' lang='lat' dir='ltr'><strong>est</strong></span> <span class='ocrx_word' id='word_1_724' title='bbox 2704 5059 3119 5115; x_wconf 87' lang='lat' dir='ltr'><strong>Valentinianus</strong></span> <span class='ocrx_word' id='word_1_725' title='bbox 3145 5061 3300 5127; x_wconf 87' lang='lat' dir='ltr'><strong>alter,</strong></span> <span class='ocrx_word' id='word_1_726' title='bbox 3333 5062 3478 5116; x_wconf 87' lang='lat' dir='ltr'><strong>ﬁlius</strong></span> <span class='ocrx_word' id='word_1_727' title='bbox 3507 5059 3741 5114; x_wconf 85' lang='lat' dir='ltr'><strong>Valentis</strong></span> 
     </span>
    </p>
   </div>
   <div class='ocr_carea' id='block_1_108' title="bbox 2163 5131 3740 5202">
    <p class='ocr_par' dir='ltr' id='par_1_108' title="bbox 2163 5131 3740 5202">
     <span class='ocr_line' id='line_1_108' title="bbox 2163 5131 3740 5202; baseline -0.001 -18"><span class='ocrx_word' id='word_1_728' title='bbox 2163 5133 2417 5202; x_wconf 75' lang='lat' dir='ltr'><strong>Augusti,</strong></span> <span class='ocrx_word' id='word_1_729' title='bbox 2455 5141 2514 5185; x_wconf 92' lang='lat' dir='ltr'><strong>ut</strong></span> <span class='ocrx_word' id='word_1_730' title='bbox 2560 5132 2674 5200; x_wconf 84' lang='lat' dir='ltr'><strong>jam</strong></span> <span class='ocrx_word' id='word_1_731' title='bbox 2730 5133 2940 5200; x_wconf 86' lang='lat' dir='ltr'><strong>pridem</strong></span> <span class='ocrx_word' id='word_1_732' title='bbox 2973 5132 3283 5202; x_wconf 78' lang='lat' dir='ltr'><strong>observavi,</strong></span> <span class='ocrx_word' id='word_1_733' title='bbox 3319 5143 3432 5185; x_wconf 90' lang='lat' dir='ltr'><strong>tum</strong></span> <span class='ocrx_word' id='word_1_734' title='bbox 3468 5131 3524 5184; x_wconf 91' lang='lat' dir='ltr'><strong>in</strong></span> <span class='ocrx_word' id='word_1_735' title='bbox 3563 5133 3740 5202; x_wconf 53' lang='lat' dir='ltr'><strong>Anno‘</strong></span> 
     </span>
    </p>
   </div>
   <div class='ocr_carea' id='block_1_109' title="bbox 2165 5201 3738 5270">
    <p class='ocr_par' dir='ltr' id='par_1_109' title="bbox 2165 5201 3738 5270">
     <span class='ocr_line' id='line_1_109' title="bbox 2165 5201 3738 5270; baseline -0.002 -15"><span class='ocrx_word' id='word_1_736' title='bbox 2165 5201 2467 5255; x_wconf 75' lang='lat' dir='ltr'><strong>tationibus</strong></span> <span class='ocrx_word' id='word_1_737' title='bbox 2494 5204 2560 5255; x_wconf 87' lang='lat' dir='ltr'><strong>ad</strong></span> <span class='ocrx_word' id='word_1_738' title='bbox 2591 5202 2940 5254; x_wconf 77' lang='lat' dir='ltr'><strong>Ammiamnn</strong></span> <span class='ocrx_word' id='word_1_739' title='bbox 2968 5201 3369 5270; x_wconf 87' lang='lat' dir='ltr'><strong>Marcellinum,</strong></span> <span class='ocrx_word' id='word_1_740' title='bbox 3399 5211 3516 5256; x_wconf 88' lang='lat' dir='ltr'><strong>tum</strong></span> <span class='ocrx_word' id='word_1_741' title='bbox 3547 5203 3602 5256; x_wconf 92' lang='lat' dir='ltr'><strong>in</strong></span> <span class='ocrx_word' id='word_1_742' title='bbox 3631 5201 3738 5254; x_wconf 60' lang='lat' dir='ltr'><strong>Ana</strong></span> 
     </span>
    </p>
   </div>
   <div class='ocr_carea' id='block_1_110' title="bbox 2168 5272 2974 5326">
    <p class='ocr_par' dir='ltr' id='par_1_110' title="bbox 2168 5272 2974 5326">
     <span class='ocr_line' id='line_1_110' title="bbox 2168 5272 2974 5326; baseline -0.002 0"><span class='ocrx_word' id='word_1_743' title='bbox 2168 5272 2545 5326; x_wconf 82' lang='lat' dir='ltr'><strong>natationibus</strong></span> <span class='ocrx_word' id='word_1_744' title='bbox 2569 5272 2636 5326; x_wconf 89' lang='lat' dir='ltr'><strong>ad</strong></span> <span class='ocrx_word' id='word_1_745' title='bbox 2670 5272 2974 5326; x_wconf 73' lang='lat' dir='ltr'><strong>Socratem.</strong></span> 
     </span>
    </p>
   </div>
   <div class='ocr_carea' id='block_1_111' title="bbox 1952 5377 2303 5422">
    <p class='ocr_par' dir='ltr' id='par_1_111' title="bbox 1952 5377 2303 5422">
     <span class='ocr_line' id='line_1_111' title="bbox 1952 5377 2303 5422; baseline 0.009 -3"><span class='ocrx_word' id='word_1_746' title='bbox 1952 5377 2303 5422; x_wconf 75' lang='lat' dir='ltr'><strong>VARIORUM.</strong></span> 
     </span>
    </p>
   </div>
   <div class='ocr_carea' id='block_1_112' title="bbox 550 5481 2060 5565">
    <p class='ocr_par' dir='ltr' id='par_1_112' title="bbox 550 5481 2060 5565">
     <span class='ocr_line' id='line_1_112' title="bbox 550 5481 2060 5565; baseline -0.007 -18"><span class='ocrx_word' id='word_1_747' title='bbox 550 5493 627 5565; x_wconf 85' lang='lat' dir='ltr'><strong>(a)</strong></span> <span class='ocrx_word' id='word_1_748' title='bbox 669 5491 734 5542; x_wconf 92' lang='lat'><strong>&#39;0</strong></span> <span class='ocrx_word' id='word_1_749' title='bbox 756 5487 1068 5565; x_wconf 79' lang='grc' dir='ltr'>Δωρόθεος.</span> <span class='ocrx_word' id='word_1_750' title='bbox 1101 5485 1249 5541; x_wconf 85' lang='lat' dir='ltr'><strong>Idem</strong></span> <span class='ocrx_word' id='word_1_751' title='bbox 1302 5483 1396 5554; x_wconf 86' lang='lat' dir='ltr'><strong>qui</strong></span> <span class='ocrx_word' id='word_1_752' title='bbox 1436 5481 1760 5565; x_wconf 66' lang='lat' dir='ltr'><strong>Theodorus</strong></span> <span class='ocrx_word' id='word_1_753' title='bbox 1779 5483 2060 5565; x_wconf 79' lang='lat' dir='ltr'><strong>,__in_verso</strong></span> 
     </span>
    </p>
   </div>
   <div class='ocr_carea' id='block_1_113' title="bbox 482 5553 2060 5629">
    <p class='ocr_par' dir='ltr' id='par_1_113' title="bbox 482 5553 2060 5629">
     <span class='ocr_line' id='line_1_113' title="bbox 482 5553 2060 5629; baseline -0.006 -13"><span class='ocrx_word' id='word_1_754' title='bbox 482 5553 702 5616; x_wconf 71' lang='lat' dir='ltr'><strong>nomine</strong></span> <span class='ocrx_word' id='word_1_755' title='bbox 731 5553 1062 5629; x_wconf 64' lang='lat' dir='ltr'><strong>promiscue,</strong></span> <span class='ocrx_word' id='word_1_756' title='bbox 1107 5567 1166 5610; x_wconf 80' lang='grc' dir='ltr'><strong>ιιι</strong></span> <span class='ocrx_word' id='word_1_757' title='bbox 1205 5553 1394 5626; x_wconf 82' lang='lat' dir='ltr'><strong>supra,</strong></span> <span class='ocrx_word' id='word_1_758' title='bbox 1422 5569 1542 5629; x_wconf 69' lang='lat' dir='ltr'><strong>cap.</strong></span> <span class='ocrx_word' id='word_1_759' title='bbox 1595 5554 1681 5629; x_wconf 68' lang='lat'><strong>19,</strong></span> <span class='ocrx_word' id='word_1_760' title='bbox 1711 5562 1766 5608; x_wconf 92' lang='lat' dir='ltr'><strong>et</strong></span> <span class='ocrx_word' id='word_1_761' title='bbox 1794 5553 2060 5629; x_wconf 77' lang='lat' dir='ltr'><strong>l5__l_tujus</strong></span> 
     </span>
    </p>
   </div>
   <div class='ocr_carea' id='block_1_114' title="bbox 481 5623 2058 5698">
    <p class='ocr_par' dir='ltr' id='par_1_114' title="bbox 481 5623 2058 5698">
     <span class='ocr_line' id='line_1_114' title="bbox 481 5623 2058 5698; baseline -0.008 -12"><span class='ocrx_word' id='word_1_762' title='bbox 481 5632 578 5687; x_wconf 85' lang='lat' dir='ltr'><strong>lib.</strong></span> <span class='ocrx_word' id='word_1_763' title='bbox 615 5641 668 5685; x_wconf 89' lang='lat' dir='ltr'><strong>et</strong></span> <span class='ocrx_word' id='word_1_764' title='bbox 692 5623 832 5698; x_wconf 73' lang='lat' dir='ltr'><strong>apud</strong></span> <span class='ocrx_word' id='word_1_765' title='bbox 870 5626 1141 5683; x_wconf 89' lang='lat' dir='ltr'><strong>Socr.lib.</strong></span> <span class='ocrx_word' id='word_1_766' title='bbox 1177 5642 1250 5692; x_wconf 85' lang='lat' dir='ltr'><strong>tv,</strong></span> <span class='ocrx_word' id='word_1_767' title='bbox 1275 5623 1396 5694; x_wconf 77' lang='lat' dir='ltr'><strong>cap.</strong></span> <span class='ocrx_word' id='word_1_768' title='bbox 1424 5623 1834 5698; x_wconf 75' lang='lat' dir='ltr'><strong>35_,_et_S_ozom.</strong></span> <span class='ocrx_word' id='word_1_769' title='bbox 1868 5623 1962 5698; x_wconf 89' lang='lat' dir='ltr'><strong>l_ib.</strong></span> <span class='ocrx_word' id='word_1_770' title='bbox 1983 5637 2058 5698; x_wconf 74' lang='lat' dir='ltr'><strong>vt,</strong></span> 
     </span>
    </p>
   </div>
   <div class='ocr_carea' id='block_1_115' title="bbox 481 5692 2061 5770">
    <p class='ocr_par' dir='ltr' id='par_1_115' title="bbox 481 5692 2061 5770">
     <span class='ocr_line' id='line_1_115' title="bbox 481 5692 2061 5770; baseline -0.006 -14"><span class='ocrx_word' id='word_1_771' title='bbox 481 5713 601 5770; x_wconf 63' lang='grc' dir='ltr'>ηερ.</span> <span class='ocrx_word' id='word_1_772' title='bbox 628 5692 742 5770; x_wconf 44' lang='grc'><strong>⁸57,</strong></span> <span class='ocrx_word' id='word_1_773' title='bbox 772 5698 826 5750; x_wconf 87' lang='lat' dir='ltr'><strong>in</strong></span> <span class='ocrx_word' id='word_1_774' title='bbox 854 5697 982 5770; x_wconf 74' lang='lat' dir='ltr'><strong>lin.,_</strong></span> <span class='ocrx_word' id='word_1_775' title='bbox 1010 5707 1063 5750; x_wconf 90' lang='lat' dir='ltr'><strong>et</strong></span> <span class='ocrx_word' id='word_1_776' title='bbox 1082 5697 1177 5770; x_wconf 66' lang='lat' dir='ltr'><strong>lib.</strong></span> <span class='ocrx_word' id='word_1_777' title='bbox 1203 5712 1300 5760; x_wconf 82' lang='lat' dir='ltr'><strong>VII,</strong></span> <span class='ocrx_word' id='word_1_778' title='bbox 1331 5692 1828 5770; x_wconf 37' lang='lat' dir='ltr'><strong>agnitionem</strong></span> <span class='ocrx_word' id='word_1_779' title='bbox 1858 5692 2061 5770; x_wconf 77' lang='lat' dir='ltr'><strong>_Euzoii</strong></span> 
     </span>
    </p>
   </div>
   <div class='ocr_carea' id='block_1_116' title="bbox 481 5763 2058 5832">
    <p class='ocr_par' dir='ltr' id='par_1_116' title="bbox 481 5763 2058 5832">
     <span class='ocr_line' id='line_1_116' title="bbox 481 5763 2058 5832; baseline -0.002 -8"><span class='ocrx_word' id='word_1_780' title='bbox 481 5763 648 5824; x_wconf 74' lang='grc' dir='ltr'>τοῖοι-ι</span> <span class='ocrx_word' id='word_1_781' title='bbox 677 5763 929 5823; x_wconf 85' lang='lat' dir='ltr'><strong>Socrates</strong></span> <span class='ocrx_word' id='word_1_782' title='bbox 973 5768 1075 5822; x_wconf 89' lang='lat' dir='ltr'><strong>loc.</strong></span> <span class='ocrx_word' id='word_1_783' title='bbox 1116 5768 1213 5824; x_wconf 88' lang='lat' dir='ltr'><strong>cit.</strong></span> <span class='ocrx_word' id='word_1_784' title='bbox 1253 5763 1550 5821; x_wconf 82' lang='lat' dir='ltr'><strong>ann.Chr.</strong></span> <span class='ocrx_word' id='word_1_785' title='bbox 1586 5765 1712 5822; x_wconf 78' lang='grc'><strong>577.</strong></span> <span class='ocrx_word' id='word_1_786' title='bbox 1743 5763 2058 5832; x_wconf 72' lang='lat' dir='ltr'><strong>Got/wfred.</strong></span> 
     </span>
    </p>
   </div>
   <div class='ocr_carea' id='block_1_117' title="bbox 2236 5477 3731 5559">
    <p class='ocr_par' dir='ltr' id='par_1_117' title="bbox 2236 5477 3731 5559">
     <span class='ocr_line' id='line_1_117' title="bbox 2236 5477 3731 5559; baseline -0.001 -25"><span class='ocrx_word' id='word_1_787' title='bbox 2236 5481 2312 5554; x_wconf 86' lang='lat' dir='ltr'><strong>(b)</strong></span> <span class='ocrx_word' id='word_1_788' title='bbox 2339 5482 2554 5551; x_wconf 76' lang='grc' dir='ltr'>Πατρὶς</span> <span class='ocrx_word' id='word_1_789' title='bbox 2577 5477 2808 5559; x_wconf 27' lang='grc' dir='ltr'><strong>ὧδὲ-ἦνῆ</strong></span> <span class='ocrx_word' id='word_1_790' title='bbox 2826 5483 3261 5559; x_wconf 32' lang='grc' dir='ltr'>,Θεσσαλονίκη</span> <span class='ocrx_word' id='word_1_791' title='bbox 3296 5480 3376 5546; x_wconf 81' lang='grc' dir='ltr'>τῷ</span> <span class='ocrx_word' id='word_1_792' title='bbox 3401 5479 3731 5559; x_wconf 53' lang='grc' dir='ltr'>Δημοφιτηρ.</span> 
     </span>
    </p>
   </div>
   <div class='ocr_carea' id='block_1_118' title="bbox 2165 5551 3731 5622">
    <p class='ocr_par' dir='ltr' id='par_1_118' title="bbox 2165 5551 3731 5622">
     <span class='ocr_line' id='line_1_118' title="bbox 2165 5551 3731 5622; baseline -0.003 -16"><span class='ocrx_word' id='word_1_793' title='bbox 2165 5551 2385 5608; x_wconf 62' lang='lat' dir='ltr'><strong>Dei-rosa</strong></span> <span class='ocrx_word' id='word_1_794' title='bbox 2418 5569 2584 5622; x_wconf 90' lang='lat' dir='ltr'><strong>prope</strong></span> <span class='ocrx_word' id='word_1_795' title='bbox 2611 5551 3074 5622; x_wconf 86' lang='lat' dir='ltr'><strong>Thessalonicam</strong></span> <span class='ocrx_word' id='word_1_796' title='bbox 3095 5555 3246 5607; x_wconf 74' lang='lat' dir='ltr'><strong>locus</strong></span> <span class='ocrx_word' id='word_1_797' title='bbox 3274 5562 3393 5622; x_wconf 68' lang='lat' dir='ltr'><strong>erat</strong></span> <span class='ocrx_word' id='word_1_798' title='bbox 3423 5560 3517 5604; x_wconf 81' lang='lat' dir='ltr'><strong>aut</strong></span> <span class='ocrx_word' id='word_1_799' title='bbox 3546 5551 3731 5603; x_wconf 85' lang='lat' dir='ltr'><strong>nativi-</strong></span> 
     </span>
    </p>
   </div>
   <div class='ocr_carea' id='block_1_119' title="bbox 2164 5621 3729 5692">
    <p class='ocr_par' dir='ltr' id='par_1_119' title="bbox 2164 5621 3729 5692">
     <span class='ocr_line' id='line_1_119' title="bbox 2164 5621 3729 5692; baseline -0.003 -16"><span class='ocrx_word' id='word_1_800' title='bbox 2164 5625 2310 5689; x_wconf 87' lang='lat' dir='ltr'><strong>tatis,</strong></span> <span class='ocrx_word' id='word_1_801' title='bbox 2351 5621 2445 5677; x_wconf 84' lang='lat' dir='ltr'><strong>aut</strong></span> <span class='ocrx_word' id='word_1_802' title='bbox 2470 5625 2660 5677; x_wconf 90' lang='lat' dir='ltr'><strong>saltem</strong></span> <span class='ocrx_word' id='word_1_803' title='bbox 2687 5624 3034 5692; x_wconf 88' lang='lat' dir='ltr'><strong>episcopatus</strong></span> <span class='ocrx_word' id='word_1_804' title='bbox 3063 5621 3389 5691; x_wconf 87' lang='lat' dir='ltr'><strong>Demophili,</strong></span> <span class='ocrx_word' id='word_1_805' title='bbox 3416 5630 3477 5674; x_wconf 91' lang='lat' dir='ltr'><strong>ut</strong></span> <span class='ocrx_word' id='word_1_806' title='bbox 3505 5629 3646 5690; x_wconf 85' lang='lat' dir='ltr'><strong>patet</strong></span> <span class='ocrx_word' id='word_1_807' title='bbox 3669 5631 3729 5671; x_wconf 72' lang='lat' dir='ltr'><strong>rx</strong></span> 
     </span>
    </p>
   </div>
   <div class='ocr_carea' id='block_1_120' title="bbox 2165 5692 3728 5821">
    <p class='ocr_par' dir='ltr' id='par_1_120' title="bbox 2165 5692 3728 5821">
     <span class='ocr_line' id='line_1_120' title="bbox 2165 5692 3728 5774; baseline -0.004 -28"><span class='ocrx_word' id='word_1_808' title='bbox 2165 5695 2372 5774; x_wconf 76' lang='lat' dir='ltr'><strong>capp.8</strong></span> <span class='ocrx_word' id='word_1_809' title='bbox 2395 5704 2448 5748; x_wconf 82' lang='lat' dir='ltr'><strong>et</strong></span> <span class='ocrx_word' id='word_1_810' title='bbox 2478 5694 2543 5748; x_wconf 81' lang='grc'><strong>19</strong></span> <span class='ocrx_word' id='word_1_811' title='bbox 2574 5693 2853 5770; x_wconf 42' lang='lat' dir='ltr'><strong>hujus&#39;lib.</strong></span> <span class='ocrx_word' id='word_1_812' title='bbox 2883 5693 2959 5750; x_wconf 90' lang='lat' dir='ltr'><strong>De</strong></span> <span class='ocrx_word' id='word_1_813' title='bbox 2981 5692 3302 5764; x_wconf 84' lang='lat' dir='ltr'><strong>DemOphilo</strong></span> <span class='ocrx_word' id='word_1_814' title='bbox 3327 5692 3728 5762; x_wconf 74' lang='lat' dir='ltr'><strong>vid.,pluratnos</strong></span> 
     </span>
     <span class='ocr_line' id='line_1_121' title="bbox 2165 5761 2849 5821; baseline -0.007 -3"><span class='ocrx_word' id='word_1_815' title='bbox 2165 5780 2218 5818; x_wconf 80' lang='lat' dir='ltr'><strong>in</strong></span> <span class='ocrx_word' id='word_1_816' title='bbox 2249 5765 2577 5821; x_wconf 69' lang='lat' dir='ltr'><strong>Fragmenta</strong></span> <span class='ocrx_word' id='word_1_817' title='bbox 2602 5778 2632 5816; x_wconf 90' lang='lat' dir='ltr'><strong>e</strong></span> <span class='ocrx_word' id='word_1_818' title='bbox 2667 5761 2849 5818; x_wconf 85' lang='lat' dir='ltr'><strong>Sutda.</strong></span> 
     </span>
    </p>
   </div>
   <div class='ocr_carea' id='block_1_121' title="bbox 2165 5777 2849 5834">
    <p class='ocr_par' dir='ltr' id='par_1_121' title="bbox 2165 5777 2849 5834">
     <span class='ocr_line' id='line_1_122' title="bbox 2165 5777 2849 5834; baseline -0.007 -16"><span class='ocrx_word' id='word_1_819' title='bbox 2165 5780 2218 5818; x_wconf 85' lang='lat' dir='ltr'><strong>tu</strong></span> <span class='ocrx_word' id='word_1_820' title='bbox 2249 5777 2577 5834; x_wconf 63' lang='lat' dir='ltr'><strong>fragmento</strong></span> <span class='ocrx_word' id='word_1_821' title='bbox 2602 5778 2632 5816; x_wconf 90' lang='lat' dir='ltr'><strong>e</strong></span> <span class='ocrx_word' id='word_1_822' title='bbox 2667 5777 2849 5818; x_wconf 68' lang='lat' dir='ltr'><strong>Sunia.</strong></span> 
     </span>
    </p>
   </div>
  </div>
