4028 6330
1902 373 2378 429 PHILOS-TORGII

3679 371 3781 428 396

550 504 813 545 coronam
865 491 1136 561 imposuit.
1198 490 1315 561 Ipse
1357 506 1486 545 vero
1529 506 1592 546 ea
1626 508 1743 561 qua:
1793 491 1859 546 ad
1919 492 2116 546 bellum

2239 496 2360 566 πρὸς
2383 497 2473 549 τὸν
2501 494 2734 566 πόλεμον
2776 495 2936 558 αὐτὸς
2979 492 3316 565 ἐξαρτύεται.
3343 485 3517 561 Ἥρος
3561 486 3618 541 δὲ
3650 487 3781 541 ὑπο-

554 590 712 636 erant
734 583 1062 647 necessaria,
1090 591 1203 635 tota
1236 581 1426 652 hyeme
1453 583 1793 652 praéparavit.
1821 584 2117 653 Appetente

556 683 736 727 autem
766 687 911 738 vere,
948 673 1209 728 adversus
1238 683 1527 744 tyrannum
1558 676 1956 744 expeditionem
1997 693 2118 732 sus-

558 763 718 834 cepit.
769 764 1011 834 Cumque
1057 763 1123 818 ad
1173 763 1337 833 Alpes
1364 767 1624 831 venisset,
1680 783 1774 822 eas
1815 767 2121 838 proditione

556 857 861 924 occupavit,
877 865 928 910 et
958 870 1288 926 congressus
1309 872 1434 911 cum
1467 866 1698 928 tyranno
1720 859 1868 928 juxta
1896 859 2119 913 ﬂuvium

555 948 648 1016 qui
678 946 926 1016 Frigidus
955 949 1394 1018 cognominatur,
1425 949 1536 1004 acri
1585 950 1776 1020 prailio
1803 950 2119 1014 commisso,

551 1046 611 1090 et
660 1037 1076 1108 quamplurimis
1124 1039 1380 1110 utrinque
1428 1041 1608 1107 caesis,
1635 1041 1850 1095 tandem
1893 1041 2122 1096 victoria

558 1138 853 1196 tyrannum
885 1137 1155 1196 aversata,
1204 1130 1506 1201 legitimum
1557 1129 1937 1200 imperatorem
1967 1146 2125 1186 coro-

564 1220 734 1273 navit.
765 1220 973 1289 Captus
1007 1221 1174 1292 igitur
1218 1231 1481 1292 tyrannus
1522 1230 1575 1276 et
1621 1222 1801 1291 capite
1841 1232 2124 1278 truncatus

557 1321 660 1366 est.
686 1311 1013 1383 Arbogastes
1049 1328 1176 1368 vero
1212 1313 1363 1368 omni
1411 1329 1508 1383 spe
1534 1314 1766 1384 abiecta,
1798 1314 1984 1383 gladio
2024 1331 2125 1371 suo

559 1403 903 1466 incumbens,
936 1415 1167 1458 mortem
1212 1403 1316 1459 sibi
1346 1405 1629 1460 conscivit.
1668 1404 1914 1461 Posthazc
1953 1407 2138 1484 impeg

559 1503 709 1548 rator
732 1493 1094 1549 Mediolanum
1121 1495 1420 1564 ingressus,
1443 1494 1740 1550 Honorium
1773 1497 1944 1551 illium
1965 1513 2125 1552 suum

557 1586 828 1651 evocavit,
853 1586 1016 1655 eique
1038 1587 1206 1641 totius
1235 1585 1549 1643 Occidentis
1570 1588 1856 1658 imperium
1886 1589 2125 1644 tradidit.

556 1674 686 1731 Post
725 1675 950 1731 relatam
981 1688 1161 1732 autem
1193 1678 1260 1733 de
1295 1687 1525 1750 tyranno
1553 1681 1836 1734 victoriam
1877 1681 2128 1736 Theodo-

561 1767 678 1821 sius
701 1783 857 1836 aquae
888 1769 1172 1823 intercutis
1199 1769 1391 1824 morbo
1414 1779 1716 1840 correptus,
1739 1775 1905 1828 vitam
1932 1775 2124 1840 finivit,

2221 589 2500 657 φαίνοντος
2531 587 2880 660 ὲκστρατεύει
2915 584 3058 640 κατὰ
3083 583 3176 638 τοῦ
3217 583 3500 653 τυράννου.
3531 580 3638 634 Καὶ
3670 583 3782 645 ταῖς

2225 667 2454 733 Ἀλπεσι
2478 678 2799 750 προσϐαλὼν
2821 677 3122 748 ἐκράτησεν
3152 675 3331 728 αὐτῶν
3351 669 3784 745 προδοσίᾳ.Συμ-

2221 769 2518 832 πλακέντος
2545 769 2601 822 δὲ
2620 767 2698 838 τῷ
2725 767 2969 838 τυράννῳ
2994 763 3137 818 κατὰ
3155 763 3245 816 τὸν
3271 761 3513 831 ποταμὸν
3538 757 3784 830 (Ψυχρὸν

2223 861 2368 933 ὕδωρ
2398 860 2547 931 αὐτῷ
2583 861 2687 931 τὴν
2724 857 3040 928 ἐπωνυμίαν
3073 853 3409 920 ποιοῦνται),
3466 852 3559 906 καὶ
3611 850 3786 921 μάχης

2223 953 2492 1025 καρτερᾶς
2521 951 2838 1023 γενομένης.
2873 949 2966 1003 καὶ
3011 947 3222 1001 πολλῶν
3251 943 3590 1016 ἑκατέρωθεν
3623 941 3785 995 ἀπολ-

2222 1046 2488 1116 λυμένων,
2535 1045 2683 1114 ὅμως
2723 1043 2756 1113 ἠ
2801 1041 2946 1113 νίκη,
2987 1041 3078 1095 τὸν
3127 1039 3388 1110 τύραννον
3435 1033 3788 1107 μυσαχθεῖσα.

2223 1139 2322 1209 τὴν
2363 1135 2584 1206 ἔννομον
2619 1132 2893 1204 βασιλείαν
2929 1129 3323 1200 συνδιεκόσμει.
3355 1123 3792 1196 Συλλαμϐἀνεται

2225 1229 2406 1280 τοίνυν
2438 1228 2466 1279 ὁ
2494 1225 2755 1297 τύραννος
2789 1224 2883 1277 καὶ
2909 1222 3008 1291 τῆς
3037 1219 3280 1290 κεφαλῆς
3309 1216 3696 1286 ἀποτέμνεται.
3737 1212 3792 1265 ὐ

2230 1321 2412 1392 μέντοι
2467 1316 2844 1388 Ἀρὸαγάστης
2896 1312 3206 1380 ἀπογνοὺς,
3262 1305 3540 1362 ἐπιπεσὼν
3585 1305 3797 1376 ἀναιρεῖ

2219 1413 2420 1471 ἑαυτὸν
2466 1409 2544 1481 τῷ
2599 1409 2759 1478 ξίφει.
2809 1406 2962 1461 Μετὰ
3013 1405 3069 1458 δὲ
3111 1403 3285 1457 ταῦτα
3330 1396 3725 1473 παραγεγονὼς
3769 1396 3798 1448 ὁ

2230 1505 2480 1577 βασιλεὺς
2524 1506 2582 1557 ὲν
2632 1502 2942 1570 Μεδιολάνῳ
3003 1497 3417 1570 μεταπέμπεται
3460 1493 3552 1547 τὸν
3607 1488 3796 1544 ἑαυτοῦ

2228 1599 2395 1653 παῖδα
2428 1596 2704 1669 Ὀνώριον,
2732 1595 2827 1649 καὶ
2853 1594 2950 1666 τὴν
2980 1591 3248 1661 Ἑσπέραν
3269 1587 3562 1657 ἐγχειρίζει
3595 1584 3793 1636 πᾶσαν.

2227 1691 2384 1748 Μετὰ
2403 1693 2459 1746 δὲ
2484 1692 2583 1762 τὴν
2613 1689 2753 1743 κατὰ
2771 1686 2864 1741 τοῦ
2893 1686 3156 1758 τυράννου
3185 1682 3362 1751 νίκην,
3394 1681 3460 1749 τῇ
3491 1675 3586 1730 τοῦ
3615 1675 3796 1744 ὑδέρου

2229 1784 2369 1854 νόσῳ
2401 1777 2716 1854 κρατηθεὶς,
2749 1779 2976 1849 τελευτᾷ
3007 1777 3098 1829 τὸν
3135 1773 3268 1844 βίον,
3309 1768 3636 1843 βασιλεύσας
3675 1764 3798 1818 δέκα

558 1874 684 1912 cum
725 1869 1001 1929 regnasset
1030 1861 1189 1916 annis
1221 1861 1512 1917 sexdecim.
1552 1861 1725 1918 Porro
1755 1867 1991 1934 quandiu
2022 1869 2126 1922 im-

2239 1851 2575 1945 itat-ﬁgi!qu
2612 1874 2670 1925 ὲν
2707 1872 2850 1934 ὅλοις
2885 1869 2948 1939 δὴ
2981 1864 3276 1939 βασιλεύων
3309 1859 3420 1935 (72)
3449 1860 3529 1922 είς
3568 1854 3798 1926 ὑψηλοὺς

558 1949 798 2019 peravit,
829 1951 895 2006 ad
949 1968 1226 2008 summum
1267 1953 1520 2010 humanae
1567 1956 1842 2014 felicitatis
1885 1963 2130 2031 pervenit

559 2042 860 2113 fastigium.
893 2041 1032 2100 Nam
1069 2054 1125 2100 et
1174 2046 1246 2101 ob
1286 2046 1543 2104 victorias
1573 2049 1824 2118 illustris,
1854 2062 1909 2108 et
1961 2056 2130 2110 totius

561 2141 776 2210 imperil
805 2141 1040 2197 Romani
1079 2144 1454 2200 monarchiam
1495 2147 1772 2212 obtinens,
1799 2156 1854 2203 et
1897 2147 2129 2202 duorum

560 2234 952 2302 imperatorum
976 2250 1098 2292 sese
1124 2237 1313 2293 videns
1344 2248 1575 2308 patrem.
1602 2249 1656 2294 et
1694 2239 1982 2309 imperium
2023 2241 2131 2296 illis

544 2329 782 2382 tirmum
838 2343 902 2384 ac
957 2329 1246 2385 seditionis
1290 2343 1486 2401 expers
1537 2331 1882 2403 relinquens,
1925 2333 1979 2387 in
2029 2348 2130 2388 suo

560 2418 799 2488 denique
826 2420 968 2476 lecto
1003 2422 1321 2479 felicissima
1366 2433 1541 2478 morte
1584 2425 1834 2481 sublatus
1879 2435 1994 2493 est;
2030 2427 2130 2482 zeli

562 2509 646 2562 sui
688 2524 798 2580 quo
842 2510 1107 2569 adversus
1161 2515 1586 2569 simulacrorum
1638 2515 1842 2570 cultum
1893 2517 2133 2584 exarsit,

565 2601 709 2656 hanc
738 2603 1067 2669 mercedem,
1103 2614 1164 2659 ut
1195 2606 1330 2659 mihi
1359 2605 1581 2676 quidem
1607 2607 1842 2670 videtur,
1865 2607 2128 2664 referens.

563 2689 690 2745 Haec
718 2705 846 2747 cum
866 2693 934 2747 de
961 2692 1273 2751 Theodosio
1303 2696 1450 2752 dicat
1487 2698 1686 2767 impius
1714 2696 2132 2771 Philostorgius,

564 2782 743 2850 ipsum
776 2793 952 2838 tamen
991 2801 1100 2840 non
1151 2789 1338 2857 pudet,
1379 2789 1448 2843 ob
1491 2790 1964 2859 intemperantiam
2011 2792 2134 2849 vita:

2232 1971 2326 2024 τοῦ
2357 1969 2473 2040 βίου
2506 1962 2815 2036 καταλήξας
2859 1962 3146 2033 τέρμονας.
3195 1953 3317 2009 Ἐπί
3356 1969 3414 2006 τε
3468 1949 3580 2020 γὰρ
3628 1948 3798 2040 νίκαις

2233 2036 2536 2133 λαμπραῖς,
2566 2058 2660 2112 καὶ
2695 2055 3042 2128 μοναρχήσας
3076 2046 3382 2120 Ῥωμαίων,
3419 2043 3514 2096 καὶ
3545 2041 3688 2133 δυσίν
3713 2036 3800 2107 βα-

2237 2131 2428 2208 σιλέων
2479 2151 2690 2225 πατέρα
2741 2148 2934 2203 ἑαυτὸν
2979 2141 3212 2208 ἐπιδὼν,
3256 2137 3350 2193 καὶ
3390 2135 3600 2197 τούτοις
3643 2131 3804 2230 ἁσταὶ

2238 2245 2455 2298 σίαστον
2484 2223 2862 2314 παραπέμψας
2887 2239 2986 2307 τὴν
3014 2231 3308 2304 βασιλείαν,
3327 2225 3464 2281 κάπὶ
3482 2223 3584 2287 τῆς
3614 2223 3804 2314 fautor?

2238 2335 2428 2406 κλίνης
2461 2311 2918 2402 εὐδαιμονέστατα
2945 2323 3229 2397 προλείπει
3253 2320 3342 2373 τὸν
3379 2311 3640 2406 βίονὶτοῠ
3681 2311 3806 2406 (ξερ-

2243 2427 2344 2498 μοῦ
2383 2401 2477 2498 μοι
2512 2401 2652 2478 δοκῶ
2690 2421 2831 2477 κατὰ
2862 2420 2974 2473 τῶν
3001 2414 3235 2470 εἰδώλων
3267 2409 3428 2482 ζήλου
3455 2404 3624 2498 τοῦτον
3646 2401 3810 2498 γέρας

2237 2496 2561 2586 ἐξενεγκὼν,
2589 2514 2770 2569 Ταῦτα
2796 2513 2972 2581 λέγων
3009 2512 3037 2564 ὁ
3073 2503 3338 2574 δυσσεϐὴς
3377 2500 3506 2572 περὶ
3534 2497 3630 2551 τοὺ
3658 2496 3809 2586 euas-

2238 2585 2501 2664 ὁεστὰτου
2531 2604 2831 2667 Θεοδοσίου,
2864 2603 2966 2656 οὐκ
2991 2598 3302 2671 αἰσχύνεται
3337 2591 3621 2662 κωμῳδεῖν
3651 2585 3809 2640 αὑτὸν

2236 2706 2322 2758 ἐπ’
2358 2703 2599 2775 ἀκρασίᾳ
2638 2699 2752 2768 βίου
2780 2697 2874 2750 καὶ
2903 2694 3114 2764 τρυφῆς
3154 2688 3409 2762 ἀμετρίᾳ,
3440 2684 3504 2736 δι’
3549 2682 3615 2753 ἢν
3647 2676 3811 2733 αὑτὸν

2237 2795 2438 2849 ἁλῶναι
2470 2793 2670 2864 γράφει
2702 2789 2797 2843 καί¹
2827 2785 2904 2858 τῷ
2940 2785 3034 2838 τοῦ
3059 2783 3250 2854 ὑδέρου
3283 2781 3568 2847 νοσήματι.

564 2886 621 2930 et
649 2879 720 2932 ob
749 2878 1070 2936 immodicas
1095 2881 1317 2937 delicias
1344 2883 1597 2938 eumdem
1632 2885 1950 2952 traducere,
1999 2904 2171 2959 eaque
2203 2906 2270 2946 ex
2318 2904 2484 2947 causa
2527 2887 2774 2943 morbum
2802 2899 2957 2955 aquae
2986 2878 3270 2938 intercutis
3292 2873 3633 2933 contraxisse
3657 2868 3811 2923 illum

563 2970 718 3028 dicit.

635 3067 690 3123 ὃ.
736 3068 1000 3124 Arcadius
1036 3079 1086 3126 et
1135 3071 1407 3128 Honorius
1443 3075 1607 3145 impp.
1638 3075 1871 3146 :Ruﬁnus
1904 3090 1950 3133 et
1986 3079 2139 3136 Stili—

566 3162 778 3259 cho”:-
803 3161 858 3216 ln
894 3163 1132 3220 Orientis
1184 3167 1399 3236 quidem
1437 3169 1683 3238 partibus
1732 3169 1960 3227 Ruﬁnus
1995 3173 2136 3240 apud
2167 3201 2209 3259 ρ

565 3255 857 3310 Arcadium
883 3271 1152 3312 summam
1187 3267 1508 3328 potestatem
1542 3259 1859 3326 obtinebat;
1891 3264 1943 3316 in
1977 3261 2137 3318 Occi-

565 3350 726 3402 dente
755 3359 938 3403 autem
981 3349 1210 3404 Stilicho
1245 3350 1386 3419 apud
1415 3350 1714 3406 Honorium
1755 3354 2004 3408 eumdem
2043 3355 2139 3408 oli-

570 3441 777 3495 tinebat
830 3441 1036 3496 locum.
1093 3439 1333 3512 Uterque
1395 3445 1540 3498 enim
1601 3445 1867 3509 istorum,
1926 3445 2137 3515 imperii

572 3545 769 3586 nomen
799 3548 862 3588 ac
903 3534 1140 3602 speciem
1172 3549 1338 3605 penes
1373 3546 1661 3604 utrumque
1695 3537 1927 3590 filiorum
1961 3539 2139 3592 Theo-

568 3623 708 3677 dosii
740 3638 1024 3678 remanere
1063 3623 1221 3679 facile
1263 3642 1481 3696 passus,
1516 3627 1683 3681 robur
1721 3627 1934 3698 imperii
1972 3643 2138 3698 penes

569 3727 630 3766 se
667 3713 913 3780 retinuit,
947 3714 1085 3768 alter
1132 3717 1235 3771 sub
1264 3716 1506 3787 magistri
1542 3717 1778 3770 militum
1805 3759 1818 3784 ,
1870 3718 2005 3773 alter
2035 3719 2138 3773 sub

568 3803 808 3872 praefecti
875 3805 1234 3876 appellatione
1286 3807 1600 3876 imperatori
1677 3823 1776 3863 suo
1841 3809 2135 3879 imperans.

566 3894 770 3950 Neuter
804 3913 965 3967 porro
996 3899 1213 3954 illorum
1249 3915 1315 3953 eo
1345 3899 1466 3953 loco
1496 3915 1656 3968 quem
1691 3901 1831 3970 apud
1864 3902 2139 3970 principes

567 4004 704 4044 suos
731 3988 1029 4053 obtinebat,
1062 3999 1353 4048 contentus
1399 3990 1522 4046 fuit.
1557 3990 1689 4046 Nam
1743 3992 1976 4048 Rufinus
2015 3993 2139 4064 qui-

2314 3085 2385 3148 γ’.
2426 3076 2549 3129 Ὀτι
2603 3071 2871 3146 ’Λρκαδίῳ
2925 3069 3022 3140 μὲν
3071 3065 3158 3120 ἐπ’
3214 3060 3501 3131 Ἀνατολῆς
3537 3059 3815 3128 Ῥουφῖνος

2245 3166 2712 3241 παρεδυνάστευε·
2749 3159 2894 3216 κατὰ
2928 3158 2984 3212 δὲ
3013 3155 3110 3228 τὴν
3142 3154 3303 3208 Δύσιν
3340 3151 3416 3222 τῷ
3449 3149 3691 3222 Ὀνωρίῳ
3716 3149 3813 3220 τὴν

2241 3240 2410 3332 αὑτὴν
2450 3261 2480 3313 ὁ
2518 3257 2784 3326 Στελίχων
2833 3251 2985 3316 τάξιν
3029 3246 3305 3311 διέσωζεν.
3364 3241 3660 3314 Ἐκὰτερος
3708 3240 3816 3312 γὰρ

2243 3353 2444 3418 αὐτῶν,
2473 3349 2719 3420 ἐκατέρῳ
2742 3345 2852 3399 τῶν
2887 3341 3168 3397 Θεοδοσίου
3201 3339 3404 3392 παίδων
3430 3335 3490 3389 τδ
3527 3334 3627 3404 τῆς
3656 3333 3814 3404 βασι-

2241 3445 2390 3507 λείας
2442 3441 2627 3511 σχῆμα
2661 3437 2754 3491 καὶ
2790 3435 2851 3488 τὸ
2891 3433 3062 3503 ὄνομα
3106 3430 3291 3499 νέμειν
3336 3427 3396 3480 οὑ
3446 3422 3820 3496 παραιτούμεο

2243 3554 2332 3594 νος
2355 3534 2486 3607 (73),
2506 3532 2564 3586 τὸ
2593 3530 2792 3602 κράτος
2814 3527 2911 3597 τῆς
2937 3524 3111 3596 ἀρχῆς
3133 3522 3220 3574 διὰ
3241 3519 3420 3591 χειρὸς
3446 3519 3540 3571 καὶ
3563 3513 3821 3607 γλώσσης

2245 3605 2387 3699 εἶχεν
2417 3624 2551 3694 (Ἠ).
2600 3624 2658 3675 ὲν
2702 3620 2947 3691 ὑπάρχου
2987 3613 3328 3688 προσηγορίᾳ
3366 3608 3675 3699 *βασιλεύων
3723 3605 3820 3660 τοὺ⁹

2249 3697 2641 3788 βασιλεύοντος.
2687 3711 2980 3781 Οτῦδέτερος
3017 3707 3074 3761 δὲ
3125 3705 3304 3759 αὐτῶν
3333 3697 3413 3766 οἷς
3459 3701 3673 3771 ὑπῆρχε
3710 3700 3822 3752 τῶν

2247 3808 2512 3880 βασιλέων
2545 3806 2820 3875 ἔστεργεν.
2859 3803 2919 3855 '0
2941 3799 3042 3873 μὲν
3062 3799 3172 3871 γὰρ
3209 3798 3486 3866 Ῥουφῖνος
3515 3793 3611 3846 καὶ
3630 3794 3690 3845 τὸ
3722 3793 3824 3861 τῆς

2248 3897 2526 3969 βασιλείας
2569 3895 2740 3965 ὄνομα
2775 3894 2854 3956 εἰς
2895 3889 3086 3944 ἑαυτὸν
3115 3887 3396 3959 μεθέλκειν
3434 3884 3758 3954 ἐτέχναζεν·
3796 3883 3827 3935 6

2247 3990 2513 4060 Στελίχων
2565 3988 2622 4042 δὲ
2666 3987 2779 4060 (75)
2823 3984 2900 4057 τῷ
2938 3983 3129 4038 ἑαυτοῦ
3165 3981 3320 4035 παιδὶ
3366 3978 3615 4050 Εὑχερίῳ
3664 3993 3825 4047 περι·

1790 4171 2037 4216 νΑιιῖεῐι
2076 4168 2577 4214 ΑΝΝΟΤΑΤῙΟΝΕΒ.

639 4322 752 4392 (72)
795 4321 895 4376 Ἑν
920 4320 1082 4388 ὅλοις
1105 4320 1180 4388 δὴ
1193 4321 1562 4384 βασιλεύων.
1587 4317 1856 4390 Coi-rupta
1878 4331 2002 4377 sunt
2025 4324 2136 4378 haec

565 4391 767 4455 verba;
801 4407 903 4446 nec
928 4391 1202 4460 quomodo
1232 4393 1442 4445 restitui
1463 4392 1937 4460 possiuteqnidem
1959 4395 2134 4446 video.

565 4465 729 4516 (terte
757 4460 1094 4530 Nieephorus
1127 4461 1272 4531 hunc
1318 4461 1672 4531 Philostorgii
1719 4463 1896 4516 locum
1931 4463 2135 4518 descri-

567 4533 722 4602 bens,
742 4545 804 4586 ea
831 4529 1194 4602 printer-misit.
1221 4529 1412 4602 incipit
1435 4534 1578 4602 enim
1603 4529 1671 4585 ah
1694 4532 1778 4587 his
1800 4533 2010 4602 verbis:
2045 4533 2138 4595 Εἰς

568 4601 804 4671 ὑψηλοὺς
833 4599 950 4653 ἢτοῦ
986 4600 1101 4671 β-ίου
1149 4599 1457 4668 καταλήξας
1499 4601 1787 4671 τέρμονας.
1835 4601 1966 4667 Quae
2021 4618 2142 4656 ver-

571 4669 941 4725 ha'Joanncs
988 4669 1225 4736 ’Laugus
1274 4669 1577 4737 perperam
1605 4669 2000 4740 interpretatus
2059 4681 2144 4726 est

574 4741 674 4793 hoc
701 4744 902 4794 modo:
942 4741 1074 4794 Cum
1107 4741 1175 4792 ad
1208 4740 1366 4809 ﬁnem
1397 4741 1517 4793 vita:
1554 4741 1685 4793 satis
1719 4741 1931 4809 longum
1963 4758 2142 4809 perve-

574 4812 754 4881 nisset.
787 4810 947 4878 Atqui
982 4825 1088 4881 non
1130 4810 1232 4863 hoc
1263 4809 1393 4863 dicit
1431 4810 1656 4881 Philost.
1679 4820 1772 4864 aut
1796 4809 2143 4881 Niceph.,sed

572 4879 940 4933 Theodosium
995 4879 1395 4946 imperatorem.
1444 4880 1719 4934 illustriss.
1773 4897 1838 4936 ac
1891 4879 2144 4934 beatissi-

575 4964 724 5002 mum
760 4950 883 5002 vitae
937 4948 1097 5020 tinem
1146 4952 1400 5020 adeptum
1436 4965 1600 5004 esse:
1656 4950 1856 5020 quippe
1892 4951 1984 5018 qui
2023 4960 2147 5020 post

575 5029 654 5073 tut
685 5020 941 5074 victorias
973 5018 1039 5072 de
1083 5019 1329 5088 tyrannis
1367 5021 1600 5085 relatas,
1641 5018 1855 5076 duobus
1889 5018 2143 5076 filiis—im-

574 5090 919 5157 peratoribus
947 5089 1171 5150 relictis,
1197 5089 1248 5141 in
1278 5105 1379 5144 suo
1407 5091 1545 5143 lecto
1571 5091 1886 5159 exspiravit.

647 5161 761 5228 (75)
794 5159 1010 5230 [νέμειν
1040 5161 1112 5212 οὺ
1142 5161 1631 5230 παραιτούμενος.
1655 5161 2012 5216 Scribendum
2034 5163 2148 5215 exi-

575 5230 737 5284 stimo
762 5231 940 5300 μένειν
963 5229 1022 5282 οὑ
1055 5229 1504 5302 παραιτούμενος
1538 5246 1698 5299 quam
1737 5233 2061 5302 scripturam
2094 5233 2146 5287 iu

578 5302 828 5355 versione
857 5317 972 5354 mea
1008 5316 1128 5353 smn
1162 5311 1402 5355 secutus.
1441 5301 1494 5354 In
1525 5317 1629 5354 ms.
1655 5301 1861 5358 codice
1877 5303 2148 5358 Samuelis

579 5371 827 5444 ltocharti
864 5372 1122 5444 scriptum
1176 5370 1390 5444 inveni,
1421 5371 2146 5444 νέμεινᾲὲπαραιτούμενος,

575 5451 631 5496 et
679 5443 732 5496 in
785 5441 1028 5509 margine
1069 5443 1370 5511 ascriptum
1421 5451 1502 5495 est
1541 5442 1728 5495 eadem
1772 5441 1980 5508 manu,
2020 5445 2150 5506 ἴσως

577 5511 1024 5584 παραιτούμενος.
1065 5511 1236 5577 Quam
1267 5512 1551 5584 lectionem
1589 5513 1634 5567 si
1679 5529 1997 5581 sequamur,
2027 5529 2152 5584 sen-

580 5582 674 5637 sus
712 5582 858 5644 erit,
912 5582 1168 5636 Rufinum
1207 5593 1261 5637 et
1309 5582 1665 5636 Stilichonem
1695 5598 1892 5638 nomen
1928 5583 2148 5652 quidem

582 5663 746 5719 atque
777 5654 1019 5706 habitum
1052 5653 1264 5723 imperii
1293 5667 1598 5709 recusasse.
1626 5669 1726 5707 nec
1749 5654 1987 5708 voluisse
2017 5653 2150 5705 illud

583 5729 842 5792 tanquam
876 5723 1242 5776 ha'rcditatcm
1274 5740 1397 5778 cum
1437 5723 1855 5792 imperatoribus
1887 5724 2003 5779 suis
2034 5738 2152 5776 sor-

588 5789 688 5841 tito
713 5789 981 5858 dividere;
1007 5793 1112 5846 vim
1149 5804 1326 5848 tamen
1367 5794 1483 5862 ejus
1515 5789 1590 5846 ac
1631 5803 1948 5861 potestatem
1987 5809 2152 5864 penes

2241 4336 2300 4376 se
2332 4319 2645 4375 retinuisse.
2686 4317 2793 4372 Sed
2831 4317 2997 4372 verba
3029 4316 3236 4380 Grzera,
3275 4328 3398 4369 meo
3427 4311 3828 4384 quidem_judi-

2242 4393 2350 4458 cio,
2380 4391 2524 4445 hunc
2554 4405 2773 4444 sensum
2807 4403 2914 4442 non
2961 4387 3295 4458 admittunt._
3318 4385 3406 4438 Ait
3443 4381 3588 4439 enim
3609 4381 3830 4458 _Philo-

2244 4454 2503 4537 storgius,
2533 4459 2780 4530 ἑκατέρῳ
2817 4459 2926 4512 τῶν
2959 4457 3220 4537 βασιλέων
3242 4455 3446 4525 νέμειν,
3478 4454 3623 4537 quod
3649 4455 3829 4524 signi-

2245 4530 2404 4585 licare
2443 4547 2549 4584 non
2584 4540 2800 4600 potest:
2841 4530 3031 4600 partiri
3076 4544 3196 4580 cum
3223 4537 3448 4600 utroque
3477 4530 3825 4600 imperatore.

2245 4600 2540 4655 Dicendum
2585 4594 2726 4654 enim
2770 4594 2914 4655 esset
2962 4599 3146 4670 νέμειν
3185 4599 3292 4651 σὺν.
3329 4596 3594 4667 ἑκατέρῳ.
3639 4594 3828 4660 Quare

2244 4672 2396 4742 prior
2444 4671 2822 4742 interpretatio
2854 4669 3036 4742 magis
3061 4670 3236 4738 placet
3267 4686 3282 4721 :
3322 4682 3503 4742 quam
3530 4672 3828 4742 continuat

2245 4735 2408 4796 etiam
2442 4735 2780 4808 Nicephorus
2812 4739 2865 4792 in
2901 4735 3039 4793 libro
3061 4735 3197 4801 :‘III,-
3219 4735 3426 4807 capit,
3453 4735 3542 4808 ubi
3579 4750 3676 4808 pro
3703 4753 3830 4790 ver-

2245 4812 2330 4865 bis
2367 4811 2490 4944 iélis.
2523 4807 2708 4881 νέμειν
2737 4812 2798 4864 οὑ
2827 4811 3284 4882 παραιτούμενος,
3313 4810 3472 4878 ponit
3499 4807 3831 4876 simpliciter

2245 4899 2373 4944 χαρι
2412 4898 2624 4944 ομενος.

2283 4898 2624 4943 αριςομενος.

2245 4899 2624 4954 χαριςομενος.

2271 5020 2276 5021 ί
2317 4952 2428 5021 (74)
2469 4952 2572 5005 Διά
2604 4949 2801 5018 χειρὸς
2834 4950 2933 5004 καὶ
2967 4949 3252 5021 γλώσσης
3275 4945 3458 5021 εἶχεν.
3495 4945 3550 5000 in
3585 4962 3696 5021 ins.
3727 4961 3828 5021 co-

2250 5015 2372 5076 dice
2401 5015 2672 5077 Samuelis
2692 5015 2946 5074 Bocharti
2976 5015 3178 5074 desunt
3201 5015 3364 5073 verba
3388 5019 3498 5080 illa,
3518 5019 3612 5070 κείν⁵
3645 5015 3830 5084 γλώσ·

2249 5109 2368 5161 σης.
2406 5091 2538 5158 Qme
2567 5093 2787 5162 quidem
2824 5092 2998 5145 otiosa
3048 5106 3270 5162 prorsus
3303 5089 3827 5162 mihividenturac

2249 5153 2679 5239 stt-perlina._Setl
2708 5171 2828 5230 post
2853 5162 3011 5239 verba
3047 5153 3158 5223 illa,
3201 5159 3288 5213 διὰ
3318 5159 3500 5230 χειρὸς
3526 5153 3695 5239 εἶχεν.
3731 5159 3830 5212 dc-

2249 5234 2520 5287 sideratur
2549 5232 2753 5301 integra
2782 5233 3050 5301 pericope,
3082 5247 3245 5300 quant
3290 5245 3474 5301 noset
3505 5232 3826 5301 conjectura

2251 5303 2591 5356 restituimns
2637 5299 2740 5354 hoc
2779 5299 2982 5358 ιιιοάοΞ
3023 5299 3219 5370 Ὀμὲν
3257 5299 3523 5370 Στελίχων
3555 5299 3617 5370 ἐν
3654 5315 3827 5368 etpa-

2248 5371 2438 5441 τηγοῦ,
2465 5374 2493 5425 ὁ
2535 5371 2590 5424 δὲ
2635 5371 2912 5438 Ῥουφῖνος
2955 5371 3012 5423 ὲν
3038 5367 3283 5441 ὑπᾶρχου
3314 5367 3824 5441 πρόὰηγορίᾳ.ἑιο.

2251 5440 2368 5507 Qua
2397 5441 2616 5511 quidem
2649 5442 2966 5509 conjectura
2995 5441 3127 5495 nihil
3158 5440 3364 5495 certius
3385 5455 3506 5511 esse
3539 5440 3825 5494 existimo.

2254 5511 2328 5565 De
2393 5508 2656 5566 ambobus
2700 5508 2844 5565 enim
2901 5511 3063 5565 simul
3103 5512 3344 5580 ioquitur
3396 5508 3824 5579 Philostorgius.

2253 5581 2592 5650 Nicephorus
2617 5590 2796 5636 tamen
2825 5581 3098 5651 vulgatam
3127 5583 3457 5650 scripturam
3489 5589 3720 5636 secutus
3741 5587 3829 5634 est

2253 5653 2307 5706 in
2350 5668 2469 5707 rau.
2502 5652 2552 5707 i.
2585 5651 2659 5704 lib
2687 5668 2801 5705 xm.

2502 5668 2917 5790 "2‘12?!ka
2965 5721 3051 5775 δέ.
3102 5723 3242 5778 Ante
3283 5721 3396 5775 haec
3430 5719 3832 5792 vct'bahdeerat

2257 5786 2462 5864 integra
2498 5793 2770 5862 pericope,
2794 5786 2962 5863 quam
3012 5805 3112 5848 nos
3145 5810 3207 5851 ex
3255 5794 3461 5865 Optimo
3501 5790 3692 5846 codice
3723 5786 3830 5844 Sa-
