4028 6330
489 307 593 368 tea
1840 321 2313 382 PHILOSTORGN
3621 320 3725 377 600

562 424 617 482 ii.
649 425 898 484 Eunomii
918 447 1107 502 corpus
1139 433 1636 503 sepulcromotum,
1676 435 1901 507 librique
1928 439 2054 492 usti.

2231 450 2293 496 ε’.
2330 442 2474 503 Ὅτι,
2502 440 2688 509 φησὶν,
2733 436 3031 507 Εὑτρόπιος
3071 436 3395 508 προστάττει
3444 438 3728 512 Καισαρίῳ

491 538 559 556 --
589 512 900 590 Eutropius,
929 530 987 576 ut
1015 523 1090 576 ait
1113 522 1530 595 i‘hilostorgins,
1554 526 1792 583 Caesario
1812 528 1905 598 qui
1936 540 2057 598 post

496 600 750 665 Ruﬁnum
770 608 1141 681 praefecturam
1167 614 1405 684 praetorii
1434 616 1875 685 administrabat,
1902 635 2057 674 nian-

494 697 671 765 ilavit,
725 708 786 754 ut
835 699 1159 759 Eunomium
1189 721 1256 760 ex
1310 722 1443 777 agro
1505 708 1816 765 Dat-.oroeno
1872 710 2054 783 Tyana

495 792 832 859 transferret,
862 808 893 848 a
930 797 1213 852 monachis
1245 799 1339 868 qui
1375 800 1485 854 illic
1518 811 1673 856 erant
1703 806 2053 861 servandum.

462 890 466 895 ‘
495 876 742 937 Invideas
773 882 972 953 quippe
1018 885 1272 941 Eunomii
1323 889 1527 957 gloriae,
1559 905 1628 945 ne
1669 892 1898 948 cadaver
1929 896 2055 963 qni-

495 971 613 1024 dem
641 971 761 1042 ejus
786 988 1078 1031 commune
1102 993 1226 1031 cum
1251 980 1512 1050 magistro
1535 983 1842 1051 sepulcrum
1870 988 2057 1043 sortiri

491 1064 755 1131 permisit,
794 1065 957 1136 idque
998 1067 1124 1123 licet
1152 1069 1372 1137 plurimi
1413 1070 1465 1126 id
1501 1072 1663 1129 enixe
1701 1074 2054 1145 ﬂagitassent.

492 1152 599 1208 Sed
643 1164 697 1209 et
742 1154 915 1212 libros
966 1157 1210 1227 ejusdem
1261 1157 1556 1229 Eunomii,
1600 1164 1831 1235 publicis
1863 1167 2057 1223 edictis

485 1245 652 1316 jussit
677 1247 905 1304 aboleri.

558 1335 611 1391 6.
650 1337 868 1393 Arcadii
894 1340 1022 1409 imp.
1053 1355 1205 1397 uxor.
1254 1340 1540 1413 Eutropius
1570 1346 1743 1415 capite
1765 1346 2059 1416 plenus.—

489 1430 756 1487 Arcadius
780 1432 1095 1501 imperator,
1127 1442 1251 1505 post
1278 1437 1448 1506 patris
1469 1438 1698 1506 obitum,
1725 1440 1892 1497 ﬁliam
1916 1440 2058 1498 Bau-

491 1522 636 1579 tonis
662 1523 819 1578 duxit
845 1540 1091 1580 uxorem.
1124 1525 1253 1583 Erat
1274 1536 1454 1584 autem
1485 1529 1659 1586 Bauto
1687 1533 1906 1588 natione
1934 1535 2059 1589 bar-

490 1610 678 1681 barus,
709 1627 762 1670 et
784 1615 1099 1687 magisterio
1126 1620 1360 1676 militum
1391 1622 1445 1676 in
1473 1620 1780 1682 Occidentis
1811 1627 2058 1696 partibus

395 1720 403 1726 '
493 1707 812 1778 perfunctus
847 1709 1047 1767 fuerat.
1082 1712 1254 1768 Porro
1289 1714 1485 1768 mulier
1518 1714 1673 1785 longe
1716 1731 1747 1771 a
1778 1716 1879 1771 viri
1908 1718 2054 1773 desi-

2156 536 2254 606 τὴν
2292 534 2570 604 Ῥουφίνου
2606 529 2971 601 διαδεξαμένῳ
3001 530 3196 601 ἀρχὴν,
3234 530 3500 601 Εὐνόμιον
3526 532 3592 584 ὲκ
3622 532 3727 588 τῶν

2157 624 2512 696 Δακοροηνῶν
2558 625 2650 677 ἐπὶ
2693 622 2877 677 Τύανα
2931 622 3287 693 μεταστῆσαι,
3326 622 3430 676 ὑπὸ
3465 623 3575 677 τῶν
3617 627 3732 680 ἐκεῖ

2160 714 2441 787 μοναστῶν
2488 714 2881 785 τηρησόμενον.
2930 712 3247 768 Βασκαίνων
3305 714 3414 787 γὰρ
3453 715 3604 785 αὖτῷ
3635 715 3727 770 τοῦ

2157 807 2366 871 κλέους,
2389 806 2508 861 οὐδὲ
2534 806 2627 860 τὸν
2655 805 2845 876 νεκρὸν
2874 805 3037 860 αὑτοῦ
3065 805 3241 877 ταφῆς
3260 807 3442 878 τυχεῖν
3466 808 3566 877 τῆς
3596 808 3730 878 μετὰ

2155 899 2251 953 τοῦ
2275 898 2592 953 διδασκάλου
2626 896 2944 968 συνεχώρει,
2972 898 3144 951 καίτοι
3177 898 3345 951 πολλὰ
3374 899 3585 952 πολλῶν
3609 899 3732 971 δεη-

2159 990 2392 1045 θέντωνο
2454 989 2588 1043 ἀλλὰ
2646 989 2739 1043 καὶ
2802 990 2900 1052 τὰς
2965 988 3183 1059 βίϐλους
3242 988 3409 1043 αὐτοῦ
3455 989 3735 1060 δημοσίοις

2160 1080 2479 1152 γράμμασιν
2512 1079 2869 1148 ἀφανίζεσθαι
2898 1079 3180 1146 διετάξατο
3200 1081 3299 1153 (a).

2230 1349 2303 1410 ς’.
2337 1342 2483 1408 Ὅτι,
2509 1344 2693 1415 φησὶν,
2730 1343 3008 1415 Ἀρκάδιος
3042 1346 3071 1398 ὁ
3105 1344 3378 1415 βασιλεὺς,
3406 1343 3546 1415 μετὰ
3574 1343 3742 1398 θάνα-

2156 1456 2247 1493 τον
2270 1438 2365 1493 τοῦ
2394 1438 2621 1509 πατρὸς,
2646 1436 2920 1510 θυγατέρα
2942 1437 3219 1503 Βαύδωνος
3251 1438 3443 1507 ἄγεται
3465 1439 3703 1506 γυναῖκα
3718 1454 3734 1469 ο

2156 1533 2185 1584 ό
2205 1529 2262 1584 δὲ
2300 1529 2572 1601 βάρϐαρος
2603 1529 2701 1600 μὲν
2723 1523 2792 1600 ἦν
2838 1528 2901 1582 τὸ
2946 1528 3123 1597 γένος,
3167 1528 3471 1599 στρατηγίᾳ
3502 1526 3561 1580 δὲ
3595 1526 3735 1579 κατὰ

2156 1622 2253 1692 τὴν
2281 1621 2542 1691 ὲσπερίαν
2569 1620 2891 1692 διαπρέψας.
2936 1620 3011 1673 Τὸ
3048 1619 3106 1673 δὲ
3129 1619 3197 1689 γύ
3210 1637 3351 1674 θαιον
3374 1619 3435 1673 οὐ
3469 1618 3615 1671 κατὰ
3638 1618 3735 1689 τὴν

2157 1713 2249 1766 τοῦ
2298 1712 2489 1785 ἀνδρὸς
2532 1712 2767 1765 διέκειτο
2806 1712 3074 1773 νωθείαν.
3127 1711 3242 1765 ἀλλ’
3286 1711 3411 1781 ἐνῆν
3464 1711 3601 1781 αὐτῇ
3641 1708 3734 1762 τοῦ

492 1799 580 1854 dia
612 1816 676 1856 ac
722 1803 973 1859 socordia
1004 1805 1278 1869 distabat;
1310 1804 1488 1860 inerat
1518 1807 1663 1862 enim
1708 1808 1758 1862 ei
1810 1808 2059 1863 nonnihil

2174 1801 2497 1875 βαρϐαρικοῦ
2528 1803 2766 1875 θράσους
2802 1802 2905 1857 οὐκ
2930 1803 3129 1872 ὀλίγον.
3165 1801 3312 1873 Αὕτη
3348 1802 3405 1855 δὲ
3434 1801 3737 1872 θυγατέρας

492 1890 786 1947 barbaricae
816 1894 1077 1950 audaciae.
1105 1895 1429 1965 Susceperat
1451 1897 1563 1967 jam
1590 1914 1655 1953 ex
1686 1913 1749 1953 ca
1792 1899 2058 1955 Arcadius

492 1982 629 2037 tilias
662 1983 828 2050 duas,
867 1978 1209 2042 Pulcheriam
1252 1998 1305 2042 et
1346 1987 1671 2055 Arcadiam;
1710 1991 2057 2061 postmodum

491 2082 621 2130 vero
660 2073 922 2131 Marinam
950 2093 1169 2149 quoque
1196 2093 1249 2135 ct
1288 2078 1653 2137 Theodosium
1702 2083 1873 2139 ﬁlium
1900 2100 1965 2139 ex
1995 2100 2059 2140 ea

491 2166 730 2222 sustulit.
752 2166 906 2223 Tunc
931 2169 1094 2239 igitur
1120 2186 1244 2226 cum
1271 2173 1506 2227 duorum
1532 2183 1741 2228 tantum
1764 2174 2057 2229 liberorum

492 2277 690 2332 parens
711 2271 876 2329 esset,
909 2264 980 2320 ab
1029 2263 1292 2335 Eutropio
1324 2267 1655 2321 contumelia
1698 2266 1925 2336 aﬂ‘ecta,
1957 2268 2061 2322 mi-

493 2361 655 2409 natus
678 2354 822 2409 enim
854 2355 903 2410 ei
935 2356 1111 2411 fuerat
1142 2355 1461 2427 Eutropius,
1486 2373 1544 2412 se
1565 2358 1765 2429 palatio
1784 2374 1903 2414 eam
1930 2374 2060 2429 pro-

491 2445 704 2514 pediem
736 2445 1039 2516 ejecturum
1064 2464 1208 2513 esse,
1240 2448 1444 2505 liberos
1471 2466 1602 2506 suos
1626 2451 1890 2507 ambabus
1917 2452 2060 2508 ulnis

492 2539 794 2610 complexa,
824 2541 969 2595 sicut
1014 2550 1152 2606 erat,
1186 2542 1254 2596 ad
1298 2542 1556 2596 maritum
1601 2544 1857 2610 accessit,
1888 2552 1944 2599 et
1983 2545 2061 2598 la-

493 2642 748 2688 mentans
774 2632 936 2691 simul
970 2647 1036 2688 ac
1071 2632 1270 2689 liberos
1298 2636 1659 2705 praetendens,
1698 2636 2059 2706 lacrymarum

492 2725 723 2781 imbrem
766 2724 1023 2795 profudit.
1068 2726 1188 2781 Alia
1224 2727 1352 2781 item
1396 2727 1624 2797 adjecit,
1655 2743 1776 2799 quae
1808 2729 2061 2784 mulieres

493 2818 648 2871 iratae
698 2816 951 2871 muliebri
1004 2825 1120 2871 arte
1151 2815 1333 2872 facere
1372 2818 1582 2881 solent,
1634 2817 1834 2887 quibus
1878 2817 2060 2872 mariti

493 2907 737 2961 animum
778 2907 845 2961 ad
893 2907 1301 2963 miserationem
1344 2908 1718 2963 vehementius
1762 2909 2056 2966 concitent.

495 2996 634 3051 'l‘nm
664 3013 794 3053 vero
822 2998 1111 3065 Arcadius,
1138 3008 1193 3054 et
1221 2999 1573 3055 miseratione
1603 2998 1889 3055 infantium
1913 3014 2064 3056 com-

2164 1896 2264 1966 ήδη
2312 1894 2389 1966 τῷ
2450 1894 2719 1965 Ἀρκαδίῳ
2758 1893 2871 1963 δύο,
2920 1894 3253 1967 Πουλχερίαν
3309 1896 3404 1949 καὶ
3451 1894 3737 1965 Ἀρκαδίαν

2164 1986 2409 2054 ἐγείνατο
2428 2002 2442 2016 ο
2473 1984 2698 2058 ὕστερον
2717 1984 2776 2039 δὲ
2811 1985 2907 2040 καὶ
2935 1987 3208 2057 Μαρίναν,
3247 1986 3339 2039 καὶ
3371 1985 3486 2038 υἱὸν
3514 1985 3737 2038 ὲπὲτεκε

2164 2077 2458 2132 Θεοδόσιον.
2489 2079 2623 2133 Τότε
2647 2079 2692 2133 δ’
2728 2075 2822 2133 οὖν
2856 2078 2965 2132 τῶν
2998 2079 3093 2132 δύο
3128 2080 3333 2133 παίδων
3368 2079 3551 2151 μήτηρ
3583 2074 3738 2142 οὖσα,

2166 2170 2316 2241 παρὰ
2368 2170 2669 2241 Εὑτροπίου
2721 2171 3192 2242 περιυϐρισθεῖσα,
3240 2171 3316 2233 ὡς
3364 2171 3461 2223 καὶ
3510 2169 3742 2239 ἀπειλὴν

2164 2264 2299 2333 αὐτῇ
2345 2263 2697 2330 ἐπενεγκεῖν,
2745 2263 2854 2315 τῶν
2910 2262 3195 2333 βασιλείων
3242 2261 3436 2316 θᾶττον
3483 2262 3740 2330 ἀποπέμ-

2163 2353 2369 2423 ψασθαι
2389 2371 2401 2383 ·
2428 2354 2504 2417 ὡς
2522 2349 2688 2424 εἶχεν,
2718 2353 3128 2425 ἀγκαλισαμένη
3157 2353 3224 2407 τὰ
3246 2352 3433 2407 παιδία
3450 2350 3541 2406 διὰ
3557 2350 3743 2422 χειρὸς

2165 2447 2452 2518 ἑκατέρας,
2487 2444 2954 2518 προσέρχεταιτῷ
2996 2445 3149 2517 ἀνδρί
3170 2461 3185 2476 ο
3217 2444 3311 2498 καὶ
3351 2441 3647 2497 κωκύουσά
3678 2454 3740 2493 τε

2166 2542 2315 2611 ἅμα,
2344 2540 2438 2594 καὶ
2495 2539 2563 2595 τὰ
2615 2539 2787 2612 βρέφη
2838 2537 3263 2609 προτεινομένη,
3307 2534 3559 2609 δακρύων
3588 2532 3740 2604 ἠφίει

2165 2631 2405 2697 λιϐάδας,
2435 2632 2529 2686 καὶ
2561 2631 2727 2686 τᾶλλα
2767 2631 2936 2685 ἐποίει
2978 2631 3081 2684 ὅσα
3120 2630 3255 2702 γυνὴ
3310 2629 3738 2700 φλεγμαίνουσα.

2165 2726 2452 2798 γυναικείᾳ
2478 2726 2640 2797 τέχνῃ
2663 2724 2798 2797 πρὸς
2814 2724 2877 2777 τὸ
2902 2723 3350 2795 παθητικώτερον
3378 2720 3746 2791 ὲφελκύσαιτο

2164 2820 2256 2875 τὸν
2301 2818 2489 2889 ἄνδρα.
2537 2817 2626 2889 Τῷ
2662 2816 2719 2869 δὲ
2764 2815 3032 2887 Ἀρκαδξῳ
3061 2811 3239 2879 οἶκτός
3286 2832 3347 2868 τε
3385 2814 3497 2868 τῶν
3538 2811 3745 2866 παίδων

2166 2908 2358 2981 είσῄει,
2389 2911 2455 2962 ὲκ
2477 2908 2576 2980 τῆς
2605 2906 2741 2979 πρὸς
2767 2904 2865 2977 τὴν
2892 2905 3103 2976 μητέρα
3125 2904 3470 2976 συμπαθείας
3498 2903 3746 2975 βριιυκιι.⁶

2167 3002 2407 3072 νομένων
2428 3001 2562 3072 (85),
2592 3001 2687 3054 καὶ
2721 3000 2859 3073 ὀργὴ
2888 2998 3128 3071 ἀνήφθη.
3146 2998 3257 3050 Καὶ
3286 2996 3349 3067 δὴ
3386 2994 3511 3050 τότε
3537 2996 3651 3059 τοῖς
3682 3008 3746 3047 τε

385 3130 404 3151 ,
496 3098 677 3144 motus
715 3096 819 3155 est,
849 3090 941 3159 qui
976 3090 1210 3146 naturali
1241 3092 1477 3160 quodam
1522 3094 1758 3161 impulsu
1796 3109 1902 3150 una
1935 3109 2059 3149 cum

2174 3094 2362 3165 θυμοῖς
2415 3093 2509 3146 καὶ
2552 3095 2618 3164 τῇ
2659 3092 2728 3145 δι’
2786 3092 2966 3147 αὐτῶν
3020 3089 3310 3162 ὲμϐριθείᾳ.
3351 3088 3460 3141 τῶν
3497 3087 3670 3156 λόγων
3714 3086 3751 3138 ὀ

498 3190 671 3235 matre
695 3182 993 3251 ejulahant,
1021 3192 1077 3238 et
1106 3183 1185 3238 ira
1215 3186 1437 3239 exarsit.
1467 3186 1547 3241 Ae
1578 3194 1690 3240 tum
1719 3186 1937 3241 demum
1964 3186 2067 3241 Ar-

2182 3162 2466 3254 ’Apxdt6to;
2498 3162 2750 3252 βασιλεὺς
2785 3177 2874 3252 ἦν.
2902 3180 3067 3234 Ὅθεν
3094 3178 3292 3233 αὐτίκα
3324 3176 3416 3231 τὸν
3449 3175 3751 3245 Εὑτρόπιον

496 3274 707 3338 radius,
739 3274 819 3329 ira
849 3289 978 3330 eum
1009 3274 1381 3333 inﬂammante
1417 3286 1472 3332 et
1499 3278 1789 3332 verborum
1827 3277 2065 3348 vigorem

494 3364 544 3418 ni
571 3375 912 3435 suggerente,
930 3375 1224 3432 imperator
1255 3367 1524 3437 apparuit.
1555 3366 1667 3438 (8‘2)
1685 3365 1879 3422 Statim
1906 3367 2070 3438 igitur

499 3452 818 3526 Eutropium
845 3456 994 3510 omni
1025 3456 1287 3526 dignitate
1320 3458 1493 3522 exuit,
1510 3474 1749 3529 opesque
1777 3459 1826 3513 ei
1847 3458 2070 3523 ademit,

496 3556 554 3602 et
597 3548 653 3602 in
701 3548 939 3618 Cyprum
975 3548 1208 3603 insulam
1253 3564 1377 3604 eum
1415 3550 1689 3617 relegatit.
1739 3548 1850 3605 Nec
1897 3551 2069 3605 multo

500 3647 643 3709 post,
669 3653 793 3695 cum
828 3638 1076 3693 nonnulli
1113 3655 1237 3696 eum
1285 3650 1655 3706 accnsassent,
1683 3642 1828 3712 quod
1877 3642 2072 3699 consul

501 3730 679 3786 iactus
731 3732 1071 3787 ornamentis
1117 3732 1184 3789 iis
1227 3749 1359 3789 usus
1399 3742 1564 3800 esset,
1616 3734 1817 3804 quibus
1864 3734 2069 3788 nemini

502 3832 695 3894 praeter
716 3808 1099 3894 imperatorem
1123 3824 1199 3878 uti
1229 3822 1444 3886 licebat,
1471 3842 1536 3879 ex
1579 3824 1757 3895 Cypro
1786 3834 2074 3881 revocatus

2170 3274 2336 3345 τιμῆς
2355 3290 2414 3326 τε
2434 3272 2651 3345 ἁπάσης
2671 3290 2739 3326 πε
2749 3271 2936 3345 ριδύει,
2951 3270 3147 3326 καὶτὸν
3168 3270 3394 3323 πλοῦτον
3413 3270 3750 3339 ἀφαιρεῖται,

2174 3366 2271 3420 καὶ
2299 3366 2377 3429 είς
2404 3364 2630 3437 Κύπρον
2669 3364 2768 3436 τὴν
2808 3366 2972 3436 νῆσον
3003 3360 3317 3433 φυγαδεύει.
3352 3360 3485 3416 Μετ’
3513 3361 3575 3413 οὐ
3614 3359 3753 3412 πολῦ

2175 3457 2232 3511 δέ
2258 3473 2419 3511 τινων
2452 3457 2873 3525 ἀπενεγκάντων
2912 3456 3034 3510 κατ’
3068 3455 3233 3509 αὐτοῦ
3271 3452 3509 3525 γραφὴν,
3551 3453 3628 3516 ὡς
3651 3453 3757 3505 ὁπ-

2173 3548 2302 3602 όταν
2336 3545 2539 3610 ὓπατος
2569 3547 2842 3617 ἐγεγόνει,
2881 3546 3218 3619 βοσκήμασιν
3246 3547 3598 3617 ἀπεχρήσατο
3615 3543 3759 3615 (84),

2174 3635 2257 3705 οἷς
2290 3638 2466 3693 οὐδενὶ
2489 3638 2596 3694 τῶν
2640 3637 2818 3695 ἄλλων
2846 3640 2994 3712 ἐξῆν,
3028 3640 3102 3712 μὴ
3133 3641 3215 3696 ὅτι
3240 3657 3306 3709 γε
3342 3640 3489 3711 μόνῳ
3523 3639 3762 3709 βασιλεί,

2181 3731 2570 3803 μετάπεμπτος
2622 3730 2732 3785 ἀπὸ
2780 3731 3008 3803 Κύπρου
3055 3733 3280 3802 γίνεται.
3323 3731 3427 3786 Καὶ
3477 3731 3763 3803 συνεδρίου

2179 3822 2324 3875 κατὰ
2372 3823 2434 3875 τὸ
2481 3822 2815 3895 καλούμενον
2872 3824 3162 3895 Παντίχιον
3196 3825 3308 3895 (85)
3356 3823 3716 3886 καθεσθέντος
3745 3838 3762 3853 ·

1735 3997 1975 4042 VALESII
2002 3994 2479 4043 ANNOTATIONES
2488 4028 2500 4041 .

575 4107 690 4178 (82)
730 4105 883 4161 Socr.
913 4102 1007 4160 lih.
1036 4120 1110 4178 vi,
1152 4105 1359 4178 capas;
1396 4102 1522 4159 Soz.
1552 4105 1643 4178 lib.
1675 4121 1795 4172 rm,
1818 4120 1940 4178 cap.
1972 4103 2023 4178 7_.

716 4172 1242 4251 Βραϋκακομέιςωνζ
1262 4174 1331 4251 in
1367 4177 1739 4251 ntanuscriptu
1759 4172 2079 4251 codice_S_a-

496 4240 698 4306 mtielis
739 4240 987 4318 ljocharti
1024 4240 1230 4315 legitur
1258 4240 1711 4318 βραυκανομένων
1744 4260 1868 4318 rum
1915 4245 2078 4315 diph-

503 4324 724 4391 thongo.
741 4316 807 4371 Et
837 4318 911 4391 ad_
926 4318 1225 4391 marginem
1252 4316 1549 4391 ascriptum
1573 4325 1657 4371 est
1675 4317 1862 4391 eadem
1887 4331 2076 4379 manu,

505 4384 1142 4461 (suic'xpauyaiopéviov.
1176 4384 1283 4461 Sed
1319 4384 1455 4461 nihil
1486 4401 1624 4455 Opus
1652 4394 1735 4439 est
1766 4386 1863 4461 hac
1889 4401 2078 4439 emen-

504 4454 743 4522 daliOne,
772 4454 897 4513 cum
927 4454 1383 4527 βραυκανομένων
1410 4454 1598 4527 Graeca
1627 4471 1728 4509 vox
1758 4455 1861 4527 sit,
1906 4463 1966 4509 ut
1998 4464 2080 4527 te-

505 4540 683 4586 statur
738 4524 1037 4598 Hesychius
1081 4527 1173 4598 _h_is
1211 4524 1407 4598 Vy'erbis
1444 4544 1457 4578 :
1488 4524 1928 4598 Βγραυκανᾶσθαι,
1983 4525 2077 4598 επὶ

503 4601 611 4654 τῶν
645 4595 943 4653 κλαιόντων
977 4595 1204 4648 παιδίων
1238 4595 1476 4665 λέγεται,
1507 4595 1839 4665 (ὓς-μίμημα
1869 4596 2074 4665 φωνῆς.

579 4670 691 4739 (84)
723 4665 1121 4739 Βοσκήμασρθ
1146 4664 1556 4739 ἀπεχρήσατο,
1587 4663 1775 4733 Longe
1799 4666 1992 4739 melius
2012 4663 2076 4718 in

504 4733 692 4796 codice
737 4733 1007 4792 Samuelis
1072 4733 1325 4790 Bocharti
1387 4736 1646 4805 scribitur
1705 4736 2075 4805 κοσμήμασιν.

506 4816 681 4877 Quam
720 4809 1045 4871 scripturam
1076 4804 1362 4877 (ptiﬁrmat
1404 4804 1740 4877 bicephorus
1775 4804 1826 4857 in
1863 4820 1983 4873 cap.
2018 4805 2075 4863 4.

510 4875 634 4933 lihri
661 4894 773 4936 xm.
803 4878 893 4931 ubi
930 4879 1075 4930 hunc
1093 4875 1441 4944 Philostorgii
1470 4875 1648 4928 locum
1675 4877 1749 4944 ita
1771 4878 2073 4943 expressit:

508 4949 750 5020 Κόσμοις
770 4949 900 5020 παρ’
929 4946 1085 5020 ᾁξίαν
1113 4943 1407 5020 ἐχρήσατο,
1434 4944 1526 5020 οὓς
1558 4944 1700 5020 μόνῳ
1728 4943 1902 5020 ἔξεστι
1927 4945 2081 5016 βασι-

507 5018 593 5072 λεῖ
631 5015 1053 5088 ὶὶμφιιὲννυιιθαιἸ
1105 5015 1406 5088 Βιινριιναηι
1442 5017 1607 5088 igitur
1662 5016 1936 5088 intelligo,
1972 5031 2080 5084 qua

512 5084 805 5157 Eutropius
834 5084 1091 5140 Kalendis
1114 5084 1394 5151 Januarii,
1429 5087 1558 5140 dum
1595 5086 1786 5140 consul
1821 5084 2081 5156 procede-

2184 4114 2286 4166 ret,
2325 4120 2458 4159 usus
2499 4103 2696 4160 fuerat.

2254 4176 2368 4245 (85)
2407 4176 2570 4245 Καζέι
2606 4175 2672 4228 τὸ
2721 4175 3099 4245 καλούμενον
3130 4177 3495 4245 Ῑιαντυχίον.
3539 4178 3766 4234 Rectius

2184 4244 2238 4299 in
2266 4243 2469 4318 codice
2516 4243 2767 4318 Bocltarti
2807 4243 3069 4318 scriptum
3105 4257 3189 4301 est
3236 4243 3557 4318 Παντίχιον,
3607 4259 3662 4302 et
3690 4249 3763 4304 ad

2185 4315 2480 4389 marginem
2516 4315 2834 4389 adnotatum
2868 4316 3057 4389 eadem
3108 4333 3269 4371 manu
3307 4337 3319 4372 :
3362 4315 3444 4371 vel
3480 4319 3762 4389 Πανίχιον.

2186 4382 2330 4456 Nam
2363 4386 2510 4454 prior
2542 4386 2751 4456 quidem
2785 4388 3050 4456 scriptura
3080 4398 3193 4441 erat
3227 4404 3344 4440 cum
3373 4406 3435 4448 τι
3463 4390 3554 4441 sed
3578 4382 3767 4456 postea

2182 4455 2592 4528 medium__inter
2619 4472 2654 4528 τ
2678 4468 2724 4509 et
2761 4472 2777 4509 t
2817 4455 3071 4510 insertum
3116 4466 3193 4528 est
3223 4455 3633 4528 longiusculum.
3680 4457 3767 4515 Bx

2111 4556 2153 4609 ο
2178 4541 2288 4609 ('Lno
2318 4525 2590 4609 conjicere
2626 4526 2769 4609 licet,
2797 4528 3076 4609 _sc_riptum
3124 4527 3293 4582 fuisse
3317 4525 3393 4609 lin
3435 4529 3539 4609 h_oc
3568 4530 3765 4609 codice

2187 4595 2503 4667 llawelpOV
2540 4611 2668 4667 cum
2700 4595 3070 4667 diphthongo,
3108 4599 3569 4667 quemadmodum
3624 4603 3769 4653 scri-

2185 4664 2331 4718 bitur
2360 4666 2503 4734 apud
2532 4664 2896 4739 Sozuinennm
2930 4664 2993 4739 iii
3019 4664 3159 4739 libro
3208 4683 3303 4732 vn,
3324 4683 3444 4739 cap.
3476 4669 3566 4723 21.
3609 4667 3767 4723 Dicta

2183 4744 2269 4808 est
2301 4744 2477 4788 autem
2503 4752 2565 4791 ea
2600 4736 2763 4791 statio
2785 4734 3151 4808 Pantichium,
3175 4753 3241 4793 eo
3271 4734 3415 4808 quo]
3452 4739 3587 4808 nihil
3613 4740 3767 4794 aliud

2188 4804 2409 4879 haberet
2437 4822 2602 4879 quam
2639 4823 2879 4860 murum.
2909 4807 2992 4879 Ah
3022 4809 3213 4879 eadem
3249 4804 3415 4864 causa
3450 4807 3769 4866 Panormus

2185 4875 2313 4928 olim
2367 4877 2642 4931 nominata
2701 4887 2819 4942 est,
2876 4878 3005 4931 urbs
3061 4876 3277 4931 Siciliae.
3325 4880 3592 4933 Caeterum
3653 4895 3770 4936 non

2189 4945 2464 5001 assentior
2492 4945 2847 5020 Gothofredo,
2879 4948 2971 5020 qui
2998 4948 3276 5020 συνέδριον
3292 4951 3409 5020 hoc
3442 4951 3561 5004 loco
3594 4950 3773 5003 inter-

2188 5025 2430 5084 pretatur
2466 5017 2897 5090 consistorium.
2942 5018 3106 5087 Atqui
3152 5017 3429 5090 συνέδριον
3480 5036 3770 5090 nunquam

2187 5086 2576 5141 consistorium
2615 5088 2904 5157 signiticat,
2939 5090 3045 5143 nisi
3092 5086 3577 5160 aliquid'aniplius
3611 5086 3774 5145 addi-

1973 5219 2326 5265 VARIORUM.

578 5330 657 5403 (a)
686 5328 830 5403 Ich
852 5328 1139 5403 ,βίῳουςμ
1155 5323 1363 5403 aurora
1385 5325 1700 5403 δημοσίοις
1747 5325 2086 5403 γράμμασιν

509 5393 899 5473 άςὸακίζεοῖραι
938 5395 1269 5473 διεξάξατρε
1320 5393 1433 5449 Hoc
1465 5393 2087 5473 ipsunLconstitutione

518 5464 611 5528 sua
642 5471 907 5524 Arcadius
934 5469 998 5537 ad
1031 5465 1427 5537 Eutychianum
1453 5464 1678 5537 Δ(Σίρι-λιιιιίἰ
1709 5481 2083 5537 successorem

513 5545 682 5596 inissa
732 5555 877 5594 anno
931 5536 1062 5594 Chr.
1108 5534 1211 5592 398
1259 5534 1526 5600 sancivit,
1576 5536 1669 5587 lib.
1724 5551 1910 5597 χχιιι,
1959 5535 2080 5590 cod.

516 5609 725 5666 ’l‘hcod.
761 5609 838 5662 De
880 5608 1163 5662 haereticis.
1204 5603 1421 5662 Codices
1456 5620 1584 5659 sane
1634 5621 1812 5657 eorum
1860 5604 2084 5675 (Euno-

519 5678 1029 5739 titianoruln.ctc.)
1085 5676 1337 5732 scelerum
1388 5677 1622 5729 omnium
1674 5675 1973 5728 doctrinam
2023 5693 2085 5729 ac

521 5748 797 5799 Materiam
836 5749 1157 5802 continentes
1207 5762 1412 5801 summa
1446 5746 1734 5815 sagacitate
1766 5761 1887 5800 mox
1919 5747 2087 5815 τιμοξιὶ

2192 5342 2254 5380 ac
2293 5325 2447 5396 prodi
2477 5333 2658 5397 exerta
2691 5328 3012 5381 auctoritate
3041 5328 3377 5392 mandamus,
3410 5327 3504 5381 sub
3534 5330 3776 5397 aspecti-

2193 5397 2286 5450 bus
2317 5412 2495 5449 eorum
2515 5396 2876 5464 judicantium
2904 5399 3144 5451 incendio
3178 5413 3300 5451 mox
3327 5396 3655 5454 cremanda.
3681 5398 3778 5455 las

2192 5466 2378 5538 quibus
2430 5466 2476 5519 si
2523 5468 2639 5538 quis
2672 5467 2808 5535 forte
2851 5468 3054 5538 aliquid
3091 5467 3323 5537 qualibet
3370 5470 3647 5523 occasione
3687 5470 3776 5525 vel

2194 5536 2381 5606 fraude
2409 5536 2699 5591 occultasse
2725 5553 2816 5589 nec
2837 5536 3130 5606 prodidisse
3158 5539 3515 5603 conoincetur,
3544 5542 3681 5594 sciat
3710 5557 3777 5594 se

2192 5605 2327 5659 velut
2358 5607 2637 5660 noxiorum
2663 5605 2904 5661 codicum
2932 5620 2978 5661 et
3010 5608 3254 5669 maleﬁcii
3283 5608 3504 5662 crimine
3532 5613 3780 5666 conscri-

2194 5685 2402 5745 ptorum
2428 5677 2798 5732 occultatorem
2829 5680 3002 5747 capite
3044 5694 3156 5735 esse
3172 5678 3522 5747 plectendum.
