4028 6330
542 329 647 387 (ἱθῦ

1902 321 2383 379 ΡΗΙΜ)8Το116ῘΙ

3690 320 3795 378 (ἴθι

541 454 942 516 perpetrarent.
978 442 1209 497 Mazices
1253 449 1514 510 pra-terea
1565 446 1619 492 et
1669 437 1986 502 Ausorlani,
2023 437 2117 507 qui

2222 436 2549 507 εἰργάσαντο
2576 436 2949 506 ἀνιστόρητον.
2983 435 3057 490 Οὐ
3093 436 3252 505 μόνον
3279 434 3357 497 δὲ,
3393 432 3528 487 ἀλλά
3560 433 3650 487 καὶ
3678 434 3788 487 Μά-

542 536 685 590 inter
709 532 950 587 Africam
984 548 1048 587 ac
1078 530 1300 601 Libyam
1331 530 1491 583 sedes
1526 527 1751 585 habent.
1776 527 1846 582 ab
1866 525 2119 581 orientali
2178 578 2181 581 .

542 624 762 693 quidem
814 625 1054 695 ipsorum
1117 621 1274 691 plaga
1337 619 1563 692 Libyam
1604 620 1997 685 devastarunt,
2065 629 2118 675 et

540 717 759 789 Egypti
796 716 938 771 haud
971 716 1221 785 exiguam
1256 722 1462 785 partem
1500 713 1671 769 simul
1707 724 2117 783 oppresserunt.

540 811 623 863 Ab
655 807 975 864 occidentali
1009 816 1189 861 autem
1226 806 1380 876 plaga
1417 804 1580 860 Afros
1626 805 1893 877 aggressi,
1952 805 2117 861 simili

539 902 692 956 clade
730 900 1046 955 aﬂ'ecerunt.
1082 897 1196 970 (89)
1234 898 1437 954 Praeter
1470 898 1572 953 hos
1610 912 1803 953 omnes
1831 897 2119 962 barbaros,

540 991 876 1061 Tribigildus
907 1004 1159 1061 quoque,
1193 989 1274 1043 vir
1305 990 1528 1043 natione
1563 987 1791 1060 Scytha,
1827 1005 1894 1044 ex
1925 990 1991 1045 iis
2024 990 2118 1061 qui

540 1098 685 1139 nunc
728 1081 893 1139 Gothi
926 1082 1313 1148 nominantur;
1363 1081 1561 1136 horum
1595 1079 1740 1135 enim
1792 1080 2117 1153 Scytharum

537 1185 725 1246 gentes
752 1184 881 1230 sunt
917 1188 1149 1229 numero
1183 1172 1431 1244 plurimae
1462 1188 1526 1228 ac
1568 1172 1942 1243 discrepantes
1974 1191 1988 1227 :
2031 1172 2121 1228 hic

539 1270 707 1336 igitur
736 1284 862 1323 cum
900 1267 1261 1321 barbarorum
1285 1265 1469 1336 copias
1497 1264 1645 1319 circa
1696 1280 1754 1319 se
1779 1264 2025 1330 haberet,
2055 1274 2110 1320 et

540 1361 775 1417 Nar-olim
804 1361 857 1415 in
886 1359 1120 1430 Phrygia
1157 1357 1443 1419 resideret,
1476 1356 1696 1413 comitis
1724 1356 1990 1428 dignitate
2021 1357 2120 1423 de-

538 1463 761 1507 coratus
781 1492 796 1517 ,
828 1468 894 1506 ex
923 1451 1102 1506 amico
1133 1457 1355 1521 repente
1394 1449 1568 1506 hostis
1600 1449 1975 1504 Romanorum
2002 1448 2119 1506 elli-

539 1545 700 1600 citur.
727 1543 795 1598 Et
817 1545 886 1599 al)
917 1544 1034 1613 ipsa
1062 1557 1292 1598 exorsus
1312 1540 1554 1603 Nacolia.
1578 1542 1846 1612 plurimas
1871 1542 2122 1614 Phrygia:

538 1638 702 1692 urbes
757 1636 1077 1707 occupavit,
1135 1650 1499 1706 magnamque
1549 1635 1831 1695 hominum
1879 1645 2118 1707 stragem

537 1729 685 1785 fecit.
719 1727 921 1788 Contra
958 1728 1105 1783 hunc
1134 1730 1341 1783 missus
1367 1726 1540 1783 Gaina
1568 1728 1829 1798 magister
1862 1729 2118 1793 militum,

539 1820 656 1890 ipse
682 1835 900 1890 quoque
937 1818 1159 1874 natione
1203 1819 1492 1885 barbarus,
1537 1818 1824 1873 victoriam
1858 1819 2117 1889 prodidit,

537 1928 663 1965 cum
703 1920 757 1965 et
802 1911 917 1981 ipse
971 1912 1125 1982 paria
1178 1912 1443 1967 adversus
1488 1908 1768 1969 Romanos
1813 1911 2116 1967 moliretur.

538 2002 748 2058 Exinde
777 2001 1129 2073 Tribigildus,
1165 2003 1323 2074 quasi
1360 2003 1587 2060 Gainam
1623 2003 1861 2074 fugiens,
1891 2003 1948 2058 in
1977 2002 2121 2060 Pisi-

538 2091 682 2147 diam
718 2108 782 2147 ac
820 2091 1195 2165 Pamphyliam
1234 2093 1469 2161 invasit,
1505 2109 1711 2164 easque
1758 2095 2120 2166 depopulatus

535 2194 648 2246 est;
689 2182 815 2237 dein
844 2182 1012 2238 variis
1050 2184 1297 2239 locorum
1339 2182 1752 2241 diliicultatibus
1778 2194 1837 2239 et
1863 2182 2120 2242 Isauricis

538 2274 748 2342 prmliis
793 2274 1042 2342 attritus,
1089 2279 1311 2331 tandem
1364 2276 1419 2331 in
1472 2274 1885 2347 Hellespontum
1923 2277 2118 2335 evasit.

538 2364 693 2421 Unde
722 2382 848 2421 cum
881 2366 935 2421 in
970 2367 1263 2422 Thraciam
1292 2366 1622 2437 traiecisset,
1658 2384 1769 2424 non
1798 2370 1973 2427 multo
1997 2379 2122 2442 post

533 2457 839 2514 exstinctus
867 2466 971 2515 est.
1001 2458 1071 2513 At
1093 2458 1268 2515 Gaina
1292 2470 1415 2531 post
1444 2462 1807 2532 proditionem
1839 2478 1967 2519 eum
1998 2480 2119 2523 ma-

537 2550 692 2621 gistri
724 2551 957 2606 militum
986 2551 1253 2623 dignitate
1280 2569 1537 2612 reversus
1560 2554 2117 2629 Constantinopolim,

533 2657 654 2696 eam
681 2656 951 2713 occupare
972 2652 1205 2702 conatus
1238 2652 1344 2699 est.
1388 2642 1587 2700 Verum
1621 2646 1860 2703 ewlestis
1893 2646 2119 2719 quidam

535 2734 846 2799 exercitus,
882 2744 1212 2804 conswctus
1240 2736 1310 2790 ab
1358 2735 1427 2791 iis
1461 2738 1557 2808 qui
1614 2754 1726 2793 rem
1776 2739 2118 2803 exsecutioni

535 2826 796 2895 mandare
857 2828 1101 2898 aggressi
1158 2838 1337 2894 erant,
1399 2845 1527 2885 cum
1575 2846 1672 2886 eos
1715 2833 2117 2902 perterruisset,

536 2919 726 2973 urbem
795 2920 1014 2990 quidem
1069 2922 1488 2991 expugnationis
1543 2924 1781 2993 periculo
1828 2924 2117 2995 liberavit;

537 3011 659 3065 illos
692 3026 821 3066 vero
859 3012 1250 3082 deprehensos,
1285 3014 1566 3070 hominum
1593 3015 1847 3072 vindictae
1870 3018 2114 3076 tradidit.
2144 3036 2147 3039 λ

2222 529 2370 594 (tua;
2399 528 2494 581 καὶ
2514 527 2848 599 Αύξωριανοὶ
2882 532 2897 594 (
2917 528 3120 599 μεταξὺ
3141 528 3196 581 δὲ
3218 526 3424 597 Λιϐύης
3449 526 3544 580 καὶ
3574 525 3790 596 ’Λφρων

2219 612 2367 674 οὗτοι
2397 620 2710 689 νέμονται),
2752 618 2894 674 κατὰ
2930 620 3028 691 μὲν
3055 619 3115 672 τὸ
3156 619 3377 673 ἑωθινὸν
3412 619 3592 672 αὐτῶν
3629 618 3792 689 κλίμα

2220 712 2319 782 τὴν
2356 710 2565 784 Λιϐύην
2601 710 2994 784 ἐξηρήμωσαν,
3030 710 3126 765 καὶ
3154 710 3257 779 τῆς
3294 709 3569 778 Αἰγύπτου
3605 711 3792 782 μοῖραν

2220 803 2321 855 οὐκ
2349 803 2640 875 ἐλαχίστην
2673 803 3056 867 συνδιώλεσαν,
3091 804 3320 872 Ἀφροις
3363 818 3422 854 τε
3468 800 3791 873 ἐμόαλόντες

2219 896 2360 949 κατά
2387 897 2646 967 δυόμενον
2668 897 2819 968 ἥλιον
2864 896 2929 950 τά
2959 894 3314 968 παραπλήσια
3360 894 3613 966 ἔδρασαν.
3662 893 3792 947 Ἀλλ’

2219 988 2314 1040 ἐπὶ
2340 987 2549 1054 τούτοις
2584 990 2718 1043 πᾶσι
2760 988 2855 1043 καὶ
2883 987 3254 1061 Τριγιὸίλδος,
3288 987 3429 1059 ἀνὴρ
3457 986 3671 1059 Σκύθης
3701 985 3794 1057 μὲν

2218 1079 2397 1148 γένος.
2421 1080 2529 1134 τῶν
2565 1080 2662 1136 νῦν
2689 1080 3137 1152 ἐπικαλουμένων
3159 1079 3372 1134 Γότθων
3393 1096 3406 1111 ·
3438 1078 3665 1133 πλεῖστα
3692 1079 3797 1150 γὰρ

2221 1174 2316 1227 καὶ
2353 1174 2585 1247 διάφορα
2629 1174 2835 1229 τούτων
2887 1173 3005 1226 ἐστὶ
3053 1170 3278 1225 Σκυθῶν
3320 1172 3490 1243 γένη·
3538 1166 3692 1235 οὗτος
3735 1171 3798 1243 δὴ

2219 1265 2447 1337 δύναμιν
2490 1265 2831 1339 βαρϐαρικὴν
2866 1264 3037 1338 ἔχων,
3092 1264 3314 1336 καὶτῆς
3356 1263 3597 1335 Φρυγίας
3645 1264 3702 1316 ἐν
3732 1266 3798 1333 τῇ

2220 1357 2514 1429 Νακωλείᾳ
2542 1356 2930 1429 καθεζόμενος,
2959 1356 3054 1410 καὶ
3080 1355 3321 1428 κόμητος
3354 1355 3491 1425 έχων
3524 1355 3711 1425 τιμὴν,
3740 1355 3802 1408 ἐκ

2182 1520 2185 1523 ἰ
2221 1448 2404 1518 φιλίας
2438 1451 2520 1513 εἰς
2544 1448 2746 1522 ἔχθραν
2782 1449 3070 1521 Ῥωμαίων
3103 1449 3461 1521 ἀπορῤαγείς.
3492 1447 3612 1500 Ἀπ’
3636 1446 3803 1517 αὐτῆς

2220 1541 2543 1606 Νακωλείας
2570 1541 2898 1614 ἀρξάμενος,
2932 1540 3192 1606 πλείστας
3219 1558 3281 1594 τε
3314 1541 3500 1604 πόλεις
3526 1539 3629 1610 τῆς
3664 1540 3803 1612 Φρυ-

2220 1632 2345 1702 γίας
2378 1627 2491 1686 εἷλε
2514 1674 2529 1698 ,
2573 1632 2665 1687 καὶ
2706 1630 2874 1687 πολὺν
2926 1631 3088 1702 φόνον
3135 1630 3439 1705 ἀνθρώπων
3490 1631 3798 1703 εἰργάσατο.

2234 1723 2351 1796 Ἐφ’
2379 1725 2439 1779 δν
2472 1726 2670 1789 Γαῖνᾶς
2707 1727 2737 1778 ὁ
2784 1725 3087 1797 στρατηγὸς
3119 1724 3482 1795 ἐκπεμφθεὶς,
3535 1722 3803 1796 βάρϐαρος

2220 1817 2265 1873 δ’
2292 1813 2387 1872 οὖν
2440 1817 2535 1872 καὶ
2568 1816 2755 1881 αὐτὸς,
2799 1814 3083 1889 προύδωκε
3127 1815 3227 1888 τὴν
3269 1815 3446 1886 νίκην,
3480 1813 3551 1867 τά
3591 1815 3681 1866 ἴσα
3711 1814 3802 1867 καὶ

2222 1911 2386 1981 αὐτὸς
2439 1909 2735 1982 Ῥωμαίοις
2784 1908 2981 1982 δρᾶσαι
3031 1907 3432 1979 διανοούμενος.
3485 1905 3727 1960 Ἐκεῖθεν
3772 1906 3803 1957 6

2221 1996 2584 2076 Τριγιϐίλδος,
2612 2001 2689 2066 ὡς
2728 2001 2887 2075 δῆθεν
2918 2002 3010 2056 τὸν
3038 2002 3236 2057 Γαῖνᾶν
3276 1998 3578 2070 διαφυγὼν,
3611 2000 3711 2070 τήν
3743 2014 3800 2050 τε

2221 2095 2469 2150 Πισιδίαν
2508 2096 2602 2150 καλ⁵
2636 2094 2738 2167 τὴν
2778 2090 3109 2166 Παμφυλίαν
3155 2092 3326 2148 ἐπιὼν
3359 2092 3798 2164 κατελυμήνατο·

2220 2181 2344 2241 εἶτα
2371 2185 2591 2251 πολλαῖς
2616 2186 2713 2241 καί⁸
2746 2185 2909 2248 αὐτὸς
2944 2185 3210 2258 πρότερον
3238 2184 3573 2256 δυσχωρίαις
3616 2201 3676 2237 τε
3710 2182 3806 2238 καὶ

2233 2279 2565 2351 Ἰσαυρικαῖς
2595 2275 2798 2349 μάχαις
2831 2274 3252 2349 περιθραυσθεὶς
3283 2274 3384 2347 τὴν
3412 2274 3569 2346 ίσχὺν
3598 2274 3693 2329 ἐπὶ
3717 2274 3805 2328 τὸν

2233 2372 2627 2445 Ἑλλήσποντον
2672 2369 2999 2435 διασώζεται
3017 2388 3031 2401 ο
3063 2370 3159 2424 καὶ
3205 2368 3535 2442 περαιωθεὶς
3566 2368 3662 2423 ἐπὶ
3708 2368 3809 2440 τὴν

2175 2517 2180 2521 .
2219 2465 2443 2538 Θρᾴκην
2470 2464 2531 2518 οὐ
2564 2461 2705 2534 μετὰ
2732 2462 2868 2517 πολὺ
2910 2461 3311 2535 διαφθείρεται.
3356 2462 3553 2526 Γαῖνᾶς
3578 2461 3638 2516 δὲ
3670 2462 3809 2533 μετὰ

2219 2558 2318 2630 τὴν
2352 2556 2666 2630 προδοσίαν,
2701 2558 2758 2610 ἐν
2809 2555 2888 2627 τῷ
2921 2554 3016 2610 τού
3063 2554 3372 2627 στρατηγοῦ
3398 2555 3643 2626 σχήματι
3674 2555 3808 2626 πρὸς

2218 2650 2318 2723 τὴν
2350 2647 2917 2704 Κωνσταντινούπολιν
2955 2645 3287 2713 ἐπανελθὼν,
3326 2648 3405 2711 είς
3440 2646 3673 2718 μελέτην
3703 2643 3806 2719 ἧκε

2219 2742 2423 2815 ταύτην
2453 2740 2936 2814 παραστήσασθαι.
2971 2739 3211 2812 Οὐρανία
3233 2738 3291 2793 δέ
3319 2754 3403 2803 τις
3441 2737 3665 2802 ἔνοπλος
3690 2739 3808 2792 ἐπι-

2220 2836 2456 2905 φανεῖσα
2477 2832 2728 2905 δύναμις,
2768 2832 2864 2886 καὶ
2893 2832 3019 2897 τοὺς
3049 2830 3326 2885 ἐπιϐαλεῖν
3369 2830 3713 2902 ὁρμηθέντας
3737 2833 3805 2900 τῇ

2222 2924 2420 2998 πράξει
2442 2922 2848 2997 δειματώσασα,
2865 2923 2966 2995 τὴν
2995 2923 3094 2995 μὲν
3109 2921 3265 2977 πόλιν
3285 2921 3386 2993 τῆς
3406 2921 3661 2986 ἁλώσεως
3682 2920 3807 2993 ῥύε-

2218 3034 2333 3085 ται,
2359 3017 2600 3081 ἐκείνους
2619 3017 2678 3071 δὲ
2707 3015 3063 3089 φωραθέντας
3081 3017 3202 3079 ταῖς
3233 3013 3608 3085 ἀνθρωπίναις
3632 3014 3806 3077 δίκαις

536 3100 730 3172 lugens
760 3103 941 3171 itaque
985 3118 1175 3158 eorum
1226 3104 1402 3161 caedes
1442 3114 1751 3176 perpetrata
1799 3117 1906 3164 est.
1943 3109 2119 3167 Gaina

2223 3108 2495 3173 ἐκδίδωσι,
2512 3107 2608 3161 καὶ
2637 3106 2799 3178 φόνος
2821 3105 3001 3160 αὐτῶν
3023 3105 3197 3178 ἐρρύη
3226 3104 3414 3169 πολύς.
3448 3103 3505 3158 Ὀ
3529 3105 3585 3158 δὲ
3609 3105 3806 3169 Γαῖνᾶς

536 3210 665 3249 vero
721 3206 872 3250 tanto
924 3204 1068 3251 metu
1120 3197 1405 3266 perculsus
1445 3197 1574 3266 l‘uit,
1624 3208 1685 3255 ut
1733 3202 1918 3257 statim
1961 3212 2119 3260 nocte

2220 3203 2303 3267 είς
2341 3199 2598 3255 τοσοῦτον
2633 3198 2873 3271 κατέστη
2905 3198 3079 3265 δέους,
3130 3198 3207 3262 ὡς
3248 3197 3449 3252 αὐτίκα
3482 3198 3680 3261 νυκτὸς
3711 3201 3806 3252 ὲπο

536 3288 976 3356 superveniente,
1016 3304 1142 3344 cum
1178 3289 1245 3345 iis
1283 3306 1423 3361 quos
1465 3291 1723 3362 colligere
1755 3294 1952 3364 potuit,
1991 3308 2119 3366 por-

536 3392 721 3434 tarum
775 3381 1034 3436 custodes
1089 3381 1139 3435 vi
1204 3381 1345 3438 facta
1393 3399 1796 3455 perrumpens,
1860 3401 1927 3442 ex
1984 3386 2119 3442 urbe

536 3488 794 3543 egressus
831 3473 923 3527 sit.
949 3472 1221 3539 Quoniam
1251 3491 1380 3531 vero
1399 3474 1633 3532 Thracia
1664 3478 1877 3547 penitus
1905 3487 2117 3536 vastata

535 3573 676 3627 erat,
707 3582 774 3619 ac
810 3580 987 3635 neque
1034 3568 1468 3622 necessariorum
1517 3567 1816 3639 quidquam
1854 3570 2117 3640 praebere,

537 3669 715 3725 neque
751 3655 915 3710 aliam
943 3655 1405 3724 depraedationem
1441 3659 1715 3714 sustinere
1737 3659 1851 3729 jam
1881 3668 2114 3731 poterat,

535 3747 710 3802 Gaiua
760 3747 817 3803 in
873 3747 1279 3804 Chersonesum
1335 3749 1584 3821 trajecit,
1633 3752 1844 3808 ratibus
1879 3752 2006 3808 inde
2058 3753 2115 3809 in

538 3839 719 3895 Asiam
781 3839 1140 3897 transfretare
1191 3842 1459 3913 cogitans.
1519 3843 1677 3911 Quod
1723 3847 1941 3915 quidem
1993 3846 2116 3918 ejus

533 3931 823 3988 consilium
876 3948 1003 3988 cum
1062 3934 1357 4004 imperator
1404 3936 1722 4003 didicisset,
1769 3939 1974 3995 missus
2031 3948 2118 3997 est

532 4033 725 4081 contra
777 4025 930 4080 illum
993 4025 1211 4082 Fravita
1275 4029 1538 4100 magister
1591 4030 1837 4096 militias,
1901 4032 2116 4090 Gothus

529 4117 755 4185 quidem
782 4117 1026 4184 natione,
1050 4119 1143 4174 sed
1176 4119 1438 4191 religione
1470 4136 1739 4191 paganus.
1765 4122 1906 4179 ﬁdus
1932 4134 2112 4179 autem

533 4206 816 4275 Romanis,
847 4218 901 4264 et
949 4209 1029 4263 rel
1080 4210 1334 4267 militaris
1375 4212 1763 4283 peritissimus.
1789 4212 1890 4268 llic
1928 4214 2112 4285 igitur.

529 4302 661 4356 dum
716 4300 889 4357 Gaina
937 4304 1239 4358 exercitum
1279 4319 1441 4359 suum
1489 4306 1542 4359 in
1593 4305 1902 4376 Oppositam
1935 4305 2117 4361 conti-

532 4402 751 4448 uentem
799 4393 1013 4449 ratibus
1052 4395 1349 4465 trajit-eret,
1382 4396 1612 4450 navibus
1654 4396 1879 4452 armatis
1927 4397 1980 4450 in
2017 4409 2115 4450 eas

2218 3294 2470 3368 εχούσης,
2501 3292 2621 3367 μεθ’
2648 3293 2790 3347 ὅσων
2817 3291 3050 3363 ὴδύνατο
3079 3292 3205 3356 τοὺς
3222 3292 3315 3344 ἐπὶ
3337 3290 3445 3345 τῶν
3477 3290 3663 3343 πυλῶν
3687 3290 3803 3362 βια-

2220 3389 2477 3460 σάμενος,
2512 3386 2791 3453 ἐξελαύνει
2838 3386 2939 3458 τῆς
2973 3385 3203 3449 πόλεως.
3253 3385 3405 3438 Ἐπεὶ
3440 3383 3495 3436 δὲ
3530 3385 3564 3456 ἡ
3617 3383 3804 3456 Θρᾴκη

2215 3479 2565 3553 ἐξηρήμωτο,
2595 3478 2689 3534 καὶ
2716 3476 2841 3532 οὔτε
2873 3478 3136 3549 παρέχειν
3162 3494 3215 3531 τι
3246 3476 3357 3529 τῶν
3388 3475 3714 3544 ἐπιτηδείων
3739 3470 3807 3546 ἦν

2216 3572 2440 3645 δυνατὴ,
2466 3572 2591 3627 οὔτε
2621 3571 2828 3644 φθορὰν
2857 3570 3025 3641 ἄλλην
3050 3572 3314 3639 ἐνεγκεῖν,
3339 3568 3432 3623 ἐπὶ
3458 3568 3807 3640 Χερρόνησον

2216 3666 2247 3718 ὁ
2277 3663 2477 3727 Γαῖνᾶς
2521 3662 2829 3725 στέλλεται,
2866 3661 3106 3732 σχεδίαις
3142 3660 3524 3731 διανοούμενος
3570 3660 3666 3713 ἐπὶ
3710 3658 3807 3730 τὴν

2229 3756 2416 3811 Ἀσίαν
2454 3753 2931 3827 διαπεραιοῦσθαι.
2963 3751 3403 3823 Διαγνωσθείσης
3442 3752 3499 3805 δὲ
3533 3752 3613 3823 τῷ
3654 3752 3809 3823 βασι-

2216 3845 2300 3900 λεῖ
2326 3847 2425 3917 τῆς
2454 3845 2620 3900 αὑτοῦ
2649 3847 2910 3912 διανοίας,
2935 3844 3215 3917 πέμπεται
3240 3843 3543 3916 στρατηγὸς
3563 3844 3690 3897 κατ’
3713 3843 3809 3897 αύ-

2216 3937 2313 3991 τοῦ
2336 3937 2635 4010 Φραυῖτας,
2682 3937 2878 4001 Γότθος
2911 3935 3010 4007 μὲν
3048 3936 3110 3990 τὸ
3136 3936 3314 4004 γένος,
3360 3934 3563 4007 Ἕλλην
3601 3935 3663 3989 δὲ.
3706 3936 3805 4008 τὴν

2208 4029 2394 4096 δόξαν,
2428 4030 2620 4095 πιστὸς
2644 4030 2689 4085 δ’
2710 4026 2804 4084 οὖν
2844 4030 3155 4102 Ῥωμαίοις,
3186 4029 3281 4083 καὶ
3312 4028 3382 4083 τὰ
3404 4027 3639 4099 πολέμια
3664 4027 3804 4099 κράο

2218 4134 2421 4184 τιστος.
2446 4114 2636 4188 Οὗτος,
2672 4124 2730 4176 ἐν
2759 4116 2804 4191 ᾧ
2829 4122 3029 4186 Γαῖνᾶς
3064 4123 3389 4195 προέπεμπε
3412 4121 3503 4175 τὸν
3538 4122 3633 4175 ὑπ’
3655 4118 3804 4191 αὐτῷ

2217 4211 2450 4283 στρατὸν
2485 4214 2609 4275 ταῖς
2653 4211 2894 4282 σχεδίαις
2937 4211 3408 4285 διαπεραιοῢσθαι,
3439 4210 3598 4283 νηΐτῃ
3633 4209 3804 4281 στόλῳ

2218 4301 2593 4369 συμπλέκεται
2615 4303 2862 4368 ταύταις,
2890 4303 2986 4358 καὶ
3007 4305 3071 4358 ἐκ
3098 4302 3192 4358 τοῦ
3221 4304 3421 4377 ῥᾴστου
3443 4304 3655 4367 πάντας
3675 4302 3802 4365 τοὺς

2217 4394 2597 4465 συμπλέοντας
2617 4398 2739 4459 ταῖς
2772 4397 3011 4468 σχεδίαις
3038 4395 3366 4469 διαφθείρει.
3407 4395 3498 4460 Ἐξ
3522 4387 3586 4448 οὗ
3605 4394 3803 4457 Γαῖνᾶς

530 4485 803 4550 invectus,
829 4486 933 4539 levi
977 4487 1197 4557 negotio
1232 4497 1464 4545 cunctos
1490 4490 1586 4559 qui
1630 4490 1739 4546 illis
1774 4491 2113 4546 vehebantur

2217 4487 2283 4540 τὰ
2311 4488 2435 4541 καθ’
2470 4489 2664 4542 ἑαυτὸν
2716 4489 3008 4559 ἀπογνοὺς,
3045 4490 3126 4552 είς
3169 4488 3240 4543 τὰ
3267 4490 3365 4560 τῆς
3406 4488 3631 4561 Θρᾴκης
3662 4490 3803 4542 ἀνω-

530 4577 786 4635 conl'ecit.
828 4577 1009 4644 Quare
1051 4577 1225 4634 Gaina
1273 4580 1477 4635 nullam
1507 4582 1612 4636 sibi
1661 4597 1817 4653 spem
1862 4583 2109 4638 relictam

530 4671 745 4737 videns,
806 4670 860 4725 in
898 4674 1183 4743 superiora
1234 4672 1483 4729 Thracia:
1534 4675 1653 4730 loca
1710 4675 1942 4747 aufugit.
2002 4674 2113 4731 Nec

531 4763 709 4817 multo
738 4772 864 4833 post
908 4762 1088 4818 Httnni
1114 4764 1336 4835 quidam
1372 4766 1576 4836 impetu
1612 4765 1759 4822 facto
1786 4783 1912 4822 eum
1938 4769 2111 4823 inter-

530 4853 809 4915 fecerunt.
832 4864 1105 4926 caputque
1132 4855 1254 4927 ejus
1307 4859 1421 4915 sale
1457 4860 1738 4914 conditum
1794 4859 2113 4915 Constanti-

530 4946 773 5014 nopolim
831 4948 1099 5017 perlatmn
1156 4959 1259 5005 est.
1318 4948 1523 5007 Praeter
1581 4951 1681 5007 has
1731 4952 2105 5018 calamitates,

426 5050 427 5053 ‘
530 5036 843 5094 Isaurorum
876 5056 1007 5110 gens
1036 5042 1215 5098 varias
1245 5044 1427 5099 clades
1455 5045 1640 5100 intulit
1666 5044 1944 5101 Romanis.
1970 5044 2105 5101 Nam

532 5131 600 5185 ad
637 5132 769 5188 solis
802 5134 1023 5203 quidem
1078 5144 1259 5191 ortum
1298 5134 1547 5192 Ciliciam
1597 5150 2010 5209 percursarunt,
2053 5148 2109 5195 et

533 5224 822 5283 ﬁnitimam
860 5225 1099 5299 Syriam,
1123 5242 1234 5284 non
1266 5244 1389 5285 eam
1424 5228 1603 5286 solum
1638 5245 1763 5301 qua:
1794 5228 1946 5287 Caele
1973 5231 2110 5287 dici-

2213 4578 2359 4651 τέρω
2387 4579 2608 4647 φεύγει,
2639 4582 2735 4633 καί
2764 4596 2911 4644 τινες
2940 4580 3049 4634 τῶν
3080 4579 3297 4633 Οὖννων
3324 4579 3387 4633 οὐ
3428 4577 3625 4632 πολλοῦ
3647 4578 3801 4649 διαρ-

2215 4670 2436 4741 ρυέντος
2474 4671 2669 4741 χρόνου
2708 4672 3029 4736 ἐπελθόντες
3068 4672 3232 4727 αὐτὸν
3276 4670 3593 4742 ἀναιροῦσν
3636 4671 3729 4725 καὶ
3762 4671 3798 4742 ἠ

2214 4763 2428 4835 κεφαλὴ
2457 4764 2843 4836 ταριχευθεῖσα
2872 4767 2953 4828 είς
3001 4762 3576 4819 Κωνσταντινούπολιν
3606 4760 3800 4832 ἐκομί-

2215 4857 2337 4929 σθη.
2359 4857 2543 4927 Χωρὶς
2561 4857 2619 4911 δὲ
2644 4857 2755 4910 τῶν
2780 4856 3084 4929 εἰρημένων
3106 4855 3294 4910 κακῶν
3318 4855 3412 4910 καὶ
3441 4854 3503 4908 τὸ
3539 4853 3800 4925 Ἰσαύρων

2213 4950 2370 5020 γένος
2420 4950 2797 5013 παντοδαποὺς
2850 4950 3154 5021 ἐπήνεγκεν
3198 4948 3476 5020 ὀλέθρους.
3518 4948 3659 5018 Πρὸς
3693 4944 3800 5015 μὲν

2215 5046 2325 5117 γὰρ
2354 5045 2506 5116 ἥλιον
2538 5044 2827 5115 ἀνίσχοντα
2871 5050 2968 5114 τήν
3012 5061 3071 5097 τε
3114 5042 3369 5097 Κιλικίαν
3422 5042 3794 5112 κατέδραμον,

2215 5141 2312 5193 καὶ
2340 5137 2440 5207 τὴν
2492 5139 2689 5209 ὅμορον
2720 5136 2922 5208 Συρίαν
2942 5176 2958 5199 ,
3001 5137 3061 5189 οὐ
3102 5135 3201 5206 τὴν
3230 5135 3416 5207 κοίλην
3449 5135 3624 5206 μόνον,
3654 5129 3796 5186 ἀλλά

2214 5232 2312 5287 καὶ
2331 5230 2428 5302 τὴν
2456 5230 2624 5301 ἀλλην
2646 5229 2809 5301 μέχρι
2838 5226 3064 5299 Περσῶν
3083 5226 3267 5281 αὐτῶν
3294 5226 3628 5299 ἀφικομένην
3653 5222 3793 5293 (90).

1751 5424 1829 5469 VA
1837 5425 1993 5471 LESII
2022 5424 2522 5473 ANNOTATIONES.

605 5573 720 5646 (89)
761 5571 888 5646 δοῖ.
922 5573 1018 5628 lib.
1046 5588 1166 5646 vut_.
1194 5589 1316 5646 cap.
1348 5572 1401 5646 ξ.

609 5640 723 5712 (90)
749 5642 936 5714 Μέχρι
962 5642 1211 5713 Περσῶν
1230 5640 1429 5698 αὐτῶν
1449 5642 1837 5713 ἀφικομένην.
1863 5640 1979 5714 Non
2004 5643 2107 5697 du-

539 5713 655 5785 bito
676 5715 806 5785 quin
828 5713 1173 5769 scribendum
1199 5714 1289 5777 sit,
1315 5715 1659 5785 ἀφικόμενοι,
1682 5714 1873 5783 supple
1905 5713 2103 5785 Isauri.

541 5779 780 5838 Certe—in
816 5799 918 5839 ms.
954 5785 1141 5841 codice
1173 5799 1283 5855 quo
1312 5779 1445 5842 usus
1474 5779 1556 5841 est
1580 5779 1914 5850 Bocltat'tus,
1942 5784 2109 5860 scrip-

2211 5583 2327 5629 tum
2366 5575 2800 5652 eratdewipa,
2851 5588 3082 5633 accentu
3133 5578 3187 5652 i_n
3233 5574 3797 5652 antepenultima,cl

2212 5660 2378 5720 supra
2416 5647 2677 5720 ultimam
2700 5647 2931 5720 litteram
2968 5649 3259 5719 apponitur
3291 5666 3348 5720 η,
3371 5647 3508 5719 qua:
3540 5656 3657 5701 uota
3686 5647 3787 5694 iu-

2211 5716 2395 5771 dirare
2428 5717 2559 5772 mihi
2598 5719 2807 5775 videtur
2835 5716 3098 5788 syllabam
3119 5736 3219 5775 νοι.
