4028 6330
500 329 609 387 ω’]

1909 344 2384 404 PIIILOSTORCII

3639 331 3745 387 603

501 449 748 506 creanda:
791 454 997 512 sobolis
1044 456 1273 513 iam-itas
1324 460 1692 517 adimeretur:
1732 479 1907 534 neque
1948 466 2075 520 illud

2184 466 2432 537 ρανόμως
2466 461 2689 534 βασιλέα
2715 459 2793 532 (a)
2816 504 2829 523 ,
2857 457 2945 513 τὸν
2986 456 3242 524 ἀπόγονον
3274 452 3374 523 τῆς
3401 447 3540 507 κατὰ
3571 446 3745 537 διαδο-

501 541 901 608 ιηίιηαανοτιίι,
933 560 1010 607 se,
1038 546 1166 601 dum
1203 547 1526 604 Eucherium
1578 552 1746 606 lilium
1782 553 2076 623 imperato-

504 643 617 685 rem
640 642 829 689 contra
846 634 1156 704 jusl'asque
1184 641 1499 695 renuntiare
1533 641 1793 705 studeret,
1826 653 2074 712 nepotem

503 725 591 778 cui
621 727 982 781 successionis
1005 727 1131 796 jure
1165 730 1451 796 imperium
1484 733 1803 798 debebatur,
1834 746 1957 790 ante
1980 736 2076 790 ad-

505 815 671 869 ultum
706 817 890 870 liorem
926 819 1206 875 succidere
1235 837 1299 877 ac
1331 824 1574 892 perdere.
1612 824 1779 881 l’orro
1814 827 2074 882 Stilicho-

2181 536 2280 629 χὴν
2317 557 2410 610 καὶ
2443 555 2640 626 θεσμὸν
2671 552 2947 624 βασιλείας
2977 544 3383 622 προεκθερίζων
3403 540 3493 596 καὶ
3519 536 3746 629 ζημιου-

2404 643 2562 697 Οΰτω
2590 642 2648 695 δὲ
2682 640 3007 710 κατάφωρον
3041 637 3134 691 καὶ
3162 634 3295 690 ἀδεᾶ
3325 631 3421 703 τὴν
3459 626 3747 701 τυραννίδα

2182 736 2532 808 προενεγκεῖν
2571 733 2683 802 (96)
2732 731 2823 784 τὸν
2856 729 3160 798 Στελίχωνα
3203 725 3373 792 λέγει,
3414 723 3490 785 ὼς
3536 720 3631 773 καὶ
3662 719 3745 773 νό-

2187 844 2387 898 μισμα,
2422 824 2636 897 μορφῆς
2667 822 2958 892 λειπούσης
3000 819 3185 889 μόνης,
3211 813 3505 884 κόψασθαι.

504 923 623 962 nem
653 909 788 964 adeo
827 912 1116 969 manifeste
1152 930 1216 970 ac
1246 917 1365 972 sine
1399 921 1510 973 ullo
1551 933 1695 975 metu
1731 922 2070 994 tyrannidem
2106 923 2416 977 exercuisse
2453 921 2662 982 scribit,
2698 926 2757 972 ut
2780 917 2944 971 etiam
3014 925 3266 967 nummos
3331 910 3655 977 percuteret,
3693 901 3745 956 in

500 1003 700 1070 quibus
725 1014 919 1074 praeter
951 1009 1123 1079 ipsius
1160 1012 1385 1081 elligiem
1422 1014 1557 1068 nihil
1585 1016 1786 1071 deerat.

569 1097 620 1150 5.
655 1096 886 1154 Barbari
912 1100 1130 1157 Romam
1159 1117 1442 1175 petunt.—
1466 1108 1773 1166 Eucherius.
1806 1112 2073 1167 Alaricus.

500 1186 735 1241 Attalus.
767 1189 1012 1246 Alaricus
1033 1193 1165 1248 obit.
1194 1194 1480 1251 Interii-clo
1512 1197 1830 1266 Stilichone,
1860 1201 2073 1254 barbari

499 1279 591 1349 qui
625 1295 729 1334 una
763 1297 886 1336 cum
927 1285 1020 1338 illo
1059 1296 1234 1351 erant,
1267 1301 1543 1358 assumpto
1570 1291 1689 1359 ejus
1738 1292 1848 1345 lilio
1890 1293 2071 1345 statim

500 1369 900 1427 abscesserunt.
942 1373 1188 1446 Cumque
1248 1377 1474 1433 Ruinam
1531 1383 2072 1452 appropinquassent.

504 1457 628 1513 huic
665 1460 881 1527 quidem
916 1463 1281 1532 permiserunt
1319 1476 1378 1520 ut
1414 1467 1466 1519 in
1512 1468 1770 1538 templum
1803 1469 2072 1537 quoddam

501 1550 644 1617 quod
693 1551 817 1620 jure
877 1553 1011 1625 asyli
1058 1555 1359 1620 fruebatur,
1406 1559 1737 1629 confugeret.
1790 1558 1893 1630 ipsi
1947 1575 2074 1614 vero

499 1645 694 1690 cuncta
727 1654 848 1706 quae
885 1642 1029 1697 circa
1085 1645 1274 1700 urbem
1322 1657 1478 1702 crant
1528 1657 1826 1714 vastarunt,
1859 1659 1969 1703 tum
2018 1659 2076 1704 ut

501 1724 855 1786 Stilichonem
893 1733 1304 1804 ulciscerentur,
1354 1751 1467 1794 tum
1513 1743 1656 1811 quod
1707 1741 1850 1797 latine
1905 1743 2073 1813 pressi

2248 1111 2316 1174 γ’.
2348 1104 2470 1156 Ὅτι
2510 1100 2834 1169 Στελίχωνος
2864 1093 3229 1166 ἀνῃρημένου,
3263 1093 3309 1144 οἱ
3339 1091 3585 1152 συνόντες
3621 1088 3754 1160 βάρ-

2180 1197 2358 1268 ϐαροι,
2413 1194 2503 1249 τὸν
2548 1191 2754 1246 ἐκείνου
2793 1188 2957 1242 παῖδα
2992 1185 3281 1247 λαϐόντες,
3337 1183 3435 1252 τὴν
3489 1182 3752 1251 ταχίστην

2178 1287 2399 1359 ᾤχοντο.
2431 1286 2540 1339 Καὶ
2571 1287 2635 1354 τῇ
2688 1282 2872 1351 Ῥώμῃ
2904 1278 3324 1348 πλησιάσαντες,
3356 1271 3445 1327 τὸν
3471 1272 3571 1344 μὲν
3601 1275 3754 1340 iacet-

2180 1397 2279 1434 σαν
2338 1380 2411 1451 (b)
2455 1378 2534 1440 si;
2574 1393 2696 1428 τινα
2725 1373 2832 1427 τῶν
2861 1370 3078 1426 ἁσὺλων
3110 1367 3254 1439 ἱερὸν
3287 1368 3646 1435 καταφυγεῖν.
3689 1365 3752 1417 Ut

2175 1472 2231 1525 δὲ
2261 1471 2328 1524 τὰ
2356 1473 2455 1541 τῆς
2483 1469 2691 1531 πόλεως
2723 1463 2886 1538 πέριξ
2915 1461 3198 1534 ἐπόρθουν,
3233 1458 3340 1512 τῶν
3381 1457 3480 1529 μὲν
3513 1456 3593 1526 τῷ
3621 1457 3751 1510 Στε-

2172 1566 2360 1636 λίχωνι
2390 1560 2760 1634 τιμωροῦντες
2799 1557 2945 1629 (9'1),
2998 1554 3104 1609 τῶν
3147 1553 3205 1607 δὲ
3239 1550 3383 1622 λιμῷ
3414 1549 3745 1621 πιεζόμενοι.

2187 1659 2339 1713 Ἐπεὶ
2363 1656 2421 1710 δὲ
2448 1655 2599 1727 παρὰ
2638 1651 2897 1722 Ὀνωρίου
2935 1649 3189 1720 γράμμα,
3221 1648 3469 1716 κρεῖττον
3492 1646 3593 1714 τῆς
3624 1644 3753 1695 ἁσυ-

2174 1750 2295 1814 λίας
2315 1748 2627 1819 γενόμενον,
2654 1746 2866 1817 ἀναιρεί
2893 1743 2982 1796 τὸν
3006 1740 3284 1811 Εὑχέριον,
3306 1736 3395 1791 διὰ
3414 1734 3584 1788 ταῦτα
3613 1751 3752 1802 συμ-

495 1828 675 1897 erant.
714 1820 810 1876 [’bi
840 1840 967 1880 vero
997 1827 1186 1885 littera:
1216 1831 1284 1885 ab
1315 1828 1556 1886 Honorio
1587 1833 1764 1888 missa:
1789 1837 1912 1904 jure
1941 1835 2074 1905 asyli

2180 1842 2434 1914 μίξαντες
2473 1840 2521 1892 οἱ
2573 1836 2835 1909 βάρϐαροι
2894 1833 3160 1906 Ἀλαρίχῳ
3197 1833 3276 1894 εἰς
3313 1829 3407 1883 τὸν
3444 1827 3581 1899 πρὸς
3618 1826 3749 1878 Ῥω-

502 1914 854 1977 potentiores,
892 1916 1218 1975 Eucherium
1249 1933 1423 1979 morte
1468 1925 1785 1989 multarunt,
1820 1926 2076 1995 posthaec

504 2001 716 2057 barbari
759 2005 972 2064 Alarico
1017 2011 1224 2080 juncti,
1265 2031 1388 2069 eum
1421 2017 1487 2068 ad
1520 2018 1929 2087 expugnandam
1981 2034 2075 2071 ur-

501 2091 622 2145 bem
671 2092 897 2153 Romam
940 2101 1258 2160 incitarunt.
1307 2105 1406 2163 Hic
1441 2124 1567 2163 vero
1607 2108 1891 2164 confestim
1937 2109 2073 2163 Ροε-

503 2192 615 2236 tum
646 2189 930 2258 occupavit
958 2211 971 2246 :
1013 2193 1064 2247 id
1092 2204 1271 2250 autem
1317 2209 1399 2253 est
1429 2199 1725 2253 maximum
1758 2201 1947 2255 navale
1981 2218 2075 2254 ur-

502 2275 584 2331 bis
621 2275 824 2348 Romae,
856 2285 1032 2342 tribus
1076 2290 1339 2358 portubus
1380 2304 1666 2357 constans,
1695 2305 1748 2348 et
1795 2296 1846 2349 in
1897 2312 2074 2366 ptime

500 2368 650 2424 orbis
688 2376 1116 2444 magnitudinem
1145 2392 1452 2441 extensum.
1499 2384 1616 2441 illic
1657 2389 1820 2442 etiam
1854 2404 2071 2442 annona

500 2461 711 2529 pubiica
739 2465 896 2536 juxta
948 2480 1183 2528 veto-rem
1231 2480 1680 2535 consuetudinem
1722 2493 1839 2536 erat
1877 2496 2075 2536 recon-

497 2555 629 2610 dita.
661 2558 795 2612 Cum
832 2560 996 2630 igitur
1020 2563 1270 2623 Alaricus
1317 2579 1532 2638 portum
1580 2572 1680 2626 levi
1728 2572 1941 2643 negotio
1977 2589 2072 2628 oc-

484 2659 770 2715 cupasset.
797 2652 983 2707 urbem
1016 2653 1245 2712 Romam
1270 2668 1382 2713 tum
1416 2678 1647 2719 attnona:
1673 2665 1924 2732 penuria,
1958 2672 2072 2719 tum

498 2737 723 2807 reliquis
774 2745 1224 2802 machinamentis
1282 2752 1629 2820 expugnavit.
1687 2751 1754 2807 Et
1813 2751 2075 2808 Romanis

495 2828 915 2920 decernentibus
947 2837 1023 2907 (id
1076 2840 1222 2894 enim
1267 2841 1374 2896 illis
1417 2843 1669 2900 Alaricus
1704 2846 2072 2920 permiserat),

497 2919 736 2989 Attalum
789 2925 1168 2996 imperatorem
1207 2934 1558 2997 renuntiavit.
1604 2934 1770 2991 Ortus
1814 2937 1904 2993 hic
1956 2919 2075 2995 erat

495 3026 562 3064 ex
596 3014 803 3071 minore
836 3019 964 3074 Asia
994 3040 1008 3074 :
1040 3023 1301 3094 religione
1345 3028 1561 3095 quidem
1599 3044 1861 3099 paganus,
1898 3032 2076 3103 digni-

501 3113 611 3158 tate
642 3121 770 3160 vero
806 3110 1090 3178 praefectus
1119 3115 1266 3171 urbis
1310 3114 1512 3174 Romam
1557 3118 1681 3176 Post
1713 3124 2075 3194 nuncupatim

2181 1935 2372 2007 μαίους
2403 1934 2565 1988 αὑτὸν
2606 1930 2878 2003 ἑξορμῶσι
2916 1929 3172 1999 πόλεμον,
3228 1926 3285 1978 ’0
3317 1925 3374 1976 δὲ
3419 1923 3616 1975 θᾶττον
3656 1936 3751 1974 κα-

2176 2026 2510 2098 ταλαμϐάνει
2548 2024 2640 2078 τὸν
2678 2024 2909 2096 *κύρτον⁹
2948 2022 3203 2092 μέγιστον
3230 2018 3286 2071 δὲ
3319 2010 3475 2079 οὗτος
3528 2014 3751 2084 νεώριον

2186 2118 2428 2190 Ῥώμης,
2459 2115 2640 2187 λιμέσι
2685 2115 2835 2187 τρισὶ
2882 2111 3380 2184 περιγραφόμενος.
3416 2108 3510 2161 καὶ
3544 2108 3622 2170 εἰς
3664 2104 3755 2156 πό·-

2177 2209 2312 2272 λεως
2347 2208 2548 2280 μικρᾶς
2577 2202 3033 2279 παρατεινόμενος
3065 2203 3314 2274 μέγεθος.
3359 2201 3446 2253 Ἐν
3484 2196 3659 2265 τούτῳ
3695 2194 3754 2247 6‘s

2176 2304 2204 2354 ὁ
2237 2301 2492 2372 δημόσιος
2518 2298 2664 2361 ἄπας
2684 2300 2830 2360 σῖτος
2855 2295 2997 2349 κατὰ
3020 2293 3247 2349 παλαιὸν
3269 2291 3387 2354 ἔθος
3412 2286 3751 2358 ἐταμιεύετο.

2190 2394 2359 2447 Ἐλὼν
2394 2393 2453 2447 δὲ
2482 2393 2612 2464 ῥᾷον
2642 2391 2733 2445 τὸν
2768 2390 2989 2460 πόρτον,
3017 2387 3113 2441 καὶ
3147 2389 3213 2457 τῇ
3244 2381 3507 2452 σιτοδείᾳ,
3553 2380 3587 2451 ἢ
3634 2379 3754 2439 ταῖς

2177 2486 2366 2550 ἄλλαις
2396 2485 2665 2557 μηχαναῖς
2696 2481 2805 2553 (98)
2837 2479 3205 2569 πολιορκήσας
3232 2476 3331 2569 την
3368 2474 3587 2569 Ῥὼμην
3612 2467 3756 2569 κατὰ.

2177 2578 2377 2650 κράτος
2399 2578 2545 2647 αἱρεῖ
2560 2593 2574 2605 ’
2604 2573 2698 2629 καὶ
2713 2571 3109 2644 ψηφισαμένων
3131 2568 3238 2622 τῶν
3270 2565 3554 2635 Ῥωμαίων
3573 2565 3755 2628 (τοῦτο

2175 2674 2285 2744 γὰρ
2342 2670 2525 2733 αὐτοῖς
2588 2666 2870 2737 ’Δλάριχος
2922 2663 3191 2733 ἐνεδίδου)
3253 2657 3519 2744 Ἀτταλον
3569 2655 3756 2744 αυτοῖς

2175 2742 2496 2831 ἀναγορεύει
2541 2753 2783 2827 βασιλέα.
2817 2745 2984 2817 Οὗτος
3011 2750 3069 2805 δὲ
3102 2752 3228 2805 Ἴων
3261 2749 3359 2820 μὲν
3383 2742 3451 2818 ἦν
3479 2744 3539 2798 τὸ
3572 2742 3751 2811 γένος,

2180 2850 2379 2922 Ἕλλην
2405 2848 2462 2904 δὲ
2492 2848 2592 2920 τὴν
2624 2845 2799 2913 δόξαν,
2834 2844 2936 2916 τῆς
2963 2844 3133 2914 αὐτῆς
3165 2841 3220 2895 δὲ
3259 2839 3465 2900 πόλεως
3492 2836 3752 2905 ἔπαρχος.

2177 2938 2344 3006 Οὗτος
2376 2941 2435 2995 δὲ
2470 2939 2655 2994 λοιπὸν
2696 2937 2833 3009 μετὰ
2864 2936 2964 3009 τὴν
3003 2935 3363 3005 ἀναγόρευσιν
3399 2928 3459 2983 τδ
3501 2926 3756 2996 λείψανον

2176 3033 2282 3088 τῶν
2320 3031 2629 3102 Ῥωμαίων,
2662 3032 2800 3101 ὅπερ
2831 3030 2860 3083 ὁ
2890 3027 3049 3098 λιμὸς
3075 3025 3235 3089 αὐτὸς
3265 3025 3358 3077 καὶ
3382 3022 3415 3090 ή
3447 3018 3756 3086 ἀλληλοζα-

2176 3124 2273 3193 γία
2317 3121 2673 3188 ὑπελείπετο,
2726 3118 2932 3193 τροφὴν
2981 3118 3165 3179 αὐτοῖς
3216 3112 3463 3185 κομίζειν
3507 3109 3613 3164 ἀπὸ
3658 3104 3753 3160 τοῦ

499 3208 622 3248 nem
655 3194 997 3265 itm-eratoris
1024 3205 1213 3267 Attali,
1254 3208 1506 3264 Alaricus
1548 3212 1791 3280 permisit
1819 3185 2072 3286 deinceps

2180 3185 2376 3288 πόρτου
2401 3214 2638 3286 ἐφίησιν.
2660 3185 2797 3268 Εἶτα
2819 3185 2912 3267 τὸν
2950 3210 3212 3264 Ἄτταλον
3242 3205 3442 3271 λαϐὼν,
3469 3204 3564 3258 καὶ
3588 3218 3753 3273 στρα-

499 3285 746 3357 reliquiis
777 3292 960 3362 populi
1005 3293 1260 3364 Romani,
1294 3299 1378 3355 his
1415 3301 1625 3356 scilicet
1655 3318 1794 3373 quos
1822 3285 2075 3362 fameset

501 3379 864 3440 humanorum
910 3401 1201 3458 corporum
1251 3395 1514 3448 comestio
1567 3396 1804 3467 reliquos
1851 3397 2073 3465 fecerat,

501 3481 560 3522 ut
590 3486 860 3528 annonam
896 3476 997 3531 sibi
1046 3494 1110 3531 cx
1158 3490 1313 3549 portu
1356 3484 1738 3540 coavcberent.
1783 3487 2078 3557 Assumpto

500 3563 696 3618 deinde
722 3566 922 3631 Attalo,
954 3571 1196 3640 magistri
1227 3573 1459 3627 militum
1497 3592 1721 3632 munere
1746 3578 1924 3633 eidem
1956 3578 2079 3633 iun-

500 3669 654 3723 gens,
685 3653 995 3713 Ravennam
1027 3662 1291 3718 adversus
1320 3663 1617 3721 llonorium
1664 3683 1790 3722 cum
1830 3671 2073 3726 exercitu

501 3747 881 3813 proficiscitur.
917 3750 1060 3808 Inter
1089 3754 1202 3810 inec
1248 3756 1462 3813 Attalus
1499 3759 1774 3816 mandavit
1806 3759 2070 3828 Honorio,

504 3848 564 3891 ut
591 3841 851 3908 privatam
898 3846 1077 3913 potius
1127 3847 1289 3903 vitam
1329 3849 1569 3918 eligeret,
1614 3861 1669 3906 et
1706 3866 2072 3908 extremorum

503 3930 870 3988 membrorum
920 3934 1254 4019 abscissioue
1308 3942 1473 3997 totius
1534 3945 1779 4014 corporis
1843 3945 2073 4000 salutem

2172 3306 2343 3379 τηγοῦ
2375 3308 2560 3379 σχῆμα
2591 3306 2813 3378 πληρῶν
2845 3304 3013 3376 αὐτῷ,
3044 3304 3137 3357 ἐπὶ
3165 3302 3261 3373 τὴν
3306 3300 3596 3354 Ῥάϐενναν
3629 3292 3754 3348 καθ’

2188 3401 2449 3473 ὐνωριου
2478 3397 2781 3472 στρατεύει.
2804 3398 2914 3453 Καὶ
2938 3397 3148 3450 κελεύει
3178 3392 3440 3455 ’Ἄτταλος
3463 3390 3554 3443 τὸν
3591 3386 3758 3439 Ὀνῶ-

2182 3509 2318 3565 ριον,
2358 3492 2448 3544 τὸν
2483 3490 2697 3563 ἰδιώτην
2734 3488 3051 3544 ἀνθελέσθαι
3087 3488 3221 3559 βίον,
3256 3486 3351 3539 καὶ
3383 3483 3489 3536 τῶν
3518 3479 3611 3534 τοῦ
3647 3480 3758 3530 σὼ-

2185 3600 2354 3656 ματος
2372 3582 2735 3655 ἀκρωτηριῶν
2766 3585 2832 3652 τῇ
2861 3582 3127 3652 περιτομῇ
3161 3578 3260 3648 τὴν
3287 3575 3379 3630 τοῦ
3421 3575 3543 3629 ὅλου
3576 3587 3760 3638 σωτη-

2134 3736 2141 3742 _
2183 3677 2301 3748 ρίαν
2343 3676 2677 3747 ὠνήσασθαι.
2717 3675 2889 3746 Σάρος
2921 3675 3009 3737 δὲ,
3044 3672 3103 3737 ὃς
3144 3672 3282 3744 μετὰ
3319 3668 3620 3737 Στελίχωνα
3657 3663 3760 3736 τὴν

2181 3769 2552 3840 στρατηγικὴν
2596 3768 2768 3839 ἀρχὴν
2813 3766 2927 3839 (99)
2986 3765 3246 3836 Ὀνωρίου
3278 3762 3571 3824 δεδωκότος
3617 3755 3758 3827 εἶχε,

2180 3860 2471 3930 συμϐαλὼν
2518 3860 2807 3931 Ἀλαρίχῳ,
2843 3861 3034 3930 κρατεί
3070 3861 3134 3928 τῇ
3176 3858 3343 3928 μάχῃ,
3379 3856 3472 3909 καὶ
3500 3856 3598 3916 τῆς
3635 3849 3758 3902 Ῥα-

2180 3947 2372 4020 ϐέννης
2398 3948 2708 4005 ἀποδιώκει.
2727 3950 2783 4004 ’0
2802 3949 2859 4003 δὲ
2883 3950 2973 4003 τὸν
2999 3949 3195 4021 πόρτον
3218 3945 3540 4003 καταλαϐὼν
3563 3945 3756 4015 (1·71),

1734 4121 1811 4164 VA
1818 4119 1975 4165 LESII
2001 4120 2498 4168 ANNOTATIONES.

578 4238 691 4307 (96)
744 4240 1072 4314 Τυραννίδα
1122 4244 1568 4314 προσενεγκεῖν.
1628 4243 1683 4298 In
1731 4245 1921 4301 codice
1970 4245 2073 4300 Bo-

502 4309 773 4388 chatttad
796 4313 1115 4388 Altml‘gillem
1158 4309 1490 4384 adscriptum
1521 4315 1723 4388 inveni,
1763 4316 1892 4388 ἴσως
1939 4333 2071 4388 προ-

500 4379 768 4447 ενεγκεῖν.
790 4378 919 4445 Quae
934 4378 1244 4449 conjectura
1267 4378 1410 4456 certe
1428 4401 1534 4438 non
1551 4385 1818 4456 displicet.
1842 4378 1900 4440 ln
1925 4378 2069 4440 testu

501 4457 682 4524 autem
715 4455 974 4524 scriptum
999 4462 1126 4524 erat
1142 4455 1513 4524 προενέγκειν.

574 4517 686 4588 (97)
742 4517 864 4593 Τῶν
892 4519 1135 4593 μὲν-,τῷ
1184 4517 1509 4593 Στελίχωνι
1551 4526 1980 4593 τιμωρούντων.
2016 4522 2072 4578 In

480 4573 1222 4665 Ausurarum;mare";
1240 4573 2073 4665 ἰξέίίῖιῖέιείιμςρεξηῑττεξῖδιίηῆέ
2108 4573 2150 4627 η

507 4673 613 4711 non
646 4658 836 4727 dubito
860 4662 990 4720 quin
1027 4670 1174 4717 totus
1196 4658 1348 4716 locus
1378 4665 1450 4717 ita
1487 4658 1854 4720 réstiiucndus
1891 4658 1979 4727 sit,
2009 4663 2073 4717 τὸ

549 4727 607 4802 έν
642 4726 722 4799 τῷ
759 4729 1047 4802 Σξελίχωνι
1083 4732 1475 4802 τιμωροῦντες,
1517 4732 1577 4785 τὸ
1613 4734 1705 4797 δέ,
1741 4743 1844 4788 etc.
1884 4733 1935 4787 ιιι
1967 4726 2070 4795 cst,

555 4812 642 4850 um
675 4797 739 4873 ut
787 4797 1567 4873 Stilic'ltgnemulciscerentur,
1606 4813 1717 4856 tum
1745 4804 1883 4873 quod
1936 4805 2074 4872 [ante

506 4868 745 4991 ορρνεεὲἒ
768 4878 938 4924 erant.
970 4868 1155 4925 Potest
1184 4872 1347 4927 etiam
1373 4874 1536 4928 scribi
1578 4890 1591 4927 :
1627 4868 1781 4927 τοῦτο
1809 4868 2069 4945 μέν,ἐῑρ.

507 4953 663 4989 τουτο
752 4978 769 4991 .
798 4950 903 4991 etc.

507 4953 663 4989 τουτο
689 4950 769 5001 οε,
798 4950 903 4994 etc.

579 5006 691 5083 (98)
722 5009 1095 5083 ζιτοδείᾳηῆ
1127 5010 1256 5083 ταῖς
1291 5011 1509 5080 ἄλλαις
1528 5012 1847 5083 μηχαναῖς.
1882 5013 1936 5067 in
1970 5030 2073 5069 ms.

510 5077 694 5132 codice
719 5077 989 5134 Samuelis
1020 5077 1272 5154 Bocbarti
1294 5122 1309 5146 ,
1341 5085 1407 5138 ad
1444 5077 1695 5153 vocem—'11
1743 5077 1843 5138 tria
1876 5094 2075 5154 puncta

509 5155 692 5222 uitiata
736 5159 896 5222 sunt;
937 5160 992 5206 et
1038 5153 1089 5205 in
1136 5154 1377 5222 margine
1412 5155 1660 5221 leguntur
1706 5155 1820 5209 haec
1867 5153 2031 5210 verba
2059 5196 2073 5221 ,

511 5217 641 5282 iam;
667 5219 780 5285 καί,
829 5237 949 5290 qua:
977 5217 1380 5293 corruptio'coﬁ
1412 5217 1525 5288 καί,
1557 5225 1610 5279 in
1637 5224 1672 5295 ἦ
1715 5227 1974 5279 occurrit.
2012 5217 2077 5278 lu

2178 4244 2256 4298 Μ.
2293 4246 2470 4302 Aurel.
2504 4248 2657 4301 Aulo.
2688 4248 2836 4302 libris
2878 4263 2895 4301 :
2930 4249 2979 4302 id
3009 4257 3093 4304 est
3122 4249 3176 4302 in
3210 4247 3381 4301 Marci
3407 4246 3616 4300 Aurelii
3644 4248 3758 4300 An-

2178 4317 2343 4369 tonini
2373 4318 2522 4371 libris
2553 4316 2616 4370 de
2644 4319 2751 4371 vita
2772 4336 2888 4371 sua.

2251 4387 2361 4457 (99)
2394 4387 2514 4454 Τὴν
2545 4388 2973 4457 στρατιωτικὴν
2995 4387 3210 4457 ἀρχὴν.
3254 4387 3435 4457 Longe
3467 4387 3667 4457 rectius
3694 4385 3753 4440 in

2179 4455 2551 4526 manuscripto
2600 4455 2870 4512 Samuelis
2901 4455 3151 4512 Bocliarti
3209 4455 3403 4521 legitur
3443 4456 3541 4527 τὴν
3586 4473 3759 4527 στρα-

2178 4528 2411 4598 τηγικὴν
2439 4526 2636 4597 ἀρχήν,
2665 4529 2715 4598 id
2741 4537 2843 4593 est,
2881 4528 3129 4596 Magistri
3158 4528 3387 4581 militum
3413 4526 3756 4598 dignitatem.

2178 4596 2611 4668 Atqueitalegtt
2636 4596 2974 4667 Nicephorus
3003 4599 3054 4651 in
3096 4599 3272 4668 capite
3313 4614 3455 4652 xxxv
3510 4596 3632 4650 libri
3660 4596 3761 4650 de-

2180 4667 2306 4722 cimi
2339 4667 2504 4720 tertii.

2251 4735 2417 4806 (L71)
2446 4736 2508 4807 ὀ
2527 4737 2593 4792 δὲ
2610 4736 2718 4792 τὸν
2745 4739 2966 4807 πόρτον
2986 4736 3355 4793 καταλαϐών.
3382 4737 3499 4792 Non
3530 4751 3760 4807 possunt

2178 4805 2432 4878 assentiri
2462 4805 2666 4863 Jacobo
2704 4805 3060 4870 Gothofredo,
3098 4808 3190 4878 qui
3235 4818 3449 4877 portum
3488 4808 3575 4861 hic
3598 4806 3761 4860 intel—

2179 4877 2270 4947 ligi
2306 4887 2511 4942 censet,
2563 4897 2670 4934 non
2733 4879 2882 4933 urbis
2935 4877 3135 4938 Romm,
3173 4879 3267 4933 sed
3317 4877 3610 4940 Ravennae,
3663 4878 3761 4937 qui

2181 4948 2375 5003 classis
2409 4950 2706 5004 vocabatur
2731 4965 2747 5014 ;
2772 4964 2896 5002 nam
2935 4964 3056 5004 cum
3099 4947 3495 5018 l’bilostorgius
3541 4957 3763 5018 pot'lunl

2182 5019 2501 5088 simpliciter
2546 5018 2765 5097 dixerit,
2797 5030 3010 5097 portum
3053 5018 3205 5097 urbis
3252 5016 3461 5097 Rom-.e
3490 5017 3761 5097 intelliga-

2182 5103 2304 5159 mus
2327 5104 2550 5144 necesse
2575 5097 2693 5145 est:
2723 5090 2804 5143 sic
2827 5089 2971 5142 enim
3001 5089 3160 5159 paulo
3198 5100 3323 5142 ante
3348 5096 3581 5159 portum
3603 5089 3763 5159 ur‘bis

2185 5156 2371 5213 Romae
2393 5160 2640 5235 absolute
2674 5162 2903 5235 vocavit.
2939 5154 3097 5225 Quod
3127 5154 3431 5235 _si_p_o‘rtum
3469 5158 3619 5211 urbis
3650 5154 3762 5235 lla-

2183 5243 2371 5282 reuna:
2401 5245 2542 5286 nunc
2577 5229 2920 5299 intelligeret,
2953 5229 3140 5300 procul
3168 5226 3335 5284 dubio
3376 5243 3574 5283 nomen
3604 5226 3765 5284 urbis

1964 5376 2311 5423 VARIORUM.

584 5487 661 5555 (a)
714 5484 1005 5556 Εὺχέριον
1051 5489 1454 5557 ἀνακηρύξειν
1491 5487 1776 5552 βασιλέα.
1832 5485 2081 5541 Zosimus

512 5560 832 5610 modestiam
872 5557 1190 5614 Stilichonis
1227 5562 1617 5612 connuendans
1655 5560 1749 5619 ait,
1780 5572 1927 5618 eunt,
1956 5572 2080 5610 cum

513 5627 678 5697 uuirrs
702 5629 794 5681 lilii
833 5637 982 5696 pater
1005 5638 1170 5694 esset,
1202 5629 1341 5683 hanc
1366 5630 1414 5682 ei
1442 5627 1720 5697 dignitatis
1752 5640 1948 5681 metam
1972 5636 2083 5680 sta—

511 5693 708 5766 tuisse,
738 5707 796 5749 ut
824 5693 890 5751 ad
922 5697 1164 5752 ofﬁcium
1197 5698 1399 5752 tribuni
1447 5693 1785 5753 notariorum
1829 5707 2082 5766 provecto

526 5762 732 5816 nullam
767 5766 924 5818 aliaat
960 5776 1275 5836 potestatem
1319 5769 1597 5837 tribueret,
1630 5769 1721 5821 lib.
1756 5782 1804 5818 v.

2248 5493 2321 5562 (b)
2362 5497 2483 5567 Τὸν
2508 5498 2625 5567 μὲν
2653 5496 2925 5567 ἐρεῖσαν.
2975 5497 3051 5553 De
3095 5498 3197 5551 hac
3239 5495 3492 5551 Eucherii
3531 5496 3657 5567 fuga
3696 5497 3759 5553 in

2179 5566 2463 5636 ecclesiam
2510 5566 2799 5634 quamdam
2850 5569 3000 5624 urbis
3053 5567 3267 5626 Beluae.
3301 5567 3576 5622 consentit
3598 5566 3761 5636 quo-

2181 5652 2287 5703 que
2314 5635 2566 5694 Zosimus
2611 5640 2705 5693 lib.
2740 5656 2790 5691 v.
2820 5637 2892 5691 De
2912 5640 3130 5694 Alarico
3165 5648 3219 5691 et
3243 5636 3428 5691 Attalo
3455 5636 3568 5691 vid.
3596 5634 3762 5694 Socr.

2182 5706 2276 5762 lib.
2311 5723 2403 5775 vn,
2431 5726 2551 5779 cap.
2591 5710 2674 5776 l0,
2714 5708 2836 5764 Soz.
2868 5709 2962 5763 lib.
3000 5724 3075 5773 rx,
3104 5724 3224 5779 cap.
3257 5708 3313 5773 ti,
3342 5705 3405 5773 7,‘
3459 5720 3568 5768 etc.
