4028 6330
544 389 650 445 (ΞΜ

1958 369 2437 429 PlllLOSTORGil

620 503 707 559 10.
729 501 875 559 Unde
896 503 1095 573 factum
1119 501 1257 572 quod
1289 509 1429 554 terra
1454 504 1815 551 moveatur.-—-
1831 491 1974 545 Idem
1990 488 2122 543 Phi-

2303 496 2354 542 t'.
2417 489 2536 541 Ὄτι
2607 487 2881 558 διαφόροις
2936 484 3329 556 ἐπιχειρήμασι
3388 483 3806 548 κατασκευάζειν

551 595 845 667 lostorgins
875 594 1040 650 variis
1071 591 1408 664 argumentis
1433 586 1721 645 ostendere
1754 591 2003 647 conatur,
2020 590 2127 635 ter-

554 707 627 747 rae.
661 700 839 746 motus
866 702 1041 758 neque
1070 702 1138 741 ex
1172 684 1529 739 inundatione
1562 692 1828 750 aquarum
1864 675 2001 739 ﬁeri,
2033 689 2121 729 ne-

553 799 656 854 que
685 791 966 837 ventorum
997 778 1050 833 vi
1082 777 1222 831 intra
1254 776 1410 831 sinus
1453 785 1611 829 terrae
1640 772 1996 830 inclusorum,
2030 781 2130 820 nec

550 889 740 930 rursus
788 887 851 926 ex
901 871 1083 939 aliqua
1128 879 1287 923 terra:
1343 864 1716 925 inclinatione,
1748 860 1841 916 sed
1887 858 2002 912 sola
2036 855 2129 909 Dei

551 965 822 1020 voluntate
854 961 1102 1016 accidere
1134 960 1200 1013 ad
1229 956 1645 1013 conversionem
1697 959 1751 1005 et
1796 945 2129 1004 emendatio-

549 1069 670 1109 nem
709 1061 1077 1122 peccatorum.
1116 1047 1315 1116 Aitque
1359 1045 1461 1099 ista
1491 1058 1550 1098 se
1578 1047 1893 1097 constanter
1916 1049 2129 1091 asseve-

550 1161 691 1211 rare,
726 1152 1009 1214 propterea
1058 1138 1204 1210 quod
1243 1145 1499 1191 neutrum
1533 1148 1602 1188 ex
1649 1128 1977 1200 supradictis
2020 1127 2129 1182 ele-

548 1238 748 1292 mentis
778 1232 1047 1304 ejusmodi
1089 1244 1251 1285 casus
1283 1228 1334 1282 vi
1368 1224 1602 1281 naturali
1642 1221 1902 1293 perlicere
1930 1226 2125 1289 potest.

548 1327 705 1395 Quod
737 1327 783 1381 si
818 1324 961 1378 Deus
994 1322 1067 1376 ita
1098 1319 1350 1383 voluerit,
1384 1315 1469 1370 vel
1504 1314 1729 1369 minima
1753 1316 1907 1381 gutta
1936 1323 1966 1363 e
1990 1307 2129 1363 cmlo

428 1410 443 1426 “
548 1394 790 1487 delapsa,
819 1413 903 1468 vel
934 1411 1025 1466 nix
1058 1408 1328 1464 levissima
1353 1403 1639 1474 Olympum
1666 1394 2013 1458 Macedoniae,
2038 1402 2131 1448 aut

549 1485 716 1563 alium
756 1503 1063 1575 quempiam
1109 1514 1176 1554 ex
1214 1495 1498 1552 altissimis
1545 1490 1840 1549 montibus,
1872 1485 2131 1541 facillime

553 1614 768 1656 movere
796 1596 968 1669 possit
1001 1614 1012 1649 :
1042 1592 1258 1665 quando
1290 1590 1509 1661 quidem
1536 1584 1801 1647 videmus,
1829 1582 1997 1635 Deum
2028 1593 2131 1632 ste-

552 1705 851 1764 penumero
891 1688 976 1742 his
1026 1686 1193 1740 rebus
1227 1699 1386 1739 usum
1421 1694 1542 1735 esse
1574 1678 1642 1732 ad
1696 1671 2130 1731 emendationem

552 1761 769 1858 generis
800 1779 1042 1836 humani.
1074 1775 1208 1832 Nam
1258 1785 1314 1830 et
1343 1772 1591 1831 Rubrum
1630 1783 1780 1824 mare
1822 1780 1944 1821 cum
1976 1761 2133 1816 facile

552 1844 739 1946 posset
767 1873 946 1930 subito
971 1869 1302 1934 discindere,
1332 1872 1526 1920 austro
1557 1861 1795 1916 violento
1822 1856 1975 1927 prius
2000 1852 2134 1909 illud
2169 1844 2210 1898 Β

556 1968 847 2022 verberans
875 1972 1035 2033 atque
1068 1959 1373 2030 impellens,
1402 1957 1478 2011 ita
1509 1955 1728 2010 demum
1757 1946 1943 2005 divisit
1977 1961 1990 1996 :
2028 1960 2133 1998 non

557 2058 703 2130 quod
742 2057 851 2111 ulla
899 2049 1213 2123 hujusmodi
1262 2049 1435 2103 virtus
1471 2047 1527 2102 in
1559 2050 1750 2100 austro
1793 2038 1957 2095 insita
2002 2035 2135 2091 sita

556 2158 749 2205 natura
780 2166 794 2201 :
826 2145 920 2202 sed
951 2143 1099 2214 quod
1133 2140 1318 2197 divina
1368 2138 1452 2194 vis
1501 2137 1568 2191 ad
1614 2134 1949 2190 voluntatem
1977 2141 2134 2184 suam

555 2233 957 2304 exsequendam
981 2245 1047 2285 eo
1079 2244 1175 2284 usa
1201 2226 1390 2282 fuerit.
1415 2225 1518 2280 Sed
1549 2233 1604 2279 et
1631 2226 1777 2293 virga
1803 2217 2134 2290 percutiens,

556 2325 735 2381 fontes
756 2334 1020 2393 aquarum
1054 2316 1241 2374 elicuit
1269 2330 1338 2370 ex
1373 2323 1541 2384 petra.
1571 2307 1906 2366 litJordanis
1933 2304 2135 2360 ﬂuenta

556 2419 760 2484 lcpram
798 2418 1064 2469 sanarunt
1089 2428 1101 2464 :
1130 2423 1241 2464 non
1266 2404 1414 2477 quod
1441 2418 1629 2460 eorum
1655 2409 1850 2455 natura
1878 2399 1981 2453 ista
2009 2409 2137 2465 ope-

555 2508 663 2563 rari
689 2505 886 2569 valeat,
926 2502 1020 2557 sed
1058 2501 1187 2571 quia
1224 2497 1453 2553 Creator
1484 2492 1729 2564 singulas
1757 2496 2039 2544 creaturas
2067 2485 2135 2540 ad

555 2617 679 2660 eum
704 2613 863 2671 quem
894 2595 1123 2652 voluerit
1153 2606 1313 2648 usum
1340 2584 1765 2649 transmutaudi,
1805 2582 2021 2653 plenam
2052 2588 2133 2633 at-

549 2708 661 2765 que
688 2688 1059 2746 omnimodam
1094 2685 1289 2740 habeat
1316 2686 1662 2753 potestatem.

628 2784 718 2838 Η.
748 2782 1016 2836 Lucianus
1038 2773 1496 2845 Constantinopoli
1518 2787 1663 2827 nova:
1682 2777 1835 2825 secta
1857 2775 2141 2822 auctor.—

546 2876 687 2932 ‘Post
733 2883 957 2929 mortem
1005 2868 1258 2931 Eudoxii,
1288 2867 1382 2937 qui
1431 2859 1903 2929 Constantinopoli
1950 2855 2136 2910 Euno-

550 2966 864 3019 mianorum
908 2972 1069 3017 secta:
1116 2959 1428 3030 praefuerat,
1470 2955 1745 3010 Lucianus
1796 2949 2004 3005 sororis
2038 2946 2140 3001 Eu-

548 3058 727 3113 nomii
753 3056 897 3111 ﬁlius
927 3056 981 3108 in
1012 3053 1131 3124 ejus
1158 3053 1338 3106 locum
1378 3047 1747 3105 substituitur.
1786 3043 1943 3098 Hunc
1973 3052 2138 3112 porro

552 3153 729 3217 aiunt,
757 3165 882 3207 cum
930 3148 985 3202 in
1027 3146 1308 3201 avaritiam
1338 3152 1393 3198 et
1420 3150 1650 3212 cognata
1679 3138 1815 3230 vitia,
1853 3136 2139 3207 prolapsus
2166 3170 2210 3230 Ο

556 3251 720 3309 esset,
748 3253 1076 3312 pmnamque
1108 3237 1179 3292 ob
1199 3235 1252 3291 id
1283 3243 1566 3296 metueret,
1598 3248 1629 3286 a
1658 3220 1990 3301 reliquorum
2016 3226 2139 3297 qui-

554 3337 679 3391 dem
716 3331 1185 3386 Eunomianorum
1213 3337 1362 3382 secta
1396 3339 1517 3379 sese
1549 3321 1868 3392 abrupisse;
1908 3319 2137 3389 propriae

546 3439 686 3478 »vero
712 3420 964 3477 factionis
994 3418 1294 3489 principem
1326 3415 1620 3478 exstitisse,
1656 3427 1755 3467 nec
1784 3419 2137 3467 contemnen-

547 3517 640 3570 dae
679 3511 1016 3568 multitudini
1061 3508 1364 3580 praefuisse,
1412 3520 1536 3561 cum
1577 3502 1806 3573 improbi
1849 3516 2039 3556 omnes
2082 3507 2137 3555 et

552 3607 790 3665 diversis
824 3604 969 3659 vitiis
995 3602 1252 3672 implicati
1282 3600 1350 3655 ad
1384 3614 1509 3654 eum
1534 3595 1942 3652 conﬂuxissent.

631 3699 719 3753 12.
738 3695 1036 3752 Constantii
1059 3694 1205 3747 breve
1238 3692 1513 3761 imperium
1530 3690 1608 3760 (5)
1624 3734 1629 3738 .
1648 3715 1717 3726 -—
1740 3686 2015 3742 Honorius
2036 3686 2137 3738 im-

558 3797 776 3861 perator
809 3785 1189 3842 Constantium
1236 3782 1554 3852 magistrum
1592 3778 1822 3832 militum
1859 3777 1931 3831 ob
1966 3775 2137 3829 aliini—

557 3883 688 3938 tstis
721 3881 978 3935 honorem
1027 3877 1092 3931 ad
1144 3875 1480 3930 consortium
1523 3871 1732 3940 imperii
1772 3870 1981 3930 asCivit,
2013 3882 2134 3922 cum

555 3972 794 4029 Placidia
832 3968 1265 4024 Valentinianum
1307 3964 1355 4020 ei
1407 3963 1573 4017 ﬁlium
1621 3962 1732 4032 jam
1789 3961 2131 4030 peperisset:

552 4065 644 4122 cui
675 4063 892 4134 quidem
937 4058 1317 4113 Valentiniano
1352 4053 1625 4108 llouorius
1672 4049 2000 4106 nobilissimi
2055 4048 2139 4102 di-

554 4155 817 4226 gnitatem
850 4150 1057 4205 tribuit.
1091 4144 1397 4202 Constantii
1425 4144 1586 4214 igitur
1617 4140 1902 4211 imagines,
1935 4146 1994 4192 ut
2021 4152 2139 4190 mo—

558 4246 635 4300 ris
678 4253 797 4298 erat
843 4255 1034 4295 eorum
1084 4238 1177 4309 qui
1230 4250 1420 4290 recens
1471 4234 1537 4288 ad
1589 4231 1875 4301 imperium
1904 4227 2135 4300 promoti

557 4343 733 4399 erant,
774 4332 956 4387 missae
1005 4338 1134 4384 sunt
1178 4329 1232 4382 in
1277 4326 1573 4382 Orientem.
1614 4322 1719 4377 Sed
1771 4320 2134 4378 Theodosius.

558 4443 682 4483 cum
712 4422 1175 4492 nuncupationem
1209 4429 1493 4488 augustam
1525 4412 1833 4469 Constantii
1865 4412 2139 4481 improba-

2232 580 2509 654 πειρᾶται,
2547 579 2674 641 τοὺς
2723 576 2980 647 σεισμοὺς
3030 576 3167 647 μήτε
3204 572 3292 628 διά
3322 570 3662 645 πλημμύραν
3691 573 3806 627 ὑδά-

2229 688 2339 725 των
2371 668 2743 734 συνίστασθαι,
2774 669 2911 740 μήτε
2946 666 3273 737 πνευμάτων
3302 662 3807 735 ἐναπολαμϐανομέ-

2231 779 2337 815 νων
2373 764 2485 824 τοῖς
2509 761 2730 824 κόλποις
2762 760 2862 830 τῆς
2884 761 3015 831 γῆς·
3046 757 3180 811 ἀλλὰ
3213 757 3343 828 μηδὲ
3372 757 3476 827 γῆς
3500 772 3647 819 τινος
3674 756 3800 818 ὅλως

2230 855 2593 926 παρεγκλίσει
2621 870 2636 885 ο
2666 854 2801 925 μόνῃ
2832 853 2888 906 δὲ
2907 855 2974 925 τῇ
3010 851 3129 924 θεία
3157 850 3372 921 γνώμῃ,
3402 848 3539 919 πρὸς
3566 850 3809 919 ἐπιστρο-

2235 948 2339 1019 φὴν
2376 948 2469 1000 καὶ
2501 946 2786 1018 διόρθωσιν
2837 945 2944 999 τῶν
2990 943 3474 1015 ἁμαρτανομένων.
3512 939 3620 993 Καὶ
3649 940 3811 993 ταῦτά

2233 1056 2397 1109 φησιν
2421 1038 2827 1111 ἰσχυριζόμενον
2856 1038 3059 1107 λέγεινς
3083 1036 3216 1089 διότι
3247 1034 3314 1089 τὰ
3344 1032 3644 1105 τηλικαῦτα
3675 1033 3809 1099 πάοη

2234 1131 2308 1202 μὴ
2337 1129 2557 1182 δύναται
2585 1128 2882 1198 μηδέτερον
2908 1127 3016 1180 τῶν
3047 1124 3353 1196 εἰρημένων
3377 1121 3655 1192 στοιχείων
3679 1120 3810 1174 κατὰ

2233 1220 2469 1290 φυσικὴν
2507 1218 2789 1273 ἀποτελεῖν
2821 1218 3069 1288 δύναμιν.
3089 1215 3241 1269 Ἐπεὶ⁸
3272 1213 3407 1267 Θεοῦ
3441 1230 3503 1280 γε
3536 1209 3810 1281 βουληθέν-

2231 1327 2341 1372 τος,
2379 1309 2471 1362 καὶ
2494 1307 2667 1378 ψεκάς
2707 1309 2736 1377 ἡ
2766 1305 3107 1376 σμικροτάτη
3140 1299 3523 1373 προσπεσοῦσα
3544 1299 3639 1352 καὶ
3662 1301 3809 1365 νιφὰς

2231 1403 2263 1471 ἡ
2294 1400 2626 1470 κουφοτάτη,
2656 1397 2747 1451 τὸν
2768 1396 3048 1466 Ὄλυμπον
3076 1394 3175 1463 τῆς
3201 1390 3563 1453 Μακεδονίας,
3592 1389 3627 1458 ἦ
3654 1405 3703 1440 τι
3728 1387 3809 1440 ἅ).-

2231 1492 2291 1545 λο
2337 1490 2444 1544 τῶν
2506 1490 2776 1562 μεγίστων
2824 1487 2964 1560 ὀρῶν
3010 1489 3279 1559 κινήσειεν
3322 1484 3387 1537 ἂν
3434 1481 3809 1555 namnam».

2233 1583 2326 1636 καὶ
2365 1582 2613 1650 φαίνεται
2646 1579 2903 1642 πολλάκις
2931 1578 2990 1631 τὸ
3022 1578 3177 1632 Θεῖον
3208 1577 3299 1629 ἐπὶ
3330 1575 3549 1646 παιδείᾳ
3583 1570 3692 1624 τῶν
3728 1573 3809 1625 ἀν-

2235 1675 2491 1748 θρώπων,
2535 1673 2745 1736 τούτοις
2799 1671 3102 1742 χρώμενον.
3135 1669 3246 1739 Τήν
3295 1685 3354 1721 τε
3412 1666 3519 1738 γὰρ
3556 1666 3809 1738 Ἐρυθρὰν

2236 1766 2530 1830 θάλασσαν,
2587 1766 2716 1836 ῥᾷον
2759 1762 2821 1816 ὃν
2866 1761 3062 1832 ἁθρόον
3103 1761 3421 1831 διαστῆσαι,
3475 1758 3613 1829 νότῳ
3662 1757 3809 1827 βιαίῳ

2238 1855 2499 1927 πρότερον
2534 1852 2887 1924 μαστιγώσας
2934 1849 3026 1902 καὶ
3075 1847 3398 1910 συνωθίσας,
3439 1845 3582 1900 οὕτω
3607 1846 3807 1914 διέστη-

2239 1964 2351 2007 σεν,
2372 1950 2440 2018 τῇ
2468 1946 2564 1999 τοῦ
2586 1946 2743 2000 νότου
2769 1943 2929 2013 φύσει
2961 1941 3232 2014 μηδεμιᾶς
3254 1940 3539 2011 δυνάμεως
3567 1937 3807 2007 τοιαύτης

2237 2037 2727 2109 ὲγκαθιδρυμένης,
2760 2034 2896 2090 ἀλλὰ
2929 2035 3030 2104 τῆς
3072 2033 3278 2088 ἄνωθεν
3319 2032 3493 2104 ῥοπῆς
3527 2030 3807 2103 ὑπερφυῶς

2237 2129 2387 2201 αὐτῷ
2413 2129 2766 2200 χρησαμένης
2788 2126 2925 2197 πρὸς
2951 2125 3012 2178 τὸ
3038 2126 3234 2178 οἰκεῖον
3265 2122 3534 2194 βούλημα.
3578 2120 3683 2176 Καὶ
3727 2120 3810 2193 ῥά-

2236 2220 2358 2285 σδος
2398 2221 2455 2275 δὲ
2489 2218 2671 2291 πηγὰς
2704 2221 2768 2273 ὲκ
2797 2217 2999 2289 πέτρας
3027 2216 3284 2288 ναμάτων
3332 2215 3643 2285 πλήττουσα
3689 2231 3808 2284 προ-

2237 2312 2380 2385 χέει·
2432 2312 2527 2365 καὶ
2571 2310 2835 2382 Ἰορδάνου
2880 2310 3072 2382 ῥεῖθρα
3120 2308 3444 2380 καθαίρουσι
3486 2306 3715 2379 λέπραν,
3752 2306 3808 2358 οὐ

2235 2407 2335 2478 τῆς
2361 2404 2577 2475 φύσεως
2604 2401 2784 2458 αὐτῶν
2814 2401 2988 2456 ταῦτα
3024 2401 3154 2473 δρᾷν
3181 2398 3606 2470 ὲνδυναμούσης,
3646 2397 3735 2451 τοῦ
3759 2399 3810 2450 δὲ

2239 2498 2480 2554 πλάστου
2513 2495 2911 2569 μεταπλάττειν
2940 2494 3169 2548 ἕκαστον
3195 2491 3302 2545 τῶν
3327 2490 3629 2562 δημιουργη
3640 2489 3810 2560 μάτων

2237 2592 2372 2664 πρὸς
2402 2590 2470 2660 ἢν
2496 2590 2562 2643 ἂν
2590 2587 2765 2642 ἐθέλοι
2794 2586 3003 2661 χρείαν,
3030 2583 3229 2656 πολλὴν
3257 2584 3349 2636 καὶ
3376 2580 3653 2635 ἀκώλυτον
3680 2580 3811 2651 ἔχον-

2237 2699 2328 2746 τος
2349 2682 2451 2752 τὴν
2476 2680 2746 2746 ἐξουσίαν.

2314 2777 2405 2825 ια’.
2449 2771 2571 2824 ’Ότι
2623 2771 2762 2841 μετὰ
2806 2769 3033 2823 θάνατον
3091 2765 3341 2832 Εὺδοξίου
3373 2764 3471 2837 (a),
3504 2763 3565 2828 ὃς
3612 2762 3711 2834 τῆς
3759 2762 3813 2813 ὲν

2239 2860 2806 2917 Κωνσταντινουπόλει
2862 2856 3203 2928 Εὑνομιανῆς
3299 2859 3623 2930 συναγωγῆς
3718 2853 3813 2907 ὑπ-

2238 2949 3251 3028 ῆρχε(ὁ),Λουκιανὺςἅντικαθίσταται,
3294 2949 3425 3011 παῖς
3465 2945 3542 3002 ὢν
3584 2944 3812 3015 ἀδελφῆς

2240 3041 2528 3114 Εὑνομίου.
2557 3040 2758 3094 Τοῦτον
2801 3041 2865 3111 δή
2908 3058 3072 3111 φασιν
3115 3042 3194 3105 είς
3236 3039 3605 3111 φιλαργυρίαν
3632 3056 3694 3091 τε
3725 3038 3814 3091 καὶ

2240 3133 2306 3186 τὰ
2332 3131 2569 3203 συγγενῆ
2600 3130 3066 3203 κατολισθήσαντα
3094 3131 3262 3201 πάθη,
3294 3131 3387 3185 καὶ
3417 3131 3516 3202 τὴν
3543 3129 3631 3183 ἐπ’
3651 3128 3814 3200 αὐτῆς

2240 3223 2589 3295 ὑφορώμενον
2624 3224 2802 3296 δίκην,
2843 3224 3135 3295 ἀποσχίσαι
3173 3223 3271 3294 μὲν
3303 3223 3403 3292 τῆς
3446 3221 3610 3295 ἄλλης
3656 3221 3812 3275 Εὐνο-

2242 3319 2450 3389 μιανῶν
2483 3317 2704 3389 μοίρας·
2746 3317 2883 3380 ίδίας
2909 3316 2966 3370 δὲ
3001 3316 3311 3388 συμμορίας
3349 3315 3590 3386 ἀρχηγὸν
3631 3313 3813 3368 ἑαυτὸν

2238 3408 2531 3475 ἀναδεῖξαι,
2556 3408 2650 3461 καὶ
2681 3408 3063 3478 συντάγματος
3090 3408 3189 3460 οὐκ
3220 3405 3697 3475 εὐκαταφρονήτου
3723 3402 3811 3474 ἄρ-

2238 3500 2355 3567 ξαι⁹
2394 3500 2616 3553 πάντων
2636 3499 2744 3552 τῶν
2776 3500 3088 3570 ἐπιρρήτων
3117 3514 3177 3549 τε
3206 3496 3299 3550 καὶ
3328 3494 3596 3558 ποικίλοις
3623 3492 3809 3547 πάθεσι

2239 3589 2704 3659 καθωπλισμένων
2732 3589 2866 3660 πρὸς
2892 3589 3054 3643 αὑτὸν
3084 3589 3536 3660 άπερρυηκὸτων.

2318 3683 2408 3739 ιϐ’.
2454 3685 2576 3737 Ὅτι
2625 3680 2877 3753 Ὀνώριος
2920 3684 2948 3735 ὁ
2998 3681 3249 3751 βασιλεὺς
3299 3681 3677 3735 Κωνστάντιον
3727 3678 3811 3730 τὸν

2239 3774 2540 3848 στρατηγὸν
2566 3773 2708 3827 κατὰ
2738 3772 2902 3844 τιμὴν
2936 3773 3029 3825 τοῦ
3076 3773 3275 3844 κήδους
3314 3774 3394 3836 είς
3435 3772 3495 3825 τὸ
3533 3772 3634 3841 τῆς
3668 3770 3811 3841 βασι-

2237 3868 2386 3932 λείας
2440 3865 2920 3938 προσλαμὸάνεται
2990 3865 3305 3935 σκῆπτρον
3357 3862 3459 3934 ἥδη
3511 3863 3607 3917 καὶ
3661 3861 3815 3914 παῖδα

2239 3958 2686 4013 Οὐαλεντινιανὸν
2723 3957 2822 4027 τῆς
2853 3954 3150 4016 ΙΙλακιδίας
3204 3952 3352 4023 αὐτῷ
3396 3952 3744 4023 γειναμένης·
3772 3942 3814 4017 ᾧ

2238 4052 2334 4105 καὶ
2385 4050 2486 4119 τὴν
2546 4049 2641 4102 τοῦ
2696 4045 3127 4115 ἐπιφανεστάτου
3188 4043 3455 4114 περιῆψεν
3505 4044 3534 4095 ὁ
3575 4040 3813 4112 Ὀνώριος

2241 4141 2418 4207 ἀξίαν.
2450 4140 2515 4192 Αἱ
2566 4138 2623 4192 δὲ
2671 4138 2765 4191 τοῦ
2814 4134 3197 4190 Κωνσταντίου
3226 4133 3453 4197 εἰκόνες,
3485 4134 3562 4197 ὡς
3607 4132 3723 4195 ἔθος
3751 4125 3814 4199 ἦν

2237 4234 2349 4294 τοῖς
2378 4231 2503 4303 ἄρτι
2543 4227 2905 4301 παρελθοῦσιν
2952 4229 3031 4290 είς
3082 4225 3353 4294 βασιλείαν
3384 4225 3664 4295 πράττειν,
3692 4224 3812 4275 ἀνα-

2239 4325 2547 4396 πέμπονται
2576 4322 2712 4393 πρὸς
2748 4321 2848 4391 τὴν
2880 4318 3042 4390 ἑῴαν.
3088 4317 3227 4370 Ἀλλ’
3254 4318 3281 4370 ὃ
3307 4333 3370 4386 γε
3412 4316 3685 4379 Θεοδόσιος
3722 4314 3812 4366 οὐκ

2238 4416 2601 4490 ἀρεσκόμενος
2625 4416 2689 4485 τῇ
2715 4414 3033 4484 ἀναρρήσει,
3068 4411 3129 4463 οὐ
3168 4409 3421 4479 προσίετο
3458 4409 3677 4471 ταύτας.
3710 4402 3811 4458 Καὶ

558 4529 660 4583 ret,
697 4515 960 4586 imagines
1004 4512 1121 4582 ejus
1171 4526 1275 4563 non
1324 4508 1561 4562 admisit.
1596 4506 1844 4574 Cumque
1870 4502 2135 4557 Constan-

2240 4508 2305 4579 δὴ
2333 4504 2696 4575 Κωνσταντίῳ
2727 4500 3271 4574 παρασκευαζομένῳ
3302 4498 3391 4552 διὰ
3418 4499 3519 4571 τὴν
3549 4499 3700 4570 ὓϐριν
3725 4494 3811 4548 ἐπὶ

560 4612 668 4665 tius
694 4607 764 4663 ob
799 4607 940 4659 banc
961 4602 1346 4657 contumeliam
1378 4614 1498 4652 sese
1545 4597 1614 4651 ad
1663 4595 1865 4649 bellum
1898 4604 2135 4664 pararet,

560 4712 710 4752 mors
742 4692 1147 4764 superveniens,
1178 4693 1285 4743 vita
1317 4687 1478 4742 simul
1525 4697 1575 4741 et
1617 4686 1765 4739 curis
1790 4699 1915 4738 eum
1942 4684 2139 4739 libera-

561 4788 657 4851 vit,
688 4798 811 4839 cum
842 4783 1167 4851 imperasset
1196 4779 1472 4832 mensibus
1511 4790 1627 4831 sex.

632 4876 717 4930 15.
765 4873 986 4927 Honorii
1043 4871 1240 4925 obitus.
1295 4866 1525 4921 Joannes
1587 4878 1864 4935 tyrannus.
1894 4865 2138 4918 Ardabu—

559 4970 693 5023 rius.
738 4965 910 5034 Aspar
939 4963 1038 5033 (6).
1061 4991 1132 5001 —
1152 4959 1448 5015 Consulatu
1480 4957 1822 5028 imperatoris
1846 4955 2137 5010 Theodosii

561 5058 771 5118 decimo
822 5064 877 5111 et
918 5052 1143 5108 llonorii
1198 5049 1610 5114 tertiodecimo,
1674 5048 1817 5102 idem
1869 5044 2140 5100 Honorius

2243 4599 2501 4668 πόλεμον,
2534 4596 2628 4649 καὶ
2656 4596 2755 4664 τῆς
2790 4593 2936 4664 ζωῆς
2959 4593 3054 4647 καὶ
3085 4591 3194 4644 τῶν
3222 4588 3521 4662 φροντίδων
3549 4586 3764 4647 ἐπιστὰς
3784 4585 3812 4635 ὁ

2243 4690 2469 4750 θάνατος
2510 4685 2608 4757 τὴν
2657 4683 2977 4755 ἀπαλλαγὴν
3027 4683 3276 4754 παρέχει,
3309 4680 3680 4752 βασιλεύσαντι
3711 4678 3808 4746 μῆ-

2244 4795 2338 4840 νας
2365 4774 2445 4840 ἓξ.

2317 4795 2338 4840 ς
2367 4794 2445 4840 ες-

2317 4871 2404 4933 ιγ¹.
2453 4864 2574 4917 Ὅτι
2619 4867 2676 4917 ὲν
2725 4862 2963 4935 ὑπατεία
3008 4861 3103 4916 τοῦ
3155 4859 3418 4931 βασιλέως
3453 4856 3721 4914 Θεοδοσίου
3751 4850 3806 4903 τὸ

2243 4955 2490 5019 δέκατον,
2503 4954 2599 5008 καὶ
2622 4951 2880 5023 Ὀνωρίου
2911 4951 2974 5006 τὸ
2992 4949 3465 5022 τρισκαιδέκατον,
3479 4948 3636 5009 αὐτὸς
3655 4938 3805 4998 Ὁνώ-

2247 5065 2362 5115 ριος
2403 5047 2575 5119 ὑδέρῳ
2599 5045 2846 5115 τελευτᾷ.
2874 5044 2988 5097 Καὶ
3020 5043 3275 5114 Ἰωάννης
3328 5039 3599 5112 τυραννίδι
3638 5027 3800 5091 ἐπιθέ-

1789 5218 2029 5263 YALESII
2069 5217 2563 5263 ANNOTATIONES.

631 5336 709 5409 (5)
748 5336 903 5391 Socr.
934 5332 1025 5385 lib.
1062 5347 1155 5395 vn,
1196 5344 1314 5398 cap.
1355 5329 1443 5382 Si.

2317 5325 2393 5396 (6)
2432 5325 2587 5381 Socr.
2622 5324 2713 5378 lib.
2744 5337 2842 5391 vn,
2874 5338 2995 5393 cap.
3023 5322 3114 5378 25.

2026 5465 2372 5510 \‘ARIORUM.

634 5572 713 5641 (α)
750 5572 911 5626 Μετὰ
936 5570 1195 5639 θάνατον
1217 5566 1530 5634 Εὑδοξίου.
1578 5567 1702 5623 Πειξο
1726 5567 1891 5624 refert
1925 5569 2130 5626 Gotho-

562 5635 749 5695 fredus
791 5656 935 5695 anno
963 5640 1087 5698 420.
1123 5640 1337 5709 quando
1370 5639 1694 5693 Eunomiani
1744 5640 1934 5708 procul
1983 5639 2129 5695 (lon-

565 5710 918 5788 stantinttpoli.
944 5711 1119 5788 abacti
1150 5719 1296 5788 sunt.
1329 5710 1871 5788 Anno_quippe_4l5,
1900 5725 2130 5788 conven-

565 5783 653 5829 tus
693 5790 877 5830 eorum
907 5778 961 5830 in
993 5780 1122 5833 urbe
1150 5779 1456 5833 inhibuerat
1481 5778 1814 5838 Theodosius
1844 5780 1946 5835 sub
1971 5795 2130 5851 pinna

2236 5568 2629 5638 deportationis
2655 5569 2961 5638 domusque
2988 5560 3426 5638 proscriptionis.
3653 5561 3787 5638 ειμι.

2239 5616 2687 5695 mir/.2531};
2697 5616 2973 5692 ἰίἓὲἓῖειέἐε
2990 5616 3182 5703 Ἐφιοά
3202 5616 3528 5687 ὀῡερτνεινῑι
3557 5628 3682 5682 idem
3703 5616 3787 5675 Go-

2238 5709 2547 5764 thol‘redus.

2250 5846 2253 5847 ν
2312 5781 2386 5850 ib)
2437 5775 2709 5846 Ὑπῆρχε.
2755 5776 3063 5848 Legendum
3095 5772 3325 5843 ἐπῆρχε.
3359 5768 3450 5827 W.
3476 5764 3664 5824 Lowth.
