4028 6330
347 358 447 416 621
1352 355 1904 436 ΕῼΟΕΕΞΙΑΞΤΙΟΛΕ

2034 358 2297 414 ετοιιιΑι
2339 352 2465 414 LIB.
2508 357 2621 413 Xll.
3495 352 3609 414 σει

348 490 528 547 μενος.
557 471 1011 545 διαπρεσϐεύεται
1042 471 1177 544 πρὸς
1201 470 1508 528 Θεοδόσιον·
1546 475 1831 545 ἀπράκτου
1864 474 1920 528 δὲ

2034 491 2178 547 iqua:
2228 476 2512 531 intercutis
2560 473 2751 530 morbo
2800 473 3025 530 interiit.
3054 472 3292 527 Joannes
3326 486 3452 528 vero
3480 487 3608 531 cum

342 564 445 635 τῆς
474 563 773 636 πρεσϐείας
806 562 1196 635 γεγενημένης,
1232 563 1328 617 καὶ
1371 566 1421 617 οί
1467 564 1724 636 πρέσϐεις
1772 564 1927 636 ὑϐρι-

2034 567 2367 637 tyrannidem
2400 566 2741 638 arripuisset,
2777 565 3098 636 legationem
3141 564 3292 619 misit
3329 564 3398 619 ad
3430 562 3611 619 Theo-

348 653 581 716 σθέντες,
618 652 776 716 ἄλλος
830 651 1033 723 ἀλλαχῆ
1081 652 1224 706 κατά
1260 651 1361 723 τὴν
1401 653 1739 725 Προποντίδα
1780 656 1924 723 φυγῇ

348 743 810 814 προετιμήθησαν.
845 743 956 814 Τὴν
1015 743 1196 815 μέντοι
1237 745 1531 798 Πλακιδίαν
1564 743 1659 798 καὶ
1690 745 1781 798 τὸν
1812 744 1929 817 τρί-

345 850 439 886 τον
493 831 934 886 (ιὺαλεντινιανδν
965 833 1129 904 (μετά
1164 832 1272 906 γὰρ
1310 836 1717 889 Κωνσταντίνου
1760 835 1925 890 θάνα-

352 940 458 990 τον,
499 923 636 994 πρὸς
677 923 737 976 τὺ
782 923 1073 988 Βυζάντιον
1103 925 1563 997 ἀνεκομίσθησαν)
1610 927 1926 981 ἀποστέλλει

349 1014 487 1088 πρὸς
516 1015 914 1086 Θεσσαλονίκην
940 1014 1237 1075 Θεοδόσιος.
1270 1017 1450 1071 Κάκεῖ
1498 1017 1597 1089 τὴν
1648 1016 1745 1071 τοῦ
1783 1019 1925 1072 Καί-

351 1120 515 1176 σαρος
540 1106 695 1173 ἀξίαν
729 1104 808 1176 τῷ
835 1104 1038 1177 ἀνεψιῷ
1062 1106 1424 1185 παρατίθησιν
1444 1107 1926 1181 (7),’Δρδαϐουρίῳ

354 1196 427 1267 τῷ
460 1196 767 1267 στρατηγῷ,
793 1198 885 1251 καὶ
928 1197 1007 1269 τῷ
1041 1202 1231 1256 τούτου
1261 1196 1364 1270 υίῷ
1395 1200 1635 1272 Ἀσπαρι
1661 1201 1760 1273 τὴν
1785 1203 1926 1258 κατά

357 1290 443 1342 τοῦ
489 1287 751 1360 τυράννου
785 1289 1118 1363 στρατηγίαν
1149 1291 1481 1361 ἐγχειρίσας.
1505 1292 1568 1345 Ui
1597 1292 1660 1364 δὴ
1690 1295 1783 1347 καὶ
1808 1312 1927 1348 συν-

350 1382 680 1450 επαγόμενοι
732 1380 1028 1435 Πλακιδίαν
1076 1398 1133 1434 τε
1178 1383 1273 1435 καὶ
1315 1382 1777 1447 Οὐαλεντινιανὸν,
1833 1385 1926 1437 καὶ

358 1470 477 1534 τούς
510 1487 570 1522 τε
603 1468 839 1533 Παίονας
865 1471 1104 1533 καὶτοὺς
1133 1469 1420 1543 Ἰλλυριοὺς
1439 1469 1802 1535 διελάσαντες,
1826 1470 1926 1534 τὰς

352 1563 622 1626 Σάλωνας,
660 1560 813 1615 πόλιν
877 1560 976 1629 τῆς
1050 1550 1402 1636 Ἀαλματίας,
1465 1562 1747 1635 ἀναιροῦσι
1787 1564 1926 1618 κατά

351 1652 551 1725 κράτος
570 1658 668 1728 (8).
692 1650 1511 1725 ἘντεῦθενὸμὲνἈρδαϐούριος
1557 1655 1715 1725 νηΐτῃ
1753 1654 1926 1726 στόλῳ

349 1744 492 1796 κατά
519 1743 612 1796 τοῦ
638 1746 901 1815 τυράννου
941 1746 1124 1815 χωρεῖ.
1144 1743 1202 1795 '0
1227 1743 1282 1796 δὲ
1316 1744 1537 1816 ’Λσπαρ
1565 1744 1663 1816 τὴν
1694 1745 1924 1818 ἱππικὴν

2027 654 2277 722 dosium;
2326 656 2419 711 sed
2469 672 2525 710 re
2575 655 2797 720 infecta,
2835 655 2995 725 legati
3026 655 3247 724 insuper
3280 655 3610 710 contumelia

2028 741 2227 810 aﬂ‘ecti,
2277 745 2418 799 alius
2464 745 2570 801 alio
2624 761 2718 816 per
2766 744 3149 815 Pmpontidem
3193 745 3413 817 relegati
3457 755 3607 802 sunt.

2029 830 2324 887 Placidiam
2368 849 2496 889 vero
2533 845 2588 889 et
2628 833 3065 891 Valentinianum
3098 836 3342 901 tertium,
3370 836 3461 907 qui
3489 846 3614 907 post

2027 925 2234 981 obitum
2264 925 2489 980 llonorii
2523 925 2842 998 Byzantium
2879 927 3247 999 profugerant,
3275 928 3613 985 Theodosius

2027 1016 2479 1073 Thessalonicam
2516 1020 2682 1073 misit.
2724 1019 2836 1075 Illic
2876 1020 3108 1089 patrueli
3140 1036 3241 1078 suo
3274 1021 3507 1077 Caesaris
3532 1023 3617 1078 di-

2027 1107 2285 1178 gnitatem
2318 1109 2613 1174 conceSsit,
2661 1117 2716 1165 et
2746 1110 3053 1166 Ardahurio
3090 1113 3353 1182 magistro
3380 1113 3613 1168 militum

2027 1200 2255 1270 ejusque
2292 1201 2405 1256 ﬁlio
2445 1201 2661 1272 Aspari,
2712 1202 2840 1257 belli
2879 1202 3142 1259 adversus
3191 1215 3483 1276 tyrannum
3525 1205 3633 1261 εει-⁷

2026 1291 2484 1347 ministrationem
2522 1293 2821 1348 commisit.
2857 1293 2921 1349 lli
2961 1293 3259 1350 Placidiam
3289 1304 3345 1350 et
3379 1294 3616 1352 Valenti-

2027 1383 2246 1438 nianum
2276 1400 2463 1440 secum
2492 1386 2776 1445 ducentes.
2813 1401 2937 1441 cum
2974 1385 3315 1442 Pannoniam
3356 1396 3410 1442 et
3449 1388 3619 1459 illyri-

2026 1490 2149 1529 cum
2175 1477 2618 1545 pertransissent,
2644 1476 2875 1533 Salonas
2913 1478 3103 1532 urbem
3135 1478 3413 1533 Dalmatia:
3443 1480 3496 1533 vi
3533 1493 3616 1534 ce-

2026 1575 2245 1635 perunt.
2280 1567 2410 1622 Post
2448 1568 2563 1623 haec
2606 1566 2948 1623 Ardaburius
2991 1568 3211 1638 quidem
3246 1583 3370 1623 cum
3407 1569 3616 1623 navali-

2026 1658 2128 1713 bus
2165 1658 2345 1727 c0piis
2379 1671 2570 1714 contra
2626 1667 2917 1730 tyrannum
2963 1659 3241 1729 profectus
3286 1669 3387 1714 est.
3436 1661 3615 1729 Aspar

2027 1764 2176 1811 vero,
2196 1749 2497 1820 assumptis
2525 1764 2708 1805 secum
2731 1751 3079 1821 equestribus
3099 1750 3292 1819 copiis,
3308 1757 3360 1804 et
3387 1749 3617 1819 impres-

347 1835 582 1905 δύναμιν
616 1833 916 1897 συλλαϐὼν,
959 1836 1051 1887 καὶ
1086 1834 1163 1905 τῷ
1198 1835 1354 1905 τάχει
1381 1835 1479 1905 τῆς
1508 1834 1695 1903 ἐφόδου
1730 1835 1931 1905 κλέψας

2038 1842 2207 1897 sionis
2260 1842 2496 1912 inepinze
2545 1843 2822 1898 celeritate
2862 1843 3228 1913 suspicionem
3256 1842 3612 1911 praeveniens,

349 1927 447 1990 τὰς
470 1927 767 1996 αἰσθήσεις,
787 1928 886 1997 τῆς
914 1928 1203 1999 Ἀκυληῖας
1231 1927 1473 1999 μεγάλης
1500 1928 1705 1995 πόλεως
1730 1932 1925 2002 ἐγκρα-

349 2018 450 2086 τὴς
474 2017 704 2085 γίνεται,
741 2019 1005 2070 συνόντων
1031 2018 1180 2087 αὐτῷ
1202 2018 1646 2073 Οὐαλεντινιανοῦ
1672 2021 1761 2074 καὶ
1788 2022 1931 2075 Πλα-

348 2110 548 2173 κιδίας.
567 2109 707 2163 Ἀλλ’
736 2113 764 2162 6
796 2110 892 2180 μὲν
930 2109 1072 2164 οὕτω
1109 2110 1210 2182 τὴν
1250 2110 1493 2181 μεγάλην
1533 2111 1933 2184 ἀταλαιπώρως

349 2206 749 2275 παρεστήσατο.
798 2206 899 2258 Τὸν
930 2206 987 2259 δὲ
1025 2206 1403 2278 ’Λρδαϐούριον
1445 2204 1615 2275 βίαιον
1659 2205 1931 2259 ἀπολαϐὺν

350 2295 591 2363 πνεῦμα.
622 2296 720 2348 σὺν
748 2295 900 2348 δυσὶν
936 2295 1147 2366 ἑτέραις
1176 2298 1461 2368 τριήρεσιν
1484 2296 1565 2358 είς
1599 2297 1785 2367 χεῖρας
1811 2295 1932 2363 ἄγει

350 2385 444 2439 τοῦ
476 2387 755 2457 τυράννου.
776 2389 832 2440 Ὀ
860 2388 916 2441 δὲ
948 2388 1083 2459 πρὸς
1105 2388 1338 2452 σπονδὰς
1364 2388 1603 2459 ἀφορῶν,
1626 2387 1932 2459 φιλανθρώ-

348 2494 471 2541 πως
513 2477 776 2550 ἐκέχρητο
828 2477 904 2550 τῷ
948 2478 1330 2551 Ἀρδαϐουρῐῳ.
1365 2479 1475 2531 Καὶ
1533 2477 1730 2548 πολλῆς
1780 2470 1934 2541 οὗτος

350 2568 640 2622 ἀπολαύων
691 2571 788 2640 τῆς
841 2570 1193 2634 ἀδείας,τοὺς
1242 2570 1688 2642 ἀποστρατήγους
1724 2568 1799 2640 (α)
1842 2568 1933 2622 τοῦ

350 2659 616 2728 τυράννου
649 2660 745 2729 (9),
783 2660 882 2731 ἤδη
916 2661 1009 2714 καὶ
1052 2661 1248 2725 αὐτοὺς
1290 2660 1812 2732 ύποκεκινημένους,
1834 2660 1935 2731 τὴν

352 2750 647 2820 ἐπιϐουλὴν
675 2752 931 2824 κρατύνει
956 2751 1054 2823 τὴν
1081 2751 1223 2805 κατά
1252 2751 1347 2805 τοῦ
1381 2751 1642 2824 τυράννου
1664 2768 1677 2780 ’
1709 2752 1803 2805 καὶ
1835 2768 1933 2820 ση-

356 2841 541 2911 μαίνει
573 2843 813 2913 ’Λσπαρι
847 2843 923 2912 τῷ
946 2843 1093 2896 παιδὶ
1127 2842 1550 2914 παραγενέσθαι,
1581 2843 1655 2907 ὡς
1690 2843 1775 2912 ἐφ’
1796 2842 1935 2895 ἑτοί-

359 2950 445 3004 μῳ
478 2932 556 3002 τῷ
604 2933 1009 3005 κατορθώματι.
1042 2934 1149 2988 Τοῦ
1180 2936 1237 2987 δὲ
1272 2935 1466 2988 θᾶττον
1502 2934 1598 2988 σὺν
1626 2933 1704 3003 τῷ
1733 2932 1933 3003 ἱππότῃ

355 3025 574 3097 στρατῷ
607 3027 1053 3096 παραγεγονότος,
1090 3027 1184 3079 καὶ
1235 3028 1415 3097 μάχης
1445 3025 1591 3088 τινος
1642 3024 1935 3096 συρῤαγεί-

356 3133 479 3187 σης,
509 3117 938 3186 συλλαμϐάνει-αι
986 3119 1015 3169 6
1056 3117 1308 3189 Ἰωάννης
1341 3121 1406 3189 τῇ
1450 3117 1559 3170 τῶν
1607 3116 1745 3188 ἀμφ’
1771 3115 1935 3171 αὑτὸν

2032 1933 2338 2002 Aquileiam
2392 1932 2582 1987 urbem
2623 1935 2915 1988 maximam
2949 1934 3254 2003 occupavit,
3289 1931 3526 1987 Placidia
3564 1940 3615 1985 et

2032 2021 2416 2078 Valentiniano
2465 2024 2644 2094 ipsum
2688 2025 3097 2079 comitantibus.
3153 2023 3220 2077 Et
3267 2024 3355 2078 hic
3394 2022 3617 2093 quidem

2034 2116 2328 2170 maximam
2360 2116 2632 2171 civitatem
2670 2115 2875 2185 absque
2923 2115 3033 2170 ullo
3062 2115 3280 2186 negotio
3315 2115 3476 2185 (repit.
3515 2114 3620 2169 Ar-

2034 2206 2324 2261 daburium
2363 2221 2492 2260 vero
2537 2206 2809 2260 violentus
2840 2205 3060 2274 quidam
3090 2213 3285 2260 ventus
3316 2203 3617 2275 excipiens,

2034 2312 2142 2352 una
2171 2313 2295 2351 cum
2320 2296 2534 2352 duabus
2572 2296 2883 2351 triremibus
2908 2295 2961 2349 in
2991 2310 3186 2350 manus
3220 2295 3436 2366 tyranni
3464 2294 3615 2349 detu-

2033 2388 2114 2443 lit.
2163 2387 2254 2443 llle
2297 2389 2363 2443 de
2406 2387 2607 2442 foedere
2648 2387 2884 2441 ineundo
2929 2387 3196 2455 cogitans,
3246 2385 3614 2441 Ardaburium

2034 2478 2347 2534 humaniter
2369 2479 2597 2549 excepit.
2634 2477 2739 2544 Qui
2768 2492 2893 2533 cum
2929 2477 3165 2532 maxima
3196 2477 3443 2532 libertate
3472 2476 3618 2532 frue-

2036 2578 2206 2637 retur,
2253 2570 2509 2626 ductores
2548 2570 2786 2641 tyranni,
2834 2570 2927 2637 qui
2969 2570 3082 2639 jam
3135 2569 3203 2624 ad
3252 2567 3617 2624 defectionem

2036 2661 2287 2733 propensi
2319 2670 2493 2728 erant,
2526 2669 2717 2716 contra
2769 2670 3058 2730 tyrannum
3108 2660 3390 2715 animavit.
3440 2658 3617 2716 Simul

2036 2748 2230 2819 Aspari
2262 2750 2374 2805 lilio
2401 2766 2497 2820 per
2525 2751 2732 2806 litteras
2765 2751 3111 2821 signiﬁcavit,
3142 2760 3202 2806 ut
3246 2761 3507 2822 tanquam
3545 2753 3615 2808 ad

2036 2851 2281 2909 paratam
2314 2842 2598 2896 victoriam
2640 2843 2872 2897 adesset.
2910 2842 3013 2908 Qui
3056 2858 3181 2897 cum
3230 2842 3480 2898 celeriter
3519 2844 3617 2898 οδε

2037 2941 2312 2988 ventasset
2336 2948 2441 2987 una
2472 2948 2597 2989 cum
2631 2933 2976 3003 equestribus
3014 2934 3206 3003 copiis,
3231 2942 3486 2990 conserto
3510 2935 3616 2990 levi

2037 3022 2223 3091 proelio
2281 3033 2470 3093 captus
2510 3031 2594 3078 e~t
2634 3022 2891 3088 Joannes,
2940 3024 3245 3094 proditione
3286 3040 3476 3080 eorum
3519 3025 3615 3096 qui

2037 3131 2182 3171 circa
2227 3117 2403 3185 ipsum
2447 3126 2621 3182 erant,
2650 3128 2702 3172 et
2744 3117 3049 3188 Aquileiam
3102 3118 3170 3172 ad
3222 3116 3515 3174 Placidiam
3562 3130 3619 3174 et

356 3207 635 3279 προδοσίᾳ,
664 3209 755 3262 καὶ
805 3208 942 3279 πρὸς
986 3208 1282 3262 Πλακιδὲαν
1339 3209 1431 3262 καὶ
1488 3207 1931 3261 Οὐαλεντινιανὸν

2043 3212 2484 3267 Valentinianum
2531 3213 2841 3268 deducitur.
2878 3212 2993 3268 lllic
3038 3213 3229 3268 dextra
3271 3229 3434 3269 manu
3465 3214 3617 3284 prius

357 3302 438 3364 εἰς
463 3301 750 3369 Ἀκυληΐαν
779 3299 1150 3369 ἐκπέμπεται·
1181 3301 1344 3353 κάκεῖ
1372 3299 1470 3369 τὴν
1501 3298 1679 3364 δεξιὰν
1711 3297 1934 3369 προδια-

357 3391 584 3462 «mea;
619 3392 753 3463 (10),
799 3388 918 3445 εἶτα
960 3392 1055 3445 καὶ
1102 3392 1200 3462 τῆς
1253 3390 1495 3460 κεφαλῆς
1545 3389 1933 3458 ἀποτέμνεται,

357 3481 451 3534 ἕνα
474 3483 814 3551 τυραννήσας
860 3480 954 3533 ἐπὶ
996 3479 1074 3550 τῷ
1120 3481 1306 3549 ἡμίσει
1360 3480 1624 3533 ἐνιαυτόν.
1655 3479 1788 3531 Τότε
1840 3478 1935 3531 καί

361 3572 587 3640 βασιλέα
627 3573 655 3623 6
689 3570 966 3633 Θεοδόσιος
1009 3571 1093 3624 τὸν
1127 3571 1562 3623 Ούαλεντινιανὸν
1612 3568 1934 3631 ἀποστείλας

359 3661 701 3734 ἀναγορεύει.

437 3777 518 3830 ιδ’.
562 3777 684 3831 Ὀτι
722 3777 928 3842 Ἀἑτιος
954 3779 982 3830 6
1014 3776 1420 3849 ὑποστράτηγος
1458 3776 1699 3828 Ἰωάννου
1722 3774 1815 3828 τοῦ
1837 3791 1934 3827 τυ-

362 3869 578 3939 ράννου,
622 3867 758 3937 μετὰ
804 3872 955 3939 τρεῖς
1004 3868 1217 3939 ἡμέρας
1260 3868 1359 3937 τῆς
1404 3866 1608 3920 ἐκείνου
1658 3865 1936 3936 τελευτῆς,

363 3960 672 4031 βαρϐάρους
703 3959 851 4028 ἄγων
882 3959 1186 4030 μισθωτοὺς
1218 3962 1295 4022 εἰς
1337 3957 1377 4022 ξ’
1414 3957 1656 4028 χιλιάδας
1697 3955 1938 4024 παραγί-

361 4065 547 4101 νεταιο
583 4049 676 4102 καὶ
722 4049 1039 4120 συμπλοκῆς
1081 4049 1247 4103 αὑτοῦ
1295 4066 1352 4103 τε
1402 4048 1493 4101 καὶ
1538 4047 1649 4101 τῶν
1687 4048 1813 4118 περὶ
1844 4048 1934 4101 τὸν

368 4140 624 4209 ’Λσπαρα
653 4140 1045 4210 γεγενημένης,
1079 4141 1235 4209 φόνος
1265 4138 1604 4210 ἑκατέρωθεν
1637 4139 1808 4211 ὲρῤύη
1835 4154 1935 4190 πο-

364 4228 718 4292 λύς.“Επειτα
757 4230 988 4292 σπονδὰς
1018 4233 1046 4283 6
1088 4232 1289 4294 Ἀέτιος
1317 4231 1522 4284 τίθεται
1566 4230 1700 4301 πρὸς
1731 4229 1935 4281 Πλακι-

362 4318 480 4371 δίαν
507 4321 601 4372 καὶ
634 4318 1093 4382 Ούαλεντινιανὸν,
1124 4319 1215 4372 καὶ
1242 4319 1341 4389 τὴν
1376 4318 1469 4371 τοῦ
1506 4317 1744 4385 κόμητος
1780 4312 1936 4377 ἀξίαν

2041 3310 2340 3372 amputata,
2368 3311 2555 3371 postea
2594 3301 2757 3356 etiam
2806 3304 2983 3373 capite
3026 3311 3307 3358 truncatus
3357 3312 3460 3369 est,
3488 3318 3613 3358 cum

2036 3409 2131 3464 per
2162 3410 2329 3449 unum
2381 3410 2445 3449 ac
2489 3394 2774 3451 dimidium
2822 3410 3025 3450 annum
3073 3394 3411 3465 tyrannidem
3457 3410 3615 3450 exer-

2037 3484 2259 3540 cuisset.
2297 3482 2435 3537 Tum
2484 3497 2615 3538 vero
2655 3482 2995 3540 Theodosius
3029 3481 3466 3539 Valentinianum
3503 3482 3616 3540 Ro-

2040 3591 2181 3629 mam
2212 3574 2464 3640 tnissum,
2498 3574 2885 3643 imperatorem
2922 3575 3273 3629 renuntiavit.

2114 3773 2194 3825 l4.
2241 3771 2418 3825 Aetius
2445 3787 2615 3824 comes
2642 3771 2839 3840 factus.
2879 3800 2949 3809 -—
2979 3772 3169 3827 Aetius
3196 3789 3337 3828 unus
3366 3787 3432 3829 ex
3461 3772 3617 3828 duci-

2036 3864 2137 3918 hns
2166 3863 2396 3918 Joannis
2425 3863 2662 3933 tyranni,
2693 3863 2854 3917 tertio
2882 3871 3001 3932 post
3026 3864 3143 3932 ejus
3170 3863 3379 3918 obitum
3405 3864 3492 3919 die
3520 3878 3615 3919 su-

2038 3952 2299 4020 pervenit,
2325 3952 2591 4006 barbaros
2619 3951 2894 4006 adducens
2925 3951 3174 4006 mercede
3201 3952 3520 4018 conductos,
3545 3954 3612 4007 ad

2035 4043 2314 4111 sexaginta
2342 4042 2454 4097 fere
2487 4042 2772 4096 hominum
2804 4042 3000 4109 millia;
3031 4042 3436 4113 commissoque
3471 4043 3617 4100 inter

2037 4135 2212 4199 ipsum
2242 4141 2296 4186 et
2333 4132 2558 4201 Asparis
2586 4131 2884 4185 exercitum
2925 4133 3130 4201 proelio,
3178 4132 3336 4187 multi
3363 4148 3427 4187 ex
3458 4144 3614 4187 utra-

2035 4237 2142 4291 que
2182 4231 2332 4290 parte
2375 4221 2706 4276 ceciderunt.
2753 4220 2999 4276 Posthaac
3032 4222 3221 4277 Aetius
3270 4221 3450 4277 foedus
3495 4223 3615 4277 iniit

2036 4327 2159 4366 cum
2197 4310 2434 4364 Placidia
2464 4319 2517 4364 et
2538 4309 2936 4376 Valentiniano,
2976 4320 3030 4366 et
3054 4311 3270 4366 comitis
3294 4311 3612 4381 dignitatem

364 4410 669 4482 λαμϐάνει·
703 4413 796 4465 καὶ
828 4414 877 4465 οί
920 4412 1180 4483 βάρϐαροι
1212 4412 1418 4481 χρυσίῳ
1456 4408 1813 4478 καταθέμενοι
1840 4405 1931 4476 τὴν

2042 4400 2281 4469 accepit;
2317 4398 2532 4454 barbari
2570 4413 2698 4453 vero
2729 4413 2863 4452 auro
2892 4408 3135 4469 accepto,
3164 4398 3299 4452 iram
3325 4406 3488 4469 atque
3520 4415 3611 4453 ar-

1603 4599 1843 4643 vauasn
1885 4575 2382 4641 ANNOTATIONES.

435 4736 511 4807 (7)
538 4733 641 4807 1'63
683 4731 912 4807 ἀνεψιῷ
956 4732 1374 4807 παρατίθησιν.
1436 4728 1793 4782 Scribendum
1856 4734 1941 4807 est

369 4795 723 4886 περιτίθησιν.
763 4795 935 4871 Quem
983 4795 1244 4857 errorem
1268 4799 1381 4867 jam
1428 4813 1593 4868 supra
1629 4812 1736 4851 non
1773 4795 1939 4850 semel

365 4886 1193 5014 ωῖὲῗὲἒλωνας...ἁναιροῦσι
1207 4935 1355 5014 κατὰ
1377 4936 1613 5014 κρᾴτος.
1636 4935 1935 5014 Manuscri-

368 5006 693 5086 pti‘quidem
728 5006 944 5086 codices
981 5010 1383 5086 ni_hil_variant.
1434 5006 1802 5086 Nihilominus
1828 5015 1938 5086 [ta-

368 5074 863 5139 inen'scribendum
887 5091 969 5135 est
993 5078 1225 5151 αἱροῦσι,
1251 5074 1711 5151 quemadmodum
1741 5074 1938 5142 legitur

365 5154 507 5223 apud
541 5152 904 5221 Nicephorum
941 5153 992 5202 in
1030 5145 1122 5203 lib.
1162 5145 1352 5208 tunc.
1384 5145 1434 5197 7.

433 5226 510 5265 rm
556 5222 700 5265 'l‘m‘m
729 5217 1223 5265 ἡποστοατύιγιουρ
1251 5214 1356 5265 τοῦ
1380 5212 1697 5265 τυράννου.
1738 5210 1943 5265 Gotho-

433 5226 510 5293 (9)
556 5223 700 5287 Τοὺς
729 5223 1223 5286 ἀποστρατήγους
1251 5223 1356 5268 του
1380 5223 1697 5280 τιιρᾱννου.
1738 5223 1934 5265 liottm-

366 5295 549 5348 fredus
596 5292 982 5359 interpretatur
1013 5293 1393 5359 exauctoratos
1438 5299 1466 5336 a
1499 5294 1749 5359 tyran_n_o_.
1779 5280 1934 5346 Quod

367 5363 512 5416 nullo
539 5361 707 5416 modo
731 5351 962 5430 probare
988 5370 1231 5430 possum.
1252 5352 1434 5421 Neque
1462 5351 1604 5405 enim
1633 5351 1933 5405 Philostor-

368 5433 483 5500 gius
518 5432 607 5486 hic
635 5427 875 5500 loquitur
897 5428 963 5481 de
994 5427 1059 5479 iis
1082 5440 1222 5495 quos
1261 5433 1522 5492 tyrannus
1549 5430 1933 5475 exauctorave-

2038 4734 2151 4790 rat;
2182 4724 2275 4794 sed
2324 4724 2391 4779 de
2433 4723 2689 4794 ducibus_
2713 4723 2807 4793 qui
2850 4722 2952 4777 sub
2985 4722 3439 4794 illofmilitabant.‘
3466 4720 3619 4779 Adde

2039 4791 2623 4875 ηυςιςίςὰποστράτηγος
2651 4791 2967 4875 Griece‘non
2993 4793 3211 4875 dicitur.
3242 4791 3477 4875 Proinde
3507 4808 3617 4847 non

2039 4865 2231 4917 dubito
2262 4863 2398 4932 quin
2423 4863 2864 4933 scribendumksit
2880 4864 2989 4933 hoc
3006 4863 3126 4933 loco
3146 4863 3612 4933 ὑποστρατήγους.

2042 4931 2500 5015 In‘manuscripto
2534 4932 2718 5015 codice
2764 4931 3017 5015 Bogliarti
3057 4932 3253 5011 legitur
3274 4931 3621 5015 ἀποστρατηο

2043 5004 2171 5070 γοὺς
2201 5012 2423 5057 accentu
2479 5002 2531 5055 in
2585 5001 2792 5054 ultima.
2835 5000 2902 5054 Et
2931 5002 2984 5055 in
3031 5001 3275 5071 margine
3318 5000 3615 5071 ascriptum

2042 5069 2121 5126 est
2151 5073 2335 5125 eadem
2368 5087 2553 5134 manu,
2588 5071 2714 5141 ἴσως
2746 5069 3211 5141 ὑποστρατηγούς.

2112 5141 2223 5209 (t0)
2270 5141 2386 5209 Τὴν
2412 5182 2426 5196 .
2453 5178 2466 5193 .
2496 5182 2509 5193 .
2550 5137 3020 5209 προδιατμηθέίς.
3047 5137 3229 5209 'Apud
3250 5137 3613 5209 Nicephorum

2046 5207 2132 5293 hic
2181 5207 2457 5293 lecus'_ita
2496 5211 2712 5293 legitur,
2767 5207 2865 5293 ripa
2913 5212 3070 5293 χεῖρα
3112 5207 3612 5293 ξπρᾶξτονιδιατμη-

2042 5279 2176 5344 θείς,
2212 5290 2317 5334 etc.
2351 5279 2406 5333 ln
2440 5276 2765 5333 msfcodice
2812 5276 3080 5332 Samuelis
3108 5276 3362 5330 Becbarti
3386 5278 3452 5331 ad
3476 5276 3616 5332 mar-

2040 5351 2218 5417 ginem
2248 5352 2320 5403 ita
2349 5350 2643 5417 ascriptum
2676 5348 2853 5402 inveni
2891 5364 2905 5399 :
2946 5346 3097 5400 Deest
3133 5345 3615 5416 vocabulumJorte

2040 5435 2305 5485 γΑωτταν.

1828 5590 2176 5635 VARIORUM.

438 5750 514 5820 Ia)
559 5744 1098 5815 Ύποστρατήγους.
1143 5741 1301 5798 Deest
1330 5758 1429 5796 vox
1464 5742 1528 5795 ad
1557 5754 1774 5795 sensum
1805 5737 1931 5806 perii

2034 5735 2206 5790 mlum.
2235 5732 2321 5788 W.
2356 5731 2553 5786 Lowtlt.
