  <div class='ocr_page' id='page_1' title='image "/cluster/home/n/w/nwhite01/storage/ocr_20150623/65/mdp.39015008972203/318.png"; bbox 0 0 4028 6330; ppageno 0'>
   <div class='ocr_carea' id='block_1_1' title="bbox 325 426 430 485">
    <p class='ocr_par' dir='ltr' id='par_1_1' title="bbox 325 426 430 485">
     <span class='ocr_line' id='line_1_1' title="bbox 325 426 430 485; baseline 0 0"><span class='ocrx_word' id='word_1_1' title='bbox 325 426 430 485; x_wconf 70' lang='lat'><strong>625</strong></span> 
     </span>
    </p>
   </div>
   <div class='ocr_carea' id='block_1_2' title="bbox 1365 439 2537 512">
    <p class='ocr_par' dir='ltr' id='par_1_2' title="bbox 1365 439 2537 512">
     <span class='ocr_line' id='line_1_2' title="bbox 1365 439 2537 512; baseline 0.011 -14"><span class='ocrx_word' id='word_1_2' title='bbox 1365 439 1868 503; x_wconf 68' lang='lat' dir='ltr'><strong>SUPPLBMENTA</strong></span> <span class='ocrx_word' id='word_1_3' title='bbox 1910 449 2537 512; x_wconf 74' lang='grc' dir='ltr'>ΡιιιιοετοιιοιΑΜ.</span> 
     </span>
    </p>
   </div>
   <div class='ocr_carea' id='block_1_3' title="bbox 3476 464 3603 521">
    <p class='ocr_par' dir='ltr' id='par_1_3' title="bbox 3476 464 3603 521">
     <span class='ocr_line' id='line_1_3' title="bbox 3476 464 3603 521; baseline 0.008 -1"><span class='ocrx_word' id='word_1_4' title='bbox 3476 464 3603 521; x_wconf 62' lang='grc' dir='ltr'>θεας</span> 
     </span>
    </p>
   </div>
   <div class='ocr_carea' id='block_1_4' title="bbox 314 538 3603 639">
    <p class='ocr_par' dir='ltr' id='par_1_4' title="bbox 314 538 3603 639">
     <span class='ocr_line' id='line_1_4' title="bbox 314 538 3603 639; baseline 0.012 -49"><span class='ocrx_word' id='word_1_5' title='bbox 314 538 458 639; x_wconf 45' lang='lat' dir='ltr'><strong>quod</strong></span> <span class='ocrx_word' id='word_1_6' title='bbox 504 541 583 596; x_wconf 82' lang='lat' dir='ltr'><strong>tui</strong></span> <span class='ocrx_word' id='word_1_7' title='bbox 625 553 767 601; x_wconf 81' lang='lat' dir='ltr'><strong>metu</strong></span> <span class='ocrx_word' id='word_1_8' title='bbox 813 547 1042 616; x_wconf 73' lang='lat' dir='ltr'><strong>perculsi</strong></span> <span class='ocrx_word' id='word_1_9' title='bbox 1089 552 1350 623; x_wconf 81' lang='lat' dir='ltr'><strong>impietati</strong></span> <span class='ocrx_word' id='word_1_10' title='bbox 1403 557 1889 630; x_wconf 71' lang='grc' dir='ltr'>ειιίιειτῑρδενὶηιαε.</span> <span class='ocrx_word' id='word_1_11' title='bbox 1920 563 1999 620; x_wconf 83' lang='lat' dir='ltr'><strong>Ex</strong></span> <span class='ocrx_word' id='word_1_12' title='bbox 2030 581 2140 637; x_wconf 84' lang='lat' dir='ltr'><strong>quo</strong></span> <span class='ocrx_word' id='word_1_13' title='bbox 2167 564 2371 622; x_wconf 75' lang='lat' dir='ltr'><strong>factum</strong></span> <span class='ocrx_word' id='word_1_14' title='bbox 2406 567 2497 633; x_wconf 88' lang='lat' dir='ltr'><strong>sit,</strong></span> <span class='ocrx_word' id='word_1_15' title='bbox 2529 576 2588 622; x_wconf 90' lang='lat' dir='ltr'><strong>ut</strong></span> <span class='ocrx_word' id='word_1_16' title='bbox 2635 569 2931 639; x_wconf 81' lang='lat' dir='ltr'><strong>imperator</strong></span> <span class='ocrx_word' id='word_1_17' title='bbox 2975 571 3376 630; x_wconf 76' lang='lat' dir='ltr'><strong>exeandoscens</strong></span> <span class='ocrx_word' id='word_1_18' title='bbox 3405 587 3502 630; x_wconf 80' lang='lat' dir='ltr'><strong>eos</strong></span> <span class='ocrx_word' id='word_1_19' title='bbox 3531 575 3603 632; x_wconf 85' lang='lat' dir='ltr'><strong>in-</strong></span> 
     </span>
    </p>
   </div>
   <div class='ocr_carea' id='block_1_5' title="bbox 319 627 3055 730">
    <p class='ocr_par' dir='ltr' id='par_1_5' title="bbox 319 627 3055 730">
     <span class='ocr_line' id='line_1_5' title="bbox 319 627 3055 730; baseline 0.013 -46"><span class='ocrx_word' id='word_1_20' title='bbox 319 627 564 689; x_wconf 85' lang='lat' dir='ltr'><strong>Galatias</strong></span> <span class='ocrx_word' id='word_1_21' title='bbox 588 649 685 691; x_wconf 87' lang='lat' dir='ltr'><strong>seu</strong></span> <span class='ocrx_word' id='word_1_22' title='bbox 714 634 916 694; x_wconf 80' lang='lat' dir='ltr'><strong>Gallias</strong></span> <span class='ocrx_word' id='word_1_23' title='bbox 948 640 1207 699; x_wconf 82' lang='lat' dir='ltr'><strong>occiduas</strong></span> <span class='ocrx_word' id='word_1_24' title='bbox 1235 646 1512 718; x_wconf 74' lang='lat' dir='ltr'><strong>relegarit,</strong></span> <span class='ocrx_word' id='word_1_25' title='bbox 1537 627 1855 709; x_wconf 25' lang='lat' dir='ltr'><strong>et&#39;Arianos</strong></span> <span class='ocrx_word' id='word_1_26' title='bbox 1885 669 1985 710; x_wconf 88' lang='lat' dir='ltr'><strong>sua</strong></span> <span class='ocrx_word' id='word_1_27' title='bbox 2014 627 2288 727; x_wconf 66' lang='lat' dir='ltr'><strong>quemque</strong></span> <span class='ocrx_word' id='word_1_28' title='bbox 2316 627 2493 728; x_wconf 79' lang='lat' dir='ltr'><strong>patria</strong></span> <span class='ocrx_word' id='word_1_29' title='bbox 2524 627 2783 715; x_wconf 60' lang='lat' dir='ltr'><strong>excedere</strong></span> <span class='ocrx_word' id='word_1_30' title='bbox 2808 660 3055 730; x_wconf 84' lang='lat' dir='ltr'><strong>jusserit.</strong></span> 
     </span>
    </p>
   </div>
   <div class='ocr_carea' id='block_1_6' title="bbox 546 745 3347 841">
    <p class='ocr_par' dir='ltr' id='par_1_6' title="bbox 546 745 3347 841">
     <span class='ocr_line' id='line_1_6' title="bbox 546 745 3347 841; baseline 0.011 -41"><span class='ocrx_word' id='word_1_31' title='bbox 546 745 626 801; x_wconf 85' lang='lat' dir='ltr'><strong>De</strong></span> <span class='ocrx_word' id='word_1_32' title='bbox 657 745 885 807; x_wconf 86' lang='lat' dir='ltr'><strong>Paulino</strong></span> <span class='ocrx_word' id='word_1_33' title='bbox 916 768 997 822; x_wconf 86' lang='lat' dir='ltr'><strong>ep.</strong></span> <span class='ocrx_word' id='word_1_34' title='bbox 1031 754 1354 811; x_wconf 79' lang='lat' dir='ltr'><strong>Antiocheno</strong></span> <span class='ocrx_word' id='word_1_35' title='bbox 1383 760 1525 829; x_wconf 79' lang='lat' dir='ltr'><strong>facto</strong></span> <span class='ocrx_word' id='word_1_36' title='bbox 1550 778 1570 816; x_wconf 89' lang='lat'><strong><em>:</em></strong></span> <span class='ocrx_word' id='word_1_37' title='bbox 1595 764 1735 833; x_wconf 79' lang='lat' dir='ltr'><strong>quod</strong></span> <span class='ocrx_word' id='word_1_38' title='bbox 1766 765 1924 834; x_wconf 78' lang='lat' dir='ltr'><strong>refert</strong></span> <span class='ocrx_word' id='word_1_39' title='bbox 1962 764 2183 822; x_wconf 83' lang='lat' dir='ltr'><strong>Nicetas</strong></span> <span class='ocrx_word' id='word_1_40' title='bbox 2215 769 2271 823; x_wconf 82' lang='lat' dir='ltr'><strong>in</strong></span> <span class='ocrx_word' id='word_1_41' title='bbox 2296 767 2583 825; x_wconf 84' lang='lat' dir='ltr'><strong>Thesauro</strong></span> <span class='ocrx_word' id='word_1_42' title='bbox 2608 770 2829 828; x_wconf 87' lang='lat' dir='ltr'><strong>orthod.</strong></span> <span class='ocrx_word' id='word_1_43' title='bbox 2864 774 2978 841; x_wconf 83' lang='lat' dir='ltr'><strong>lid.,</strong></span> <span class='ocrx_word' id='word_1_44' title='bbox 3010 775 3104 829; x_wconf 90' lang='lat' dir='ltr'><strong>lib.</strong></span> <span class='ocrx_word' id='word_1_45' title='bbox 3133 793 3186 839; x_wconf 88' lang='lat' dir='ltr'><strong>v.</strong></span> <span class='ocrx_word' id='word_1_46' title='bbox 3215 792 3265 832; x_wconf 75' lang='grc' dir='ltr'><strong>ι.</strong></span> <span class='ocrx_word' id='word_1_47' title='bbox 3295 776 3347 833; x_wconf 86' lang='lat'><strong>9.</strong></span> 
     </span>
    </p>
   </div>
   <div class='ocr_carea' id='block_1_7' title="bbox 388 854 3589 962">
    <p class='ocr_par' dir='ltr' id='par_1_7' title="bbox 388 854 3589 962">
     <span class='ocr_line' id='line_1_7' title="bbox 388 854 3589 962; baseline 0.013 -52"><span class='ocrx_word' id='word_1_48' title='bbox 388 854 552 962; x_wconf 68' lang='lat' dir='ltr'><strong>solus</strong></span> <span class='ocrx_word' id='word_1_49' title='bbox 579 858 976 935; x_wconf 78' lang='lat' dir='ltr'><strong>Philostorgius</strong></span> <span class='ocrx_word' id='word_1_50' title='bbox 1005 867 1146 924; x_wconf 88' lang='lat' dir='ltr'><strong>libro</strong></span> <span class='ocrx_word' id='word_1_51' title='bbox 1177 868 1542 928; x_wconf 74' lang='lat' dir='ltr'><strong>Historiarum</strong></span> <span class='ocrx_word' id='word_1_52' title='bbox 1575 879 1833 944; x_wconf 85' lang='lat' dir='ltr'><strong>secundo,</strong></span> <span class='ocrx_word' id='word_1_53' title='bbox 1868 878 2158 936; x_wconf 84' lang='lat' dir='ltr'><strong>Paulinum</strong></span> <span class='ocrx_word' id='word_1_54' title='bbox 2191 880 2334 955; x_wconf 80' lang='lat' dir='ltr'><strong>Tyro</strong></span> <span class='ocrx_word' id='word_1_55' title='bbox 2364 883 2712 940; x_wconf 73' lang='lat' dir='ltr'><strong>Antiochiam</strong></span> <span class='ocrx_word' id='word_1_56' title='bbox 2743 889 3065 945; x_wconf 82' lang='lat' dir='ltr'><strong>translatum</strong></span> <span class='ocrx_word' id='word_1_57' title='bbox 3110 891 3201 962; x_wconf 90' lang='lat' dir='ltr'><strong>(in</strong></span> <span class='ocrx_word' id='word_1_58' title='bbox 3245 892 3426 950; x_wconf 87' lang='lat' dir='ltr'><strong>locum</strong></span> <span class='ocrx_word' id='word_1_59' title='bbox 3475 891 3589 952; x_wconf 79' lang='lat' dir='ltr'><strong>Eu-</strong></span> 
     </span>
    </p>
   </div>
   <div class='ocr_carea' id='block_1_8' title="bbox 317 951 866 1022">
    <p class='ocr_par' dir='ltr' id='par_1_8' title="bbox 317 951 866 1022">
     <span class='ocr_line' id='line_1_8' title="bbox 317 951 866 1022; baseline 0.013 -16"><span class='ocrx_word' id='word_1_60' title='bbox 317 951 524 1022; x_wconf 63' lang='lat' dir='ltr'><strong>statbii)</strong></span> <span class='ocrx_word' id='word_1_61' title='bbox 548 963 740 1011; x_wconf 86' lang='lat' dir='ltr'><strong>auctor</strong></span> <span class='ocrx_word' id='word_1_62' title='bbox 762 968 866 1013; x_wconf 89' lang='lat' dir='ltr'><strong>est.</strong></span> 
     </span>
    </p>
   </div>
   <div class='ocr_carea' id='block_1_9' title="bbox 578 1083 3335 1181">
    <p class='ocr_par' dir='ltr' id='par_1_9' title="bbox 578 1083 3335 1181">
     <span class='ocr_line' id='line_1_9' title="bbox 578 1083 3335 1181; baseline 0.013 -43"><span class='ocrx_word' id='word_1_63' title='bbox 578 1083 652 1139; x_wconf 89' lang='lat' dir='ltr'><strong>De</strong></span> <span class='ocrx_word' id='word_1_64' title='bbox 679 1086 834 1143; x_wconf 86' lang='lat' dir='ltr'><strong>Aetio</strong></span> <span class='ocrx_word' id='word_1_65' title='bbox 867 1098 919 1144; x_wconf 90' lang='lat' dir='ltr'><strong>et</strong></span> <span class='ocrx_word' id='word_1_66' title='bbox 942 1090 1228 1163; x_wconf 81' lang='lat' dir='ltr'><strong>Eunomia,</strong></span> <span class='ocrx_word' id='word_1_67' title='bbox 1257 1112 1321 1150; x_wconf 77' lang='lat' dir='ltr'><strong>ea:</strong></span> <span class='ocrx_word' id='word_1_68' title='bbox 1347 1114 1449 1153; x_wconf 84' lang='lat' dir='ltr'><strong>uno</strong></span> <span class='ocrx_word' id='word_1_69' title='bbox 1478 1117 1506 1154; x_wconf 86' lang='lat' dir='ltr'><strong>e</strong></span> <span class='ocrx_word' id='word_1_70' title='bbox 1532 1117 1623 1156; x_wconf 73' lang='lat' dir='ltr'><strong>sex</strong></span> <span class='ocrx_word' id='word_1_71' title='bbox 1650 1104 1919 1172; x_wconf 79' lang='lat' dir='ltr'><strong>prioribus</strong></span> <span class='ocrx_word' id='word_1_72' title='bbox 1941 1109 2056 1176; x_wconf 87' lang='lat' dir='ltr'><strong>ejus</strong></span> <span class='ocrx_word' id='word_1_73' title='bbox 2082 1108 2256 1176; x_wconf 85' lang='lat' dir='ltr'><strong>libris,</strong></span> <span class='ocrx_word' id='word_1_74' title='bbox 2283 1109 2538 1180; x_wconf 78' lang='lat' dir='ltr'><strong>referente</strong></span> <span class='ocrx_word' id='word_1_75' title='bbox 2573 1111 2765 1181; x_wconf 78' lang='lat' dir='ltr'><strong>P/totio</strong></span> <span class='ocrx_word' id='word_1_76' title='bbox 2799 1113 2850 1167; x_wconf 87' lang='lat' dir='ltr'><strong>in</strong></span> <span class='ocrx_word' id='word_1_77' title='bbox 2878 1113 3133 1172; x_wconf 83' lang='lat' dir='ltr'><strong>Biblioth.</strong></span> <span class='ocrx_word' id='word_1_78' title='bbox 3162 1135 3217 1173; x_wconf 80' lang='grc' dir='ltr'><strong>ιι.</strong></span> <span class='ocrx_word' id='word_1_79' title='bbox 3245 1117 3335 1174; x_wconf 69' lang='grc'><strong>40.</strong></span> 
     </span>
    </p>
   </div>
   <div class='ocr_carea' id='block_1_10' title="bbox 398 1194 1966 1279">
    <p class='ocr_par' dir='ltr' id='par_1_10' title="bbox 398 1194 1966 1279">
     <span class='ocr_line' id='line_1_10' title="bbox 398 1194 1966 1279; baseline 0.015 -33"><span class='ocrx_word' id='word_1_80' title='bbox 398 1194 631 1265; x_wconf 82' lang='grc' dir='ltr'>Ἐξαίρει</span> <span class='ocrx_word' id='word_1_81' title='bbox 655 1196 712 1250; x_wconf 75' lang='grc' dir='ltr'>δὲ</span> <span class='ocrx_word' id='word_1_82' title='bbox 740 1200 797 1253; x_wconf 75' lang='grc' dir='ltr'>ὲν</span> <span class='ocrx_word' id='word_1_83' title='bbox 825 1201 922 1271; x_wconf 85' lang='grc' dir='ltr'>μὲν</span> <span class='ocrx_word' id='word_1_84' title='bbox 955 1203 1133 1273; x_wconf 84' lang='grc' dir='ltr'>λόγοις</span> <span class='ocrx_word' id='word_1_85' title='bbox 1168 1208 1405 1278; x_wconf 81' lang='grc' dir='ltr'>μάλιστα</span> <span class='ocrx_word' id='word_1_86' title='bbox 1441 1212 1647 1268; x_wconf 78' lang='grc' dir='ltr'><strong>Ἀέτιον</strong></span> <span class='ocrx_word' id='word_1_87' title='bbox 1678 1215 1772 1269; x_wconf 71' lang='grc' dir='ltr'>καὶ</span> <span class='ocrx_word' id='word_1_88' title='bbox 1792 1217 1895 1269; x_wconf 80' lang='grc' dir='ltr'><strong>Εὐ·</strong></span> <span class='ocrx_word' id='word_1_89' title='bbox 1913 1230 1966 1279; x_wconf 72' lang='grc' dir='ltr'>Ἀ</span> 
     </span>
    </p>
   </div>
   <div class='ocr_carea' id='block_1_11' title="bbox 314 1285 1899 1375">
    <p class='ocr_par' dir='ltr' id='par_1_11' title="bbox 314 1285 1899 1375">
     <span class='ocr_line' id='line_1_11' title="bbox 314 1285 1899 1375; baseline 0.013 -36"><span class='ocrx_word' id='word_1_90' title='bbox 314 1285 520 1357; x_wconf 84' lang='grc' dir='ltr'><strong>νόμιον,</strong></span> <span class='ocrx_word' id='word_1_91' title='bbox 559 1289 750 1359; x_wconf 86' lang='grc' dir='ltr'>μόνους</span> <span class='ocrx_word' id='word_1_92' title='bbox 785 1293 1132 1366; x_wconf 78' lang='grc' dir='ltr'>ἀνακαθᾶραι</span> <span class='ocrx_word' id='word_1_93' title='bbox 1164 1297 1233 1351; x_wconf 92' lang='grc' dir='ltr'><strong>τά</strong></span> <span class='ocrx_word' id='word_1_94' title='bbox 1255 1302 1355 1370; x_wconf 79' lang='grc' dir='ltr'>τῆς</span> <span class='ocrx_word' id='word_1_95' title='bbox 1382 1302 1664 1367; x_wconf 83' lang='grc' dir='ltr'>εὐσεϐείας</span> <span class='ocrx_word' id='word_1_96' title='bbox 1692 1304 1899 1375; x_wconf 87' lang='grc' dir='ltr'>δόγμα-</span> 
     </span>
    </p>
   </div>
   <div class='ocr_carea' id='block_1_12' title="bbox 312 1379 1636 1464">
    <p class='ocr_par' dir='ltr' id='par_1_12' title="bbox 312 1379 1636 1464">
     <span class='ocr_line' id='line_1_12' title="bbox 312 1379 1636 1464; baseline 0.012 -32"><span class='ocrx_word' id='word_1_97' title='bbox 312 1394 381 1431; x_wconf 89' lang='grc' dir='ltr'><strong>τα</strong></span> <span class='ocrx_word' id='word_1_98' title='bbox 412 1379 492 1450; x_wconf 81' lang='grc' dir='ltr'><strong>τῷ</strong></span> <span class='ocrx_word' id='word_1_99' title='bbox 527 1381 704 1454; x_wconf 82' lang='grc' dir='ltr'>χρόνῳ</span> <span class='ocrx_word' id='word_1_100' title='bbox 732 1388 1162 1458; x_wconf 80' lang='grc' dir='ltr'><strong>συγκεχωσμένα</strong></span> <span class='ocrx_word' id='word_1_101' title='bbox 1192 1393 1636 1464; x_wconf 87' lang='grc' dir='ltr'>τερατευόμενος.</span> 
     </span>
    </p>
   </div>
   <div class='ocr_carea' id='block_1_13' title="bbox 2081 1219 3590 1287">
    <p class='ocr_par' dir='ltr' id='par_1_13' title="bbox 2081 1219 3590 1287">
     <span class='ocr_line' id='line_1_13' title="bbox 2081 1219 3590 1287; baseline 0.009 -14"><span class='ocrx_word' id='word_1_102' title='bbox 2081 1219 2302 1275; x_wconf 78' lang='lat' dir='ltr'><strong>Extollit</strong></span> <span class='ocrx_word' id='word_1_103' title='bbox 2333 1236 2465 1278; x_wconf 89' lang='lat' dir='ltr'><strong>vero</strong></span> <span class='ocrx_word' id='word_1_104' title='bbox 2517 1222 2573 1277; x_wconf 94' lang='lat' dir='ltr'><strong>in</strong></span> <span class='ocrx_word' id='word_1_105' title='bbox 2625 1226 2973 1281; x_wconf 84' lang='lat' dir='ltr'><strong>sermonibus</strong></span> <span class='ocrx_word' id='word_1_106' title='bbox 3024 1229 3263 1284; x_wconf 81' lang='lat' dir='ltr'><strong>maxime</strong></span> <span class='ocrx_word' id='word_1_107' title='bbox 3286 1230 3503 1287; x_wconf 83' lang='lat' dir='ltr'><strong>Aetium</strong></span> <span class='ocrx_word' id='word_1_108' title='bbox 3529 1241 3590 1287; x_wconf 70' lang='lat' dir='ltr'><strong>et</strong></span> 
     </span>
    </p>
   </div>
   <div class='ocr_carea' id='block_1_14' title="bbox 2006 1307 3588 1392">
    <p class='ocr_par' dir='ltr' id='par_1_14' title="bbox 2006 1307 3588 1392">
     <span class='ocr_line' id='line_1_14' title="bbox 2006 1307 3588 1392; baseline 0.011 -31"><span class='ocrx_word' id='word_1_109' title='bbox 2006 1307 2360 1374; x_wconf 84' lang='lat' dir='ltr'><strong>Eunomium,</strong></span> <span class='ocrx_word' id='word_1_110' title='bbox 2416 1311 2559 1368; x_wconf 77' lang='lat' dir='ltr'><strong>falso</strong></span> <span class='ocrx_word' id='word_1_111' title='bbox 2610 1329 2886 1379; x_wconf 83' lang='lat' dir='ltr'><strong>asserens,</strong></span> <span class='ocrx_word' id='word_1_112' title='bbox 2916 1332 3010 1372; x_wconf 83' lang='lat' dir='ltr'><strong>eos</strong></span> <span class='ocrx_word' id='word_1_113' title='bbox 3065 1320 3213 1377; x_wconf 77' lang='lat' dir='ltr'><strong>solos</strong></span> <span class='ocrx_word' id='word_1_114' title='bbox 3261 1335 3588 1392; x_wconf 76' lang='lat' dir='ltr'><strong>repurgasse</strong></span> 
     </span>
    </p>
   </div>
   <div class='ocr_carea' id='block_1_15' title="bbox 2004 1401 3192 1473">
    <p class='ocr_par' dir='ltr' id='par_1_15' title="bbox 2004 1401 3192 1473">
     <span class='ocr_line' id='line_1_15' title="bbox 2004 1401 3192 1473; baseline 0.01 -20"><span class='ocrx_word' id='word_1_115' title='bbox 2004 1401 2221 1469; x_wconf 84' lang='lat' dir='ltr'><strong>pietatis</strong></span> <span class='ocrx_word' id='word_1_116' title='bbox 2247 1402 2505 1473; x_wconf 77' lang='lat' dir='ltr'><strong>dogmata</strong></span> <span class='ocrx_word' id='word_1_117' title='bbox 2533 1415 2777 1472; x_wconf 88' lang='lat' dir='ltr'><strong>tempore</strong></span> <span class='ocrx_word' id='word_1_118' title='bbox 2801 1410 3192 1465; x_wconf 79' lang='lat' dir='ltr'><strong>contaminata.</strong></span> 
     </span>
    </p>
   </div>
   <div class='ocr_carea' id='block_1_16' title="bbox 979 1499 2915 1584">
    <p class='ocr_par' dir='ltr' id='par_1_16' title="bbox 979 1499 2915 1584">
     <span class='ocr_line' id='line_1_16' title="bbox 979 1499 2915 1584; baseline 0.013 -29"><span class='ocrx_word' id='word_1_119' title='bbox 979 1499 1056 1556; x_wconf 87' lang='lat' dir='ltr'><strong>De</strong></span> <span class='ocrx_word' id='word_1_120' title='bbox 1082 1503 1282 1561; x_wconf 80' lang='lat' dir='ltr'><strong>Acacio</strong></span> <span class='ocrx_word' id='word_1_121' title='bbox 1310 1505 1570 1565; x_wconf 67' lang='lat' dir='ltr'><strong>Casam:</strong></span> <span class='ocrx_word' id='word_1_122' title='bbox 1594 1510 1716 1568; x_wconf 87' lang='lat' dir='ltr'><strong>Pal.</strong></span> <span class='ocrx_word' id='word_1_123' title='bbox 1750 1530 1858 1584; x_wconf 85' lang='lat' dir='ltr'><strong>ep.,</strong></span> <span class='ocrx_word' id='word_1_124' title='bbox 1883 1517 2026 1584; x_wconf 83' lang='lat' dir='ltr'><strong>apud</strong></span> <span class='ocrx_word' id='word_1_125' title='bbox 2067 1516 2313 1573; x_wconf 83' lang='lat' dir='ltr'><strong>Photium</strong></span> <span class='ocrx_word' id='word_1_126' title='bbox 2352 1521 2410 1574; x_wconf 86' lang='lat' dir='ltr'><strong>in</strong></span> <span class='ocrx_word' id='word_1_127' title='bbox 2448 1520 2705 1579; x_wconf 84' lang='lat' dir='ltr'><strong>Bibliotn.</strong></span> <span class='ocrx_word' id='word_1_128' title='bbox 2734 1542 2789 1579; x_wconf 81' lang='grc' dir='ltr'>η.</span> <span class='ocrx_word' id='word_1_129' title='bbox 2826 1524 2915 1580; x_wconf 73' lang='grc'><strong>40.</strong></span> 
     </span>
    </p>
   </div>
   <div class='ocr_carea' id='block_1_17' title="bbox 379 1610 1891 1695">
    <p class='ocr_par' dir='ltr' id='par_1_17' title="bbox 379 1610 1891 1695">
     <span class='ocr_line' id='line_1_17' title="bbox 379 1610 1891 1695; baseline 0.012 -33"><span class='ocrx_word' id='word_1_130' title='bbox 379 1610 698 1680; x_wconf 79' lang='grc' dir='ltr'>Κατηγορεῐ</span> <span class='ocrx_word' id='word_1_131' title='bbox 745 1610 802 1663; x_wconf 82' lang='grc' dir='ltr'>δὲ</span> <span class='ocrx_word' id='word_1_132' title='bbox 844 1611 1100 1668; x_wconf 82' lang='grc' dir='ltr'>Ἀκακίου</span> <span class='ocrx_word' id='word_1_133' title='bbox 1149 1617 1385 1687; x_wconf 82' lang='grc' dir='ltr'>μάλιστα</span> <span class='ocrx_word' id='word_1_134' title='bbox 1421 1621 1515 1676; x_wconf 79' lang='grc' dir='ltr'>τοῦ</span> <span class='ocrx_word' id='word_1_135' title='bbox 1552 1625 1891 1695; x_wconf 82' lang='grc' dir='ltr'><strong>Καισαρείας</strong></span> 
     </span>
    </p>
   </div>
   <div class='ocr_carea' id='block_1_18' title="bbox 307 1698 1892 1785">
    <p class='ocr_par' dir='ltr' id='par_1_18' title="bbox 307 1698 1892 1785">
     <span class='ocr_line' id='line_1_18' title="bbox 307 1698 1892 1785; baseline 0.011 -34"><span class='ocrx_word' id='word_1_136' title='bbox 307 1698 407 1767; x_wconf 82' lang='grc' dir='ltr'>τῆς</span> <span class='ocrx_word' id='word_1_137' title='bbox 433 1699 569 1752; x_wconf 87' lang='grc' dir='ltr'><strong>κατά</strong></span> <span class='ocrx_word' id='word_1_138' title='bbox 609 1700 971 1775; x_wconf 79' lang='grc' dir='ltr'><strong>Παλαιστίνην</strong></span> <span class='ocrx_word' id='word_1_139' title='bbox 999 1705 1472 1779; x_wconf 85' lang='grc' dir='ltr'>ὲπισκοπήσαντος</span> <span class='ocrx_word' id='word_1_140' title='bbox 1512 1711 1793 1785; x_wconf 78' lang='grc' dir='ltr'>δεινότητά</span> <span class='ocrx_word' id='word_1_141' title='bbox 1833 1734 1892 1769; x_wconf 91' lang='grc' dir='ltr'><strong>τε</strong></span> 
     </span>
    </p>
   </div>
   <div class='ocr_carea' id='block_1_19' title="bbox 242 1788 1893 1872">
    <p class='ocr_par' dir='ltr' id='par_1_19' title="bbox 242 1788 1893 1872">
     <span class='ocr_line' id='line_1_19' title="bbox 242 1788 1893 1872; baseline 0.012 -31"><span class='ocrx_word' id='word_1_142' title='bbox 242 1854 258 1862; x_wconf 29' lang='grc'><strong><em>⁵</em></strong></span> <span class='ocrx_word' id='word_1_143' title='bbox 306 1788 714 1862; x_wconf 77' lang='grc' dir='ltr'>ἀνυπέρϐλητον</span> <span class='ocrx_word' id='word_1_144' title='bbox 760 1794 855 1847; x_wconf 75' lang='grc' dir='ltr'>καὶ</span> <span class='ocrx_word' id='word_1_145' title='bbox 887 1796 1225 1867; x_wconf 80' lang='grc' dir='ltr'><strong>κακουργίαν</strong></span> <span class='ocrx_word' id='word_1_146' title='bbox 1269 1798 1504 1871; x_wconf 81' lang='grc' dir='ltr'>ἄμαχον,</span> <span class='ocrx_word' id='word_1_147' title='bbox 1540 1802 1659 1872; x_wconf 85' lang='grc' dir='ltr'>μεθ’</span> <span class='ocrx_word' id='word_1_148' title='bbox 1688 1798 1765 1859; x_wconf 84' lang='grc' dir='ltr'>ὧν</span> <span class='ocrx_word' id='word_1_149' title='bbox 1799 1807 1893 1860; x_wconf 80' lang='grc' dir='ltr'>καὶ</span> 
     </span>
    </p>
   </div>
   <div class='ocr_carea' id='block_1_20' title="bbox 308 1881 1891 1963">
    <p class='ocr_par' dir='ltr' id='par_1_20' title="bbox 308 1881 1891 1963">
     <span class='ocr_line' id='line_1_20' title="bbox 308 1881 1891 1963; baseline 0.01 -29"><span class='ocrx_word' id='word_1_150' title='bbox 308 1881 527 1935; x_wconf 83' lang='grc' dir='ltr'>πάντων</span> <span class='ocrx_word' id='word_1_151' title='bbox 559 1884 693 1953; x_wconf 70' lang='grc' dir='ltr'>φησι</span> <span class='ocrx_word' id='word_1_152' title='bbox 723 1886 1045 1957; x_wconf 87' lang='grc' dir='ltr'>κατισχύσαι</span> <span class='ocrx_word' id='word_1_153' title='bbox 1085 1887 1195 1942; x_wconf 87' lang='grc' dir='ltr'><strong>τῶν</strong></span> <span class='ocrx_word' id='word_1_154' title='bbox 1230 1906 1292 1943; x_wconf 88' lang='grc' dir='ltr'><strong>τε</strong></span> <span class='ocrx_word' id='word_1_155' title='bbox 1321 1892 1640 1963; x_wconf 80' lang='grc' dir='ltr'>ὁμοφρόνων</span> <span class='ocrx_word' id='word_1_156' title='bbox 1666 1893 1891 1949; x_wconf 77' lang='grc' dir='ltr'>δοκούν-</span> 
     </span>
    </p>
   </div>
   <div class='ocr_carea' id='block_1_21' title="bbox 304 1974 1893 2048">
    <p class='ocr_par' dir='ltr' id='par_1_21' title="bbox 304 1974 1893 2048">
     <span class='ocr_line' id='line_1_21' title="bbox 304 1974 1893 2048; baseline 0.011 -22"><span class='ocrx_word' id='word_1_157' title='bbox 304 1989 435 2033; x_wconf 89' lang='grc' dir='ltr'>των,</span> <span class='ocrx_word' id='word_1_158' title='bbox 461 1975 541 2037; x_wconf 78' lang='grc' dir='ltr'><strong>εἰς</strong></span> <span class='ocrx_word' id='word_1_159' title='bbox 564 1974 764 2047; x_wconf 79' lang='grc' dir='ltr'>ἔχθραν</span> <span class='ocrx_word' id='word_1_160' title='bbox 785 1977 842 2033; x_wconf 87' lang='grc' dir='ltr'><strong>δέ</strong></span> <span class='ocrx_word' id='word_1_161' title='bbox 866 1995 985 2033; x_wconf 89' lang='grc' dir='ltr'>τινα</span> <span class='ocrx_word' id='word_1_162' title='bbox 1008 1980 1416 2048; x_wconf 80' lang='grc' dir='ltr'>καταστάντων,</span> <span class='ocrx_word' id='word_1_163' title='bbox 1449 1985 1542 2039; x_wconf 74' lang='grc' dir='ltr'>καὶ</span> <span class='ocrx_word' id='word_1_164' title='bbox 1566 1986 1675 2040; x_wconf 83' lang='grc' dir='ltr'><strong>τῶν</strong></span> <span class='ocrx_word' id='word_1_165' title='bbox 1699 1989 1893 2043; x_wconf 87' lang='grc' dir='ltr'>τάναν-</span> 
     </span>
    </p>
   </div>
   <div class='ocr_carea' id='block_1_22' title="bbox 304 2066 860 2139">
    <p class='ocr_par' dir='ltr' id='par_1_22' title="bbox 304 2066 860 2139">
     <span class='ocr_line' id='line_1_22' title="bbox 304 2066 860 2139; baseline 0.009 -19"><span class='ocrx_word' id='word_1_166' title='bbox 304 2068 396 2121; x_wconf 86' lang='grc' dir='ltr'><strong>τία</strong></span> <span class='ocrx_word' id='word_1_167' title='bbox 421 2066 860 2139; x_wconf 81' lang='grc' dir='ltr'>θρησκευόντων.</span> 
     </span>
    </p>
   </div>
   <div class='ocr_carea' id='block_1_23' title="bbox 2069 1625 3588 1701">
    <p class='ocr_par' dir='ltr' id='par_1_23' title="bbox 2069 1625 3588 1701">
     <span class='ocr_line' id='line_1_23' title="bbox 2069 1625 3588 1701; baseline 0.012 -20"><span class='ocrx_word' id='word_1_168' title='bbox 2069 1625 2439 1699; x_wconf 86' lang='lat' dir='ltr'><strong>Reprebendit</strong></span> <span class='ocrx_word' id='word_1_169' title='bbox 2464 1647 2592 1689; x_wconf 87' lang='lat' dir='ltr'><strong>vero</strong></span> <span class='ocrx_word' id='word_1_170' title='bbox 2610 1634 2794 1691; x_wconf 80' lang='lat' dir='ltr'><strong>Acacii</strong></span> <span class='ocrx_word' id='word_1_171' title='bbox 2814 1639 3050 1693; x_wconf 82' lang='lat' dir='ltr'><strong>maxime</strong></span> <span class='ocrx_word' id='word_1_172' title='bbox 3066 1637 3325 1696; x_wconf 74' lang='lat' dir='ltr'><strong>Caesareae</strong></span> <span class='ocrx_word' id='word_1_173' title='bbox 3342 1640 3588 1701; x_wconf 71' lang='lat' dir='ltr'><strong>Palaesti-</strong></span> 
     </span>
    </p>
   </div>
   <div class='ocr_carea' id='block_1_24' title="bbox 2000 1721 3589 1791">
    <p class='ocr_par' dir='ltr' id='par_1_24' title="bbox 2000 1721 3589 1791">
     <span class='ocr_line' id='line_1_24' title="bbox 2000 1721 3589 1791; baseline 0.011 -20"><span class='ocrx_word' id='word_1_174' title='bbox 2000 1734 2082 1773; x_wconf 65' lang='lat' dir='ltr'><strong>nae</strong></span> <span class='ocrx_word' id='word_1_175' title='bbox 2111 1721 2351 1791; x_wconf 83' lang='lat' dir='ltr'><strong>episcopi</strong></span> <span class='ocrx_word' id='word_1_176' title='bbox 2381 1724 2490 1778; x_wconf 87' lang='lat' dir='ltr'><strong>vim</strong></span> <span class='ocrx_word' id='word_1_177' title='bbox 2520 1725 2739 1781; x_wconf 86' lang='lat' dir='ltr'><strong>dicendi</strong></span> <span class='ocrx_word' id='word_1_178' title='bbox 2774 1728 3172 1785; x_wconf 88' lang='lat' dir='ltr'><strong>intolerabilem</strong></span> <span class='ocrx_word' id='word_1_179' title='bbox 3200 1741 3255 1786; x_wconf 90' lang='lat' dir='ltr'><strong>et</strong></span> <span class='ocrx_word' id='word_1_180' title='bbox 3282 1735 3589 1790; x_wconf 81' lang='lat' dir='ltr'><strong>versutiam</strong></span> 
     </span>
    </p>
   </div>
   <div class='ocr_carea' id='block_1_25' title="bbox 1999 1809 3587 1894">
    <p class='ocr_par' dir='ltr' id='par_1_25' title="bbox 1999 1809 3587 1894">
     <span class='ocr_line' id='line_1_25' title="bbox 1999 1809 3587 1894; baseline 0.011 -31"><span class='ocrx_word' id='word_1_181' title='bbox 1999 1809 2508 1883; x_wconf 75' lang='lat' dir='ltr'><strong>inexpugnabilem,</strong></span> <span class='ocrx_word' id='word_1_182' title='bbox 2544 1816 2746 1886; x_wconf 83' lang='lat' dir='ltr'><strong>quibus</strong></span> <span class='ocrx_word' id='word_1_183' title='bbox 2796 1834 2921 1874; x_wconf 92' lang='lat' dir='ltr'><strong>eum</strong></span> <span class='ocrx_word' id='word_1_184' title='bbox 2984 1822 3194 1878; x_wconf 86' lang='lat' dir='ltr'><strong>artibus</strong></span> <span class='ocrx_word' id='word_1_185' title='bbox 3241 1824 3587 1894; x_wconf 80' lang='lat' dir='ltr'><strong>oppressisse</strong></span> 
     </span>
    </p>
   </div>
   <div class='ocr_carea' id='block_1_26' title="bbox 1998 1901 3586 1980">
    <p class='ocr_par' dir='ltr' id='par_1_26' title="bbox 1998 1901 3586 1980">
     <span class='ocr_line' id='line_1_26' title="bbox 1998 1901 3586 1980; baseline 0.014 -27"><span class='ocrx_word' id='word_1_186' title='bbox 1998 1901 2075 1955; x_wconf 85' lang='lat' dir='ltr'><strong>ait</strong></span> <span class='ocrx_word' id='word_1_187' title='bbox 2108 1916 2220 1972; x_wconf 65' lang='lat' dir='ltr'><strong>prae</strong></span> <span class='ocrx_word' id='word_1_188' title='bbox 2244 1904 2500 1960; x_wconf 89' lang='lat' dir='ltr'><strong>omnibus</strong></span> <span class='ocrx_word' id='word_1_189' title='bbox 2535 1915 2649 1968; x_wconf 78' lang='lat' dir='ltr'><strong>tam</strong></span> <span class='ocrx_word' id='word_1_190' title='bbox 2670 1923 2765 1965; x_wconf 91' lang='lat' dir='ltr'><strong>eos</strong></span> <span class='ocrx_word' id='word_1_191' title='bbox 2795 1911 2888 1980; x_wconf 87' lang='lat' dir='ltr'><strong>qui</strong></span> <span class='ocrx_word' id='word_1_192' title='bbox 2923 1912 3062 1967; x_wconf 91' lang='lat' dir='ltr'><strong>idem</strong></span> <span class='ocrx_word' id='word_1_193' title='bbox 3100 1915 3306 1972; x_wconf 88' lang='lat' dir='ltr'><strong>sentire</strong></span> <span class='ocrx_word' id='word_1_194' title='bbox 3335 1917 3586 1974; x_wconf 87' lang='lat' dir='ltr'><strong>videren-</strong></span> 
     </span>
    </p>
   </div>
   <div class='ocr_carea' id='block_1_27' title="bbox 2001 1995 3589 2074">
    <p class='ocr_par' dir='ltr' id='par_1_27' title="bbox 2001 1995 3589 2074">
     <span class='ocr_line' id='line_1_27' title="bbox 2001 1995 3589 2074; baseline 0.012 -28"><span class='ocrx_word' id='word_1_195' title='bbox 2001 2003 2108 2056; x_wconf 89' lang='lat' dir='ltr'><strong>tur,</strong></span> <span class='ocrx_word' id='word_1_196' title='bbox 2145 1995 2271 2049; x_wconf 90' lang='lat' dir='ltr'><strong>odio</strong></span> <span class='ocrx_word' id='word_1_197' title='bbox 2306 2004 2488 2052; x_wconf 87' lang='lat' dir='ltr'><strong>tamen</strong></span> <span class='ocrx_word' id='word_1_198' title='bbox 2518 2000 2754 2069; x_wconf 87' lang='lat' dir='ltr'><strong>quodam</strong></span> <span class='ocrx_word' id='word_1_199' title='bbox 2788 2002 3014 2069; x_wconf 87' lang='lat' dir='ltr'><strong>divisos,</strong></span> <span class='ocrx_word' id='word_1_200' title='bbox 3041 2019 3206 2074; x_wconf 89' lang='lat' dir='ltr'><strong>quam</strong></span> <span class='ocrx_word' id='word_1_201' title='bbox 3227 2010 3504 2064; x_wconf 74' lang='lat' dir='ltr'><strong>contraria</strong></span> <span class='ocrx_word' id='word_1_202' title='bbox 3526 2010 3589 2064; x_wconf 83' lang='lat' dir='ltr'><strong>in</strong></span> 
     </span>
    </p>
   </div>
   <div class='ocr_carea' id='block_1_28' title="bbox 1998 2087 2611 2158">
    <p class='ocr_par' dir='ltr' id='par_1_28' title="bbox 1998 2087 2611 2158">
     <span class='ocr_line' id='line_1_28' title="bbox 1998 2087 2611 2158; baseline 0.013 -18"><span class='ocrx_word' id='word_1_203' title='bbox 1998 2087 2261 2158; x_wconf 76' lang='lat' dir='ltr'><strong>religione</strong></span> <span class='ocrx_word' id='word_1_204' title='bbox 2292 2090 2611 2148; x_wconf 86' lang='lat' dir='ltr'><strong>sentientes.</strong></span> 
     </span>
    </p>
   </div>
   <div class='ocr_carea' id='block_1_29' title="bbox 1407 2217 2491 2286">
    <p class='ocr_par' dir='ltr' id='par_1_29' title="bbox 1407 2217 2491 2286">
     <span class='ocr_line' id='line_1_29' title="bbox 1407 2217 2491 2286; baseline 0.011 -15"><span class='ocrx_word' id='word_1_205' title='bbox 1407 2217 1482 2272; x_wconf 91' lang='lat' dir='ltr'><strong>De</strong></span> <span class='ocrx_word' id='word_1_206' title='bbox 1505 2219 1680 2286; x_wconf 79' lang='lat' dir='ltr'><strong>Aetio,</strong></span> <span class='ocrx_word' id='word_1_207' title='bbox 1715 2237 1779 2276; x_wconf 77' lang='lat' dir='ltr'><strong>ea:</strong></span> <span class='ocrx_word' id='word_1_208' title='bbox 1806 2222 1986 2280; x_wconf 79' lang='lat' dir='ltr'><strong>Pltotii</strong></span> <span class='ocrx_word' id='word_1_209' title='bbox 2017 2224 2275 2283; x_wconf 71' lang='lat' dir='ltr'><strong>Bililioth.</strong></span> <span class='ocrx_word' id='word_1_210' title='bbox 2318 2244 2372 2281; x_wconf 78' lang='grc' dir='ltr'><strong>π.</strong></span> <span class='ocrx_word' id='word_1_211' title='bbox 2406 2228 2491 2283; x_wconf 71' lang='grc'><strong>40.</strong></span> 
     </span>
    </p>
   </div>
   <div class='ocr_carea' id='block_1_30' title="bbox 379 2329 1915 2419">
    <p class='ocr_par' dir='ltr' id='par_1_30' title="bbox 379 2329 1904 2411">
     <span class='ocr_line' id='line_1_30' title="bbox 379 2329 1904 2411; baseline 0.009 -29"><span class='ocrx_word' id='word_1_212' title='bbox 379 2329 609 2402; x_wconf 83' lang='grc' dir='ltr'>Ἱστορεῖ</span> <span class='ocrx_word' id='word_1_213' title='bbox 637 2330 695 2385; x_wconf 82' lang='grc' dir='ltr'>δὲ</span> <span class='ocrx_word' id='word_1_214' title='bbox 727 2331 834 2386; x_wconf 75' lang='grc' dir='ltr'><strong>ἀπὸ</strong></span> <span class='ocrx_word' id='word_1_215' title='bbox 860 2332 958 2405; x_wconf 85' lang='grc' dir='ltr'>τῆς</span> <span class='ocrx_word' id='word_1_216' title='bbox 991 2333 1202 2406; x_wconf 80' lang='grc' dir='ltr'>Ἀρείου</span> <span class='ocrx_word' id='word_1_217' title='bbox 1234 2337 1362 2409; x_wconf 77' lang='grc' dir='ltr'>περὶ</span> <span class='ocrx_word' id='word_1_218' title='bbox 1380 2339 1481 2409; x_wconf 80' lang='grc' dir='ltr'>τὴν</span> <span class='ocrx_word' id='word_1_219' title='bbox 1504 2339 1715 2411; x_wconf 75' lang='grc' dir='ltr'>αἵρεσιν</span> <span class='ocrx_word' id='word_1_220' title='bbox 1739 2358 1904 2396; x_wconf 89' lang='grc' dir='ltr'>σπου-</span> 
     </span>
    </p>
   </div>
   <div class='ocr_carea' id='block_1_31' title="bbox 1996 2329 3591 2419">
    <p class='ocr_par' dir='ltr' id='par_1_31' title="bbox 2076 2345 3591 2419">
     <span class='ocr_line' id='line_1_31' title="bbox 2076 2345 3591 2419; baseline 0.009 -19"><span class='ocrx_word' id='word_1_221' title='bbox 2076 2345 2344 2403; x_wconf 86' lang='lat' dir='ltr'><strong>Narrandi</strong></span> <span class='ocrx_word' id='word_1_222' title='bbox 2380 2364 2542 2419; x_wconf 88' lang='lat' dir='ltr'><strong>porro</strong></span> <span class='ocrx_word' id='word_1_223' title='bbox 2571 2349 2787 2406; x_wconf 88' lang='lat' dir='ltr'><strong>initiunt</strong></span> <span class='ocrx_word' id='word_1_224' title='bbox 2819 2350 2947 2407; x_wconf 75' lang='lat' dir='ltr'><strong>fecit</strong></span> <span class='ocrx_word' id='word_1_225' title='bbox 2990 2353 3060 2408; x_wconf 86' lang='lat' dir='ltr'><strong>ab</strong></span> <span class='ocrx_word' id='word_1_226' title='bbox 3102 2353 3217 2408; x_wconf 79' lang='lat' dir='ltr'><strong>Arii</strong></span> <span class='ocrx_word' id='word_1_227' title='bbox 3261 2355 3317 2409; x_wconf 89' lang='lat' dir='ltr'><strong>in</strong></span> <span class='ocrx_word' id='word_1_228' title='bbox 3349 2354 3591 2413; x_wconf 62' lang='lat' dir='ltr'><strong>haresiu</strong></span> 
     </span>
    </p>
   </div>
   <div class='ocr_carea' id='block_1_32' title="bbox 305 2420 1896 2499">
    <p class='ocr_par' dir='ltr' id='par_1_32' title="bbox 305 2420 1896 2499">
     <span class='ocr_line' id='line_1_32' title="bbox 305 2420 1896 2499; baseline 0.006 -23"><span class='ocrx_word' id='word_1_229' title='bbox 305 2421 398 2492; x_wconf 81' lang='grc' dir='ltr'>δῆς</span> <span class='ocrx_word' id='word_1_230' title='bbox 421 2438 482 2475; x_wconf 87' lang='grc' dir='ltr'><strong>τε</strong></span> <span class='ocrx_word' id='word_1_231' title='bbox 509 2421 606 2474; x_wconf 73' lang='grc' dir='ltr'>καὶ</span> <span class='ocrx_word' id='word_1_232' title='bbox 634 2420 969 2492; x_wconf 81' lang='grc' dir='ltr'>κατάρξεως,</span> <span class='ocrx_word' id='word_1_233' title='bbox 1009 2425 1169 2499; x_wconf 86' lang='grc' dir='ltr'>μέχρι</span> <span class='ocrx_word' id='word_1_234' title='bbox 1218 2427 1318 2497; x_wconf 81' lang='grc' dir='ltr'>τῆς</span> <span class='ocrx_word' id='word_1_235' title='bbox 1352 2428 1558 2482; x_wconf 81' lang='grc' dir='ltr'>Ἀετίου</span> <span class='ocrx_word' id='word_1_236' title='bbox 1591 2429 1685 2484; x_wconf 77' lang='grc' dir='ltr'><strong>τοῦ</strong></span> <span class='ocrx_word' id='word_1_237' title='bbox 1713 2431 1896 2485; x_wconf 76' lang='grc' dir='ltr'>δυσσεο</span> 
     </span>
    </p>
   </div>
   <div class='ocr_carea' id='block_1_33' title="bbox 305 2510 1893 2593">
    <p class='ocr_par' dir='ltr' id='par_1_33' title="bbox 305 2510 1893 2593">
     <span class='ocr_line' id='line_1_33' title="bbox 305 2510 1893 2593; baseline 0.007 -28"><span class='ocrx_word' id='word_1_238' title='bbox 305 2511 562 2566; x_wconf 79' lang='grc' dir='ltr'>ϐεστάτου</span> <span class='ocrx_word' id='word_1_239' title='bbox 588 2511 958 2584; x_wconf 77' lang='grc' dir='ltr'>ἀνακλήσεως.</span> <span class='ocrx_word' id='word_1_240' title='bbox 983 2510 1149 2580; x_wconf 79' lang='grc' dir='ltr'>Οὗτος</span> <span class='ocrx_word' id='word_1_241' title='bbox 1177 2516 1233 2570; x_wconf 81' lang='grc' dir='ltr'>δὲ</span> <span class='ocrx_word' id='word_1_242' title='bbox 1258 2519 1287 2571; x_wconf 83' lang='grc' dir='ltr'><strong>ὁ</strong></span> <span class='ocrx_word' id='word_1_243' title='bbox 1330 2518 1533 2583; x_wconf 85' lang='grc' dir='ltr'>Ἀέτιος</span> <span class='ocrx_word' id='word_1_244' title='bbox 1563 2521 1693 2593; x_wconf 86' lang='grc' dir='ltr'>παρ’</span> <span class='ocrx_word' id='word_1_245' title='bbox 1715 2522 1893 2576; x_wconf 74' lang='grc' dir='ltr'>αὐτῶν</span> 
     </span>
    </p>
   </div>
   <div class='ocr_carea' id='block_1_34' title="bbox 306 2599 1893 2681">
    <p class='ocr_par' dir='ltr' id='par_1_34' title="bbox 306 2599 1893 2681">
     <span class='ocr_line' id='line_1_34' title="bbox 306 2599 1893 2681; baseline 0.007 -28"><span class='ocrx_word' id='word_1_246' title='bbox 306 2599 407 2670; x_wconf 80' lang='grc' dir='ltr'>μὲν</span> <span class='ocrx_word' id='word_1_247' title='bbox 451 2599 562 2654; x_wconf 88' lang='grc' dir='ltr'><strong>τῶν</strong></span> <span class='ocrx_word' id='word_1_248' title='bbox 610 2603 1065 2674; x_wconf 87' lang='grc' dir='ltr'>συναιρεσιωτῶν,</span> <span class='ocrx_word' id='word_1_249' title='bbox 1096 2605 1184 2658; x_wconf 81' lang='grc' dir='ltr'>διὰ</span> <span class='ocrx_word' id='word_1_250' title='bbox 1213 2604 1273 2658; x_wconf 79' lang='grc' dir='ltr'>τὸ</span> <span class='ocrx_word' id='word_1_251' title='bbox 1305 2607 1590 2672; x_wconf 88' lang='grc' dir='ltr'>κάκείνους</span> <span class='ocrx_word' id='word_1_252' title='bbox 1622 2609 1893 2681; x_wconf 78' lang='grc' dir='ltr'>ὑπερϐάλ-</span> 
     </span>
    </p>
   </div>
   <div class='ocr_carea' id='block_1_35' title="bbox 306 2691 1892 2774">
    <p class='ocr_par' dir='ltr' id='par_1_35' title="bbox 306 2691 1892 2774">
     <span class='ocr_line' id='line_1_35' title="bbox 306 2691 1892 2774; baseline 0.009 -31"><span class='ocrx_word' id='word_1_253' title='bbox 306 2691 498 2744; x_wconf 89' lang='grc' dir='ltr'>λεσθαι</span> <span class='ocrx_word' id='word_1_254' title='bbox 548 2695 616 2763; x_wconf 79' lang='grc' dir='ltr'><strong>τῇ</strong></span> <span class='ocrx_word' id='word_1_255' title='bbox 645 2693 955 2767; x_wconf 72' lang='grc' dir='ltr'>δυσσεϐείᾳ,</span> <span class='ocrx_word' id='word_1_256' title='bbox 983 2695 1059 2758; x_wconf 85' lang='grc' dir='ltr'>ὡς</span> <span class='ocrx_word' id='word_1_257' title='bbox 1092 2695 1254 2761; x_wconf 78' lang='grc' dir='ltr'>αὐτὸς</span> <span class='ocrx_word' id='word_1_258' title='bbox 1288 2692 1440 2763; x_wconf 75' lang='grc' dir='ltr'>οὗτος</span> <span class='ocrx_word' id='word_1_259' title='bbox 1471 2700 1564 2754; x_wconf 79' lang='grc' dir='ltr'>καὶ</span> <span class='ocrx_word' id='word_1_260' title='bbox 1597 2701 1670 2774; x_wconf 84' lang='grc' dir='ltr'>μὴ</span> <span class='ocrx_word' id='word_1_261' title='bbox 1707 2701 1892 2772; x_wconf 84' lang='grc' dir='ltr'>βουλό-</span> 
     </span>
    </p>
   </div>
   <div class='ocr_carea' id='block_1_36' title="bbox 306 2783 1887 2863">
    <p class='ocr_par' dir='ltr' id='par_1_36' title="bbox 306 2783 1887 2863">
     <span class='ocr_line' id='line_1_36' title="bbox 306 2783 1887 2863; baseline 0.009 -29"><span class='ocrx_word' id='word_1_262' title='bbox 306 2799 466 2853; x_wconf 88' lang='grc' dir='ltr'>μενος</span> <span class='ocrx_word' id='word_1_263' title='bbox 494 2783 715 2855; x_wconf 84' lang='grc' dir='ltr'>ἱστορεῖ,</span> <span class='ocrx_word' id='word_1_264' title='bbox 743 2785 842 2856; x_wconf 84' lang='grc' dir='ltr'><strong>τῆς</strong></span> <span class='ocrx_word' id='word_1_265' title='bbox 879 2787 1158 2852; x_wconf 77' lang='grc' dir='ltr'>διακονίας</span> <span class='ocrx_word' id='word_1_266' title='bbox 1207 2789 1486 2863; x_wconf 78' lang='grc' dir='ltr'><strong>καθῃρέθη</strong></span> <span class='ocrx_word' id='word_1_267' title='bbox 1515 2809 1528 2823; x_wconf 76' lang='grc' dir='ltr'><strong>ο</strong></span> <span class='ocrx_word' id='word_1_268' title='bbox 1564 2794 1668 2846; x_wconf 83' lang='grc' dir='ltr'><strong>ὑπὸ</strong></span> <span class='ocrx_word' id='word_1_269' title='bbox 1704 2794 1759 2847; x_wconf 83' lang='grc' dir='ltr'>δὲ</span> <span class='ocrx_word' id='word_1_270' title='bbox 1794 2794 1887 2849; x_wconf 82' lang='grc' dir='ltr'><strong>τοῦ</strong></span> 
     </span>
    </p>
   </div>
   <div class='ocr_carea' id='block_1_37' title="bbox 303 2873 1887 2958">
    <p class='ocr_par' dir='ltr' id='par_1_37' title="bbox 303 2873 1887 2958">
     <span class='ocr_line' id='line_1_37' title="bbox 303 2873 1887 2958; baseline 0.009 -32"><span class='ocrx_word' id='word_1_271' title='bbox 303 2873 730 2930; x_wconf 80' lang='grc' dir='ltr'>δυσσεϐεστάτου</span> <span class='ocrx_word' id='word_1_272' title='bbox 770 2876 1059 2933; x_wconf 85' lang='grc' dir='ltr'>Ἰουλιανοῦ</span> <span class='ocrx_word' id='word_1_273' title='bbox 1092 2881 1362 2953; x_wconf 76' lang='grc' dir='ltr'>ἀνεκλήθη</span> <span class='ocrx_word' id='word_1_274' title='bbox 1401 2901 1459 2936; x_wconf 89' lang='grc' dir='ltr'><strong>τε</strong></span> <span class='ocrx_word' id='word_1_275' title='bbox 1506 2887 1600 2937; x_wconf 69' lang='grc' dir='ltr'>καὶ</span> <span class='ocrx_word' id='word_1_276' title='bbox 1629 2885 1887 2958; x_wconf 66' lang='grc' dir='ltr'>φιλοφρό-</span> 
     </span>
    </p>
   </div>
   <div class='ocr_carea' id='block_1_38' title="bbox 304 2967 718 3039">
    <p class='ocr_par' dir='ltr' id='par_1_38' title="bbox 304 2967 718 3039">
     <span class='ocr_line' id='line_1_38' title="bbox 304 2967 718 3039; baseline 0.017 -22"><span class='ocrx_word' id='word_1_277' title='bbox 304 2982 409 3030; x_wconf 89' lang='grc' dir='ltr'><strong>νως</strong></span> <span class='ocrx_word' id='word_1_278' title='bbox 438 2967 718 3039; x_wconf 76' lang='grc' dir='ltr'>ὲδεξιῴθη.</span> 
     </span>
    </p>
   </div>
   <div class='ocr_carea' id='block_1_39' title="bbox 1996 2440 3586 2513">
    <p class='ocr_par' dir='ltr' id='par_1_39' title="bbox 1996 2440 3586 2513">
     <span class='ocr_line' id='line_1_39' title="bbox 1996 2440 3586 2513; baseline 0.006 -20"><span class='ocrx_word' id='word_1_279' title='bbox 1996 2440 2179 2495; x_wconf 80' lang='lat' dir='ltr'><strong>studio</strong></span> <span class='ocrx_word' id='word_1_280' title='bbox 2210 2449 2265 2495; x_wconf 92' lang='lat' dir='ltr'><strong>et</strong></span> <span class='ocrx_word' id='word_1_281' title='bbox 2296 2441 2474 2506; x_wconf 91' lang='lat' dir='ltr'><strong>initio,</strong></span> <span class='ocrx_word' id='word_1_282' title='bbox 2509 2442 2576 2496; x_wconf 85' lang='lat' dir='ltr'><strong>ad</strong></span> <span class='ocrx_word' id='word_1_283' title='bbox 2617 2442 2756 2497; x_wconf 87' lang='lat' dir='ltr'><strong>Aetii</strong></span> <span class='ocrx_word' id='word_1_284' title='bbox 2813 2442 3125 2513; x_wconf 91' lang='lat' dir='ltr'><strong>impiissimi</strong></span> <span class='ocrx_word' id='word_1_285' title='bbox 3177 2446 3586 2502; x_wconf 82' lang='lat' dir='ltr'><strong>revocationem</strong></span> 
     </span>
    </p>
   </div>
   <div class='ocr_carea' id='block_1_40' title="bbox 1996 2531 3589 2610">
    <p class='ocr_par' dir='ltr' id='par_1_40' title="bbox 1996 2531 3589 2610">
     <span class='ocr_line' id='line_1_40' title="bbox 1996 2531 3589 2610; baseline 0.006 -24"><span class='ocrx_word' id='word_1_286' title='bbox 1996 2547 2193 2602; x_wconf 89' lang='lat' dir='ltr'><strong>usque.</strong></span> <span class='ocrx_word' id='word_1_287' title='bbox 2232 2531 2331 2588; x_wconf 80' lang='lat' dir='ltr'><strong>llic</strong></span> <span class='ocrx_word' id='word_1_288' title='bbox 2374 2548 2502 2590; x_wconf 90' lang='lat' dir='ltr'><strong>vero</strong></span> <span class='ocrx_word' id='word_1_289' title='bbox 2553 2534 2745 2590; x_wconf 85' lang='lat' dir='ltr'><strong>Aetius</strong></span> <span class='ocrx_word' id='word_1_290' title='bbox 2779 2549 2810 2590; x_wconf 76' lang='grc' dir='ltr'><strong>τι</strong></span> <span class='ocrx_word' id='word_1_291' title='bbox 2843 2535 3184 2593; x_wconf 70' lang='grc' dir='ltr'>εοιιιετειίεἱε</span> <span class='ocrx_word' id='word_1_292' title='bbox 3242 2538 3398 2609; x_wconf 86' lang='lat' dir='ltr'><strong>ipsis,</strong></span> <span class='ocrx_word' id='word_1_293' title='bbox 3433 2543 3589 2610; x_wconf 72' lang='lat' dir='ltr'><strong>quod</strong></span> 
     </span>
    </p>
   </div>
   <div class='ocr_carea' id='block_1_41' title="bbox 1995 2624 3582 2699">
    <p class='ocr_par' dir='ltr' id='par_1_41' title="bbox 1995 2624 3582 2699">
     <span class='ocr_line' id='line_1_41' title="bbox 1995 2624 3582 2699; baseline 0.004 -19"><span class='ocrx_word' id='word_1_294' title='bbox 1995 2624 2144 2694; x_wconf 88' lang='lat' dir='ltr'><strong>ipsos</strong></span> <span class='ocrx_word' id='word_1_295' title='bbox 2174 2624 2449 2694; x_wconf 81' lang='lat' dir='ltr'><strong>impietate</strong></span> <span class='ocrx_word' id='word_1_296' title='bbox 2477 2637 2779 2696; x_wconf 87' lang='lat' dir='ltr'><strong>superaret,</strong></span> <span class='ocrx_word' id='word_1_297' title='bbox 2823 2637 2881 2682; x_wconf 93' lang='lat' dir='ltr'><strong>ut</strong></span> <span class='ocrx_word' id='word_1_298' title='bbox 2910 2628 3001 2682; x_wconf 86' lang='lat' dir='ltr'><strong>hic</strong></span> <span class='ocrx_word' id='word_1_299' title='bbox 3030 2628 3261 2699; x_wconf 83' lang='lat' dir='ltr'><strong>ipsemet</strong></span> <span class='ocrx_word' id='word_1_300' title='bbox 3294 2631 3459 2685; x_wconf 88' lang='lat' dir='ltr'><strong>etiam</strong></span> <span class='ocrx_word' id='word_1_301' title='bbox 3489 2633 3582 2686; x_wconf 86' lang='lat' dir='ltr'><strong>in-</strong></span> 
     </span>
    </p>
   </div>
   <div class='ocr_carea' id='block_1_42' title="bbox 1994 2714 3587 2795">
    <p class='ocr_par' dir='ltr' id='par_1_42' title="bbox 1994 2714 3587 2795">
     <span class='ocr_line' id='line_1_42' title="bbox 1994 2714 3587 2795; baseline 0.009 -27"><span class='ocrx_word' id='word_1_302' title='bbox 1994 2714 2139 2770; x_wconf 83' lang='lat' dir='ltr'><strong>vitus</strong></span> <span class='ocrx_word' id='word_1_303' title='bbox 2189 2725 2399 2782; x_wconf 86' lang='lat' dir='ltr'><strong>narrat,</strong></span> <span class='ocrx_word' id='word_1_304' title='bbox 2429 2715 2719 2773; x_wconf 86' lang='lat' dir='ltr'><strong>diaconalu</strong></span> <span class='ocrx_word' id='word_1_305' title='bbox 2781 2720 3105 2790; x_wconf 88' lang='lat' dir='ltr'><strong>submotus;</strong></span> <span class='ocrx_word' id='word_1_306' title='bbox 3138 2722 3207 2778; x_wconf 87' lang='lat' dir='ltr'><strong>ab</strong></span> <span class='ocrx_word' id='word_1_307' title='bbox 3252 2723 3587 2795; x_wconf 83' lang='lat' dir='ltr'><strong>impiissimo</strong></span> 
     </span>
    </p>
   </div>
   <div class='ocr_carea' id='block_1_43' title="bbox 1995 2804 3591 2887">
    <p class='ocr_par' dir='ltr' id='par_1_43' title="bbox 1995 2804 3591 2887">
     <span class='ocr_line' id='line_1_43' title="bbox 1995 2804 3591 2887; baseline 0.011 -30"><span class='ocrx_word' id='word_1_308' title='bbox 1995 2820 2125 2861; x_wconf 66' lang='lat' dir='ltr'><strong>vero</strong></span> <span class='ocrx_word' id='word_1_309' title='bbox 2173 2804 2392 2862; x_wconf 76' lang='lat' dir='ltr'><strong>Juliano</strong></span> <span class='ocrx_word' id='word_1_310' title='bbox 2444 2819 2728 2866; x_wconf 84' lang='lat' dir='ltr'><strong>revocatus</strong></span> <span class='ocrx_word' id='word_1_311' title='bbox 2779 2824 2834 2867; x_wconf 88' lang='lat' dir='ltr'><strong>et</strong></span> <span class='ocrx_word' id='word_1_312' title='bbox 2880 2813 3277 2871; x_wconf 87' lang='lat' dir='ltr'><strong>humanissime</strong></span> <span class='ocrx_word' id='word_1_313' title='bbox 3324 2816 3591 2887; x_wconf 74' lang='lat' dir='ltr'><strong>exceptus</strong></span> 
     </span>
    </p>
   </div>
   <div class='ocr_carea' id='block_1_44' title="bbox 1995 2895 2114 2951">
    <p class='ocr_par' dir='ltr' id='par_1_44' title="bbox 1995 2895 2114 2951">
     <span class='ocr_line' id='line_1_44' title="bbox 1995 2895 2114 2951; baseline -0.017 -2"><span class='ocrx_word' id='word_1_314' title='bbox 1995 2895 2114 2951; x_wconf 79' lang='lat' dir='ltr'><strong>fuit.</strong></span> 
     </span>
    </p>
   </div>
   <div class='ocr_carea' id='block_1_45' title="bbox 1380 3090 2512 3160">
    <p class='ocr_par' dir='ltr' id='par_1_45' title="bbox 1380 3090 2512 3160">
     <span class='ocr_line' id='line_1_45' title="bbox 1380 3090 2512 3160; baseline 0.013 -15"><span class='ocrx_word' id='word_1_315' title='bbox 1380 3090 1453 3146; x_wconf 88' lang='lat' dir='ltr'><strong>De</strong></span> <span class='ocrx_word' id='word_1_316' title='bbox 1487 3091 1710 3158; x_wconf 65' lang='lat' dir='ltr'><strong>Basilio,</strong></span> <span class='ocrx_word' id='word_1_317' title='bbox 1736 3111 1802 3148; x_wconf 70' lang='lat' dir='ltr'><strong>ex</strong></span> <span class='ocrx_word' id='word_1_318' title='bbox 1829 3093 2007 3151; x_wconf 80' lang='lat' dir='ltr'><strong>Pholii</strong></span> <span class='ocrx_word' id='word_1_319' title='bbox 2032 3097 2293 3157; x_wconf 87' lang='lat' dir='ltr'><strong>Bibliotlt.</strong></span> <span class='ocrx_word' id='word_1_320' title='bbox 2333 3120 2385 3158; x_wconf 79' lang='grc' dir='ltr'>η.</span> <span class='ocrx_word' id='word_1_321' title='bbox 2423 3104 2512 3160; x_wconf 66' lang='grc'>40.</span> 
     </span>
    </p>
   </div>
   <div class='ocr_carea' id='block_1_46' title="bbox 372 3195 1896 3279">
    <p class='ocr_par' dir='ltr' id='par_1_46' title="bbox 372 3195 1896 3279">
     <span class='ocr_line' id='line_1_46' title="bbox 372 3195 1896 3279; baseline 0.011 -33"><span class='ocrx_word' id='word_1_322' title='bbox 372 3195 654 3250; x_wconf 83' lang='grc' dir='ltr'>Βασιλείου</span> <span class='ocrx_word' id='word_1_323' title='bbox 681 3198 739 3251; x_wconf 77' lang='grc' dir='ltr'>δὲ</span> <span class='ocrx_word' id='word_1_324' title='bbox 773 3196 865 3252; x_wconf 79' lang='grc' dir='ltr'>τοῦ</span> <span class='ocrx_word' id='word_1_325' title='bbox 896 3202 1135 3270; x_wconf 78' lang='grc' dir='ltr'>μεγάλου</span> <span class='ocrx_word' id='word_1_326' title='bbox 1166 3205 1526 3278; x_wconf 81' lang='grc' dir='ltr'>ἐπεχείρησεν</span> <span class='ocrx_word' id='word_1_327' title='bbox 1556 3208 1754 3276; x_wconf 76' lang='grc' dir='ltr'>ὑφᾶναι</span> <span class='ocrx_word' id='word_1_328' title='bbox 1780 3212 1896 3279; x_wconf 77' lang='grc' dir='ltr'><strong>μῶ-</strong></span> 
     </span>
    </p>
   </div>
   <div class='ocr_carea' id='block_1_47' title="bbox 306 3283 1896 3379">
    <p class='ocr_par' dir='ltr' id='par_1_47' title="bbox 306 3283 1896 3379">
     <span class='ocr_line' id='line_1_47' title="bbox 306 3283 1896 3379; baseline 0.011 -41"><span class='ocrx_word' id='word_1_329' title='bbox 306 3303 426 3356; x_wconf 82' lang='grc' dir='ltr'>μον,</span> <span class='ocrx_word' id='word_1_330' title='bbox 463 3286 532 3340; x_wconf 81' lang='grc' dir='ltr'><strong>δι’</strong></span> <span class='ocrx_word' id='word_1_331' title='bbox 556 3283 618 3342; x_wconf 80' lang='grc' dir='ltr'><strong>οὗ</strong></span> <span class='ocrx_word' id='word_1_332' title='bbox 662 3288 1040 3365; x_wconf 87' lang='grc' dir='ltr'>λαμπρότερον</span> <span class='ocrx_word' id='word_1_333' title='bbox 1085 3295 1272 3360; x_wconf 76' lang='grc' dir='ltr'>ἔδειξε.</span> <span class='ocrx_word' id='word_1_334' title='bbox 1305 3298 1416 3369; x_wconf 84' lang='grc' dir='ltr'><strong>Τὴν</strong></span> <span class='ocrx_word' id='word_1_335' title='bbox 1462 3301 1562 3369; x_wconf 85' lang='grc' dir='ltr'>μὲν</span> <span class='ocrx_word' id='word_1_336' title='bbox 1597 3300 1706 3379; x_wconf 71' lang='grc' dir='ltr'><strong>γάρ</strong></span> <span class='ocrx_word' id='word_1_337' title='bbox 1740 3303 1896 3372; x_wconf 80' lang='grc' dir='ltr'>ἰσχὺν</span> 
     </span>
    </p>
   </div>
   <div class='ocr_carea' id='block_1_48' title="bbox 305 3379 1891 3463">
    <p class='ocr_par' dir='ltr' id='par_1_48' title="bbox 305 3379 1891 3463">
     <span class='ocr_line' id='line_1_48' title="bbox 305 3379 1891 3463; baseline 0.011 -32"><span class='ocrx_word' id='word_1_338' title='bbox 305 3379 480 3432; x_wconf 76' lang='grc' dir='ltr'>καὶτὸ</span> <span class='ocrx_word' id='word_1_339' title='bbox 509 3381 706 3446; x_wconf 80' lang='grc' dir='ltr'>κάλλος</span> <span class='ocrx_word' id='word_1_340' title='bbox 737 3384 836 3455; x_wconf 84' lang='grc' dir='ltr'>τῆς</span> <span class='ocrx_word' id='word_1_341' title='bbox 881 3386 938 3438; x_wconf 80' lang='grc' dir='ltr'>ὲν</span> <span class='ocrx_word' id='word_1_342' title='bbox 979 3389 1092 3451; x_wconf 86' lang='grc' dir='ltr'>τοῖς</span> <span class='ocrx_word' id='word_1_343' title='bbox 1134 3390 1507 3462; x_wconf 81' lang='grc' dir='ltr'>πανηγύρεσιν</span> <span class='ocrx_word' id='word_1_344' title='bbox 1550 3393 1767 3463; x_wconf 80' lang='grc' dir='ltr'>ὁμιλίας</span> <span class='ocrx_word' id='word_1_345' title='bbox 1796 3393 1891 3447; x_wconf 78' lang='grc' dir='ltr'><strong>ὑπ’</strong></span> 
     </span>
    </p>
   </div>
   <div class='ocr_carea' id='block_1_49' title="bbox 306 3468 1888 3551">
    <p class='ocr_par' dir='ltr' id='par_1_49' title="bbox 306 3468 1888 3551">
     <span class='ocr_line' id='line_1_49' title="bbox 306 3468 1888 3551; baseline 0.009 -31"><span class='ocrx_word' id='word_1_346' title='bbox 306 3468 476 3539; x_wconf 76' lang='grc' dir='ltr'>αὐτῆς</span> <span class='ocrx_word' id='word_1_347' title='bbox 504 3470 606 3540; x_wconf 84' lang='grc' dir='ltr'>τῆς</span> <span class='ocrx_word' id='word_1_348' title='bbox 646 3472 756 3525; x_wconf 85' lang='grc' dir='ltr'><strong>τῶν</strong></span> <span class='ocrx_word' id='word_1_349' title='bbox 803 3476 1146 3546; x_wconf 84' lang='grc' dir='ltr'>πραγμάτων</span> <span class='ocrx_word' id='word_1_350' title='bbox 1183 3478 1465 3551; x_wconf 81' lang='grc' dir='ltr'>ἐνεργείας</span> <span class='ocrx_word' id='word_1_351' title='bbox 1493 3480 1720 3551; x_wconf 81' lang='grc' dir='ltr'>ἐόιάσθη</span> <span class='ocrx_word' id='word_1_352' title='bbox 1749 3498 1888 3551; x_wconf 90' lang='grc' dir='ltr'>συμ-</span> 
     </span>
    </p>
   </div>
   <div class='ocr_carea' id='block_1_50' title="bbox 305 3558 1884 3636">
    <p class='ocr_par' dir='ltr' id='par_1_50' title="bbox 305 3558 1884 3636">
     <span class='ocr_line' id='line_1_50' title="bbox 305 3558 1884 3636; baseline 0.009 -25"><span class='ocrx_word' id='word_1_353' title='bbox 305 3558 674 3629; x_wconf 76' lang='grc' dir='ltr'>φθέγξασθαι·</span> <span class='ocrx_word' id='word_1_354' title='bbox 722 3564 928 3635; x_wconf 84' lang='grc' dir='ltr'>θρασὺν</span> <span class='ocrx_word' id='word_1_355' title='bbox 977 3567 1022 3618; x_wconf 87' lang='grc' dir='ltr'>δ’</span> <span class='ocrx_word' id='word_1_356' title='bbox 1048 3567 1210 3622; x_wconf 75' lang='grc' dir='ltr'>αὑτὸν</span> <span class='ocrx_word' id='word_1_357' title='bbox 1251 3569 1280 3621; x_wconf 84' lang='grc' dir='ltr'><strong>ό</strong></span> <span class='ocrx_word' id='word_1_358' title='bbox 1319 3569 1550 3635; x_wconf 82' lang='grc' dir='ltr'>δείλαιος</span> <span class='ocrx_word' id='word_1_359' title='bbox 1592 3573 1884 3636; x_wconf 81' lang='grc' dir='ltr'>ἀποκαλεῖ,</span> 
     </span>
    </p>
   </div>
   <div class='ocr_carea' id='block_1_51' title="bbox 2072 3216 3561 3290">
    <p class='ocr_par' dir='ltr' id='par_1_51' title="bbox 2072 3216 3561 3290">
     <span class='ocr_line' id='line_1_51' title="bbox 2072 3216 3561 3290; baseline 0.009 -20"><span class='ocrx_word' id='word_1_360' title='bbox 2072 3216 2276 3272; x_wconf 84' lang='lat' dir='ltr'><strong>Basilio</strong></span> <span class='ocrx_word' id='word_1_361' title='bbox 2305 3233 2435 3275; x_wconf 88' lang='lat' dir='ltr'><strong>vero</strong></span> <span class='ocrx_word' id='word_1_362' title='bbox 2461 3219 2657 3290; x_wconf 79' lang='lat' dir='ltr'><strong>Magno</strong></span> <span class='ocrx_word' id='word_1_363' title='bbox 2688 3222 3020 3278; x_wconf 82' lang='lat' dir='ltr'><strong>calumniam</strong></span> <span class='ocrx_word' id='word_1_364' title='bbox 3058 3234 3239 3281; x_wconf 78' lang='lat' dir='ltr'><strong>texere</strong></span> <span class='ocrx_word' id='word_1_365' title='bbox 3272 3241 3442 3284; x_wconf 83' lang='lat' dir='ltr'><strong>ausus</strong></span> <span class='ocrx_word' id='word_1_366' title='bbox 3468 3240 3561 3284; x_wconf 79' lang='lat' dir='ltr'><strong>est</strong></span> 
     </span>
    </p>
   </div>
   <div class='ocr_carea' id='block_1_52' title="bbox 1996 3308 3584 3378">
    <p class='ocr_par' dir='ltr' id='par_1_52' title="bbox 1996 3308 3584 3378">
     <span class='ocr_line' id='line_1_52' title="bbox 1996 3308 3584 3378; baseline 0.007 -13"><span class='ocrx_word' id='word_1_367' title='bbox 1996 3322 2104 3378; x_wconf 83' lang='lat' dir='ltr'><strong>qua</strong></span> <span class='ocrx_word' id='word_1_368' title='bbox 2137 3308 2490 3365; x_wconf 84' lang='lat' dir='ltr'><strong>illustriorem</strong></span> <span class='ocrx_word' id='word_1_369' title='bbox 2527 3328 2645 3365; x_wconf 80' lang='lat' dir='ltr'><strong>rum</strong></span> <span class='ocrx_word' id='word_1_370' title='bbox 2679 3313 2935 3368; x_wconf 88' lang='lat' dir='ltr'><strong>reddidit.</strong></span> <span class='ocrx_word' id='word_1_371' title='bbox 2975 3313 3092 3369; x_wconf 87' lang='lat' dir='ltr'><strong>Vim</strong></span> <span class='ocrx_word' id='word_1_372' title='bbox 3129 3317 3273 3372; x_wconf 87' lang='lat' dir='ltr'><strong>enim</strong></span> <span class='ocrx_word' id='word_1_373' title='bbox 3320 3327 3376 3374; x_wconf 90' lang='lat' dir='ltr'><strong>et</strong></span> <span class='ocrx_word' id='word_1_374' title='bbox 3404 3334 3584 3375; x_wconf 73' lang='lat' dir='ltr'><strong>venu—</strong></span> 
     </span>
    </p>
   </div>
   <div class='ocr_carea' id='block_1_53' title="bbox 1976 3397 3583 3479">
    <p class='ocr_par' dir='ltr' id='par_1_53' title="bbox 1976 3397 3583 3479">
     <span class='ocr_line' id='line_1_53' title="bbox 1976 3397 3583 3479; baseline 0.009 -25"><span class='ocrx_word' id='word_1_375' title='bbox 1976 3397 2187 3455; x_wconf 63' lang='lat' dir='ltr'><strong>&#39;statem</strong></span> <span class='ocrx_word' id='word_1_376' title='bbox 2223 3402 2496 3457; x_wconf 84' lang='lat' dir='ltr'><strong>sermonis</strong></span> <span class='ocrx_word' id='word_1_377' title='bbox 2527 3403 2579 3457; x_wconf 91' lang='lat' dir='ltr'><strong>in</strong></span> <span class='ocrx_word' id='word_1_378' title='bbox 2612 3406 2989 3479; x_wconf 85' lang='lat' dir='ltr'><strong>concionibns,</strong></span> <span class='ocrx_word' id='word_1_379' title='bbox 3027 3408 3144 3478; x_wconf 88' lang='lat' dir='ltr'><strong>ipsa</strong></span> <span class='ocrx_word' id='word_1_380' title='bbox 3173 3411 3251 3465; x_wconf 86' lang='lat' dir='ltr'><strong>rei</strong></span> <span class='ocrx_word' id='word_1_381' title='bbox 3299 3411 3583 3468; x_wconf 77' lang='lat' dir='ltr'><strong>evidentia</strong></span> 
     </span>
    </p>
   </div>
   <div class='ocr_carea' id='block_1_54' title="bbox 1990 3490 3583 3571">
    <p class='ocr_par' dir='ltr' id='par_1_54' title="bbox 1990 3490 3583 3571">
     <span class='ocr_line' id='line_1_54' title="bbox 1990 3490 3583 3571; baseline 0.01 -28"><span class='ocrx_word' id='word_1_382' title='bbox 1990 3490 2147 3545; x_wconf 69' lang='lat' dir='ltr'><strong>fateri</strong></span> <span class='ocrx_word' id='word_1_383' title='bbox 2178 3503 2409 3547; x_wconf 85' lang='lat' dir='ltr'><strong>coactus</strong></span> <span class='ocrx_word' id='word_1_384' title='bbox 2435 3503 2537 3548; x_wconf 83' lang='lat' dir='ltr'><strong>est.</strong></span> <span class='ocrx_word' id='word_1_385' title='bbox 2573 3494 2947 3552; x_wconf 86' lang='lat' dir='ltr'><strong>Temerarium</strong></span> <span class='ocrx_word' id='word_1_386' title='bbox 2990 3508 3170 3555; x_wconf 78' lang='lat' dir='ltr'><strong>tamen</strong></span> <span class='ocrx_word' id='word_1_387' title='bbox 3202 3501 3380 3571; x_wconf 88' lang='lat' dir='ltr'><strong>ipsum</strong></span> <span class='ocrx_word' id='word_1_388' title='bbox 3410 3503 3583 3559; x_wconf 80' lang='lat' dir='ltr'><strong>homo</strong></span> 
     </span>
    </p>
   </div>
   <div class='ocr_carea' id='block_1_55' title="bbox 1988 3581 3577 3659">
    <p class='ocr_par' dir='ltr' id='par_1_55' title="bbox 1988 3581 3577 3659">
     <span class='ocr_line' id='line_1_55' title="bbox 1988 3581 3577 3659; baseline 0.011 -24"><span class='ocrx_word' id='word_1_389' title='bbox 1988 3581 2161 3640; x_wconf 82' lang='lat' dir='ltr'><strong>futilis</strong></span> <span class='ocrx_word' id='word_1_390' title='bbox 2211 3585 2466 3653; x_wconf 74' lang='lat' dir='ltr'><strong>appellat,</strong></span> <span class='ocrx_word' id='word_1_391' title='bbox 2496 3600 2595 3641; x_wconf 91' lang='lat' dir='ltr'><strong>nec</strong></span> <span class='ocrx_word' id='word_1_392' title='bbox 2646 3588 2699 3641; x_wconf 89' lang='lat' dir='ltr'><strong>in</strong></span> <span class='ocrx_word' id='word_1_393' title='bbox 2751 3588 3043 3646; x_wconf 79' lang='lat' dir='ltr'><strong>refutando</strong></span> <span class='ocrx_word' id='word_1_394' title='bbox 3086 3592 3474 3659; x_wconf 78' lang='lat' dir='ltr'><strong>exercitatum,</strong></span> <span class='ocrx_word' id='word_1_395' title='bbox 3504 3609 3577 3652; x_wconf 84' lang='lat' dir='ltr'><strong>eo</strong></span> 
     </span>
    </p>
   </div>
   <div class='ocr_carea' id='block_1_56' title="bbox 306 3648 1915 3751">
    <p class='ocr_par' dir='ltr' id='par_1_56' title="bbox 306 3652 1915 3733">
     <span class='ocr_line' id='line_1_56' title="bbox 306 3652 1915 3733; baseline 0.01 -29"><span class='ocrx_word' id='word_1_396' title='bbox 306 3653 396 3705; x_wconf 76' lang='grc' dir='ltr'>καὶ</span> <span class='ocrx_word' id='word_1_397' title='bbox 437 3652 795 3725; x_wconf 82' lang='grc' dir='ltr'>ἀντιλογικῶν</span> <span class='ocrx_word' id='word_1_398' title='bbox 824 3658 996 3729; x_wconf 78' lang='grc' dir='ltr'>λόγων</span> <span class='ocrx_word' id='word_1_399' title='bbox 1020 3662 1267 3732; x_wconf 80' lang='grc' dir='ltr'>ἄπειρον,</span> <span class='ocrx_word' id='word_1_400' title='bbox 1304 3662 1405 3726; x_wconf 82' lang='grc' dir='ltr'>ὅτι,</span> <span class='ocrx_word' id='word_1_401' title='bbox 1432 3665 1616 3733; x_wconf 66' lang='grc' dir='ltr'>φησιν,</span> <span class='ocrx_word' id='word_1_402' title='bbox 1649 3666 1881 3719; x_wconf 84' lang='grc' dir='ltr'>ἀπετόλ-</span> <span class='ocrx_word' id='word_1_403' title='bbox 1911 3662 1915 3693; x_wconf 77' lang='grc'><strong>¹</strong></span> 
     </span>
    </p>
   </div>
   <div class='ocr_carea' id='block_1_57' title="bbox 1996 3648 3530 3751">
    <p class='ocr_par' dir='ltr' id='par_1_57' title="bbox 1996 3648 3530 3751">
     <span class='ocr_line' id='line_1_57' title="bbox 1996 3648 3530 3751; baseline 0.008 -26"><span class='ocrx_word' id='word_1_404' title='bbox 1996 3673 2157 3743; x_wconf 84' lang='lat' dir='ltr'><strong>quod,</strong></span> <span class='ocrx_word' id='word_1_405' title='bbox 2189 3648 2375 3740; x_wconf 36' lang='lat' dir='ltr'><strong>tit-ait,</strong></span> <span class='ocrx_word' id='word_1_406' title='bbox 2400 3648 2653 3731; x_wconf 83' lang='lat' dir='ltr'><strong>Eunomii</strong></span> <span class='ocrx_word' id='word_1_407' title='bbox 2691 3678 2845 3735; x_wconf 87' lang='lat' dir='ltr'><strong>libris</strong></span> <span class='ocrx_word' id='word_1_408' title='bbox 2871 3683 3203 3751; x_wconf 79' lang='lat' dir='ltr'><strong>respondere</strong></span> <span class='ocrx_word' id='word_1_409' title='bbox 3231 3648 3403 3741; x_wconf 76' lang='lat' dir='ltr'><strong>ausus</strong></span> <span class='ocrx_word' id='word_1_410' title='bbox 3425 3648 3530 3741; x_wconf 54' lang='lat' dir='ltr'><strong>est:</strong></span> 
     </span>
    </p>
   </div>
   <div class='ocr_carea' id='block_1_58' title="bbox 309 3747 1725 3823">
    <p class='ocr_par' dir='ltr' id='par_1_58' title="bbox 309 3747 1725 3823">
     <span class='ocr_line' id='line_1_58' title="bbox 309 3747 1725 3823; baseline 0.01 -27"><span class='ocrx_word' id='word_1_411' title='bbox 309 3760 479 3815; x_wconf 87' lang='grc' dir='ltr'>μησεν</span> <span class='ocrx_word' id='word_1_412' title='bbox 505 3747 774 3816; x_wconf 83' lang='grc' dir='ltr'>Εὐνομίου</span> <span class='ocrx_word' id='word_1_413' title='bbox 801 3754 921 3815; x_wconf 83' lang='grc' dir='ltr'>ταῖς</span> <span class='ocrx_word' id='word_1_414' title='bbox 950 3755 1291 3823; x_wconf 82' lang='grc' dir='ltr'>συγγραφαῖς</span> <span class='ocrx_word' id='word_1_415' title='bbox 1317 3754 1725 3820; x_wconf 74' lang='grc' dir='ltr'>ἀντιτάξασθαι.</span> 
     </span>
    </p>
   </div>
   <div class='ocr_carea' id='block_1_59' title="bbox 1147 3871 2701 3945">
    <p class='ocr_par' dir='ltr' id='par_1_59' title="bbox 1147 3871 2701 3945">
     <span class='ocr_line' id='line_1_59' title="bbox 1147 3871 2701 3945; baseline 0.007 -20"><span class='ocrx_word' id='word_1_416' title='bbox 1147 3871 1225 3926; x_wconf 86' lang='lat' dir='ltr'><strong>De</strong></span> <span class='ocrx_word' id='word_1_417' title='bbox 1250 3871 1477 3928; x_wconf 88' lang='lat' dir='ltr'><strong>Leontio</strong></span> <span class='ocrx_word' id='word_1_418' title='bbox 1513 3889 1595 3942; x_wconf 86' lang='lat' dir='ltr'><strong>ep.</strong></span> <span class='ocrx_word' id='word_1_419' title='bbox 1627 3872 1876 3943; x_wconf 83' lang='lat' dir='ltr'><strong>Tripolis,</strong></span> <span class='ocrx_word' id='word_1_420' title='bbox 1917 3875 2058 3944; x_wconf 84' lang='lat' dir='ltr'><strong>apud</strong></span> <span class='ocrx_word' id='word_1_421' title='bbox 2089 3872 2311 3928; x_wconf 84' lang='lat' dir='ltr'><strong>Suidam</strong></span> <span class='ocrx_word' id='word_1_422' title='bbox 2346 3875 2397 3928; x_wconf 86' lang='lat' dir='ltr'><strong>in</strong></span> <span class='ocrx_word' id='word_1_423' title='bbox 2434 3877 2701 3945; x_wconf 80' lang='grc' dir='ltr'>Λεόντιος.</span> 
     </span>
    </p>
   </div>
   <div class='ocr_carea' id='block_1_60' title="bbox 378 3980 1886 4059">
    <p class='ocr_par' dir='ltr' id='par_1_60' title="bbox 378 3980 1886 4059">
     <span class='ocr_line' id='line_1_60' title="bbox 378 3980 1886 4059; baseline 0.003 -26"><span class='ocrx_word' id='word_1_424' title='bbox 378 3980 481 4033; x_wconf 83' lang='grc' dir='ltr'><strong>Τὸν</strong></span> <span class='ocrx_word' id='word_1_425' title='bbox 502 3980 741 4035; x_wconf 77' lang='grc' dir='ltr'>τοιοῦτον</span> <span class='ocrx_word' id='word_1_426' title='bbox 762 3983 1010 4038; x_wconf 84' lang='grc' dir='ltr'>Λεόντιον</span> <span class='ocrx_word' id='word_1_427' title='bbox 1037 3985 1509 4058; x_wconf 77' lang='grc' dir='ltr'>προσεταιρίζεται</span> <span class='ocrx_word' id='word_1_428' title='bbox 1536 3989 1564 4040; x_wconf 87' lang='grc' dir='ltr'>ὁ</span> <span class='ocrx_word' id='word_1_429' title='bbox 1594 3987 1886 4059; x_wconf 73' lang='grc' dir='ltr'>κακόφρων</span> 
     </span>
    </p>
   </div>
   <div class='ocr_carea' id='block_1_61' title="bbox 302 4070 1885 4150">
    <p class='ocr_par' dir='ltr' id='par_1_61' title="bbox 302 4070 1885 4150">
     <span class='ocr_line' id='line_1_61' title="bbox 302 4070 1885 4150; baseline 0.006 -27"><span class='ocrx_word' id='word_1_430' title='bbox 302 4070 681 4143; x_wconf 74' lang='grc' dir='ltr'>Φιλοστόργιος</span> <span class='ocrx_word' id='word_1_431' title='bbox 720 4076 776 4128; x_wconf 83' lang='grc' dir='ltr'>ὲν</span> <span class='ocrx_word' id='word_1_432' title='bbox 803 4077 869 4145; x_wconf 80' lang='grc' dir='ltr'><strong>τῇ</strong></span> <span class='ocrx_word' id='word_1_433' title='bbox 901 4074 1067 4145; x_wconf 77' lang='grc' dir='ltr'>βίϐλῳ</span> <span class='ocrx_word' id='word_1_434' title='bbox 1094 4077 1214 4129; x_wconf 71' lang='grc' dir='ltr'>ἀντὶ</span> <span class='ocrx_word' id='word_1_435' title='bbox 1234 4077 1349 4141; x_wconf 81' lang='grc' dir='ltr'>τοῦ,</span> <span class='ocrx_word' id='word_1_436' title='bbox 1379 4077 1452 4143; x_wconf 85' lang='grc' dir='ltr'>ὡς</span> <span class='ocrx_word' id='word_1_437' title='bbox 1478 4078 1756 4150; x_wconf 72' lang='grc' dir='ltr'>ὁμόφρονα</span> <span class='ocrx_word' id='word_1_438' title='bbox 1786 4077 1885 4147; x_wconf 85' lang='grc' dir='ltr'>τῆς</span> 
     </span>
    </p>
   </div>
   <div class='ocr_carea' id='block_1_62' title="bbox 316 4164 1316 4241">
    <p class='ocr_par' dir='ltr' id='par_1_62' title="bbox 316 4164 1316 4241">
     <span class='ocr_line' id='line_1_62' title="bbox 316 4164 1316 4241; baseline 0.007 -26"><span class='ocrx_word' id='word_1_439' title='bbox 316 4164 661 4236; x_wconf 76' lang='grc' dir='ltr'>Ἀρειανικῆς</span> <span class='ocrx_word' id='word_1_440' title='bbox 688 4165 851 4219; x_wconf 80' lang='grc' dir='ltr'>αὐτοῦ</span> <span class='ocrx_word' id='word_1_441' title='bbox 881 4168 1316 4241; x_wconf 65' lang='grc' dir='ltr'>κακοφροσύνης.</span> 
     </span>
    </p>
   </div>
   <div class='ocr_carea' id='block_1_63' title="bbox 2068 3984 3570 4068">
    <p class='ocr_par' dir='ltr' id='par_1_63' title="bbox 2068 3984 3570 4068">
     <span class='ocr_line' id='line_1_63' title="bbox 2068 3984 3570 4068; baseline 0.011 -30"><span class='ocrx_word' id='word_1_442' title='bbox 2068 3984 2224 4039; x_wconf 89' lang='lat' dir='ltr'><strong>llunc</strong></span> <span class='ocrx_word' id='word_1_443' title='bbox 2256 4002 2385 4042; x_wconf 89' lang='lat' dir='ltr'><strong>vero</strong></span> <span class='ocrx_word' id='word_1_444' title='bbox 2418 3985 2704 4043; x_wconf 84' lang='lat' dir='ltr'><strong>Leontium</strong></span> <span class='ocrx_word' id='word_1_445' title='bbox 2732 3990 2835 4046; x_wconf 87' lang='lat' dir='ltr'><strong>sibi</strong></span> <span class='ocrx_word' id='word_1_446' title='bbox 2871 3992 3111 4051; x_wconf 86' lang='lat' dir='ltr'><strong>vindicat</strong></span> <span class='ocrx_word' id='word_1_447' title='bbox 3139 3996 3421 4068; x_wconf 89' lang='lat' dir='ltr'><strong>improbus</strong></span> <span class='ocrx_word' id='word_1_448' title='bbox 3442 3999 3570 4055; x_wconf 83' lang='lat' dir='ltr'><strong>Pbi-</strong></span> 
     </span>
    </p>
   </div>
   <div class='ocr_carea' id='block_1_64' title="bbox 1992 4077 3573 4148">
    <p class='ocr_par' dir='ltr' id='par_1_64' title="bbox 1992 4077 3573 4148">
     <span class='ocr_line' id='line_1_64' title="bbox 1992 4077 3573 4148; baseline 0.011 -17"><span class='ocrx_word' id='word_1_449' title='bbox 1992 4077 2283 4148; x_wconf 80' lang='lat' dir='ltr'><strong>lostorgius</strong></span> <span class='ocrx_word' id='word_1_450' title='bbox 2313 4078 2366 4132; x_wconf 91' lang='lat' dir='ltr'><strong>in</strong></span> <span class='ocrx_word' id='word_1_451' title='bbox 2399 4079 2539 4134; x_wconf 89' lang='lat' dir='ltr'><strong>libro</strong></span> <span class='ocrx_word' id='word_1_452' title='bbox 2569 4119 2583 4135; x_wconf 93' lang='lat'><strong>.</strong></span> <span class='ocrx_word' id='word_1_453' title='bbox 2614 4119 2629 4134; x_wconf 93' lang='lat'><strong>.</strong></span> <span class='ocrx_word' id='word_1_454' title='bbox 2656 4119 2672 4136; x_wconf 91' lang='lat'><strong>.</strong></span> <span class='ocrx_word' id='word_1_455' title='bbox 2707 4083 2853 4138; x_wconf 85' lang='lat' dir='ltr'><strong>velut</strong></span> <span class='ocrx_word' id='word_1_456' title='bbox 2886 4088 3312 4144; x_wconf 88' lang='lat' dir='ltr'><strong>consentientem</strong></span> <span class='ocrx_word' id='word_1_457' title='bbox 3352 4094 3573 4148; x_wconf 62' lang='lat' dir='ltr'><strong>Arianae</strong></span> 
     </span>
    </p>
   </div>
   <div class='ocr_carea' id='block_1_65' title="bbox 1991 4168 2489 4239">
    <p class='ocr_par' dir='ltr' id='par_1_65' title="bbox 1991 4168 2489 4239">
     <span class='ocr_line' id='line_1_65' title="bbox 1991 4168 2489 4239; baseline 0 -16"><span class='ocrx_word' id='word_1_458' title='bbox 1991 4184 2105 4223; x_wconf 77' lang='lat' dir='ltr'><strong>suae</strong></span> <span class='ocrx_word' id='word_1_459' title='bbox 2135 4168 2489 4239; x_wconf 86' lang='lat' dir='ltr'><strong>improbitati.</strong></span> 
     </span>
    </p>
   </div>
   <div class='ocr_carea' id='block_1_66' title="bbox 392 4292 1915 4376">
    <p class='ocr_par' dir='ltr' id='par_1_66' title="bbox 392 4292 1911 4372">
     <span class='ocr_line' id='line_1_66' title="bbox 392 4292 1911 4372; baseline 0.007 -24"><span class='ocrx_word' id='word_1_460' title='bbox 392 4292 470 4349; x_wconf 85' lang='lat' dir='ltr'><strong>De</strong></span> <span class='ocrx_word' id='word_1_461' title='bbox 497 4293 752 4365; x_wconf 68' lang='lat' dir='ltr'><strong>Iordane,</strong></span> <span class='ocrx_word' id='word_1_462' title='bbox 779 4309 827 4352; x_wconf 88' lang='lat' dir='ltr'><strong>et</strong></span> <span class='ocrx_word' id='word_1_463' title='bbox 861 4300 923 4355; x_wconf 80' lang='lat' dir='ltr'><strong>de</strong></span> <span class='ocrx_word' id='word_1_464' title='bbox 955 4299 1223 4364; x_wconf 82' lang='lat' dir='ltr'><strong>Paneade,</strong></span> <span class='ocrx_word' id='word_1_465' title='bbox 1253 4304 1392 4372; x_wconf 82' lang='lat' dir='ltr'><strong>quod</strong></span> <span class='ocrx_word' id='word_1_466' title='bbox 1424 4305 1574 4359; x_wconf 77' lang='lat' dir='ltr'><strong>habet</strong></span> <span class='ocrx_word' id='word_1_467' title='bbox 1606 4305 1838 4361; x_wconf 83' lang='lat' dir='ltr'><strong>Joannes</strong></span> <span class='ocrx_word' id='word_1_468' title='bbox 1868 4305 1911 4359; x_wconf 83' lang='lat' dir='ltr'><strong><em>A</em></strong></span> 
     </span>
    </p>
   </div>
   <div class='ocr_carea' id='block_1_67' title="bbox 1996 4292 3406 4376">
    <p class='ocr_par' dir='ltr' id='par_1_67' title="bbox 1998 4298 3406 4376">
     <span class='ocr_line' id='line_1_67' title="bbox 1998 4298 3406 4376; baseline -0.001 -18"><span class='ocrx_word' id='word_1_469' title='bbox 1998 4304 2233 4358; x_wconf 79' lang='lat' dir='ltr'><strong>ochensis</strong></span> <span class='ocrx_word' id='word_1_470' title='bbox 2295 4298 2434 4371; x_wconf 81' lang='grc' dir='ltr'>Περὶ</span> <span class='ocrx_word' id='word_1_471' title='bbox 2470 4303 2850 4376; x_wconf 83' lang='grc' dir='ltr'>ἀρχαιολογίας</span> <span class='ocrx_word' id='word_1_472' title='bbox 2888 4305 2996 4361; x_wconf 79' lang='grc' dir='ltr'><strong>ἀπὸ</strong></span> <span class='ocrx_word' id='word_1_473' title='bbox 3028 4302 3127 4373; x_wconf 80' lang='grc' dir='ltr'>τῆς</span> <span class='ocrx_word' id='word_1_474' title='bbox 3169 4302 3406 4373; x_wconf 71' lang='grc' dir='ltr'>ἱστορίας</span> 
     </span>
    </p>
   </div>
   <div class='ocr_carea' id='block_1_68' title="bbox 1730 4400 2128 4470">
    <p class='ocr_par' dir='ltr' id='par_1_68' title="bbox 1730 4400 2128 4470">
     <span class='ocr_line' id='line_1_68' title="bbox 1730 4400 2128 4470; baseline 0 -15"><span class='ocrx_word' id='word_1_475' title='bbox 1730 4402 1951 4456; x_wconf 75' lang='grc' dir='ltr'>Φιλοστο</span> <span class='ocrx_word' id='word_1_476' title='bbox 1959 4400 2128 4470; x_wconf 80' lang='grc' dir='ltr'>ργίου.</span> 
     </span>
    </p>
   </div>
   <div class='ocr_carea' id='block_1_69' title="bbox 382 4486 1879 4562">
    <p class='ocr_par' dir='ltr' id='par_1_69' title="bbox 382 4486 1879 4562">
     <span class='ocr_line' id='line_1_69' title="bbox 382 4486 1879 4562; baseline 0.003 -23"><span class='ocrx_word' id='word_1_477' title='bbox 382 4486 501 4539; x_wconf 77' lang='grc' dir='ltr'><strong>Ἐπ’</strong></span> <span class='ocrx_word' id='word_1_478' title='bbox 524 4487 771 4556; x_wconf 71' lang='grc' dir='ltr'>ἐσχάτοις</span> <span class='ocrx_word' id='word_1_479' title='bbox 799 4486 894 4556; x_wconf 76' lang='grc' dir='ltr'>τῆς</span> <span class='ocrx_word' id='word_1_480' title='bbox 925 4488 1283 4561; x_wconf 83' lang='grc' dir='ltr'>Παλαιστίνης</span> <span class='ocrx_word' id='word_1_481' title='bbox 1318 4492 1572 4562; x_wconf 77' lang='grc' dir='ltr'>τέρμασι,</span> <span class='ocrx_word' id='word_1_482' title='bbox 1611 4491 1728 4561; x_wconf 76' lang='grc' dir='ltr'>μεθ’</span> <span class='ocrx_word' id='word_1_483' title='bbox 1751 4490 1817 4561; x_wconf 83' lang='grc' dir='ltr'>ἢν</span> <span class='ocrx_word' id='word_1_484' title='bbox 1847 4491 1879 4560; x_wconf 83' lang='grc' dir='ltr'>ἡ</span> 
     </span>
    </p>
   </div>
   <div class='ocr_carea' id='block_1_70' title="bbox 2062 4485 3573 4563">
    <p class='ocr_par' dir='ltr' id='par_1_70' title="bbox 2062 4485 3573 4563">
     <span class='ocr_line' id='line_1_70' title="bbox 2062 4485 3573 4563; baseline 0.006 -23"><span class='ocrx_word' id='word_1_485' title='bbox 2062 4488 2142 4541; x_wconf 83' lang='lat' dir='ltr'><strong>Ad</strong></span> <span class='ocrx_word' id='word_1_486' title='bbox 2170 4496 2445 4542; x_wconf 78' lang='lat' dir='ltr'><strong>extremos</strong></span> <span class='ocrx_word' id='word_1_487' title='bbox 2469 4485 2772 4543; x_wconf 67' lang='lat' dir='ltr'><strong>Palaestina:</strong></span> <span class='ocrx_word' id='word_1_488' title='bbox 2802 4489 2959 4557; x_wconf 88' lang='lat' dir='ltr'><strong>lines,</strong></span> <span class='ocrx_word' id='word_1_489' title='bbox 3008 4501 3297 4563; x_wconf 81' lang='lat' dir='ltr'><strong>postquam</strong></span> <span class='ocrx_word' id='word_1_490' title='bbox 3350 4494 3573 4552; x_wconf 77' lang='lat' dir='ltr'><strong>Phtrni-</strong></span> 
     </span>
    </p>
   </div>
   <div class='ocr_carea' id='block_1_71' title="bbox 300 4573 1915 4656">
    <p class='ocr_par' dir='ltr' id='par_1_71' title="bbox 300 4579 1884 4654">
     <span class='ocr_line' id='line_1_71' title="bbox 300 4579 1884 4654; baseline 0.004 -24"><span class='ocrx_word' id='word_1_491' title='bbox 300 4579 408 4633; x_wconf 79' lang='grc' dir='ltr'><strong>τῶν</strong></span> <span class='ocrx_word' id='word_1_492' title='bbox 460 4579 721 4632; x_wconf 78' lang='grc' dir='ltr'>Φοινίκων</span> <span class='ocrx_word' id='word_1_493' title='bbox 774 4580 1072 4650; x_wconf 80' lang='grc' dir='ltr'>ἐκδέχεται,</span> <span class='ocrx_word' id='word_1_494' title='bbox 1106 4586 1282 4636; x_wconf 82' lang='grc' dir='ltr'>κεῖται</span> <span class='ocrx_word' id='word_1_495' title='bbox 1331 4584 1484 4647; x_wconf 84' lang='grc' dir='ltr'>πόλις</span> <span class='ocrx_word' id='word_1_496' title='bbox 1531 4585 1638 4637; x_wconf 69' lang='grc' dir='ltr'>Δέιν</span> <span class='ocrx_word' id='word_1_497' title='bbox 1689 4586 1884 4654; x_wconf 79' lang='grc' dir='ltr'>ὀνομα-</span> 
     </span>
    </p>
   </div>
   <div class='ocr_carea' id='block_1_72' title="bbox 1996 4573 3573 4656">
    <p class='ocr_par' dir='ltr' id='par_1_72' title="bbox 1996 4579 3573 4656">
     <span class='ocr_line' id='line_1_72' title="bbox 1996 4579 3573 4656; baseline 0.006 -23"><span class='ocrx_word' id='word_1_498' title='bbox 1996 4580 2069 4633; x_wconf 83' lang='lat' dir='ltr'><strong>cia</strong></span> <span class='ocrx_word' id='word_1_499' title='bbox 2095 4580 2319 4648; x_wconf 83' lang='lat' dir='ltr'><strong>excipit,</strong></span> <span class='ocrx_word' id='word_1_500' title='bbox 2353 4580 2457 4634; x_wconf 88' lang='lat' dir='ltr'><strong>sita</strong></span> <span class='ocrx_word' id='word_1_501' title='bbox 2481 4589 2566 4634; x_wconf 87' lang='lat' dir='ltr'><strong>est</strong></span> <span class='ocrx_word' id='word_1_502' title='bbox 2600 4579 2731 4635; x_wconf 86' lang='lat' dir='ltr'><strong>urbs</strong></span> <span class='ocrx_word' id='word_1_503' title='bbox 2770 4597 2891 4650; x_wconf 69' lang='lat' dir='ltr'><strong>qua:</strong></span> <span class='ocrx_word' id='word_1_504' title='bbox 2923 4581 3036 4637; x_wconf 87' lang='lat' dir='ltr'><strong>Dan</strong></span> <span class='ocrx_word' id='word_1_505' title='bbox 3089 4585 3244 4656; x_wconf 57' lang='lat' dir='ltr'><strong>pius</strong></span> <span class='ocrx_word' id='word_1_506' title='bbox 3274 4587 3573 4644; x_wconf 81' lang='lat' dir='ltr'><strong>vocabatur</strong></span> 
     </span>
    </p>
   </div>
   <div class='ocr_carea' id='block_1_73' title="bbox 302 4670 1887 4747">
    <p class='ocr_par' dir='ltr' id='par_1_73' title="bbox 302 4670 1887 4747">
     <span class='ocr_line' id='line_1_73' title="bbox 302 4670 1887 4747; baseline 0.004 -25"><span class='ocrx_word' id='word_1_507' title='bbox 302 4670 494 4723; x_wconf 82' lang='grc' dir='ltr'>σθεῖσα</span> <span class='ocrx_word' id='word_1_508' title='bbox 526 4671 791 4741; x_wconf 84' lang='grc' dir='ltr'>πρότερον</span> <span class='ocrx_word' id='word_1_509' title='bbox 813 4672 876 4724; x_wconf 75' lang='grc' dir='ltr'>ἐκ</span> <span class='ocrx_word' id='word_1_510' title='bbox 904 4672 1001 4743; x_wconf 79' lang='grc' dir='ltr'>τῆς</span> <span class='ocrx_word' id='word_1_511' title='bbox 1030 4674 1124 4726; x_wconf 77' lang='grc' dir='ltr'>τοῦ</span> <span class='ocrx_word' id='word_1_512' title='bbox 1145 4675 1251 4728; x_wconf 81' lang='grc' dir='ltr'>Δὰν</span> <span class='ocrx_word' id='word_1_513' title='bbox 1275 4675 1469 4745; x_wconf 78' lang='grc' dir='ltr'>φυλῆς,</span> <span class='ocrx_word' id='word_1_514' title='bbox 1498 4676 1736 4746; x_wconf 86' lang='grc' dir='ltr'>ὁπηνίκα</span> <span class='ocrx_word' id='word_1_515' title='bbox 1759 4676 1887 4747; x_wconf 79' lang='grc' dir='ltr'>χρό-</span> 
     </span>
    </p>
   </div>
   <div class='ocr_carea' id='block_1_74' title="bbox 300 4756 1887 4836">
    <p class='ocr_par' dir='ltr' id='par_1_74' title="bbox 300 4756 1887 4836">
     <span class='ocr_line' id='line_1_74' title="bbox 300 4756 1887 4836; baseline 0.006 -26"><span class='ocrx_word' id='word_1_516' title='bbox 300 4778 390 4812; x_wconf 83' lang='grc' dir='ltr'><strong>νον</strong></span> <span class='ocrx_word' id='word_1_517' title='bbox 420 4762 506 4815; x_wconf 79' lang='grc' dir='ltr'><strong>ἐπ’</strong></span> <span class='ocrx_word' id='word_1_518' title='bbox 533 4763 634 4815; x_wconf 79' lang='grc' dir='ltr'>οὐκ</span> <span class='ocrx_word' id='word_1_519' title='bbox 668 4762 849 4831; x_wconf 84' lang='grc' dir='ltr'>ὀλίγον</span> <span class='ocrx_word' id='word_1_520' title='bbox 882 4756 1027 4817; x_wconf 81' lang='grc' dir='ltr'>οὗτοι</span> <span class='ocrx_word' id='word_1_521' title='bbox 1056 4764 1120 4836; x_wconf 82' lang='grc' dir='ltr'>δὴ</span> <span class='ocrx_word' id='word_1_522' title='bbox 1152 4766 1302 4835; x_wconf 84' lang='grc' dir='ltr'>μόνοι</span> <span class='ocrx_word' id='word_1_523' title='bbox 1334 4767 1428 4820; x_wconf 77' lang='grc' dir='ltr'><strong>τοῦ</strong></span> <span class='ocrx_word' id='word_1_524' title='bbox 1465 4768 1665 4831; x_wconf 86' lang='grc' dir='ltr'>παντὸς</span> <span class='ocrx_word' id='word_1_525' title='bbox 1702 4767 1887 4829; x_wconf 81' lang='grc' dir='ltr'>ἔθνους</span> 
     </span>
    </p>
   </div>
   <div class='ocr_carea' id='block_1_75' title="bbox 304 4852 1888 4929">
    <p class='ocr_par' dir='ltr' id='par_1_75' title="bbox 304 4852 1888 4929">
     <span class='ocr_line' id='line_1_75' title="bbox 304 4852 1888 4929; baseline 0.004 -24"><span class='ocrx_word' id='word_1_526' title='bbox 304 4852 668 4925; x_wconf 85' lang='grc' dir='ltr'>πλανώμενοι,</span> <span class='ocrx_word' id='word_1_527' title='bbox 700 4854 1005 4908; x_wconf 81' lang='grc' dir='ltr'>τελευταῖον</span> <span class='ocrx_word' id='word_1_528' title='bbox 1049 4857 1116 4908; x_wconf 84' lang='grc' dir='ltr'>τὰ</span> <span class='ocrx_word' id='word_1_529' title='bbox 1158 4857 1332 4929; x_wconf 79' lang='grc' dir='ltr'>ταύτῃ</span> <span class='ocrx_word' id='word_1_530' title='bbox 1376 4859 1734 4929; x_wconf 81' lang='grc' dir='ltr'>κατασχόντες</span> <span class='ocrx_word' id='word_1_531' title='bbox 1780 4878 1888 4929; x_wconf 83' lang='grc' dir='ltr'>χω·-</span> 
     </span>
    </p>
   </div>
   <div class='ocr_carea' id='block_1_76' title="bbox 306 4942 1885 5022">
    <p class='ocr_par' dir='ltr' id='par_1_76' title="bbox 306 4942 1885 5022">
     <span class='ocr_line' id='line_1_76' title="bbox 306 4942 1885 5022; baseline 0.006 -27"><span class='ocrx_word' id='word_1_532' title='bbox 306 4942 421 5016; x_wconf 79' lang='grc' dir='ltr'>ρία,</span> <span class='ocrx_word' id='word_1_533' title='bbox 458 4944 617 5014; x_wconf 87' lang='grc' dir='ltr'>μόγις</span> <span class='ocrx_word' id='word_1_534' title='bbox 645 4944 988 5016; x_wconf 76' lang='grc' dir='ltr'>ἱδρύνθησαν.</span> <span class='ocrx_word' id='word_1_535' title='bbox 1022 4949 1116 5000; x_wconf 75' lang='grc' dir='ltr'>καὶ</span> <span class='ocrx_word' id='word_1_536' title='bbox 1146 4948 1299 5001; x_wconf 85' lang='grc' dir='ltr'>πόλιν</span> <span class='ocrx_word' id='word_1_537' title='bbox 1326 4949 1418 5002; x_wconf 79' lang='grc' dir='ltr'><strong>ἐπὶ</strong></span> <span class='ocrx_word' id='word_1_538' title='bbox 1438 4953 1546 5013; x_wconf 86' lang='grc' dir='ltr'>τοῖς</span> <span class='ocrx_word' id='word_1_539' title='bbox 1577 4951 1765 5022; x_wconf 85' lang='grc' dir='ltr'>ἄκροις</span> <span class='ocrx_word' id='word_1_540' title='bbox 1788 4952 1885 5004; x_wconf 79' lang='grc' dir='ltr'><strong>αὐ-</strong></span> 
     </span>
    </p>
   </div>
   <div class='ocr_carea' id='block_1_77' title="bbox 300 5033 1889 5111">
    <p class='ocr_par' dir='ltr' id='par_1_77' title="bbox 300 5033 1889 5111">
     <span class='ocr_line' id='line_1_77' title="bbox 300 5033 1889 5111; baseline 0.003 -22"><span class='ocrx_word' id='word_1_541' title='bbox 300 5033 415 5090; x_wconf 82' lang='grc' dir='ltr'><strong>τῶν</strong></span> <span class='ocrx_word' id='word_1_542' title='bbox 443 5034 593 5105; x_wconf 79' lang='grc' dir='ltr'>ὄρεσι</span> <span class='ocrx_word' id='word_1_543' title='bbox 617 5035 955 5106; x_wconf 85' lang='grc' dir='ltr'>δειμάμενοι,</span> <span class='ocrx_word' id='word_1_544' title='bbox 980 5036 1077 5108; x_wconf 80' lang='grc' dir='ltr'>τὴν</span> <span class='ocrx_word' id='word_1_545' title='bbox 1105 5038 1197 5091; x_wconf 77' lang='grc' dir='ltr'><strong>τοῦ</strong></span> <span class='ocrx_word' id='word_1_546' title='bbox 1219 5039 1499 5110; x_wconf 77' lang='grc' dir='ltr'>Φυλάρχου</span> <span class='ocrx_word' id='word_1_547' title='bbox 1522 5040 1670 5108; x_wconf 70' lang='grc' dir='ltr'>σφῶν</span> <span class='ocrx_word' id='word_1_548' title='bbox 1698 5041 1889 5111; x_wconf 76' lang='grc' dir='ltr'>ἐπέθη-</span> 
     </span>
    </p>
   </div>
   <div class='ocr_carea' id='block_1_78' title="bbox 303 5121 1886 5197">
    <p class='ocr_par' dir='ltr' id='par_1_78' title="bbox 303 5121 1886 5197">
     <span class='ocr_line' id='line_1_78' title="bbox 303 5121 1886 5197; baseline 0.003 -20"><span class='ocrx_word' id='word_1_549' title='bbox 303 5140 408 5177; x_wconf 87' lang='grc' dir='ltr'><strong>καν</strong></span> <span class='ocrx_word' id='word_1_550' title='bbox 458 5123 669 5195; x_wconf 79' lang='grc' dir='ltr'>κλῆσιν.</span> <span class='ocrx_word' id='word_1_551' title='bbox 704 5123 814 5177; x_wconf 77' lang='grc' dir='ltr'><strong>Καὶ</strong></span> <span class='ocrx_word' id='word_1_552' title='bbox 861 5123 1020 5176; x_wconf 81' lang='grc' dir='ltr'>τοῦτο</span> <span class='ocrx_word' id='word_1_553' title='bbox 1068 5121 1134 5196; x_wconf 78' lang='grc' dir='ltr'>ἦν</span> <span class='ocrx_word' id='word_1_554' title='bbox 1176 5126 1276 5196; x_wconf 75' lang='grc' dir='ltr'>τῆς</span> <span class='ocrx_word' id='word_1_555' title='bbox 1309 5125 1570 5190; x_wconf 79' lang='grc' dir='ltr'>Ἰουδαίας</span> <span class='ocrx_word' id='word_1_556' title='bbox 1601 5128 1628 5178; x_wconf 81' lang='grc' dir='ltr'>ὁ</span> <span class='ocrx_word' id='word_1_557' title='bbox 1661 5126 1886 5197; x_wconf 75' lang='grc' dir='ltr'>ἔσχατος</span> 
     </span>
    </p>
   </div>
   <div class='ocr_carea' id='block_1_79' title="bbox 305 5212 1886 5288">
    <p class='ocr_par' dir='ltr' id='par_1_79' title="bbox 305 5212 1886 5288">
     <span class='ocr_line' id='line_1_79' title="bbox 305 5212 1886 5288; baseline 0.001 -20"><span class='ocrx_word' id='word_1_558' title='bbox 305 5212 445 5284; x_wconf 78' lang='grc' dir='ltr'>πρὸς</span> <span class='ocrx_word' id='word_1_559' title='bbox 476 5212 731 5282; x_wconf 79' lang='grc' dir='ltr'>Φοινίκην</span> <span class='ocrx_word' id='word_1_560' title='bbox 760 5212 904 5282; x_wconf 71' lang='grc' dir='ltr'>ὅρος.</span> <span class='ocrx_word' id='word_1_561' title='bbox 934 5213 1149 5284; x_wconf 80' lang='grc' dir='ltr'>Ταύτην</span> <span class='ocrx_word' id='word_1_562' title='bbox 1180 5215 1356 5285; x_wconf 83' lang='grc' dir='ltr'>χρόνῳ</span> <span class='ocrx_word' id='word_1_563' title='bbox 1387 5214 1611 5286; x_wconf 72' lang='grc' dir='ltr'>ὕστερον</span> <span class='ocrx_word' id='word_1_564' title='bbox 1641 5216 1886 5288; x_wconf 75' lang='grc' dir='ltr'>Ἡρώδης</span> 
     </span>
    </p>
   </div>
   <div class='ocr_carea' id='block_1_80' title="bbox 299 5303 1889 5378">
    <p class='ocr_par' dir='ltr' id='par_1_80' title="bbox 299 5303 1889 5378">
     <span class='ocr_line' id='line_1_80' title="bbox 299 5303 1889 5378; baseline 0.002 -19"><span class='ocrx_word' id='word_1_565' title='bbox 299 5308 333 5359; x_wconf 80' lang='grc' dir='ltr'><strong><em>ὸ</em></strong></span> <span class='ocrx_word' id='word_1_566' title='bbox 367 5303 542 5374; x_wconf 78' lang='grc' dir='ltr'>μέγας</span> <span class='ocrx_word' id='word_1_567' title='bbox 573 5304 957 5375; x_wconf 73' lang='grc' dir='ltr'>οἰκοδομήσας,</span> <span class='ocrx_word' id='word_1_568' title='bbox 988 5308 1320 5378; x_wconf 79' lang='grc' dir='ltr'>Καισάρειαν</span> <span class='ocrx_word' id='word_1_569' title='bbox 1347 5308 1614 5360; x_wconf 82' lang='grc' dir='ltr'>Φιλίππου</span> <span class='ocrx_word' id='word_1_570' title='bbox 1651 5311 1889 5378; x_wconf 86' lang='grc' dir='ltr'>μετωνό-</span> 
     </span>
    </p>
   </div>
   <div class='ocr_carea' id='block_1_81' title="bbox 305 5395 1886 5471">
    <p class='ocr_par' dir='ltr' id='par_1_81' title="bbox 305 5395 1886 5471">
     <span class='ocr_line' id='line_1_81' title="bbox 305 5395 1886 5471; baseline 0.003 -22"><span class='ocrx_word' id='word_1_571' title='bbox 305 5413 452 5469; x_wconf 82' lang='grc' dir='ltr'>μασε</span> <span class='ocrx_word' id='word_1_572' title='bbox 470 5412 486 5425; x_wconf 80' lang='grc'><strong>’</strong></span> <span class='ocrx_word' id='word_1_573' title='bbox 534 5395 630 5449; x_wconf 79' lang='grc' dir='ltr'><strong>νῦν</strong></span> <span class='ocrx_word' id='word_1_574' title='bbox 662 5395 720 5448; x_wconf 82' lang='grc' dir='ltr'>δὲ</span> <span class='ocrx_word' id='word_1_575' title='bbox 750 5397 961 5462; x_wconf 83' lang='grc' dir='ltr'>Πανεάς</span> <span class='ocrx_word' id='word_1_576' title='bbox 987 5400 1097 5451; x_wconf 71' lang='grc' dir='ltr'>ἐστι</span> <span class='ocrx_word' id='word_1_577' title='bbox 1126 5399 1451 5470; x_wconf 80' lang='grc' dir='ltr'>καλουμένη.</span> <span class='ocrx_word' id='word_1_578' title='bbox 1485 5401 1556 5453; x_wconf 82' lang='grc' dir='ltr'>Τὸ</span> <span class='ocrx_word' id='word_1_579' title='bbox 1582 5401 1689 5471; x_wconf 82' lang='grc' dir='ltr'><strong>γὰρ</strong></span> <span class='ocrx_word' id='word_1_580' title='bbox 1714 5402 1886 5464; x_wconf 76' lang='grc' dir='ltr'>Πανὸς</span> 
     </span>
    </p>
   </div>
   <div class='ocr_carea' id='block_1_82' title="bbox 303 5486 1889 5564">
    <p class='ocr_par' dir='ltr' id='par_1_82' title="bbox 303 5486 1889 5564">
     <span class='ocr_line' id='line_1_82' title="bbox 303 5486 1889 5564; baseline 0.003 -24"><span class='ocrx_word' id='word_1_581' title='bbox 303 5490 368 5540; x_wconf 83' lang='grc' dir='ltr'>ὲν</span> <span class='ocrx_word' id='word_1_582' title='bbox 397 5487 572 5560; x_wconf 74' lang='grc' dir='ltr'>ταύτῃ</span> <span class='ocrx_word' id='word_1_583' title='bbox 604 5486 807 5558; x_wconf 84' lang='grc' dir='ltr'>βρέτας</span> <span class='ocrx_word' id='word_1_584' title='bbox 841 5489 1190 5558; x_wconf 78' lang='grc' dir='ltr'>στησάμενοι,</span> <span class='ocrx_word' id='word_1_585' title='bbox 1221 5492 1300 5552; x_wconf 82' lang='grc' dir='ltr'><strong>εἰς</strong></span> <span class='ocrx_word' id='word_1_586' title='bbox 1328 5491 1486 5543; x_wconf 75' lang='grc' dir='ltr'>τοῦτο</span> <span class='ocrx_word' id='word_1_587' title='bbox 1518 5493 1614 5563; x_wconf 77' lang='grc' dir='ltr'>τὴν</span> <span class='ocrx_word' id='word_1_588' title='bbox 1660 5493 1756 5564; x_wconf 83' lang='grc' dir='ltr'>τῆς</span> <span class='ocrx_word' id='word_1_589' title='bbox 1791 5493 1889 5545; x_wconf 80' lang='grc' dir='ltr'>πό-</span> 
     </span>
    </p>
   </div>
   <div class='ocr_carea' id='block_1_83' title="bbox 299 5578 1887 5655">
    <p class='ocr_par' dir='ltr' id='par_1_83' title="bbox 299 5578 1887 5655">
     <span class='ocr_line' id='line_1_83' title="bbox 299 5578 1887 5655; baseline 0.003 -21"><span class='ocrx_word' id='word_1_590' title='bbox 299 5580 438 5644; x_wconf 85' lang='grc' dir='ltr'>λεως</span> <span class='ocrx_word' id='word_1_591' title='bbox 459 5578 698 5651; x_wconf 73' lang='grc' dir='ltr'>ἔτρεψαν</span> <span class='ocrx_word' id='word_1_592' title='bbox 721 5582 1112 5652; x_wconf 81' lang='grc' dir='ltr'>προσηγορίαν.</span> <span class='ocrx_word' id='word_1_593' title='bbox 1133 5583 1218 5634; x_wconf 84' lang='grc' dir='ltr'>Ἐν</span> <span class='ocrx_word' id='word_1_594' title='bbox 1237 5582 1409 5655; x_wconf 77' lang='grc' dir='ltr'>ταύτῃ</span> <span class='ocrx_word' id='word_1_595' title='bbox 1431 5587 1496 5654; x_wconf 85' lang='grc' dir='ltr'>τῇ</span> <span class='ocrx_word' id='word_1_596' title='bbox 1528 5586 1757 5638; x_wconf 86' lang='grc' dir='ltr'>Πανεάδι</span> <span class='ocrx_word' id='word_1_597' title='bbox 1776 5587 1887 5639; x_wconf 77' lang='grc' dir='ltr'>τῶν</span> 
     </span>
    </p>
   </div>
   <div class='ocr_carea' id='block_1_84' title="bbox 297 5669 1886 5745">
    <p class='ocr_par' dir='ltr' id='par_1_84' title="bbox 297 5669 1886 5745">
     <span class='ocr_line' id='line_1_84' title="bbox 297 5669 1886 5745; baseline 0.004 -19"><span class='ocrx_word' id='word_1_598' title='bbox 297 5669 399 5726; x_wconf 81' lang='grc' dir='ltr'><strong>τοῦ</strong></span> <span class='ocrx_word' id='word_1_599' title='bbox 433 5671 702 5742; x_wconf 86' lang='grc' dir='ltr'>Ἰορδάνου</span> <span class='ocrx_word' id='word_1_600' title='bbox 741 5671 933 5739; x_wconf 81' lang='grc' dir='ltr'>πηγῶν</span> <span class='ocrx_word' id='word_1_601' title='bbox 964 5674 994 5742; x_wconf 79' lang='grc' dir='ltr'>ἡ</span> <span class='ocrx_word' id='word_1_602' title='bbox 1027 5673 1188 5743; x_wconf 77' lang='grc' dir='ltr'>ἑτέρα</span> <span class='ocrx_word' id='word_1_603' title='bbox 1228 5675 1490 5739; x_wconf 83' lang='grc' dir='ltr'>τίκτεται,</span> <span class='ocrx_word' id='word_1_604' title='bbox 1521 5676 1663 5728; x_wconf 84' lang='grc' dir='ltr'>δυοῖν</span> <span class='ocrx_word' id='word_1_605' title='bbox 1689 5677 1886 5745; x_wconf 83' lang='grc' dir='ltr'>οὐσῶν,</span> 
     </span>
    </p>
   </div>
   <div class='ocr_carea' id='block_1_85' title="bbox 298 5758 1887 5837">
    <p class='ocr_par' dir='ltr' id='par_1_85' title="bbox 298 5758 1887 5837">
     <span class='ocr_line' id='line_1_85' title="bbox 298 5758 1887 5837; baseline 0.002 -21"><span class='ocrx_word' id='word_1_606' title='bbox 298 5760 409 5816; x_wconf 81' lang='grc' dir='ltr'>Δάν</span> <span class='ocrx_word' id='word_1_607' title='bbox 440 5763 505 5816; x_wconf 81' lang='grc' dir='ltr'>ἐκ</span> <span class='ocrx_word' id='word_1_608' title='bbox 534 5758 632 5813; x_wconf 77' lang='grc' dir='ltr'>τοῦ</span> <span class='ocrx_word' id='word_1_609' title='bbox 664 5758 894 5812; x_wconf 82' lang='grc' dir='ltr'>παλαιοῦ</span> <span class='ocrx_word' id='word_1_610' title='bbox 924 5762 1186 5832; x_wconf 79' lang='grc' dir='ltr'>ὀνόματος</span> <span class='ocrx_word' id='word_1_611' title='bbox 1231 5763 1308 5816; x_wconf 80' lang='grc' dir='ltr'>ἔτι</span> <span class='ocrx_word' id='word_1_612' title='bbox 1356 5766 1447 5816; x_wconf 74' lang='grc' dir='ltr'>καὶ</span> <span class='ocrx_word' id='word_1_613' title='bbox 1491 5764 1586 5818; x_wconf 78' lang='grc' dir='ltr'>νῦν</span> <span class='ocrx_word' id='word_1_614' title='bbox 1627 5766 1887 5837; x_wconf 76' lang='grc' dir='ltr'>ὀνομαζο-</span> 
     </span>
    </p>
   </div>
   <div class='ocr_carea' id='block_1_86' title="bbox 299 5851 1886 5931">
    <p class='ocr_par' dir='ltr' id='par_1_86' title="bbox 299 5851 1886 5931">
     <span class='ocr_line' id='line_1_86' title="bbox 299 5851 1886 5931; baseline 0 -22"><span class='ocrx_word' id='word_1_615' title='bbox 299 5855 438 5928; x_wconf 84' lang='grc' dir='ltr'>μένη</span> <span class='ocrx_word' id='word_1_616' title='bbox 465 5873 477 5886; x_wconf 90' lang='grc'><strong>·</strong></span> <span class='ocrx_word' id='word_1_617' title='bbox 528 5854 631 5922; x_wconf 70' lang='grc' dir='ltr'>τὴν</span> <span class='ocrx_word' id='word_1_618' title='bbox 680 5851 787 5921; x_wconf 72' lang='grc' dir='ltr'><strong>γὰρ</strong></span> <span class='ocrx_word' id='word_1_619' title='bbox 820 5853 1029 5924; x_wconf 81' lang='grc' dir='ltr'>ἑτέραν,</span> <span class='ocrx_word' id='word_1_620' title='bbox 1062 5856 1181 5924; x_wconf 66' lang='grc' dir='ltr'>ἥτις</span> <span class='ocrx_word' id='word_1_621' title='bbox 1217 5856 1317 5926; x_wconf 77' lang='grc' dir='ltr'><strong>Ὶὸρ</strong></span> <span class='ocrx_word' id='word_1_622' title='bbox 1363 5857 1718 5923; x_wconf 77' lang='grc' dir='ltr'>ἐπικαλεῖται,</span> <span class='ocrx_word' id='word_1_623' title='bbox 1762 5860 1886 5931; x_wconf 71' lang='grc' dir='ltr'>πόρ-</span> 
     </span>
    </p>
   </div>
   <div class='ocr_carea' id='block_1_87' title="bbox 1989 4667 3566 4744">
    <p class='ocr_par' dir='ltr' id='par_1_87' title="bbox 1989 4667 3566 4744">
     <span class='ocr_line' id='line_1_87' title="bbox 1989 4667 3566 4744; baseline 0.005 -23"><span class='ocrx_word' id='word_1_624' title='bbox 1989 4667 2056 4722; x_wconf 92' lang='lat' dir='ltr'><strong>de</strong></span> <span class='ocrx_word' id='word_1_625' title='bbox 2086 4669 2226 4723; x_wconf 90' lang='lat' dir='ltr'><strong>tribu</strong></span> <span class='ocrx_word' id='word_1_626' title='bbox 2273 4669 2382 4722; x_wconf 87' lang='lat' dir='ltr'><strong>Dan</strong></span> <span class='ocrx_word' id='word_1_627' title='bbox 2420 4686 2433 4721; x_wconf 91' lang='lat'><strong>:</strong></span> <span class='ocrx_word' id='word_1_628' title='bbox 2470 4684 2580 4737; x_wconf 92' lang='lat' dir='ltr'><strong>quo</strong></span> <span class='ocrx_word' id='word_1_629' title='bbox 2607 4678 2847 4738; x_wconf 88' lang='lat' dir='ltr'><strong>tempore</strong></span> <span class='ocrx_word' id='word_1_630' title='bbox 2893 4685 3069 4741; x_wconf 89' lang='lat' dir='ltr'><strong>eoque</strong></span> <span class='ocrx_word' id='word_1_631' title='bbox 3123 4673 3266 4727; x_wconf 87' lang='lat' dir='ltr'><strong>haud</strong></span> <span class='ocrx_word' id='word_1_632' title='bbox 3317 4691 3484 4744; x_wconf 76' lang='lat' dir='ltr'><strong>parvo</strong></span> <span class='ocrx_word' id='word_1_633' title='bbox 3515 4679 3566 4730; x_wconf 75' lang='grc' dir='ltr'>Ιιί</span> 
     </span>
    </p>
   </div>
   <div class='ocr_carea' id='block_1_88' title="bbox 1989 4759 3623 4838">
    <p class='ocr_par' dir='ltr' id='par_1_88' title="bbox 1989 4759 3623 4838">
     <span class='ocr_line' id='line_1_88' title="bbox 1989 4759 3623 4838; baseline 0.005 -24"><span class='ocrx_word' id='word_1_634' title='bbox 1989 4759 2089 4814; x_wconf 84' lang='lat' dir='ltr'><strong>soli</strong></span> <span class='ocrx_word' id='word_1_635' title='bbox 2139 4760 2304 4815; x_wconf 86' lang='lat' dir='ltr'><strong>totius</strong></span> <span class='ocrx_word' id='word_1_636' title='bbox 2348 4759 2522 4827; x_wconf 72' lang='lat' dir='ltr'><strong>gentis</strong></span> <span class='ocrx_word' id='word_1_637' title='bbox 2550 4770 2814 4827; x_wconf 85' lang='lat' dir='ltr'><strong>errantes,</strong></span> <span class='ocrx_word' id='word_1_638' title='bbox 2849 4763 3063 4817; x_wconf 87' lang='lat' dir='ltr'><strong>tandem</strong></span> <span class='ocrx_word' id='word_1_639' title='bbox 3097 4764 3234 4819; x_wconf 89' lang='lat' dir='ltr'><strong>locis</strong></span> <span class='ocrx_word' id='word_1_640' title='bbox 3267 4766 3373 4823; x_wconf 91' lang='lat' dir='ltr'><strong>illis</strong></span> <span class='ocrx_word' id='word_1_641' title='bbox 3405 4777 3570 4824; x_wconf 78' lang='lat' dir='ltr'><strong>occu-</strong></span> 
     </span>
    </p>
   </div>
   <div class='ocr_carea' id='block_1_89' title="bbox 1988 4852 3570 4927">
    <p class='ocr_par' dir='ltr' id='par_1_89' title="bbox 1988 4852 3570 4927">
     <span class='ocr_line' id='line_1_89' title="bbox 1988 4852 3570 4927; baseline 0.006 -21"><span class='ocrx_word' id='word_1_642' title='bbox 1988 4852 2129 4921; x_wconf 88' lang='lat' dir='ltr'><strong>patis</strong></span> <span class='ocrx_word' id='word_1_643' title='bbox 2165 4852 2253 4905; x_wconf 81' lang='lat' dir='ltr'><strong>vix</strong></span> <span class='ocrx_word' id='word_1_644' title='bbox 2284 4860 2336 4906; x_wconf 89' lang='lat' dir='ltr'><strong>et</strong></span> <span class='ocrx_word' id='word_1_645' title='bbox 2362 4868 2504 4922; x_wconf 63' lang='lat' dir='ltr'><strong>aegre</strong></span> <span class='ocrx_word' id='word_1_646' title='bbox 2533 4853 2920 4915; x_wconf 88' lang='lat' dir='ltr'><strong>consederunt,</strong></span> <span class='ocrx_word' id='word_1_647' title='bbox 2960 4856 3263 4927; x_wconf 81' lang='lat' dir='ltr'><strong>urbemque</strong></span> <span class='ocrx_word' id='word_1_648' title='bbox 3294 4860 3359 4914; x_wconf 86' lang='lat' dir='ltr'><strong>ad</strong></span> <span class='ocrx_word' id='word_1_649' title='bbox 3391 4870 3570 4915; x_wconf 78' lang='lat' dir='ltr'><strong>extre-</strong></span> 
     </span>
    </p>
   </div>
   <div class='ocr_carea' id='block_1_90' title="bbox 1988 4944 3577 5021">
    <p class='ocr_par' dir='ltr' id='par_1_90' title="bbox 1988 4944 3577 5021">
     <span class='ocr_line' id='line_1_90' title="bbox 1988 4944 3577 5021; baseline 0.007 -25"><span class='ocrx_word' id='word_1_650' title='bbox 1988 4958 2107 4998; x_wconf 88' lang='lat' dir='ltr'><strong>mos</strong></span> <span class='ocrx_word' id='word_1_651' title='bbox 2156 4958 2347 4997; x_wconf 89' lang='lat' dir='ltr'><strong>eorum</strong></span> <span class='ocrx_word' id='word_1_652' title='bbox 2399 4945 2534 4998; x_wconf 85' lang='lat' dir='ltr'><strong>lines</strong></span> <span class='ocrx_word' id='word_1_653' title='bbox 2591 4944 2945 5012; x_wconf 78' lang='lat' dir='ltr'><strong>aediﬁcantes,</strong></span> <span class='ocrx_word' id='word_1_654' title='bbox 2984 4945 3276 5018; x_wconf 78' lang='lat' dir='ltr'><strong>Phylarclii</strong></span> <span class='ocrx_word' id='word_1_655' title='bbox 3324 4950 3577 5021; x_wconf 82' lang='lat' dir='ltr'><strong>ipsorum</strong></span> 
     </span>
    </p>
   </div>
   <div class='ocr_carea' id='block_1_91' title="bbox 1988 5032 3569 5104">
    <p class='ocr_par' dir='ltr' id='par_1_91' title="bbox 1988 5032 3569 5104">
     <span class='ocr_line' id='line_1_91' title="bbox 1988 5032 3569 5104; baseline 0.005 -17"><span class='ocrx_word' id='word_1_656' title='bbox 1988 5049 2187 5089; x_wconf 89' lang='lat' dir='ltr'><strong>nomen</strong></span> <span class='ocrx_word' id='word_1_657' title='bbox 2212 5034 2543 5088; x_wconf 88' lang='lat' dir='ltr'><strong>indiderunt.</strong></span> <span class='ocrx_word' id='word_1_658' title='bbox 2564 5032 2771 5104; x_wconf 73' lang='lat' dir='ltr'><strong>illeque</strong></span> <span class='ocrx_word' id='word_1_659' title='bbox 2794 5035 3021 5092; x_wconf 85' lang='lat' dir='ltr'><strong>ultimus</strong></span> <span class='ocrx_word' id='word_1_660' title='bbox 3044 5048 3161 5092; x_wconf 87' lang='lat' dir='ltr'><strong>erat</strong></span> <span class='ocrx_word' id='word_1_661' title='bbox 3187 5038 3388 5095; x_wconf 64' lang='lat' dir='ltr'><strong>ludam</strong></span> <span class='ocrx_word' id='word_1_662' title='bbox 3410 5040 3569 5095; x_wconf 69' lang='lat' dir='ltr'><strong>Plue-</strong></span> 
     </span>
    </p>
   </div>
   <div class='ocr_carea' id='block_1_92' title="bbox 1988 5125 3568 5202">
    <p class='ocr_par' dir='ltr' id='par_1_92' title="bbox 1988 5125 3568 5202">
     <span class='ocr_line' id='line_1_92' title="bbox 1988 5125 3568 5202; baseline 0.004 -23"><span class='ocrx_word' id='word_1_663' title='bbox 1988 5127 2186 5180; x_wconf 87' lang='lat' dir='ltr'><strong>niciam</strong></span> <span class='ocrx_word' id='word_1_664' title='bbox 2217 5142 2409 5182; x_wconf 87' lang='lat' dir='ltr'><strong>versus</strong></span> <span class='ocrx_word' id='word_1_665' title='bbox 2441 5128 2728 5182; x_wconf 81' lang='lat' dir='ltr'><strong>terminus.</strong></span> <span class='ocrx_word' id='word_1_666' title='bbox 2755 5125 2907 5184; x_wconf 85' lang='lat' dir='ltr'><strong>Hanc</strong></span> <span class='ocrx_word' id='word_1_667' title='bbox 2932 5145 3056 5183; x_wconf 85' lang='lat' dir='ltr'><strong>cum</strong></span> <span class='ocrx_word' id='word_1_668' title='bbox 3080 5128 3322 5186; x_wconf 82' lang='lat' dir='ltr'><strong>Herodes</strong></span> <span class='ocrx_word' id='word_1_669' title='bbox 3341 5132 3568 5202; x_wconf 78' lang='lat' dir='ltr'><strong>Magnus</strong></span> 
     </span>
    </p>
   </div>
   <div class='ocr_carea' id='block_1_93' title="bbox 1989 5219 3565 5289">
    <p class='ocr_par' dir='ltr' id='par_1_93' title="bbox 1989 5219 3565 5289">
     <span class='ocr_line' id='line_1_93' title="bbox 1989 5219 3565 5289; baseline 0.004 -18"><span class='ocrx_word' id='word_1_670' title='bbox 1989 5219 2387 5288; x_wconf 86' lang='lat' dir='ltr'><strong>posterioribus</strong></span> <span class='ocrx_word' id='word_1_671' title='bbox 2436 5220 2775 5289; x_wconf 90' lang='lat' dir='ltr'><strong>temporibus</strong></span> <span class='ocrx_word' id='word_1_672' title='bbox 2822 5220 3166 5288; x_wconf 67' lang='lat' dir='ltr'><strong>aedificasset,</strong></span> <span class='ocrx_word' id='word_1_673' title='bbox 3216 5230 3424 5276; x_wconf 87' lang='lat' dir='ltr'><strong>mutato</strong></span> <span class='ocrx_word' id='word_1_674' title='bbox 3462 5239 3565 5278; x_wconf 89' lang='lat' dir='ltr'><strong>no-</strong></span> 
     </span>
    </p>
   </div>
   <div class='ocr_carea' id='block_1_94' title="bbox 1988 5310 3573 5381">
    <p class='ocr_par' dir='ltr' id='par_1_94' title="bbox 1988 5310 3573 5381">
     <span class='ocr_line' id='line_1_94' title="bbox 1988 5310 3573 5381; baseline 0.004 -17"><span class='ocrx_word' id='word_1_675' title='bbox 1988 5311 2132 5365; x_wconf 88' lang='lat' dir='ltr'><strong>mine</strong></span> <span class='ocrx_word' id='word_1_676' title='bbox 2155 5310 2458 5365; x_wconf 69' lang='lat' dir='ltr'><strong>Czesaream</strong></span> <span class='ocrx_word' id='word_1_677' title='bbox 2486 5311 2717 5381; x_wconf 79' lang='lat' dir='ltr'><strong>Philippi</strong></span> <span class='ocrx_word' id='word_1_678' title='bbox 2750 5314 2959 5367; x_wconf 89' lang='lat' dir='ltr'><strong>vocavit</strong></span> <span class='ocrx_word' id='word_1_679' title='bbox 2985 5331 2998 5379; x_wconf 94' lang='lat'>;</span> <span class='ocrx_word' id='word_1_680' title='bbox 3026 5328 3171 5367; x_wconf 88' lang='lat' dir='ltr'><strong>nunc</strong></span> <span class='ocrx_word' id='word_1_681' title='bbox 3194 5328 3326 5366; x_wconf 82' lang='lat' dir='ltr'><strong>vero</strong></span> <span class='ocrx_word' id='word_1_682' title='bbox 3354 5312 3573 5371; x_wconf 73' lang='lat' dir='ltr'><strong>Paucas</strong></span> 
     </span>
    </p>
   </div>
   <div class='ocr_carea' id='block_1_95' title="bbox 1988 5402 3561 5475">
    <p class='ocr_par' dir='ltr' id='par_1_95' title="bbox 1988 5402 3561 5475">
     <span class='ocr_line' id='line_1_95' title="bbox 1988 5402 3561 5475; baseline 0.003 -20"><span class='ocrx_word' id='word_1_683' title='bbox 1988 5414 2231 5458; x_wconf 77' lang='lat' dir='ltr'><strong>vocatur.</strong></span> <span class='ocrx_word' id='word_1_684' title='bbox 2263 5403 2399 5457; x_wconf 81' lang='lat' dir='ltr'><strong>Cum</strong></span> <span class='ocrx_word' id='word_1_685' title='bbox 2451 5404 2593 5457; x_wconf 89' lang='lat' dir='ltr'><strong>enim</strong></span> <span class='ocrx_word' id='word_1_686' title='bbox 2648 5402 2810 5457; x_wconf 84' lang='lat' dir='ltr'><strong>Panis</strong></span> <span class='ocrx_word' id='word_1_687' title='bbox 2844 5405 2897 5458; x_wconf 91' lang='lat' dir='ltr'><strong>in</strong></span> <span class='ocrx_word' id='word_1_688' title='bbox 2934 5422 2995 5458; x_wconf 83' lang='lat' dir='ltr'><strong>ea</strong></span> <span class='ocrx_word' id='word_1_689' title='bbox 3026 5403 3377 5458; x_wconf 86' lang='lat' dir='ltr'><strong>simulacrum</strong></span> <span class='ocrx_word' id='word_1_690' title='bbox 3410 5406 3561 5475; x_wconf 84' lang='lat' dir='ltr'><strong>posi—</strong></span> 
     </span>
    </p>
   </div>
   <div class='ocr_carea' id='block_1_96' title="bbox 1987 5492 3562 5562">
    <p class='ocr_par' dir='ltr' id='par_1_96' title="bbox 1987 5492 3562 5562">
     <span class='ocr_line' id='line_1_96' title="bbox 1987 5492 3562 5562; baseline 0.003 -16"><span class='ocrx_word' id='word_1_691' title='bbox 1987 5504 2099 5546; x_wconf 81' lang='lat' dir='ltr'><strong>tntn</strong></span> <span class='ocrx_word' id='word_1_692' title='bbox 2131 5493 2342 5558; x_wconf 79' lang='lat' dir='ltr'><strong>fuisset,</strong></span> <span class='ocrx_word' id='word_1_693' title='bbox 2376 5506 2573 5545; x_wconf 90' lang='lat' dir='ltr'><strong>nomen</strong></span> <span class='ocrx_word' id='word_1_694' title='bbox 2612 5492 2754 5545; x_wconf 84' lang='lat' dir='ltr'><strong>istud</strong></span> <span class='ocrx_word' id='word_1_695' title='bbox 2805 5493 2932 5546; x_wconf 89' lang='lat' dir='ltr'><strong>urbs</strong></span> <span class='ocrx_word' id='word_1_696' title='bbox 2978 5493 3066 5547; x_wconf 90' lang='lat' dir='ltr'><strong>illa</strong></span> <span class='ocrx_word' id='word_1_697' title='bbox 3101 5493 3328 5562; x_wconf 86' lang='lat' dir='ltr'><strong>accepit.</strong></span> <span class='ocrx_word' id='word_1_698' title='bbox 3363 5495 3420 5548; x_wconf 87' lang='lat' dir='ltr'><strong>in</strong></span> <span class='ocrx_word' id='word_1_699' title='bbox 3462 5494 3562 5551; x_wconf 78' lang='lat' dir='ltr'><strong>huc</strong></span> 
     </span>
    </p>
   </div>
   <div class='ocr_carea' id='block_1_97' title="bbox 1986 5581 3563 5658">
    <p class='ocr_par' dir='ltr' id='par_1_97' title="bbox 1986 5581 3563 5658">
     <span class='ocr_line' id='line_1_97' title="bbox 1986 5581 3563 5658; baseline 0.003 -20"><span class='ocrx_word' id='word_1_700' title='bbox 1986 5585 2233 5638; x_wconf 81' lang='lat' dir='ltr'><strong>Pancade</strong></span> <span class='ocrx_word' id='word_1_701' title='bbox 2254 5584 2387 5637; x_wconf 84' lang='lat' dir='ltr'><strong>alter</strong></span> <span class='ocrx_word' id='word_1_702' title='bbox 2408 5600 2436 5636; x_wconf 86' lang='lat' dir='ltr'><strong>e</strong></span> <span class='ocrx_word' id='word_1_703' title='bbox 2458 5582 2669 5636; x_wconf 83' lang='lat' dir='ltr'><strong>duobus</strong></span> <span class='ocrx_word' id='word_1_704' title='bbox 2693 5581 2945 5637; x_wconf 80' lang='lat' dir='ltr'><strong>Jordanis</strong></span> <span class='ocrx_word' id='word_1_705' title='bbox 2970 5582 3211 5640; x_wconf 76' lang='lat' dir='ltr'><strong>fontibus</strong></span> <span class='ocrx_word' id='word_1_706' title='bbox 3233 5587 3407 5641; x_wconf 89' lang='lat' dir='ltr'><strong>oritur</strong></span> <span class='ocrx_word' id='word_1_707' title='bbox 3431 5585 3563 5658; x_wconf 85' lang='lat' dir='ltr'><strong>(duo</strong></span> 
     </span>
    </p>
   </div>
   <div class='ocr_carea' id='block_1_98' title="bbox 1986 5673 3562 5743">
    <p class='ocr_par' dir='ltr' id='par_1_98' title="bbox 1986 5673 3562 5743">
     <span class='ocr_line' id='line_1_98' title="bbox 1986 5673 3562 5743; baseline 0.003 -12"><span class='ocrx_word' id='word_1_708' title='bbox 1986 5678 2131 5732; x_wconf 88' lang='lat' dir='ltr'><strong>enim</strong></span> <span class='ocrx_word' id='word_1_709' title='bbox 2179 5675 2354 5730; x_wconf 82' lang='lat' dir='ltr'><strong>fontes</strong></span> <span class='ocrx_word' id='word_1_710' title='bbox 2385 5674 2544 5742; x_wconf 89' lang='lat' dir='ltr'><strong>sunt)</strong></span> <span class='ocrx_word' id='word_1_711' title='bbox 2570 5675 2661 5743; x_wconf 90' lang='lat' dir='ltr'><strong>qui</strong></span> <span class='ocrx_word' id='word_1_712' title='bbox 2692 5673 2804 5729; x_wconf 86' lang='lat' dir='ltr'><strong>Dan</strong></span> <span class='ocrx_word' id='word_1_713' title='bbox 2832 5676 3127 5731; x_wconf 84' lang='lat' dir='ltr'><strong>etiamnum</strong></span> <span class='ocrx_word' id='word_1_714' title='bbox 3161 5692 3226 5733; x_wconf 80' lang='lat' dir='ltr'><strong>ex</strong></span> <span class='ocrx_word' id='word_1_715' title='bbox 3261 5679 3434 5734; x_wconf 81' lang='lat' dir='ltr'><strong>veteri</strong></span> <span class='ocrx_word' id='word_1_716' title='bbox 3464 5696 3562 5736; x_wconf 92' lang='lat' dir='ltr'><strong>no-</strong></span> 
     </span>
    </p>
   </div>
   <div class='ocr_carea' id='block_1_99' title="bbox 1987 5768 3562 5840">
    <p class='ocr_par' dir='ltr' id='par_1_99' title="bbox 1987 5768 3562 5840">
     <span class='ocr_line' id='line_1_99' title="bbox 1987 5768 3562 5840; baseline 0.003 -18"><span class='ocrx_word' id='word_1_717' title='bbox 1987 5769 2132 5823; x_wconf 85' lang='lat' dir='ltr'><strong>mine</strong></span> <span class='ocrx_word' id='word_1_718' title='bbox 2166 5776 2429 5833; x_wconf 77' lang='lat' dir='ltr'><strong>vocatur;</strong></span> <span class='ocrx_word' id='word_1_719' title='bbox 2485 5769 2713 5822; x_wconf 83' lang='lat' dir='ltr'><strong>alterum</strong></span> <span class='ocrx_word' id='word_1_720' title='bbox 2762 5786 2889 5823; x_wconf 78' lang='lat' dir='ltr'><strong>vero</strong></span> <span class='ocrx_word' id='word_1_721' title='bbox 2937 5769 3028 5839; x_wconf 86' lang='lat' dir='ltr'><strong>qui</strong></span> <span class='ocrx_word' id='word_1_722' title='bbox 3082 5768 3177 5825; x_wconf 79' lang='lat' dir='ltr'><strong>Jor</strong></span> <span class='ocrx_word' id='word_1_723' title='bbox 3223 5773 3562 5840; x_wconf 85' lang='lat' dir='ltr'><strong>nominatur,</strong></span> 
     </span>
    </p>
   </div>
   <div class='ocr_carea' id='block_1_100' title="bbox 1989 5859 3558 5936">
    <p class='ocr_par' dir='ltr' id='par_1_100' title="bbox 1989 5859 3558 5936">
     <span class='ocr_line' id='line_1_100' title="bbox 1989 5859 3558 5936; baseline 0.006 -24"><span class='ocrx_word' id='word_1_724' title='bbox 1989 5861 2178 5930; x_wconf 77' lang='lat' dir='ltr'><strong>procul</strong></span> <span class='ocrx_word' id='word_1_725' title='bbox 2209 5860 2274 5913; x_wconf 83' lang='lat' dir='ltr'><strong>ab</strong></span> <span class='ocrx_word' id='word_1_726' title='bbox 2308 5860 2398 5914; x_wconf 83' lang='lat' dir='ltr'><strong>illo</strong></span> <span class='ocrx_word' id='word_1_727' title='bbox 2430 5859 2619 5916; x_wconf 82' lang='lat' dir='ltr'><strong>stadiis</strong></span> <span class='ocrx_word' id='word_1_728' title='bbox 2648 5860 2861 5917; x_wconf 78' lang='lat' dir='ltr'><strong>circiter</strong></span> <span class='ocrx_word' id='word_1_729' title='bbox 2900 5860 3016 5928; x_wconf 78' lang='lat'><strong>160,</strong></span> <span class='ocrx_word' id='word_1_730' title='bbox 3051 5862 3204 5922; x_wconf 87' lang='lat' dir='ltr'><strong>collis</strong></span> <span class='ocrx_word' id='word_1_731' title='bbox 3243 5865 3463 5936; x_wconf 85' lang='lat' dir='ltr'><strong>quidam</strong></span> <span class='ocrx_word' id='word_1_732' title='bbox 3494 5883 3558 5921; x_wconf 74' lang='grc' dir='ltr'><strong>ελ</strong></span> 
     </span>
    </p>
   </div>
  </div>
