4028 6330
443 435 547 493 827
682 416 727 470 ³⁸
1539 432 1944 490 SUPPLEMEN
1951 433 2041 489 TA
2078 420 2702 490 PHlLOSTORGlANA.
2828 416 2831 417 ν
3617 428 3718 490 628

450 550 637 604 eodem
675 556 859 603 monte
885 547 1179 617 profundit.
1202 546 1280 601 Ex
1310 556 1540 617 utroque
1569 548 1766 602 lterum
1796 547 2030 603 eﬂ‘uudi-

2145 547 2307 615 ῥωθεν
2332 548 2502 619 αὐτῆς
2529 548 2606 611 ὡς
2638 546 2745 601 ἀπὸ
2774 544 3000 600 σταδίων
3026 552 3104 616 ρξ’
3133 541 3364 606 κολωνός
3392 558 3476 604 τις
3500 542 3593 594 τοῦ
3628 542 3719 597 αὐ-

447 652 539 698 tur
566 640 763 695 ﬂuvius
786 639 873 695 hic
895 639 1112 709 quidem
1141 636 1377 701 Jorates,
1397 637 1539 694 sicut
1564 638 1654 693 ille
1683 639 1905 695 Danites
1933 655 2030 692 vo-

2145 643 2222 692 ιοὺ
2276 640 2530 713 προῖὴσιν
2576 632 2864 709 ὅρουςΪΩν
2891 637 2952 702 ἐξ
2983 636 3255 707 ἑκατέρας
3289 633 3402 704 (12)
3441 635 3722 704 προχεῖται

448 739 626 787 catur.
660 728 763 796 Qui
790 744 885 799 per
919 736 1158 782 montem
1190 725 1377 791 delati,
1402 726 1494 782 ubi
1524 728 1577 781 in
1613 728 1772 797 plana
1802 729 2029 784 descen-

2145 730 2392 801 ποταμὸς,
2429 732 2457 783 ὁ
2503 730 2599 800 μὲν
2643 729 2901 801 Ἰοράτης,
2944 731 2974 781 ὁ
3006 727 3062 780 δὲ
3097 725 3325 795 Δανίτης
3365 722 3725 794 ἐπικαλούμε-

450 823 649 888 dcrint,
690 821 814 875 inde
850 820 962 889 jam
1014 818 1316 885 conﬂuunt,
1354 820 1761 887 maximumque
1804 818 2029 874 ﬂuvium

2145 839 2245 886 ρος·
2283 822 2332 874 οἳ
2365 819 2453 874 διὰ
2487 820 2583 874 τοῦ
2631 822 2792 893 ὅρους
2841 819 3152 892 ἐνεχθέντες
3199 816 3390 888 ἐπειδὴ
3423 815 3723 870 καταϐαἶεν

450 911 688 967 eﬂieiunt
718 909 1032 966 Jordanem.
1062 909 1165 976 Qui
1211 911 1406 965 exinde
1439 920 1494 965 et
1522 926 1694 980 aquas
1740 919 1795 964 et
1832 926 2029 965 nomen

2145 914 2209 977 εἰς
2240 912 2302 966 τὸ
2337 913 2539 979 πεδίον,
2569 913 2802 967 ἐνταῦθα
2847 911 3255 984 ἧδη“ξυνίασ.ν,
3288 911 3385 964 καλ⁸
3427 908 3527 962 ’ἐνα
3568 907 3715 979 μέγι-

451 1003 736 1073 utriusque
760 1003 812 1057 in
840 1018 1010 1056 unum
1041 1003 1427 1066 commiscens,
1458 1017 1553 1070 per
1574 1003 1752 1056 lacum
1785 1001 2035 1057 Tiberia-

2145 1022 2255 1058 ττον
2303 1004 2625 1059 ἀποτελοῦσι
2674 1005 2939 1076 ποταμὸν,
2969 1004 3061 1057 τὸν
3099 1000 3497 1075 Ἰορδάνην.Ἐν
3523 996 3709 1069 ταυτῷ

451 1093 537 1148 dis
571 1094 787 1157 transit,
818 1093 1053 1147 medium
1079 1108 1204 1147 eum
1236 1108 1448 1154 secans,
1477 1107 1679 1163 perque
1703 1101 1875 1147 totum
1908 1108 2033 1147 eum

2145 1098 2231 1171 ήδη
2278 1099 2341 1152 τό
2387 1117 2447 1153 τε
2480 1099 2658 1171 ῥεῦμα
2693 1099 2789 1151 καὶ
2826 1097 2923 1169 τὴν
2959 1093 3334 1167 προσηγορίαν
3363 1092 3713 1163 κιρνάμενος,

450 1183 673 1253 proprio
726 1182 880 1239 alveo
934 1183 1130 1246 ﬂuens,
1163 1181 1346 1252 quoad
1388 1197 1560 1251 usque
1609 1183 1676 1237 ad
1726 1184 2032 1253 oppositam

2145 1192 2233 1261 τὴν
2283 1192 2384 1261 τῆς
2432 1190 2752 1261 Τιὸεριάδος
2780 1189 3002 1253 διέξεισι
3042 1187 3260 1257 λίμνην,
3305 1184 3479 1256 μέσην
3510 1183 3727 1253 τέμνων

453 1274 819 1330 continentem
856 1276 1169 1346 perveniat;
1205 1274 1307 1329 sibi
1335 1274 1439 1341 ipsi
1461 1274 1688 1343 aequalis
1732 1289 1947 1343 semper
1974 1290 2040 1330 ac

2145 1279 2325 1351 αὐτὴν,
2358 1280 2451 1333 καὶ
2483 1281 2550 1333 δι’
2575 1281 2703 1349 ὅλης
2731 1279 2904 1348 αὐτῆς
2940 1280 2997 1331 ἐν
3030 1276 3108 1347 τῷ
3135 1276 3322 1346 οἰκείῳ
3347 1272 3489 1344 ὁλκῷ
3533 1272 3727 1343 ῥεόμε-

454 1367 673 1423 similis.
707 1366 839 1423 lnde
864 1367 978 1437 jam
1032 1382 1127 1436 per
1178 1366 1523 1422 Palarstinam
1559 1367 1768 1432 labens,
1808 1376 1953 1423 totus
1982 1367 2038 1421 in

2145 1387 2225 1434 νος
2252 1372 2365 1441 (15)
2421 1372 2614 1441 μέχρις
2659 1371 2724 1424 ἂν
2773 1372 2865 1423 ἐπὶ
2913 1368 3012 1440 τὴν
3061 1367 3352 1420 κατέναντι
3401 1364 3728 1435 ἐκπεράσειε

454 1474 607 1514 mare
641 1462 784 1529 quod
812 1459 1084 1513 Mortuum
1115 1459 1311 1514 dicitur
1342 1459 1568 1527 illapsus
1591 1459 1983 1528 exstinguitur.

2145 1462 2261 1532 γῆν,
2296 1462 2411 1527 (cro;
2433 1464 2595 1527 αὐτὸς
2622 1461 2801 1533 ἐαυτῷ
2827 1462 2920 1515 καὶ
2954 1460 3336 1531 παραπλήσιος
3360 1455 3434 1510 ὢν
3455 1473 3468 1487 ·
3497 1453 3725 1509 κὰντεῦ-

456 1551 547 1605 θεν
575 1552 678 1623 ἢδη
713 1551 803 1605 διὰ
829 1551 929 1621 τῆς
960 1551 1325 1622 Παλαιστίνης
1399 1550 1658 1619 ἐνεχθεὶς,
1695 1550 1841 1614 am;
1911 1551 1991 1614 εἰς
2021 1553 2120 1625 τὴν
2158 1555 2381 1623 Νεκρὰν
2424 1554 2767 1626 καλουμένην
2828 1551 3095 1607 εἰσπεσὼν
3158 1549 3478 1620 ἀφανίζεται
3533 1546 3722 1602 θαλασι

456 1660 577 1697 σαν.

608 1780 679 1835 De
705 1778 1062 1850 Apollinario,
1098 1776 1317 1850 Basilio.
1347 1788 1400 1830 et
1424 1776 1687 1850 Gregorio
1712 1777 2090 1850 Nazian_zeno._
2108 1776 2249 1850 quod
2276 1775 2559 1850 ipsigsintis
2603 1772 2945 1850 Phitpstorgii
2973 1771 3142 1825 verbis
3174 1772 3410 1825 recitatis
3437 1770 3592 1825 habet

1162 1846 1362 1902 Suidas
1389 1843 1558 1937 t‘ibus
1582 1847 1733 1910 locis,
1766 1849 1818 1901 in
1845 1864 1894 1901 υ.
1912 1848 2046 1901 Ἀπο

2145 1846 2338 1916 νάριος,
2370 1845 2669 1908 Βασίλειος,
2701 1843 3022 1914 Γρηγόριος.

529 1992 894 2064 Apollinarius
925 1988 1070 2044 enim
1116 1987 1222 2043 illis
1250 1986 1589 2056 temporibus
1622 1984 1806 2040 ﬂoruit
1834 1984 2036 2040 Laodi-

2226 1982 2634 2054 Ἀπολλινάριος
2661 1980 2771 2050 γὰρ
2805 1978 3020 2051 ἤκμαζε
3051 1979 3172 2031 κατ’
3188 1977 3432 2041 ἐκείνους
3463 1979 3591 2042 τοὺς
3613 1980 3719 2051 χρό

458 2099 568 2142 ceae
617 2083 806 2156 Syriae,
849 2090 904 2136 et
958 2079 1192 2135 Basilius
1243 2076 1504 2133 Caesarea:
1552 2075 1931 2146 Cappadocia),
1986 2085 2041 2130 et

459 2175 754 2248 Gregorius
782 2171 1045 2227 Nazianzi
1082 2189 1094 2223 :
1133 2179 1214 2225 est
1238 2184 1366 2224 vero
1398 2167 1551 2223 locus
1585 2167 1673 2221 llic
1703 2167 1867 2221 statio
1887 2166 2039 2235 ejus-

459 2268 580 2322 dem
607 2262 982 2335 Cappadociae.
1017 2261 1151 2317 Tres
1186 2274 1313 2314 vero
1342 2258 1444 2313 viri
1483 2258 1572 2313 isti
1614 2267 1742 2312 tunc
1772 2257 2041 2311 homoou~

460 2360 582 2417 sion
629 2356 1070 2431 propugnabant,
1102 2354 1366 2408 adversus
1412 2349 1825 2414 betcroousiou,
1878 2348 2041 2419 longe

461 2457 782 2522 superantes
837 2461 1029 2502 omnes
1060 2445 1153 2516 qui
1200 2444 1370 2513 prius,
1431 2442 1637 2512 quique
1680 2440 1935 2509 deinceps
1971 2438 2039 2493 ad

460 2552 636 2597 meam
671 2548 886 2595 atatem
936 2550 1109 2607 usque
1156 2534 1233 2589 illi
1267 2532 1458 2588 haeresi
1490 2530 1859 2602 praefuerunt;
1903 2530 2040 2584 adeo

460 2641 521 2687 ut
545 2647 655 2702 prae
678 2629 745 2685 iis
768 2627 1101 2683 Athanasius
1126 2641 1260 2694 puer
1305 2623 1645 2694 juditarctur
1680 2639 1693 2675 :
1733 2637 1859 2677 nam
1899 2631 1953 2677 et
1984 2624 2039 2677 in

459 2739 526 2779 eo
559 2724 823 2779 doctrinae
851 2733 1049 2791 genere
1077 2717 1221 2788 quod
1251 2725 1537 2772 externum
1576 2716 1693 2784 (seu
1725 2713 2039 2784 profanum)

459 2816 681 2882 dicitur,
733 2814 1028 2884 plurimum
1092 2809 1147 2863 hi
1198 2808 1539 2879 profecerant
1589 2824 1602 2861 :
1653 2816 1706 2861 et
1756 2820 2040 2860 sacrarum

462 2906 893 2976 Scripturarum,
932 2916 1275 2973 quascunque
1308 2900 1376 2955 ad
1432 2900 1719 2954 lectionem
1762 2910 1817 2953 et
1856 2912 2035 2968 promo

460 3007 610 3069 ptam
644 2997 962 3052 memoriam
988 2991 1359 3052 conferebant.
1381 3004 1633 3060 magnam
1663 2989 1912 3043 notitiam
1942 2989 2042 3042 ha-

459 3087 683 3149 bebant,
713 3093 767 3140 et
787 3085 928 3139 inter
957 3098 1054 3139 eos
1089 3083 1325 3136 maxime
1345 3080 1716 3151 Apollinarius
1743 3097 1754 3134 :
1784 3080 1875 3135 hic
1896 3080 2049 3135 enim

461 3178 785 3236 Hebraicam
815 3175 978 3231 etiam
1015 3175 1257 3244 linguam
1287 3173 1587 3243 intelligere
1627 3180 1861 3241 poterat.
1897 3171 2041 3239 Quin

461 3285 517 3331 et
545 3270 923 3342 unusquisque
967 3284 1154 3324 eorum
1190 3267 1243 3322 in
1279 3281 1379 3323 suo
1414 3265 1611 3335 singuli
1645 3280 1843 3334 genere
1870 3264 2042 3333 pluri-

463 3380 613 3421 mum
648 3330 789 3435 stvlo
816 3330 1069 3417 valebant
1116 3378 1127 3413 :
1174 3330 1542 3429 Apollinarius
1589 3330 1798 3413 scilicet
1825 3330 2039 3412 dicendi
2069 3330 2112 3389 α

461 3470 661 3528 genere
716 3454 863 3525 quod
923 3449 1481 3508 commentationibus
1534 3458 1619 3504 est
1672 3448 2043 3518 aptissimum,

463 3546 625 3616 longe
651 3544 979 3614 praestabat;
1006 3542 1242 3596 Basilius
1264 3556 1390 3596 vero
1417 3540 1471 3594 in
1498 3556 1695 3612 genere
1718 3541 2047 3611 pauegyrico

464 3635 943 3707 splendidissimus
962 3642 1100 3690 erat.
1119 3632 1187 3687 At
1209 3632 1458 3703 Gregorii
1487 3648 1610 3687 cum
1637 3641 1871 3702 utroque
1893 3646 2047 3687 com-

464 3726 640 3797 parati
666 3724 864 3791 oratio,
891 3723 1266 3780 sublimiorem
1318 3723 1370 3776 in
1415 3723 1713 3792 scriptione
1739 3721 1919 3777 locum
1952 3722 2049 3776 ob.

466 3818 648 3872 tinuit.
673 3816 886 3872 Etenim
921 3815 1261 3886 Apollinario
1305 3823 1421 3869 erat
1463 3814 1682 3869 uberior
1708 3815 1762 3869 in
1795 3813 2046 3879 dicendo,

466 3911 667 3967 Basilio
698 3925 826 3965 vero
854 3911 1087 3982 gravior.
1113 3908 1250 3964 Cum
1282 3919 1461 3964 autem
1515 3910 1603 3965 isti
1654 3917 1802 3964 tanta
1833 3909 2048 3967 dicendi

466 4011 520 4057 et
557 4001 827 4058 scribendi
852 4012 907 4057 et
940 4000 1198 4057 facultate
1228 4001 1439 4072 praediti
1474 4012 1677 4066 essent,
1711 4018 1821 4057 non
1865 4004 2049 4060 minus

466 4091 628 4148 etiam
663 4106 840 4146 mores
865 4107 976 4162 prze
1005 4107 1064 4147 se
1094 4091 1338 4147 tulerunt
1364 4092 1430 4145 ad
1460 4091 1804 4154 alliciendam
1850 4093 1917 4148 ad
1960 4094 2045 4148 sui

467 4184 834 4255 spectaculum
887 4183 1289 4238 multitudinem
1332 4192 1487 4253 aptos
1526 4200 1540 4236 :
1578 4182 1717 4238 adeo
1767 4195 1823 4239 ut
1875 4200 1971 4239 eos
2014 4200 2045 4238 a

468 4278 667 4347 quibus
713 4277 1184 4346 conspicerentur,
1210 4286 1265 4332 et
1311 4277 1454 4347 apud
1488 4292 1629 4347 quos
1680 4278 1842 4331 verba
1901 4276 2047 4332 face-

469 4377 609 4433 rent,
635 4376 691 4423 et
722 4382 1062 4437 quaecunque
1095 4368 1295 4437 scripta
1322 4368 1563 4433 ederent,
1595 4367 1822 4424 omnino
1848 4376 2052 4439 pertra-

468 4460 660 4514 herent
681 4458 735 4513 in
762 4458 847 4513 sui
883 4459 1352 4522 communionem,
1377 4466 1652 4530 quotquot
1694 4460 1889 4530 quavis
1917 4459 2050 4515 ista-

469 4565 589 4605 rum
623 4551 897 4603 rationum
929 4548 1089 4605 facile
1115 4551 1235 4619 capi
1267 4559 1540 4619 poterant.

2144 2092 2268 2139 νους
2302 2078 2361 2129 ἐν
2392 2077 2457 2146 τῇ
2486 2074 2775 2144 Λαοδικείᾳ
2822 2073 2920 2141 τῆς
2963 2071 3184 2142 Συρίας,
3224 2070 3322 2123 καὶ
3357 2071 3639 2135 Βασίλειος
3676 2074 3734 2126 ἐν

2141 2168 2451 2239 Καισαρείᾳ
2492 2167 2592 2237 τῆς
2625 2166 3047 2227 Καππαδοκίας,
3094 2166 3186 2219 καὶ
3232 2163 3535 2237 Γρηγόριος
3576 2166 3634 2219 ἐν
3665 2166 3733 2237 τῇ

2141 2258 2431 2330 Ναζιανζῷ
2452 2272 2464 2285 ⁸
2506 2257 2745 2329 σταθμὸς
2778 2258 2835 2311 δὲ
2869 2250 3025 2321 οὗτος
3060 2258 3088 2310 ὁ
3132 2256 3297 2320 τόπος
3330 2257 3449 2309 ἐστὶ
3493 2257 3595 2327 τῆς
3637 2257 3734 2308 αὖ·

2140 2353 2239 2424 τῆς
2270 2351 2688 2414 Καππαδοκίας.
2722 2351 2882 2423 Τρεῖς
2937 2350 2993 2403 δέ
3039 2342 3186 2403 οὗτοι
3231 2348 3423 2421 ἄνδρες
3470 2348 3593 2401 τότε
3638 2347 3734 2402 τοῦ

2140 2442 2426 2515 ὁμοουσίου
2462 2441 2815 2513 προὺμαχουν
2846 2440 2988 2494 κατὰ
3018 2439 3112 2493 τοῦ
3147 2438 3508 2510 ἐτεροουσίου,
3540 2437 3735 2511 μακρῷ

2143 2534 2352 2598 πάντας
2407 2533 2840 2605 παρενεγκόντες
2882 2534 3008 2596 τοὺς
3055 2530 3322 2604 πρότερον
3364 2532 3457 2585 καὶ
3507 2530 3735 2602 ὕστερον

2142 2627 2302 2698 ἄχρις
2325 2624 2459 2697 ἐμοῦ
2482 2624 2580 2696 τῆς
2609 2624 2875 2696 αἱρέσεως
2909 2625 3251 2695 προστάντας
3273 2641 3286 2653 ’
3314 2623 3389 2688 ὡς
3414 2625 3581 2678 παῖδα
3604 2625 3735 2695 παρ’

2142 2721 2326 2784 αὐτοῖς
2370 2718 2623 2790 κριθῆναι
2671 2718 2762 2771 τὸν
2802 2716 3138 2771 Ἀθανὰσιον.
3172 2717 3283 2788 Τῆς
3310 2733 3367 2769 τε
3394 2716 3503 2788 γὰρ
3539 2717 3737 2784 ἔξωθεν

2143 2810 2483 2882 καλουμένης
2513 2809 2845 2873 παιδεύσεως
2867 2809 2959 2862 ἐπὶ
2985 2808 3235 2861 πλεῖστον
3258 2802 3404 2862 οὗτοι
3436 2808 3738 2880 προεληλύ-

2144 2902 2350 2965 θεισαν,
2384 2902 2480 2954 καὶ
2505 2900 2613 2953 τῶν
2646 2900 2808 2972 ίερῶν
2838 2899 3072 2971 Γραφῶν
3102 2899 3277 2953 ὁπόσα
3316 2902 3395 2964 είς
3426 2900 3739 2968 ἀνάγνωσιν

2144 2992 2238 3046 καὶ
2269 2993 2368 3064 τὴν
2398 2993 2687 3064 πρόχειρον
2736 2993 2957 3064 μνήμην
3002 2992 3195 3057 ἐτέλει,
3224 2990 3425 3062 πολλὴν
3467 2988 3613 3062 εἶχον
3639 2990 3738 3062 τὴν

2144 3085 2436 3157 ἐμπειρίαν
2458 3102 2471 3116 ·
2503 3084 2596 3138 καὶ
2634 3084 2871 3155 μάλιστά
2906 3101 2969 3153 γε
3000 3082 3180 3137 αὐτῶν
3221 3084 3250 3136 ὁ
3288 3083 3698 3155 Ἀπολλινάριος
3720 3098 3734 3113 ·

2144 3171 2299 3243 οὗτος
2330 3178 2440 3250 γὰρ
2473 3178 2536 3250 δὴ
2591 3179 2685 3231 καὶ
2730 3178 2832 3247 τῆς
2868 3176 3148 3249 Ἐϐραῖδος
3193 3175 3475 3229 διαλέκτου
3526 3175 3739 3228 ἐπαΐειν

2144 3266 2257 3334 οἶός
2280 3286 2341 3323 τε
2368 3266 2457 3341 ἦν.
2490 3269 2599 3323 Καὶ
2631 3270 2738 3340 μὴν
2786 3269 2879 3322 καὶ
2914 3266 3249 3338 συγγράφειν
3282 3265 3516 3329 ἕκαστος
3555 3266 3613 3329 ἐς
3643 3263 3738 3317 τὸν

2145 3359 2310 3414 αὐτοῦ
2341 3360 2543 3431 τρόπον
2570 3356 2639 3431 ἦν
2668 3357 3028 3422 ἱκανώτατος·
3059 3357 3136 3427 τῷ
3178 3357 3277 3427 μέν
3307 3372 3374 3424 γε
3419 3355 3735 3409 Ἀπολλινα-

2146 3452 2247 3525 ρίῳ
2274 3452 2335 3505 τὸ
2363 3452 2819 3523 ὑπομνηματικὸν
2847 3447 2986 3515 εἶδος
3011 3451 3110 3520 τῆς
3139 3450 3357 3515 λέξεως,
3388 3448 3587 3520 μακρῷ
3612 3446 3738 3519 ἄριο

2146 3561 2247 3597 στα
2275 3540 2419 3616 εἶχεθ
2453 3544 2732 3609 Βασίλειος
2760 3544 2816 3597 δέ
2844 3543 3216 3614 πανηγυρίσαι
3236 3541 3621 3613 λαμπρότατος
3641 3536 3736 3610 ἦν.

2144 3634 2238 3707 Τῷ
2269 3636 2328 3690 δέ
2360 3655 2427 3707 γε
2456 3637 2763 3709 Γρηγορίῳ,
2794 3635 2887 3689 καὶ
2936 3635 3066 3706 παρ’
3095 3634 3429 3705 ἀμφοτέροις
3480 3632 3737 3699 ἐξεταζο-

2148 3731 2316 3804 μένῳ,
2340 3731 2509 3802 μείζω
2542 3731 2699 3802 βάσιν
2732 3732 2813 3793 είς
2846 3728 3171 3800 συγγραφὴν
3205 3722 3348 3797 εἶχεν
3372 3728 3401 3779 ὁ
3429 3725 3740 3794 λόγος.Καὶ

2146 3819 2215 3896 ἦν
2249 3828 2424 3878 εἰπεῖν
2463 3821 2869 3893 Ἀπολλιναρίου
2901 3821 2998 3891 μὲν
3035 3819 3343 3890 ἁδρότερος,
3373 3818 3652 3871 Βασιλείου
3682 3815 3739 3869 δὲ

2150 3916 2575 3987 σταθερώτερος.
2610 3913 2889 3984 Τοσαύτης
2934 3914 2991 3967 δὲ
3020 3913 3202 3975 αὐτοῖς
3234 3914 3291 3964 ἐν
3320 3910 3398 3981 τῷ
3426 3910 3606 3978 λέγειν
3640 3908 3737 3961 καὶ

2146 4009 2379 4080 γράφειν
2417 4008 2705 4078 δυνάμεως
2729 4004 2917 4076 οὔσης,
2954 4005 3046 4058 καὶ
3082 4004 3140 4057 τὸ
3168 3999 3298 4075 ἦοος
3328 4002 3478 4056 οὐδὲν
3508 3998 3672 4075 ἦττον
3689 4001 3737 4054 oi

2146 4101 2339 4173 ἄνδρες
2370 4102 2690 4172 παρείχοντο
2713 4099 2848 4172 πρὸς
2866 4099 2965 4171 τὴν
2989 4098 3096 4152 τῶν
3124 4094 3333 4150 πολλῶν
3359 4095 3487 4148 θέαν
3521 4097 3736 4163 ἐπαγω-

2147 4195 2374 4263 γότατον
2394 4210 2407 4224 ⁸
2458 4192 2598 4246 ὥστε
2648 4192 2743 4246 καὶ
2788 4186 2868 4256 οἷς
2889 4190 3131 4262 ὡρῶντο,
3164 4189 3257 4243 καὶ
3287 4183 3367 4252 οἷς
3398 4188 3606 4256 ἔλεγον,
3640 4185 3734 4239 καὶ

2146 4287 2322 4341 ὁπόσα
2367 4285 2670 4355 γράφοντες
2712 4283 3025 4348 διεδίδοσαν,
3068 4282 3156 4335 διὰ
3194 4283 3411 4335 πάντων
3457 4280 3625 4350 ᾕρουν
3655 4278 3733 4340 είς

2147 4381 2247 4451 τὴν
2281 4380 2489 4432 ἑαυτῶν
2518 4376 2804 4432 κοινωνίαν
2839 4377 2966 4439 τοὺς
3006 4374 3129 4429 καθ’
3158 4373 3333 4429 ὁτιοῦν
3367 4373 3549 4428 αὐτῶν
3578 4372 3725 4442 εὐχε-

2152 4471 2405 4544 ρέστερον
2436 4468 2755 4525 ἁλίσκεσθαι
2788 4468 3138 4536 δυναμένους.

1615 4774 1622 4781 -
1716 4753 1951 4797 VALESII
1979 4753 2472 4799 ANNOTATIONESo

509 4924 654 5006 .(l?)
690 4917 803 5006 ξὯγ
828 4924 900 5006 ἐξ
929 4924 1233 5006 ἑκατέρας.
1275 4921 2046 5006 ΡςξθεὶηλοΙγι-υῐιςιςξευηιιῐοξιη-

2156 4924 2404 5006 dum_liic
2435 4938 2562 5006 esse
2586 4935 2781 5006 nomen
2816 4921 3025 5006 πηχῶν.

472 4992 558 5051 nis
578 4993 902 5049 Antioclieni
931 5003 1163 5048 verterat
1186 4992 1424 5049 Jacobus
1455 4993 1824 5049 Gothofredus
1849 5010 1863 5047 :
1891 4994 2051 5063 cujus

472 5081 572 5121 nos
598 5064 905 5120 versionem
934 5064 1038 5119 boc
1067 5064 1185 5119 loco
1206 5065 1639 5120 emendavimus.
1671 5064 1763 5119 Sie
1792 5065 1936 5118 enim
1964 5067 2050 5119 in-

471 5143 801 5207 terpretatus
830 5142 913 5207 est
944 5153 956 5188 :
992 5132 1041 5186 E
1068 5151 1169 5204 quo
1195 5135 1440 5205 utrinque
1481 5135 1771 5203 e/funditur
1812 5134 2048 5207 ﬂuvius;

471 5206 594 5261 cum
640 5206 958 5260 vertendum
1002 5214 1167 5264 esset.
1204 5221 1269 5259 ex
1309 5217 1529 5272 utroque
1578 5207 1763 5259 horum
1818 5206 2048 5272 fontium

472 5277 688 5348 pro/luit
708 5276 880 5348 omnis
908 5291 927 5329 :
954 5275 1091 5348 alter
1131 5274 1367 5348 Jorateg,
1396 5274 1532 5348 alter
1580 5274 1798 5348 Dam'les
1848 5276 2043 5348 dictus.

474 5345 588 5402 Non
635 5345 1014 5403 animadvertit
1065 5347 1269 5403 scilicet
1296 5346 1664 5403 Gothofredus
1717 5346 2049 5403 subaudien-

2228 4992 2342 5066 (15)
2373 4988 3123 5061 Ἐντῷ...ὅρκῳρέόμενος.
3145 4988 3532 5066 Uniuslitteraz
3558 4998 3729 5066 unita-

2154 5058 2301 5120 tione
2321 5058 2509 5118 locum
2539 5058 2697 5117 hunc
2730 5058 2935 5118 sanari
2956 5066 3057 5118 hoc
3080 5058 3251 5117 modo
3280 5079 3293 5115 :
3323 5060 3400 5131 τῷ
3432 5062 3614 5131 οἰκείῳ
3642 5058 3728 5111 ὀλ-

2154 5136 2253 5205 κῷ.
2288 5134 2758 5205 Emendationenr
2786 5142 3029 5188 nostram
3075 5130 3403 5187 conﬁrmant
3449 5130 3641 5205 suidas
3671 5132 3725 5181 et

2155 5201 2477 5274 Hesychius.
2506 5204 2597 5272 qui
2634 5201 2791 5256 ὸλκόν
2823 5204 2959 5257 viam
2997 5215 3049 5257 et
3071 5214 3324 5274 Htractum
3350 5216 3451 5274 _sc_u
3483 5204 3725 5274 impetum

2155 5267 2391 5344 ﬂuniinis
2436 5267 2743 5344 significare
2771 5274 3037 5332 scribunt.
3068 5272 3326 5329 Facessat
3347 5271 3513 5343 igitur
3543 5267 3724 5337 conje-

2154 5342 2311 5399 ctura
2345 5342 2681 5400 Gothbl‘redi.

1996 5559 2346 5576 σῇ..
