4028 6330
271 654 546 671 —I——-——

1410 430 1895 490 PillLOSTOBGlI
1937 430 2386 489 FRAGMENTA.

867 824 1745 940 FRAGMENTA
1830 825 2898 943 PHILOSTORGII.

1430 1118 1509 1174 Ex
1542 1120 1711 1175 Suida
1750 1120 1805 1175 in
1850 1135 1987 1177 voce
2026 1120 2356 1191 Ἀγαπητός.

332 1238 643 1310 Ἀγαπητδς
657 1238 956 1301 ἐπίσκοπος
975 1237 1245 1304 Συνάδων,
1268 1239 1329 1295 ὃν
1349 1242 1407 1294 ἐν
1424 1216 1633 1313 ἐπαίνιρ
1652 1214 1834 1310 πολλῷ

2009 1240 2285 1311 Agapetus
2340 1237 2686 1310 Synadorum
2742 1241 3061 1311 episcopus,
3120 1257 3285 1312 quem
3336 1243 3528 1300 multis
3554 1193 3599 1226 ’τ

253 1327 464 1383 τίθεται
513 1326 773 1390 Εὐσέόιος
816 1329 845 1381 ὁ
893 1327 1179 1397 Παμφίλου
1220 1328 1355 1398 (14),
1406 1331 1500 1383 καὶ
1546 1330 1837 1402 θαυμάτων

252 1418 420 1473 αὑτοῦ
448 1418 702 1485 ἐξαισίων
734 1419 956 1489 μνήμην
1001 1420 1255 1483 ποιεῖται,
1296 1419 1437 1492 όρῶν
1479 1423 1845 1492 μεταστάσεις

252 1510 350 1563 καὶ
379 1509 661 1580 ποταμῶν,
716 1511 810 1563 καὶ
842 1509 1050 1582 νεκρῶν
1097 1512 1343 1583 ἐγέρσεις
1368 1530 1381 1543 ·
1420 1513 1514 1566 καὶ
1552 1514 1635 1567 ὅτι
1670 1532 1838 1587 στραε

253 1602 455 1673 τιώτην
477 1602 605 1656 ὄντα
634 1602 902 1675 ἐϐουλήθη
931 1600 1235 1675 Μαξιμῖνος
1259 1605 1334 1669 ὡς
1359 1607 1687 1676 Χριστιανὸν
1708 1611 1841 1662 ἀπο-

254 1698 487 1757 κτεῖναι,
521 1695 608 1748 διά
649 1696 710 1748 τὸ
740 1694 1102 1750 πυνθάνεσθαι
1148 1696 1375 1761 πολλοὺς
1401 1698 1469 1752 τὰ
1510 1698 1637 1770 παρ’
1670 1700 1834 1753 αὑτοῦ

255 1788 555 1858 τελούμενα
583 1788 1061 1860 ὑπεραγαμένους.

1943 1332 2197 1387 laudibus
2211 1331 2723 1388 exornatEusehius
2746 1330 3037 1402 Pamphili.
3058 1336 3385 1391 etmiracula
3407 1335 3530 1405 ejus

1946 1417 2205 1474 inusitata
2232 1430 2624 1474 commemorat
2647 1430 2812 1490 atque
2830 1421 3078 1489 insolita;
3111 1431 3326 1480 montes
3346 1439 3409 1479 ac
3427 1424 3532 1481 ﬂu-

1948 1510 2064 1565 vios
2081 1509 2245 1564 alium
2267 1511 2321 1565 in
2344 1510 2523 1566 locum
2547 1512 2863 1581 translatos,
2880 1522 3126 1571 mortuos
3142 1515 3210 1569 ad
3228 1516 3393 1571 vitam
3415 1509 3536 1574 sus;
3592 1580 3599 1587 _

1947 1602 2165 1658 citatos.
2206 1600 2301 1655 Ait
2339 1602 2506 1656 etiam
2540 1603 2925 1674 imperatorem
2973 1604 3358 1673 Maximinum,
3401 1624 3529 1664 eum

1944 1691 2121 1747 adhuc
2150 1691 2399 1759 militent,
2443 1702 2627 1763 utpote
2652 1692 3054 1757 Christianum,
3094 1698 3399 1753 interficere
3430 1714 3530 1753 vo—

1945 1780 2133 1847 luisse,
2169 1790 2460 1850 propterea
2488 1782 2634 1851 quod
2661 1783 3020 1852 comperisset
3051 1784 3272 1849 multos.
3301 1800 3531 1854 Operum

1942 1888 2065 1941 qua:
2094 1871 2162 1925 ab
2185 1870 2428 1941 Agapeto
2458 1871 2658 1927 fiebant
2692 1873 3061 1930 admiratione
3097 1885 3307 1946 captos,
3341 1876 3532 1931 relicto

1943 1962 2223 2034 gentilium
2258 1962 2408 2018 cultu
2442 1964 2506 2017 ad
2538 1963 2907 2020 Christianam
2945 1965 3103 2022 [idem
3128 1968 3367 2024 transire
3394 1966 3530 2039 (l5).

1490 2077 1564 2132 Ex
1599 2076 1767 2135 Suida
1802 2080 1859 2134 in
1885 2095 2018 2135 voce
2063 2080 2291 2144 Ἀἐτιος.

341 2191 545 2255 ’Δέτιος
571 2191 631 2258 ἐξ
666 2192 993 2264 Ἀντιοχείας
1018 2194 1119 2264 τῆς
1154 2193 1375 2266 Συρίας,
1399 2195 1717 2261 διδάσκαλος
1739 2198 1843 2250 E5-

258 2283 469 2355 νομίου,
505 2283 614 2337 ἀπὸ
663 2284 934 2355 πενιχρῶν
976 2284 1072 2338 καὶ
1118 2285 1351 2360 εὐτελῶν
1394 2287 1595 2356 γονέων
1639 2290 1843 2359 τυγχὰο

259 2390 385 2430 νων.
410 2373 470 2427 '0
487 2373 739 2446 δέπατὴρ
762 2374 909 2446 αὑτῷ
932 2374 1040 2430 τῶν
1055 2377 1113 2430 ἐν
1137 2379 1364 2450 στρατιᾷ
1375 2378 1746 2448 δυσπραγέστε
1756 2397 1847 2448 ρος

261 2464 650 2537 ἐνειλεγμένων
701 2467 1028 2539 γενόμενος,
1083 2469 1363 2540 ἐτεθνήκει
1417 2471 1614 2543 κομιδῇ
1669 2472 1836 2526 παῖδα

262 2558 446 2613 τοῦτον
473 2559 656 2629 ἀφείς.
690 2560 860 2623 Αὐτὸς
905 2560 962 2614 δὲ
1006 2561 1088 2624 είς
1129 2561 1357 2632 ἔσχατον
1390 2563 1628 2635 ἀπορίας
1667 2564 1839 2635 ήκων,

262 2650 351 2702 ἐπὶ
392 2650 720 2721 χρυσοχοῖαν
776 2648 1088 2721 ἐχώρησεν,
1148 2651 1447 2722 ἀκρότατός
1493 2669 1554 2706 τε
1606 2653 1842 2723 ἐγένετο.

273 2738 423 2792 Ἐπεὶ
451 2738 508 2791 δὲ
535 2742 569 2810 ή
606 2739 769 2808 φύσις
808 2738 959 2809 αὑτῷ
996 2740 1261 2811 μειζόνων
1302 2741 1544 2814 ὠρέγετο
1586 2742 1845 2814 μαθημά-

265 2844 389 2895 των,
416 2827 554 2899 πρὸς
574 2827 798 2897 λογικὰς
823 2825 1056 2900 θεωρίας
1086 2830 1375 2903 ἐτράπετο.
1418 2835 1529 2887 Καὶ
1555 2833 1690 2904 δῆτα
1716 2850 1847 2901 σινγ-

264 2919 473 2986 γίνεται
512 2919 784 2990 Παυλίνῳ,
814 2921 1017 2993 ἀρτίως
1045 2922 1153 2977 ἀπὸ
1190 2923 1366 2994 Τύρου
1404 2926 1485 2988 είς
1520 2925 1845 2995 ’Λντιόχειαν

263 3012 582 3082 ἀφικομένῳ
630 3012 712 3064 ἔτι
757 3012 899 3067 κατά
952 3014 1078 3076 τοὺς
1130 3014 1543 3067 Κωνσταντίνου
1596 3015 1842 3085 χρόνους.

265 3102 469 3157 Τούτου
506 3105 767 3176 ἠκροᾶτο,
818 3103 1017 3177 πολλὴν
1048 3106 1307 3170 ἐπιεικῶς
1345 3106 1551 3176 φαίνων
1589 3107 1689 3177 τῆς
1715 3108 1846 3160 ἀσε-

261 3195 416 3258 ϐείας
447 3194 547 3266 τήν
574 3194 767 3267 ῥώμην
801 3197 876 3269 (α)
910 3198 991 3259 εις
1022 3196 1122 3259 τὰς
1165 3198 1299 3268 πρὸς
1332 3199 1456 3262 τοὺς
1488 3198 1848 3271 διαφορουμέ-

261 3304 387 3350 νους
415 3285 672 3359 ζητήσεις
695 3305 707 3318 ·
742 3291 837 3342 καὶ
881 3290 978 3358 οὐχ
1012 3289 1313 3353 ὑπόστατος
1346 3290 1449 3360 ήδη
1492 3293 1602 3353 τοῖς
1632 3289 1846 3353 πολλοῖς

260 3376 349 3451 ἦν.
388 3380 545 3436 Ἐπεὶ
586 3381 644 3434 δὲ
689 3383 950 3445 Παυλῖνος
1000 3381 1301 3452 ἐτεθνήκει,
1358 3382 1618 3436 Εὑλαλίου
1659 3384 1846 3454 τρίτου

262 3474 356 3526 καὶ
394 3473 642 3527 εἰκοστοῦ
671 3474 780 3528 ἀπὺ
798 3474 908 3527 τῶν
934 3474 1251 3527 ἀποστόλων
1274 3472 1489 3544 ἔχοντος
1515 3476 1606 3528 τὸν
1633 3474 1844 3547 θρόνον,

264 3564 452 3616 πολλοὶ
500 3565 610 3617 τῶν
663 3566 767 3619 ὑπὸ
816 3564 911 3619 τοῦ
971 3564 1176 3618 Ἀετίου
1226 3566 1625 3636 ἐλεγχομένων,
1673 3567 1849 3622 δεινὸν

263 3657 625 3727 ποιησάμενοι
654 3660 787 3729 πρὸς
818 3659 1008 3729 ἀνδρὸς
1040 3658 1373 3730 δημιουργοῦ
1415 3660 1511 3712 καὶ
1556 3660 1675 3712 νέου
1704 3659 1848 3714 κατὰ

263 3750 468 3818 κράτος
520 3750 857 3817 ἐλαύνεσθαι,
897 3753 1188 3816 συστάντες
1238 3752 1507 3823 ἐξήλασαν
1539 3753 1698 3807 αὑτὸν
1748 3755 1846 3824 τῆς

2014 2197 2202 2252 Aetius
2242 2199 2501 2268 magister
2547 2195 2800 2253 Eunomii
2824 2237 2839 2263 ,
2878 2204 3035 2253 ortus
3073 2212 3140 2252 ex
3168 2196 3322 2253 urbe
3362 2195 3536 2269 Syria

1946 2289 2269 2354 Antiochia,
2316 2288 2864 2360 parentibussegenis
2907 2304 2971 2343 ac
3013 2287 3320 2345 vilissimis.
3373 2285 3535 2343 Pater

1948 2384 2068 2453 ejus
2095 2382 2360 2437 eohortali
2403 2381 2612 2435 militia:
2661 2380 2956 2451 ascriptus,
2989 2394 3114 2435 cum
3150 2380 3377 2435 adversa
3416 2378 3538 2461 for-_

1952 2487 2082 2531 tuna
2118 2492 2251 2531 usus
2280 2484 2446 2540 esset,
2476 2473 2591 2530 fato
2614 2473 2837 2530 functus
2865 2483 2970 2541 est,
2995 2472 3186 2529 relicto
3205 2472 3313 2527 isto
3338 2469 3533 2527 admo-

1948 2569 2079 2623 dum
2117 2581 2310 2639 puero.
2353 2567 2457 2633 Qui
2493 2567 2561 2622 ad
2606 2581 2879 2622 summam
2924 2575 3218 2637 egestatem
3252 2564 3528 2626 redactus,

1947 2656 2288 2712 auriticinam
2338 2670 2591 2712 exercere
2622 2654 2875 2720 instituit,
2892 2663 2947 2709 et
2975 2655 3040 2709 ad
3068 2667 3340 2709 summam
3365 2651 3532 2720 hujus

1947 2749 2083 2805 artis
2111 2748 2502 2819 perfectionem
2534 2747 2727 2801 evasit.
2755 2744 2859 2801 Sed
2894 2744 3151 2815 quoniam
3174 2742 3296 2811 ejus
3319 2741 3530 2797 indoles

1947 2841 2012 2895 ad
2045 2840 2265 2894 altiores
2299 2838 2616 2908 disciplinas
2666 2837 2962 2906 aspirabat,
3003 2838 3069 2889 al
3110 2835 3299 2905 logica:
3347 2832 3532 2888 studia

3414 439 3545 496 63W

3551 1107 3565 1141 ι

1948 2930 2193 2984 animum
2222 2928 2499 2999 applicuit.
2535 2929 2612 2983 Ac
2642 2929 2880 2998 primum
2916 2926 3138 2996 quidem
3180 2923 3399 2978 auditor
3424 2922 3562 2978 fuit'

1948 3020 2185 3085 Paulini,
2213 3021 2307 3090 qui
2356 3020 2518 3090 paulo
2550 3029 2678 3074 ante
2722 3034 2787 3073 ex
2829 3017 2963 3073 urbe
3010 3014 3156 3087 Tyro
3187 3014 3529 3070 Antiochiam

1950 3111 2246 3173 translatus
2273 3110 2473 3179 fuerat,
2501 3110 2863 3167 Constantino
2889 3109 3063 3164 etiam
3092 3117 3215 3162 tum
3239 3105 3553 3176 imperiunr

1948 3205 2308 3275 gubernante.
2350 3201 2508 3257 Hunc
2557 3216 2678 3257 cum
2737 3200 2953 3255 audiret
2999 3199 3215 3263 Aetius,
3251 3212 3359 3253 non
3413 3210 3531 3251 me-

1948 3298 2188 3353 diocrem
2232 3296 2340 3351 vim
2391 3295 2594 3361 ingenii
2642 3292 2984 3357 ostendebat,
3034 3291 3088 3345 in
3134 3288 3533 3361 quaestionibus
3618 3294 3625 3301 '

1948 3389 2213 3444 adversus
2246 3401 2342 3442 eos
2383 3385 2713 3456 quibuscum
2760 3381 3111 3453 disputabat;
3156 3381 3381 3451 jamque
3412 3379 3534 3448 ejus

1951 3480 2185 3551 impetus
2205 3494 2235 3534 a
2264 3478 2539 3550 plerisque
2572 3476 2997 3545 haudquaquam
3025 3471 3278 3528 sustineri
3298 3477 3530 3541 poterat.

1951 3571 2163 3627 Mortuo
2209 3568 2405 3624 deinde
2451 3567 2714 3633 Paulino,
2764 3582 2891 3621 cum
2950 3564 3198 3620 Eulalius
3245 3562 3408 3619 tertio
3468 3577 3535 3617 ac

1948 3665 2210 3721 vicesimo
2252 3663 2374 3717 loco
2423 3670 2549 3732 post
2593 3662 2875 3730 apostolos
2907 3660 3088 3715 sedem
3130 3657 3532 3714 Antiochenam

1950 3757 2239 3828 regendam
2284 3752 2635 3822 suscepisset,
2673 3752 2849 3806 “multi
2902 3767 2965 3805 ex
3015 3750 3083 3806 iis
3131 3749 3223 3820 qui
3264 3749 3333 3802 ah
3376 3748 3536 3802 Actio

280 3841 631 3913 Ἀντιοχείας.
673 3842 975 3908 Ἐξελαθεὶς
1019 3844 1073 3897 δὲ
1116 3845 1197 3907 είς
1239 3844 1570 3915 ’Λνάζαρῦον
1609 3845 1844 3913 ἀφικνεῖ-

1950 3847 2183 3903 convicti
2231 3845 2468 3909 fuerant,
2514 3859 2656 3915 :egre
2703 3842 2935 3898 ferentes
2972 3841 3118 3910 quod
3164 3840 3234 3894 ab
3268 3838 3459 3907 opiﬁce
3481 3845 3554 3892 et.

1950 3944 2299 3997 adolescente
2332 3938 2461 3994 victi
2495 3954 2560 3993 ac
2594 3936 2861 4008 proﬂigati
2893 3944 3095 3997 essent,
3129 3932 3555 4002 conspiratione.

263 3947 377 3984 ται.
419 3932 477 3985 Ὀ
504 3932 579 3995 δὲ,
612 3933 712 4003 ήδη
760 3934 989 4004 τάχιστα
1021 3934 1303 4004 δυνάμεως
1346 3935 1529 4005 πάσης
1575 3936 1849 4007 πιπλάμε-

265 4041 376 4087 νος,
425 4022 643 4094 μείζους
676 4025 763 4077 ἀεὶ
811 4025 919 4079 τῶν
956 4025 1247 4096 διδομένων
1297 4026 1561 4099 ἀφορμῶν
1599 4027 1848 4099 εἰσέφερε

265 4117 391 4177 τοὺς
424 4114 691 4184 καρπούς.
734 4116 791 4169 Ὀ
837 4116 893 4169 δὲ
931 4117 1083 4169 οὐδὲν
1137 4115 1389 4181 ἐπαύετο,
1439 4117 1564 4179 τοὺς
1623 4118 1718 4187 μὲν
1773 4118 1845 4170 διδ

268 4205 527 4275 ελέγχων,
584 4204 800 4275 φαύλως
837 4205 893 4258 δέ
950 4205 1377 4276 ἀμπισχόμενος,
1423 4207 1515 4259 καὶ
1568 4207 1643 4269 ὠς
1690 4208 1845 4279 ἔτυχε

268 4295 401 4358 ζῶν.

1950 4031 2121 4093 facta,
2180 4046 2305 4086 eum
2351 4028 2643 4084 Antiochia
2693 4030 3039 4096 expulerunt.
3091 4024 3312 4095 Ejectus
3369 4022 3535 4094 igitur

1947 4124 2135 4177 Aetius
2166 4124 2512 4176 Anazarbum
2546 4137 2603 4177 se
2632 4119 2883 4174 contulit.
2911 4119 3159 4186 Cumque
3176 4116 3285 4170 vim
3312 4128 3534 4168 omnem

1946 4231 2010 4268 ac
2040 4215 2355 4269 facultatem
2386 4215 2537 4268 brevi
2581 4212 2873 4267 admodum
2910 4219 3150 4277 tempore
3178 4207 3556 4277 percepisset,.

1946 4305 2183 4375 majores
2226 4320 2443 4375 semper
2487 4304 2682 4359 edebat
2725 4302 2963 4363 fructus,
3012 4314 3176 4370 quam
3224 4306 3384 4353 erant
3423 4295 3537 4352 elc-

273 4398 453 4444 menta
493 4398 657 4460 atque
699 4391 1072 4449 institutiones
1111 4411 1247 4465 quas
1282 4396 1351 4451 ab
1379 4397 1502 4451 aliis
1537 4406 1842 4465 acceperat.
1915 4397 2137 4452 lutei-im
2186 4413 2318 4453 vero
2359 4395 2760 4467 reprehendere
2809 4394 2947 4448 alios
2985 4400 3035 4447 et
3095 4389 3380 4448 confutare
3427 4404 3560 4446 non.

270 4486 593 4553 desistebat;
634 4487 749 4556 ipse
771 4489 876 4556 .vili
922 4489 1082 4558 pallio
1129 4499 1324 4556 tectus,
1352 4501 1406 4546 et
1442 4495 1586 4546 tenui
1619 4509 1682 4545 ac
1713 4493 2033 4562 paupertino
2066 4502 2218 4547 utens
2250 4493 2392 4547 victu
2418 4490 2549 4562 (16).

1478 4609 1552 4664 Ex
1587 4610 1754 4666 Suida
1791 4612 1845 4667 in
1869 4628 2001 4668 voce
2033 4611 2338 4678 Αὺξέντιος.

342 4724 628 4789 Ανῦξέντιος
658 4726 1034 4796 Μοψουεστίας
1064 4728 1361 4792 ἐπίσκοπος
1383 4747 1395 4760 ι
1422 4728 1480 4792 ὃς
1502 4725 1570 4800 ἦν
1596 4730 1705 4780 τῶν
1729 4730 1857 4797 ὁμο-

275 4820 330 4866 ).ο
343 4815 514 4886 (ητῶν
544 4815 984 4889 ὀνομαζομένων.
1014 4815 1123 4871 Ἦν
1151 4820 1206 4872 δὲ
1234 4822 1297 4871 ἐκ
1336 4819 1442 4871 τῶν
1471 4818 1749 4887 ἐπιφανῶς
1779 4817 1845 4886 τῷ

1962 4816 2287 4873 fessoribus.
2328 4816 2452 4872 Fuit
2485 4817 2569 4870 hic
2609 4833 2673 4870 ex
2708 4831 2939 4871 numero
2967 4830 3155 4870 eorum
3185 4813 3278 4884 qui
3304 4812 3364 4867 iu
3390 4812 3539 4880 pala—
3582 4807 3594 4822 '

276 4904 484 4972 βασιλεί
521 4907 746 4978 Λικινίῳ
787 4910 1293 4979 στρατευσαμένων,
1342 4908 1448 4962 τῶν
1494 4908 1854 4978 ὑπογραφέων

277 4996 459 5051 τούτου
494 4998 806 5068 γενόμενος,
843 5000 936 5062 οὓς
982 4999 1045 5069 δὴ
1091 5000 1393 5069 Νοταρίους
1437 5000 1699 5070 Ῥωμαῖοι
1757 5016 1856 5052 κα-

2035 4727 2338 4781 Auxentius
2380 4727 2668 4797 episcopus
2713 4724 3090 4795 Mopsuestia),
3127 4738 3271 4778 unus
3300 4736 3373 4775 ex
3408 4736 3537 4776 con-

1962 4909 2035 4961 tio
2087 4908 2435 4977 imperatoris
2484 4906 2678 4961 Licinii
2725 4906 3004 4977 splendide
3056 4907 3378 4971 militabant,
3420 4905 3541 4974 ejus

1958 5001 2165 5054 seilieet
2224 5009 2480 5071 exceptor
2538 5017 2680 5071 quos
2738 4998 2967 5053 Romani
3023 4998 3269 5052 notarios
3318 5006 3535 5063 vocant.

1504 5172 1745 5216 VALESII
1785 5172 2286 5219 ANNOTATIONES.

347 5282 459 5352 (14)
497 5281 788 5347 Εὐσέϐιος
817 5285 850 5335 o'
894 5282 1232 5351 Παμφίλου.
1281 5282 1377 5338 llic
1414 5284 1690 5338 memoria:
1719 5284 1851 5339 vitio

285 5350 461 5422 lapsus
492 5362 576 5406 est
619 5353 840 5414 Suitlas,
889 5350 991 5422 qui
1036 5352 1329 5407 Eusebium
1370 5354 1553 5421 posuit
1585 5368 1681 5421 pro
1722 5353 1845 5408 Plii-

286 5421 557 5493 lustorgiu.
605 5424 829 5493 Agapeti
868 5421 1014 5476 enim
1065 5422 1448 5493 Syunadorum
1498 5424 1738 5493 episcopi
1791 5424 1845 5478 in

291 5489 524 5546 Historia
570 5489 932 5547 ecclesiastica
974 5489 1245 5561 nusquam
1293 5489 1544 5548 meminit
1582 5489 1851 5548 Eusebius

289 5561 650 5619 Casariensis.
679 5562 808 5633 Ejus
829 5575 1007 5618 autem
1040 5563 1370 5617 mentionem
1407 5563 1536 5617 facit
1564 5564 1854 5618 l’hilostor-

1742 5736 2089 5779 VARIORUM.

1959 5286 2081 5356 gius
2115 5287 2168 5340 in
2205 5286 2341 5356 libro
2374 5302 2441 5348 ιι,
2480 5286 2655 5355 capite
2687 5285 2741 5347 2,
2781 5284 2872 5337 ubi
2910 5283 3099 5338 eadem
3136 5281 3246 5337 fere
3283 5280 3539 5348 leguntur

1957 5354 2080 5427 Quae
2111 5354 2532 5427 aptuIVSuidam.

2031 5420 2310 5496 (im-Vide
2341 5420 2568 5496 Philost.
2607 5424 2700 5496 lib.
2736 5440 2794 5485 ιι,
2825 5423 2878 5475 in
2901 5420 3105 5496 (δωρεῇ.

2031 5489 2142 5566 (Hi)
2190 5496 2320 5549 Vide
2351 5495 2576 5549 Philost.
2615 5493 2709 5547 lib.
2749 5509 2826 5557 ιιι,
2860 5489 2983 5561 (τοι).
3020 5489 3110 5544 I5.

346 5880 419 5949 (α)
464 5884 811 5955 Πολλὴνσ-
840 5883 951 5950 τῆς
985 5884 1261 5948 ἁσεξείιις
1304 5882 1413 5951 τὴν
1454 5882 1680 5951 ι’ώμηιο.
1725 5881 1845 5937 ΥυιΊ

1950 5885 2078 5951 Itttn,
2114 5900 2212 5937 non
2238 5885 2541 5937 itu-diocrem
2571 5884 2853 5950 impietatis
2885 5885 3005 5940 rint.
3040 5883 3127 5941 W.
3159 5886 3369 5946 Lowth.

3508 5649 3522 5668 ι

3512 5673 3525 5707 Ῡ

3531 5653 3579 5735 ’ἐι
