4028 6330
477 364 573 421 63!

1868 360 2354 421 PHILOSTORGH

3626 359 3722 420 632

477 484 649 539 Porro
693 481 812 553 ejus
861 477 1136 538 confessio
1183 474 1498 549 hujusmodi
1541 478 1661 533 fuit.
1724 479 1780 533 In
1812 478 2047 550 quodam

2173 478 2323 532 οὖσι.
2362 479 2435 532 Τὸ
2483 479 2539 531 δὲ
2569 480 2666 550 τῆς
2706 477 2994 549 ὁμολογίας
3043 475 3245 530 τοιόνδε
3289 469 3515 543 γέγονεν
3557 469 3723 540 εῐδος·

469 576 612 632 atrio
643 573 941 644 lmperialis
981 571 1163 641 palatii
1207 578 1325 624 erat
1366 568 1509 636 fons,
1553 580 1606 625 et
1636 586 1803 640 supra
1844 568 2051 624 fontem

472 660 673 721 Bacchi
717 669 919 724 statua,
959 666 1014 713 et
1044 673 1240 728 magna
1289 658 1722 728 circumquaque
1757 658 1883 712 vitis
1932 673 2055 728 quae

474 757 789 810 universum
830 751 983 805 illum
1029 750 1210 805 locum
1247 757 1457 807 tectum
1488 759 1651 820 atque
1685 764 1914 819 epacum
1944 749 2055 803 elIi-

473 848 671 903 ciebat.
732 844 809 898 Eo
860 859 985 898 cum
1042 842 1288 897 Licinius
1338 843 1604 896 avocandi
1657 842 1824 895 animi
1891 856 2055 896 causa

473 937 733 1002 venisset,
766 944 878 989 tum
930 933 1202 987 Auxentio
1242 934 1383 1002 ipso,
1415 940 1532 987 tum
1563 932 1685 987 aliis
1716 932 1966 1001 pluribus
1987 946 2053 985 ex

470 1025 591 1094 ejus
632 1024 837 1094 palatio
884 1024 1063 1093 ipsum
1118 1023 1500 1088 sectantibus;
1550 1021 1605 1074 in
1653 1022 1816 1075 vitem
1862 1021 2056 1075 oculos

471 1113 807 1183 conjiciens,
867 1126 1031 1165 uvam
1094 1109 1387 1179 quamdam
1441 1110 1726 1178 conspexit
1782 1107 2057 1161 inusitataa

472 1204 864 1275 magnitudinis
906 1218 971 1257 ac
1014 1200 1350 1266 venustatis,
1398 1215 1466 1255 ex
1506 1199 1820 1270 palmitibus
1854 1198 2057 1267 depen—

472 1296 708 1351 dentem.
746 1293 895 1349 Hauc
928 1292 1200 1347 Auxentio
1242 1291 1409 1362 jussit
1452 1300 1512 1345 ut
1554 1289 1917 1345 abscinderet.
1965 1286 2056 1343 ille

473 1386 659 1444 statim
709 1393 926 1454 arrepto
964 1384 1144 1437 cultro
1190 1397 1351 1452 quem
1386 1380 1733 1435 feminalibus
1755 1394 2055 1449 appensum

474 1479 740 1551 gestabat,
763 1492 926 1531 uvam
954 1477 1199 1531 exsecuit
1220 1474 1354 1528 nihil
1379 1473 1707 1544 suspicatus.
1736 1473 1891 1527 Tunc
1918 1472 2056 1526 Licic

475 1568 602 1641 nius
636 1569 701 1622 ad
725 1582 848 1621 eum
891 1580 1192 1620 conversus
1236 1580 1249 1615 :
1288 1564 1453 1627 Pone,
1498 1563 1696 1632 inquit,
1727 1562 1866 1617 hanc
1896 1577 2055 1615 uvam

475 1662 546 1715 ad
582 1660 745 1729 pedes
769 1657 990 1714 Bacchi.
1030 1657 1108 1712 Ad
1142 1658 1256 1711 haec
1285 1656 1591 1711 Auxentius
1623 1671 1635 1707 :
1677 1652 2055 1725 Nequaquam,

476 1768 513 1806 o
558 1752 893 1820 imperator,
944 1748 1262 1818 respondit;
1321 1746 1665 1803 Christianus
1711 1746 1855 1803 enim
1910 1759 2055 1799 sum.

2154 562 2263 618 Ἦν
2285 565 2342 617 ἕν
2370 584 2475 619 τινι
2503 568 2602 635 τῆς
2635 566 2915 637 βασιλικῆς
2943 566 3125 629 ἑστίας
3152 565 3288 635 αὐλῇ
3319 565 3495 635 κρήνη
3526 580 3585 615 τε
3609 564 3725 618 ὓδα-

2153 674 2263 722 τος,
2304 661 2397 711 καὶ
2444 659 2530 712 ὲπ’
2583 658 2718 729 αὐτῇ
2769 657 3023 711 Διονύσου
3065 656 3306 726 ἄγαλμα,
3335 656 3431 709 καὶ
3495 655 3728 725 ἄμπελος

2160 751 2368 822 μεγάλη
2401 750 2780 821 περικειμένη,
2816 750 2911 803 καὶ
2953 746 3170 820 σκιερὸν
3198 747 3456 810 ἐπιεικῶς
3494 747 3591 800 καλ⁵
3618 762 3729 800 συν·

2154 843 2333 913 ηρεφῆ
2356 842 2449 896 τὸν
2472 840 2687 896 ἅπαντα
2715 841 2877 894 τόπον
2905 839 3268 911 ἐργαζομένη.
3297 837 3562 892 Ἐνταῦθα
3589 839 3618 891 ό
3638 837 3731 892 Λι-

2156 932 2326 994 κίνιος
2364 932 2504 984 κατὰ
2537 932 2809 1002 πρόφασιν
2843 931 3148 1001 ἀπαγωγῆς
3173 928 3526 999 ἀφικόμενος,
3554 928 3647 982 τοῦ
3675 946 3733 983 τε

2156 1022 2444 1089 Αύξεντίου
2479 1022 2629 1094 αὐτῷ
2663 1023 2755 1077 καὶ
2783 1022 2957 1077 ἄλλων
2984 1020 3196 1075 πολλῶν
3222 1022 3287 1074 ὲκ
3318 1022 3418 1091 τῆς
3439 1020 3735 1092 θεραπείας

2158 1110 2576 1183 παρεπομένων,
2608 1114 2687 1177 εἰς
2720 1112 2821 1182 τὴν
2850 1112 3091 1183 ἄμπελον
3121 1108 3337 1178 ἀνιδὼν,
3362 1111 3626 1165 ἐθεάσατο
3651 1112 3737 1181 βό-

2157 1220 2291 1274 τρυν
2324 1202 2522 1274 ὡραῖόν
2553 1219 2672 1256 τινα
2709 1201 2802 1256 καὶ
2835 1202 3029 1272 μέγαν,
3060 1200 3168 1253 τῶν
3199 1200 3494 1271 κλημάτων
3528 1202 3739 1255 ἀπαιω-

2163 1290 2440 1362 ρούμενον.
2478 1291 2677 1345 Τοῦτον
2711 1291 3011 1362 προσέταξε
3038 1290 3115 1360 τῷ
3139 1290 3408 1360 Αύλξεντίῳ
3432 1292 3642 1360 τεμεῖν,
3681 1291 3739 1342 'O

2157 1382 2213 1435 δὲ
2246 1384 2466 1445 αὐτίκα,
2497 1384 2556 1436 τὸ
2592 1383 3039 1455 προσηρτημένον
3074 1386 3190 1445 ταῖς
3226 1381 3542 1452 ἀναξυρίσιν
3574 1382 3739 1436 αὑτοῦ

2164 1475 2450 1545 μαχαίριον
2484 1474 2835 1545 ἀφελόμενος,
2866 1474 3027 1545 ἔτεμε
3063 1472 3229 1544 μηδὲν
3274 1472 3646 1541 ὑπειδόμενος.
3683 1473 3740 1526 ὐ

2160 1563 2251 1620 οὖν
2281 1567 2520 1630 Λικίνιος
2543 1566 2678 1638 πρὸς
2703 1566 2895 1631 αὑτὸν,
2926 1564 3027 1628 Θὲς
3051 1565 3228 1616 τοίνυν
3256 1561 3345 1617 τὸν
3374 1561 3588 1633 βότρυν,
3616 1561 3741 1631 ἔφη,

2162 1658 2298 1730 πρὸς
2330 1662 2441 1723 τοῖς
2466 1658 2560 1712 τοῦ
2592 1657 2845 1711 Διονύσου
2877 1654 3051 1711 ποσίν.
3092 1654 3152 1710 Ὀ
3180 1655 3257 1715 δὲ,
3284 1654 3398 1725 Μὴ,
3423 1648 3467 1708 ὦ
3499 1652 3741 1724 βασιλεῦ,

2161 1750 2495 1821 ἀπεκρίνατο
2514 1765 2528 1779 ·
2558 1749 2883 1821 Χριστιανὸς
2905 1748 3013 1818 γάρ
3036 1749 3173 1818 εἰμι.
3199 1747 3464 1808 Κάκεῖνος
3487 1762 3501 1775 ·
3536 1743 3744 1797 Οὐκοῦν

477 1842 598 1908 Quo
635 1840 842 1907 audito,
872 1837 1116 1894 Licinius
1147 1838 1285 1892 dixit
1310 1854 1322 1889 :
1357 1838 1460 1892 Abi
1487 1839 1652 1910 igitur
1675 1837 1890 1893 Solutus
1919 1836 2062 1890 mili-

2173 1839 2406 1894 ἐκποδὼν
2481 1841 2677 1912 οἰχήσῃ
2726 1840 2828 1910 τῆς
2896 1840 3184 1911 στρατείας
3246 1837 3742 1907 ἀποπαυσάμενοςο

480 1932 593 1996 tia;
617 1929 855 1985 duorum
887 1927 1032 1983 enim
1080 1929 1313 1983 alterum
1342 1927 1441 1982 abs
1473 1935 1525 1981 te
1557 1926 1674 1980 ﬁeri
1703 1939 1929 1980 necesse
1953 1933 2056 1980 est.

480 2017 621 2074 Tum
653 2032 783 2073 vero
811 2017 1117 2072 Auxentius
1149 2016 1283 2070 nihil
1315 2022 1601 2071 cunctatus
1639 2015 1876 2069 balteum
1895 2015 2060 2083 depo-

480 2114 611 2178 suit,
656 2121 819 2182 atque
860 2119 921 2165 ut
952 2118 1069 2164 erat
1109 2108 1431 2172 discinctus,
1476 2105 1666 2161 libenti
1695 2105 1882 2160 animo
1905 2118 1935 2159 e
1964 2119 2060 2174 pa-

482 2205 611 2260 latio
647 2202 900 2263 excessit.
924 2199 1034 2256 Nec
1064 2199 1233 2254 multo
1250 2206 1374 2271 post
1394 2197 1635 2267 episcopi
1652 2211 1777 2253 eum
1809 2195 2062 2265 Mopsue-

481 2295 600 2350 stia-
631 2293 929 2349 antistitem
956 2293 1305 2351 ordinarunt.
1337 2289 1513 2360 Hujus
1532 2289 1702 2344 frater
1727 2297 1854 2342 natu
1886 2287 2064 2342 minor

482 2386 587 2441 fuit
631 2384 976 2448 Theodorus,
1019 2384 1106 2438 vir
1149 2384 1244 2455 qui
1274 2382 1503 2438 Athenis
1537 2381 1868 2436 rhetoricam
1924 2380 2063 2434 didi»

481 2484 650 2531 cerat.
694 2473 797 2542 Qui
829 2473 1048 2544 quidem
1079 2483 1134 2530 et
1171 2475 1286 2543 ipse
1308 2480 1501 2543 postea
1535 2472 1906 2542 episcopatum
1931 2469 2064 2525 Tar-

483 2582 696 2623 sensem
730 2566 954 2622 sortitus
986 2574 1088 2621 est.
1125 2563 1339 2619 Etenim
1380 2563 1570 2618 Aetius
1598 2579 1723 2619 cum
1757 2572 1917 2617 antea
1950 2563 2066 2633 ipse

482 2672 582 2728 per
619 2673 698 2723 se,
744 2666 799 2713 et
842 2657 1173 2712 Eunomium
1216 2657 1395 2727 ipsum
1438 2663 1496 2710 et
1520 2656 1660 2711 alios
1706 2657 1799 2725 qui
1840 2656 2065 2726 majoris

486 2748 667 2805 meriti
695 2760 873 2815 erant,
903 2749 1098 2803 docere
1120 2748 1317 2803 solitus
1353 2754 1518 2813 esset,
1557 2757 1845 2818 postquam
1878 2748 2068 2803 Euno-

486 2839 657 2892 mium
701 2840 768 2892 ad
802 2839 1027 2894 docendi
1071 2854 1272 2893 munus
1316 2839 1610 2908 promovit,
1649 2854 1773 2893 eum
1810 2839 2067 2909 deinceps

488 2928 809 2998 magistrum
854 2944 952 2999 pro
1004 2944 1064 2984 se
1110 2944 1174 2984 ac
1217 2929 1492 2983 doctorem
1543 2944 1665 2983 esse
1710 2929 1903 2996 voluit,
1954 2939 2066 2985 tum

489 3018 867 3084 aliorum,tum
885 3035 1075 3075 eorum
1093 3019 1360 3091 praecipue
1372 3020 1464 3090 qui
1486 3018 1809 3089 perfectiore
1822 3020 2068 3076 doctrina

2161 1931 2386 2004 θάτερον
2412 1932 2523 2004 γὰρ
2558 1934 2671 1986 τοῖν
2713 1932 2859 1985 δυοῖν
2891 1931 3106 2001 ἀνάγκη
3156 1932 3348 1984 ποιεῖν.
3397 1928 3457 1982 '0
3493 1928 3550 1981 δὲ
3584 1926 3747 1999 μηδὲν

2164 2022 2436 2094 μελλήσας
2469 2022 2568 2094 τήν
2605 2039 2665 2075 τε
2695 2021 2871 2092 ζώνην
2916 2021 3111 2074 ἑαυτοῦ
3148 2019 3355 2082 λύεται,
3388 2018 3484 2071 καὶ
3515 2019 3748 2087 ἄσμενος

2162 2111 2501 2183 ἐξεχώρησεν
2520 2113 2596 2176 ὡς
2618 2109 2733 2183 εἶχε
2757 2111 2865 2165 τῶν
2893 2111 3199 2183 βασιλείων.
3230 2110 3339 2164 Καὶ
3363 2109 3524 2162 αὑτὸν
3542 2111 3595 2162 οἱ
3622 2108 3751 2177 εφος

2164 2223 2247 2277 ροι
2282 2207 2391 2275 (19)
2438 2206 2576 2276 μετὰ
2604 2222 2725 2259 τινα
2766 2204 2957 2279 χρόνον
3003 2201 3229 2272 ὕστερον
3264 2200 3564 2254 ἐπίσκοπον
3593 2201 3753 2269 ἔστη·

2166 2314 2327 2350 σαντο
2352 2296 2451 2368 τῆς
2489 2296 2887 2367 Μοψουεστίας.
2919 2294 3123 2347 Τούτου
3151 2292 3209 2345 δὲ
3241 2291 3469 2361 ἀδελφὸς
3491 2289 3754 2362 νεώτερος

2162 2382 2435 2455 Θεόδωρος
2462 2380 2551 2455 ἦν.
2586 2384 2726 2456 ἀνὴρ
2751 2383 2861 2437 τῶν
2905 2383 3163 2453 Ἀθήνῃσι
3192 2380 3621 2434 παιδευθέντων.
3663 2382 3754 2443 Ὃς

2163 2476 2257 2527 καὶ
2285 2476 2447 2539 αὐτὸς
2479 2476 2670 2547 χρόνον
2697 2475 2925 2546 ὕστερον
2956 2474 3262 2547 ἐπισκοπὴν
3293 2475 3390 2543 τῆς
3418 2471 3639 2543 Ταρσοῦ
3669 2474 3756 2526 tat-

2164 2565 2395 2636 κλησίας
2439 2564 2595 2635 ἔτυχε
2630 2565 3076 2637 κληρωσάμενος.
3119 2564 3179 2619 ’0
3211 2562 3319 2633 γὰρ
3345 2561 3410 2632 δὴ
3455 2561 3665 2626 Ἀἑτιος
3693 2560 3756 2614 τὰ

2165 2656 2409 2727 πρότερα
2447 2657 2512 2709 δι’
2548 2655 2740 2712 ἑαυτοῦ
2774 2656 2864 2709 τόν
2897 2673 2957 2709 τε
2998 2654 3247 2719 Εὑδόξιον
3292 2653 3454 2707 αὑτὸν
3490 2652 3604 2724 (20)
3663 2652 3756 2706 καὶ

2165 2746 2357 2811 ἄλλους
2393 2749 2519 2812 τοὺς
2552 2748 2807 2802 πλείστου
2837 2748 2996 2815 λόγου
3028 2742 3210 2813 diﬁcia;
3242 2746 3533 2811 διδάσκων,
3564 2743 3755 2814 ἁπειδὴ

2165 2840 2259 2894 τὸν
2288 2840 2552 2911 Εὐνόμιον
2599 2842 2679 2903 εἰς
2727 2838 2788 2893 τὸ
2831 2842 2930 2911 τῆς
2979 2837 3330 2901 διδασκαλίας
3382 2834 3755 2907 προὺὗίῦασεν

2170 2930 2352 3002 ἔργον,
2382 2930 2556 3001 τούτῳ
2593 2931 2694 3002 ήδη
2727 2931 2869 2985 κατά
2901 2930 2963 2985 τὸ
2997 2930 3248 2985 πλεῖστον
3288 2928 3406 2983 ἀνθ’
3445 2927 3647 2982 ἑαυτοῦ
3677 2927 3757 2980 δι·

2170 3023 2422 3094 δασκάλῳ
2451 3025 2649 3094 εχρῆτο
2681 3024 2815 3096 πρὸς
2839 3025 2964 3087 τοὺς
2990 3024 3183 3087 ἄλλους
3201 3038 3216 3053 ο
3249 3022 3495 3084 καὶτοὺς
3524 3021 3756 3090 μάλιστα

490 3118 546 3164 et
604 3110 945 3166 institutione
999 3111 1344 3179 indigebant;
1396 3127 1521 3166 nam
1570 3111 1686 3180 ipse
1732 3112 1954 3182 quidem
2001 3113 2068 3167 ad

2173 3114 2505 3186 τελεωτέρας
2556 3115 2844 3186 μαθήσεως
2894 3115 3201 3185 δεομένους.
3239 3114 3349 3166 Καὶ
3392 3112 3501 3182 γὰρ
3550 3113 3756 3171 ἐκεῖνος

490 3200 759 3273 principia
783 3212 946 3273 atque
969 3203 1237 3258 elementa
1269 3203 1393 3258 aliis
1434 3201 1696 3257 tradenda
1731 3203 2070 3272 prmstantis-

493 3293 668 3349 simus
699 3304 830 3349 erat.
872 3292 1175 3352 Eunomius
1222 3309 1349 3350 vero
1378 3296 1445 3350 ad
1491 3294 1762 3349 elementa
1795 3311 1917 3364 quae
1955 3305 2068 3350 tra-

496 3384 607 3439 dita
640 3384 876 3451 fuerant,
905 3386 1198 3443 excolenda
1244 3400 1309 3440 ac
1353 3387 1741 3457 promovenda,
1781 3395 1834 3440 et
1879 3386 1945 3441 ad
1985 3386 2065 3440 in-

2180 3204 2279 3277 μὲν
2311 3201 2379 3275 ἦν
2408 3205 2581 3277 ἀρχὰς
2615 3210 2914 3277 παρασχεῖν
2943 3206 3186 3277 ἄριστος,
3217 3196 3371 3268 οὗτος
3391 3204 3448 3257 δὲ
3478 3203 3581 3266 τὰς
3601 3200 3759 3256 δοθεί-

2177 3313 2277 3359 σας
2304 3297 2661 3369 ὲργάσασθαι,
2691 3299 2787 3352 καὶ
2826 3298 3011 3367 σαφῶς
3044 3315 3103 3351 τε
3134 3298 3252 3369 ἅμα
3292 3299 3388 3351 καὶ
3420 3296 3753 3368 μεγαλοπρεο

2177 3388 2294 3452 πῶς
2326 3389 2659 3460 ἑρμηνεῦσαι
2699 3390 2985 3462 παραπολὺ
3011 3389 3399 3462 δυνατώτερος.

496 3479 899 3550 terprctandum
959 3481 1244 3551 perspicue
1292 3479 1455 3536 simul
1506 3488 1669 3551 atque
1736 3481 2057 3551 magniﬁce,
2092 3483 2252 3554 longe
2284 3485 2377 3540 illo
2402 3488 2746 3555 praestantior
2774 3487 3074 3542 habebatur
3103 3485 3234 3556 H7).

1714 3595 1789 3650 Ex
1827 3594 1995 3651 Suida
2024 3598 2081 3652 in
2112 3614 2246 3655 voce
2276 3602 2554 3668 Εὑδόξιος.

570 3710 847 3767 Eudoxius
886 3714 1177 3783 episcopus
1203 3712 1541 3780 Antiochiae,
1580 3730 1646 3769 ex
1682 3715 1944 3771 Arabisso
1978 3717 2079 3771 mi-

502 3804 653 3860 noris
688 3803 959 3860 Armeniae
997 3804 1195 3875 oppido
1235 3806 1521 3860 oriundus.
1553 3805 1715 3861 Pater
1746 3807 1865 3877 ejus
1896 3807 2076 3863 Caesa-

501 3896 636 3963 rius,
675 3895 971 3952 Maximino
1014 3898 1303 3967 imperium
1347 3898 1782 3963 administrante,
1834 3900 2079 3972 martyrii

501 3995 759 4041 coronam
804 3998 1197 4057 reportaverat,
1245 3988 1371 4045 licet
1399 3989 1552 4058 prius
1586 3990 1956 4059 voluptatibus
1985 3991 2079 4045 ad—

501 4076 699 4131 dictior
736 4078 886 4133 visus
920 4077 1134 4134 fuisset.
1175 4076 1377 4138 Verum
1429 4080 1629 4149 prioris
1669 4084 1793 4137 vitae
1834 4083 2079 4138 maculas

500 4170 747 4241 martyrii
765 4172 848 4226 sui
870 4187 1067 4226 cruore
1095 4172 1304 4228 studuit
1326 4174 1529 4229 eluere.
1555 4173 1690 4228 Nam
1718 4189 1840 4228 cum
1867 4186 2080 4229 utrum-

502 4276 611 4331 que
637 4262 687 4316 ei
717 4264 907 4332 pedem
943 4278 1039 4319 sex
1091 4264 1347 4319 maximis
1386 4265 1556 4321 clavis
1582 4265 1866 4321 carniﬁces
1902 4276 2079 4322 trans-

502 4350 773 4414 ﬁxissent,
803 4369 927 4407 eum
956 4354 1009 4406 iu
1042 4369 1235 4423 rogum
1262 4355 1616 4424 conjecerunt
1642 4371 1657 4420 ;
1689 4355 1784 4410 sed
1820 4356 2076 4425 quoniam

2249 3722 2498 3788 Εὑδόξιος
2529 3725 2826 3788 ἐπίσκοπος
2862 3721 3193 3793 Ἀντιοχείας
3219 3720 3279 3786 ἐξ
3309 3718 3645 3792 Ἀραϐισσοῦ
3669 3720 3761 3791 τῆς

2180 3816 2383 3887 μικρᾶς
2429 3815 2738 3887 Ἀρμενίας.
2785 3816 2843 3869 Ὀ
2887 3815 2944 3868 δὲ
2997 3812 3180 3884 πατὴρ
3220 3811 3383 3866 αὑτοῦ
3435 3812 3760 3883 Καισάριος,

2176 3906 2269 3959 ἐπὶ
2295 3906 2639 3978 Μαξιμιανοῦ
2678 3907 2767 3961 τὸν
2806 3907 2898 3960 τοῦ
2932 3905 3230 3978 μαρτυρίου
3276 3904 3540 3973 στέφανον
3577 3903 3762 3972 ἀνεδή-

2179 4015 2329 4062 σατο,
2385 3998 2560 4052 καίτοι
2614 3998 2877 4071 πρότερον
2920 3997 3121 4069 ἡδονῶν
3153 3997 3332 4066 ἥττων
3374 3996 3585 4065 φανείς.
3629 3992 3760 4047 Ἀλλ’

2179 4086 2442 4159 ἐϐουλήθη
2472 4089 2572 4153 τὰς
2608 4087 2831 4159 πρώτας
2860 4088 3081 4158 κηλῖδας
3110 4087 3198 4142 διὰ
3217 4086 3310 4142 τοῦ
3344 4087 3651 4160 μαρτυρίου
3674 4085 3761 4139 τοῦ

2179 4179 2409 4251 αἵματος
2442 4178 2883 4251 ἁποῤῥύψασθαι.
2917 4180 3115 4244 Ἦλους
3138 4180 3246 4249 γὰρ
3280 4177 3548 4247 μεγάλους
3580 4176 3762 4231 ἐκατέ-

2181 4287 2277 4340 ρου
2312 4269 2420 4332 τῶν
2458 4268 2633 4322 ποδῶν
2667 4269 2724 4334 ἒξ
2755 4268 2846 4322 τὸν
2880 4267 3113 4339 ἀριθμὸν
3143 4265 3307 4319 αὐτοῦ
3335 4265 3762 4336 διαπερονήσαν-

2177 4377 2269 4423 τες
2300 4360 2430 4430 πυρὶ
2481 4359 2815 4429 παρέδοσαν·
2857 4360 2951 4412 καὶ
3005 4356 3191 4428 ἐπειδὴ
3244 4355 3442 4410 αὐτίκα
3492 4356 3632 4427 πρὸς
3669 4352 3762 4425 τὴν

503 4443 572 4498 ad
603 4444 778 4513 ignem
799 4460 1097 4513 properans
1122 4444 1409 4500 confestim
1433 4446 1827 4513 exspirat-erat,
1849 4448 2069 4500 cadaver

2183 4449 2356 4519 φλόγα
2384 4449 2577 4520 χωρῶν
2618 4448 2909 4513 ἀπέθανεν,
2937 4447 3268 4519 ἡμίφλεκτον
3302 4445 3383 4498 ἔτι
3418 4444 3515 4497 καὶ
3547 4444 3686 4497 σῶον
3716 4441 3761 4494 οἱ

505 4535 626 4603 ejus
657 4535 981 4590 semiustum
1016 4535 1195 4589 adhuc
1224 4546 1277 4590 et
1316 4537 1585 4607 integrum
1626 4537 1920 4607 propinqui
1949 4552 2074 4591 cum

505 4639 538 4678 e
566 4639 698 4693 rogo
721 4626 1091 4688 sustulissent,
1118 4626 1174 4679 in
1200 4641 1331 4697 agro
1360 4627 1595 4696 quodam
1619 4627 1711 4697 qui
1744 4625 1907 4682 Subel
1941 4628 2077 4681 dici-

506 4722 596 4769 tur
622 4714 991 4784 deposuerunt
1030 4717 1161 4787 (l8).

2181 4541 2551 4609 προσήκοντες
2596 4538 2687 4591 τὸν
2737 4537 2929 4607 νεκρὸν
2974 4536 3306 4606 ἀνελόμενοι,
3357 4533 3412 4587 ἒν
3450 4550 3558 4589 τινι
3611 4530 3762 4603 ἀγρῷ

2182 4629 2383 4682 Σουσὲλ
2407 4629 2682 4701 λεγομένῳ
2708 4628 3026 4682 κατέθεσαν.

1740 4823 1979 4868 νΑιΕειι
2022 4819 2519 4867 ANNOTATIONES.

581 4929 692 5001 (ty
730 4928 1128 5001 _\_'ide_l?h_ilost.
1162 4931 1215 4983 in
1247 4931 1341 4984 lib.
1376 4946 1586 5001 κηρίῳ.
1623 4930 1703 4984 εν

581 4997 693 5062 (l8)
730 4997 1104 5053 Vid.Phi|ost.
1138 5002 1230 5053 lib.
1270 5016 1342 5064 iv,
1380 4997 1519 5055 0.74.

581 5067 693 5140 (-19)
734 5067 1058 5142 Kglqibtdr
1083 5071 1137 5142 oi
1159 5069 1392 5142 ἔφοροι.
1427 5069 1540 5142 [loc
1575 5070 1787 5140 insigne
1821 5072 2090 5142 fragmen-

507 5138 649 5203 tum,
677 5138 743 5193 ex
772 5138 1118 5208 Philostorgii
1150 5138 1396 5193 Historia
1423 5138 1757 5209 descriptum
1788 5138 1931 5201 esse:
1954 5143 2092 5195 und-

510 5210 581 5280 tis
609 5210 947 5280 argumentis
972 5210 1223 5263 convinci
1249 5218 1447 5278 potest.
1472 5208 1621 5266 Nam,
1638 5219 1693 5280 et
1720 5211 1918 5265 locutio
1935 5214 2092 5280 plane

506 5277 937 5352 Philostorgium
968 5280 1207 5352 redolet:
1237 5277 1813 5352 verbigratiaJcpopm
1839 5277 1947 5336 hoc
1972 5282 2090 5337 loco

508 5348 772 5420 dicuntur
798 5348 1078 5420 'episc0pi.
1111 5348 1264 5414 Quod
1311 5349 1546 5420 quidem
1581 5350 1709 5404 alibi
1731 5348 1919 5419 'quam
1952 5353 2091 5420 apud

507 5416 935 5489 Philostorginm
976 5419 1191 5490 diﬂicile
1224 5416 1482 5489 reperias.
1529 5416 1793 5475 Praeterea
1825 5436 1948 5490 quae
1988 5416 2093 5475 sub

511 5490 675 5560 linem
712 5488 985 5546 adduntur
1020 5490 1089 5543 de
1116 5488 1269 5544 Aetio
1292 5488 1354 5543 et
1381 5491 1448 5545 de
1488 5491 1778 5557 Eunomia,
1806 5488 2094 5560 perspicue

512 5558 760 5630 indicant
793 5560 1080 5630 fragmenti
1127 5560 1292 5630 hujus
1320 5570 1601 5615 auctorem
1632 5573 1754 5616 esse
1786 5558 2092 5616 Philo—stor-

515 5626 686 5697 gium.
725 5631 860 5694 Quis
882 5626 1037 5684 'enim
1072 5626 1212 5685 alius
1248 5629 1628 5685 haereticoium
1672 5631 1889 5684 illorum
1940 5637 2093 5686 dotes

515 5709 582 5751 ac
608 5697 797 5752 laudes
828 5710 938 5753 tam
970 5699 1259 5754 ambitiose
1284 5698 1775 5755 commemoraret?

587 5765 699 5837 (20)
748 5765 857 5821 Τόν
884 5784 947 5822 τε
976 5767 1271 5834 Εῠδὸξιον
1291 5771 1497 5826 αὐτόν.
1531 5770 1726 5827 Procul
1756 5769 1922 5826 dubio
1956 5771 2102 5854 scti-

2191 4928 2427 4983 bendum
2456 4937 2558 4989 est,
2593 4926 2682 4980 τόν
2711 4942 2770 4979 τε
2811 4925 3095 4995 Εὐνόμιον.
3129 4924 3315 4995 Neque
3355 4925 3500 4980 enim
3530 4922 3761 4979 Eudoxii

2189 4999 2448 5067 magister
2470 4998 2572 5053 fuit
2594 4997 2805 5061 Aetius,
2828 4998 2921 5067 sed
2944 4995 3214 5067 Eunomii.
3244 4995 3525 5051 Endoxius
3544 4995 3758 5063 quidem

2187 5066 2573 5122 Antiochensis
2599 5067 2890 5135 episeopus
2913 5066 2965 5120 in
2990 5066 3187 5121 divinis
3203 5066 3417 5120 Litteris
3443 5066 3757 5135 magistrum

2189 5139 2376 5193 habuit
2406 5137 2705 5192 Lucianum
2743 5134 3056 5206 martyrem,
3091 5147 3145 5188 nt
3182 5138 3341 5190 tradit
3366 5134 3760 5203 PhiloStorgius

2188 5209 2242 5287 in
2277 5209 2662 5287 libro_n,_cap.
2698 5207 2786 5287 15__.
2824 5206 2937 5277 Ego
2973 5215 3150 5287 tamen
3187 5206 3763 5287 biudoxiunndiscipu-

2189 5279 2366 5333 lorum
2402 5276 2628 5333 Luciani
2660 5276 2962 5331 auditorem
2995 5277 3173 5345 potius
3196 5277 3366 5331 fuisse
3395 5276 3752 5330 crediderim:

2190 5364 2316 5402 nam
2365 5364 2490 5403 cum
2527 5346 2806 5404 Eudoxius
2840 5345 3076 5400 Valentis
3113 5348 3417 5415 principatu
3459 5356 3757 5399 estremum

2189 5419 2332 5473 diem
2378 5418 2596 5488 obit-rit,
2644 5418 2921 5486 quomodo
2953 5415 3513 5488 Lucianiumartyris,
3546 5416 3640 5482 qni
3672 5426 3758 5488 re-

2190 5498 2390 5557 gnante
2418 5481 2714 5542 Maximino
2746 5502 2938 5557 passus
2970 5496 3074 5549 est,
3105 5486 3323 5557 auditor
3347 5481 3472 5557 esse
3504 5481 3753 5557 potuerit,

2190 5555 2441 5627 equidem
2471 5573 2575 5611 non
2602 5555 2778 5611 video.
2812 5557 3090 5627 Asterium
3116 5556 3335 5627 quidem
3359 5555 3754 5627 Cappadocem,

2191 5622 2284 5696 qui
2319 5644 2460 5683 unus
2490 5628 2593 5681 fuit
2622 5643 2685 5682 ex
2715 5626 2999 5696 discipulis
3042 5622 3283 5689 Luciani.
3315 5622 3637 5696 magistrum
3664 5622 3758 5696 lia-

2190 5692 2377 5825 builsge
2420 5698 2633 5752 videtur
2678 5692 2978 5822 finiemus,
3025 5706 3082 5751 ut
3112 5697 3312 5753 indicat
3365 5692 3755 5763 Philostorgius

2191 5783 2484 5825 tn1.tv.
2525 5782 2721 5825 can...

2191 5768 2247 5825 in
2275 5770 2369 5825 lib.
2413 5784 2484 5833 iv,
2525 5782 2643 5836 cap.
2669 5769 2721 5822 εί.
