4028 6330
287 400 395 458 633

1693 424 2143 485 FRAGMENTA.

3449 437 3555 494 63$

1378 560 1453 616 Ex
1497 564 1687 620 eodem
1726 564 1894 621 Suida
1915 565 1972 621 in
2002 579 2136 621 voce
2165 564 2446 636 Θεόφιλος.

358 658 617 730 Θεόφιλος
663 655 820 729 οὗτος
861 666 969 720 ἀπὸ
1008 668 1184 725 Ἰνδῶν
1204 673 1518 729 ἐπανελθὼν
1558 677 1616 731 tv
1665 679 1866 732 Ἀντιοο

2043 677 2379 750 Theophilus
2421 695 2487 737 ex
2534 682 2687 738 India
2720 696 2995 750 reversus,
3024 685 3326 740 Antiochize
3373 686 3553 743 domi-

282 751 414 823 χείσ.
444 751 669 824 διῆγεν·
703 756 1000 828 ἐκκλησίαν
1038 759 1137 832 μὲν
1181 764 1579 838 ἀφωρισμένως
1616 769 1870 841 οὐδεμίαν

464 842 656 908 αὐτός’
686 846 865 911 κοινὸς
890 849 946 902 δέ
992 867 1078 915 τις
1104 851 1201 917 ὢν,
1232 854 1309 919 ὡς
1337 858 1539 923 πάσαις
1564 860 1711 931 αὑτῷ
1753 863 1869 933 μετ’

280 931 471 996 ἁδείας
502 934 785 1007 ὲπιφοιτᾷν
824 938 901 1001 ὡς
941 940 1102 1005 ἰδίαις
1134 944 1274 1009 ἐξὸν,
1327 946 1591 1017 βασιλέως
1622 931 1781 1006 αὑτὸν
1813 956 1871 1017 ἐς

282 1022 354 1076 τὰ
383 1024 615 1093 μάλιστα
652 1025 740 1080 διὰ
768 1032 934 1101 τιμῆς
973 1047 1033 1085 τε
1068 1034 1250 1106 πάσης
1282 1037 1374 1090 καὶ
1407 1039 1583 1104 αἰδοῦς
1607 1043 1864 1110 ἄγοντος·

283 1116 380 1169 καὶ
411 1117 520 1169 τῶν
548 1118 721 1172 ἄλλων
745 1121 1020 1186 ἁπάντων,
1045 1126 1264 1191 ὁπόσοις
1293 1131 1570 1202 ἐπισταίη,
1604 1133 1741 1202 μετὰ
1763 1136 1870 1189 πά-

283 1225 388 1279 σης
410 1209 719 1280 προθυμίας
744 1212 908 1268 αὐτὸν
941 1216 1370 1289 ὑποδεχομένων,
1402 1223 1495 1275 καὶ
1522 1222 1582 1276 τὺ
1602 1222 1700 1295 τῆς
1741 1227 1870 1298 ἀρε-

280 1300 383 1370 τῆς
432 1301 597 1354 αὑτοῦ
651 1303 878 1373 μέγεθος
931 1309 1481 1381 καταπληττομένων.
1523 1312 1635 1368 Ἦν
1686 1318 1797 1389 γὰρ
1841 1320 1870 1372 ό

279 1390 424 1463 ἀνὴρ
472 1393 741 1463 κρείσσων
771 1395 804 1465 ἢ
848 1395 922 1459 ὡς
951 1398 1016 1451 ἄν
1056 1416 1142 1465 τις
1172 1400 1432 1473 δηλώσειε
1474 1405 1614 1476 λόγῳ
1637 1424 1652 1439 ⁸
1691 1409 1767 1472 ὡς
1804 1410 1869 1464 ἄν

277 1497 369 1545 τις
397 1482 508 1536 τῶν
548 1484 860 1538 ἀποστόλων
890 1487 1077 1542 είκὼν.
1126 1490 1361 1560 Λέγεται
1387 1494 1452 1562 γέ
1486 1496 1569 1548 τοί
1614 1514 1744 1551 ποτε
1774 1499 1869 1553 καὶ

278 1574 475 1644 νεκρὸν
502 1576 802 1647 ἀναστῆσαι
834 1579 893 1632 ἐν
931 1580 1228 1653 Ἀντιοχείᾳ
1269 1583 1528 1650 Ἰουδαίας
1555 1589 1722 1653 τινός.
1757 1589 1864 1643 Θα-

278 1664 502 1730 λάσσιος
542 1667 600 1721 δὲ
641 1668 799 1722 τοῦτό
843 1688 1000 1742 φησι,
1030 1672 1137 1726 τῶν
1181 1676 1268 1727 ἐπ’
1307 1678 1406 1731 οὑκ
1453 1678 1633 1748 ὀλίγον
1678 1682 1869 1754 τάνδρὶ

279 1760 694 1829 συγγενομένων
736 1761 946 1832 χρόνον,
983 1763 1075 1817 καὶ
1108 1765 1306 1835 ἥκιστα
1330 1767 1396 1840 δὴ
1425 1772 1506 1834 είς
1544 1772 1611 1826 τὰ
1641 1774 1868 1828 τοιαῦτα

274 1853 567 1925 ψεύδεσθαι
606 1855 846 1921 ὕποπτος
879 1854 954 1911 ὧν
974 1876 988 1891 ο
1027 1858 1205 1925 ἄλλως
1246 1881 1306 1916 τε
1349 1865 1443 1918 καὶ
1467 1865 1608 1937 ἔχων
1633 1866 1734 1922 οὑκ
1759 1868 1869 1922 ὀλί-

275 1962 412 2015 γους
458 1947 566 2001 τῶν
611 1950 750 2003 κατὰ
779 1951 869 2003 τὸν
909 1955 1071 2009 αὑτὸν
1118 1955 1266 2027 αὐτῷ
1310 1956 1643 2030 γενομένων’
1674 1963 1866 2034 χρόνον

274 2036 405 2100 τοὺς
428 2039 960 2111 ὲπιμαρτυροῦντας.

1977 770 2162 825 cilium
2208 772 2325 827 tixit
2357 790 2370 827 :
2406 776 2683 842 propriam
2729 774 2948 844 quidem
3003 790 3065 829 ac
3097 776 3430 846 peculiarem
3467 793 3557 833 eo-

1970 861 2196 916 clesiam
2244 862 2452 916 nullam
2494 862 2734 930 habens;
2772 865 3079 919 communis
3123 881 3254 920 vero
3306 868 3555 923 omnium

1971 954 2223 1018 antistes,
2271 955 2407 1008 adeo
2452 962 2512 1009 ut
2544 964 2773 1010 cunctas
2802 957 2969 1010 libere
3011 973 3110 1028 pro
3146 958 3416 1012 arbitratu
3453 975 3554 1013 suo

1973 1034 2513 1115 tanquampmprias
2539 1046 2691 1101 adire
2718 1047 2767 1100 ei
2791 1047 2999 1110 liceret,
3033 1065 3155 1103 cum
3186 1058 3238 1103 et
3260 1050 3555 1120 imperator

1966 1134 2275 1187 maximum
2302 1135 2350 1189 ei
2387 1137 2647 1189 honorem
2677 1153 2741 1191 ac
2777 1143 3138 1194 reverentiam
3173 1143 3478 1209 exhiberet,
3502 1151 3554 1197 et

1968 1215 2165 1296 reliqui
2204 1243 2396 1283 omnes
2439 1229 2504 1282 ad
2538 1244 2677 1299 quos
2722 1242 3049 1299 accessvrat,
3086 1250 3299 1289 summa
3350 1237 3552 1290 alacri-

1968 1327 2079 1373 tate
2107 1335 2233 1373 eum
2283 1321 2617 1390 exciperent,
2661 1322 2993 1393 virtutisque
3024 1327 3143 1394 ejus
3178 1329 3552 1396 praestantiam

1969 1409 2398 1465 admirarentur.
2448 1410 2582 1476 Quae
2632 1412 2853 1482 quidem
2911 1415 3033 1469 talis
3083 1432 3147 1471 ac
3180 1425 3329 1472 tanta
3382 1420 3435 1473 in
3489 1434 3553 1473 eo

1969 1499 2093 1564 fuit,
2123 1510 2186 1555 ut
2213 1517 2333 1556 eam
2372 1519 2536 1557 nemo
2570 1504 2753 1560 verbis
2787 1506 3059 1575 explicare
3099 1509 3275 1577 possit
3303 1528 3317 1563 :
3351 1510 3554 1580 quippe

1969 1594 2062 1663 qui
2096 1593 2278 1664 imago
2305 1595 2556 1664 quaedam
2584 1595 2750 1650 fuerit
2779 1599 3173 1667 apostolorum.
3203 1599 3369 1655 Aiunt
3388 1603 3551 1655 etiam

1968 1702 2094 1741 eum
2144 1687 2439 1756 aliquando
2493 1687 2797 1745 Antiochia:
2845 1689 3088 1745 Judaeam
3148 1693 3439 1762 quamdam
3487 1710 3554 1747 ex

1970 1781 2204 1835 mortuis
2252 1781 2570 1837 suscitasse.
2612 1782 2664 1836 Id
2705 1792 2888 1838 autem
2936 1784 3172 1839 affirmat
3205 1784 3552 1850 Thalassius,

1967 1872 2062 1942 qui
2108 1888 2233 1928 cum
2287 1874 2380 1929 illo
2422 1875 2732 1931 diutissime
2764 1885 3017 1933 versatus
3043 1886 3147 1944 est,
3185 1887 3239 1932 et
3271 1878 3325 1931 in
3355 1878 3547 1946 hujus-

1969 1965 2119 2020 modi
2173 1967 2338 2019 rebus
2393 1977 2546 2020 extra
2595 1967 2965 2037 suspicionem
3007 1976 3092 2022 est
3140 1967 3410 2023 mendacii
3450 1985 3463 2021 :
3500 1975 3554 2021 et

1895 2039 1936 2093 Β
1965 2052 2058 2123 qui
2088 2052 2292 2122 alioqui
2327 2052 2472 2108 haud
2510 2070 2713 2124 paucos
2749 2055 2914 2110 habet
2945 2055 3113 2127 hujus
3143 2056 3221 2111 rei
3263 2064 3431 2112 testes
3459 2055 3554 2125 qui

1964 2144 2154 2198 eodem
2190 2153 2437 2214 tempore
2473 2148 2744 2201 vixerunt.

1399 2250 1535 2307 Item
1566 2271 1632 2311 ex
1670 2256 1839 2314 Suida
1868 2260 1926 2315 in
1957 2275 2090 2315 voce
2127 2261 2401 2326 Λεόντιος.

349 2354 601 2418 Λεόντιος
635 2357 946 2427 Τριπόλεως
972 2362 1071 2433 τῆς
1101 2364 1298 2428 Λυδίας
1325 2367 1643 2434 ἐπίσκοπος,
1680 2372 1867 2437 Μυσὸς

276 2445 338 2498 ’τὸ
365 2447 519 2514 γένος
546 2447 654 2499 τῶν
683 2449 817 2520 πρὸς
854 2453 930 2519 τῷ
966 2454 1166 2528 Ἴστρῳ
1192 2459 1622 2529 κατῳκημένων,
1652 2462 1748 2526 οὓς
1771 2464 1870 2533 ἀγ-

278 2539 547 2610 χιμάχους
570 2540 637 2592 Ὅ
647 2558 718 2612 μη
726 2558 818 2613 ρος
834 2543 1008 2597 καλεῖ.
1027 2546 1131 2599 Τὸν
1156 2547 1391 2602 τοιοῦτον
1420 2552 1671 2608 Λεόντιον
1690 2573 1863 2628 προσ-

279 2628 613 2700 εταιρίζεται
657 2631 687 2686 ὁ
729 2634 1021 2706 κακόφρων
1062 2637 1442 2711 Φιλοστόργιος
1493 2643 1550 2698 ἐν
1586 2647 1652 2717 τῇ
1699 2646 1868 2717 βίϐλῳ

280 2720 399 2772 ἀντὶ
439 2721 532 2773 τοῦ
572 2721 706 2790 (21),
739 2723 814 2786 ὡς
863 2725 1139 2797 ὁμόφρονα
1179 2729 1280 2799 τῆς
1323 2731 1664 2807 Ἀρειανικῆς
1702 2739 1866 2793 αὑτοῦ

286 2812 721 2882 κακοφροσὺνης.
762 2812 851 2878 Ὦς
878 2812 1031 2881 οὗτος
1056 2820 1222 2874 παῖδα
1243 2821 1339 2875 ἕνα
1375 2825 1644 2897 ἐσχηκὼς,
1680 2830 1866 2903 ἐπειδὴ

287 2903 358 2994 μὴ
392 2904 636 2974 χρηστὰς
664 2905 887 2972 ἐλπίδας
915 2911 1077 2989 αὑτὸν
1102 2913 1471 2983 ὑποφαίνοντα
1510 2919 1646 2988 πρὸς
1666 2921 1869 2994 ἀρετὴν

282 2990 409 3056 εἶδε,
435 2996 751 3067 εὐξάμενος,
776 2999 852 3064 ὥς
880 3019 1063 3070 φασιν,
1084 3004 1166 3059 ἔτι
1200 3009 1485 3078 μειράκιον
1504 3011 1655 3077 ὄντα,
1690 3016 1869 3085 ἐποίη-

283 3103 372 3140 σεν
394 3087 688 3142 ἀποθανεῖν
704 3107 717 3120 ο
739 3091 1023 3147 κάλλιστον
1048 3098 1411 3168 ἡγησάμενος,
1432 3102 1493 3155 τὸ
1513 3104 1620 3174 πρὸ
1640 3106 1868 3177 αἰσχροῦ

282 3196 425 3244 τινος
470 3182 875 3238 καταλύσασθαι
915 3187 1004 3240 τὸν
1057 3189 1191 3258 βίον,
1244 3194 1350 3247 τῶν
1388 3197 1676 3268 σφαλερῶν
1724 3201 1865 3254 κατὰ

2041 2372 2305 2428 Leontius
2334 2375 2628 2445 episcopus
2667 2374 2907 2447 Tripolis
2945 2378 3101 2433 urbis
3146 2377 3352 2448 Lydize,
3399 2385 3554 2432 ortus

1971 2481 2039 2520 et
2066 2464 2251 2521 Mmsis
2280 2466 2374 2535 qui
2402 2468 2598 2522 Istrum
2629 2469 2903 2529 accolunt.
2935 2483 3075 2538 quos
3107 2468 3375 2525 Homerus
3399 2470 3556 2538 ἀγχι-

1972 2560 2178 2630 μάχους
2224 2559 2495 2629 appellat,
2527 2559 2580 2613 id
2606 2569 2725 2626 est,
2760 2562 3000 2615 cominus
3040 2572 3357 2631 pugnantes.
3397 2559 3551 2616 lluuc

1971 2644 2262 2701 Leontium
2295 2649 2412 2703 suis
2455 2649 2703 2718 partibus
2738 2649 2988 2719 adjungit
3014 2649 3215 2720 impius
3244 2649 3553 2706 Philostor-

1972 2733 2179 2810 gius'in
2211 2722 2308 2793 lib.
2341 2738 2600 2794 Historia:
2630 2757 2744 2797 suae
2771 2742 3025 2812 septimo,
3053 2751 3310 2812 tanquam
3340 2742 3554 2796 Arianae

1972 2839 2135 2885 secta:
2164 2846 2327 2901 quam
2361 2830 2477 2900 ipse
2529 2834 2909 2901 proﬁtebatur,
2958 2834 3259 2889 addictum.
3297 2832 3397 2888 Hic
3427 2849 3553 2887 cum

1974 2921 2198 2976 unicum
2227 2921 2456 2976 haberet
2490 2922 2687 2987 tilium,
2738 2939 2839 2978 nec
2873 2924 3038 2977 ullam
3071 2927 3125 2978 in
3165 2940 3231 2980 eo
3277 2925 3431 2979 bona:
3465 2924 3555 2977 in-

1971 3013 2115 3067 dolis
2144 3021 2330 3068 notam
2363 3014 2843 3079 animadverteret,
2876 3016 3219 3072 orationibus
3246 3035 3275 3071 a
3308 3015 3416 3070 Deo
3450 3016 3554 3069 im-

1972 3108 2227 3171 petravit,
2276 3113 2335 3158 ut
2374 3105 2554 3158 adhuc
2602 3106 2923 3161 adolescens
2961 3122 3028 3161 ex
3080 3107 3181 3163 hac
3218 3107 3327 3162 vita
3376 3108 3553 3162 disce-

1973 3197 2157 3262 deret,
2199 3194 2374 3250 satius
2407 3210 2530 3250 esse
2556 3197 2808 3261 judicans
2836 3207 2896 3251 ut
2927 3208 3051 3251 ante
3083 3198 3254 3251 ullum
3293 3199 3551 3267 probrum

280 3271 369 3325 τὸν
391 3271 506 3342 βίον
527 3274 753 3328 όλίσθων
781 3277 885 3342 ἔξω
907 3281 1216 3351 γενόμενον.
1244 3287 1459 3340 Κανόνα
1479 3289 1534 3341 δὲ
1559 3291 1719 3344 αὑτὸν
1744 3293 1867 3346 ἐκά-

1971 3304 2036 3344 ae
2084 3288 2352 3359 ﬂagitium
2405 3289 2730 3349 admissum,
2767 3299 2997 3345 mortem
3039 3299 3339 3359 oppeteret,
3370 3307 3435 3345 ex
3470 3292 3553 3344 in-

282 3361 402 3417 λουν
439 3367 537 3436 τῆς
576 3367 919 3438 Ἐκκλησίας.
950 3368 1057 3425 ’Ἦν
1088 3373 1144 3427 δὲ
1186 3376 1470 3451 ἐλεύθερος
1503 3382 1601 3453 τὴν
1640 3384 1865 3457 γνώμην

281 3456 475 3526 ἐπίσης
500 3458 578 3519 είς
602 3458 809 3524 πάντας
832 3462 927 3514 καὶ
949 3467 1438 3535 παρῤησιαστικός.
1461 3472 1570 3525 Καί
1592 3492 1719 3527 ποτε
1742 3456 1866 3528 cev-

281 3545 398 3598 όδου
441 3549 758 3618 γενομένης,
789 3551 1084 3615 Εὑσεόείας
1126 3556 1222 3624 τῆς
1271 3559 1649 3613 Κωνσταντίου
1680 3578 1867 3629 γυναι-

282 3637 373 3700 κὸς
403 3640 484 3701 εἰς
527 3641 723 3711 οἴδημα
771 3643 1033 3715 ἀρθείσης
1067 3649 1432 3719 φρονήματος,
1481 3654 1575 3705 καὶ
1623 3655 1727 3707 ὑπὸ
1758 3655 1865 3710 τῶν

282 3729 592 3783 ἐπισκόπων
627 3737 1129 3809 προσκυνουμένης,
1168 3739 1329 3806 μόνος
1359 3734 1511 3805 οὗτος
1540 3744 1690 3815 παρὰ
1724 3746 1865 3814 φαῦ-

282 3819 572 3894 λονλαὺτὴν
606 3824 905 3895 τιθέμενος,
950 3829 1086 3882 οἴκοι
1136 3830 1349 3892 ἔμενεν.
1389 3834 1455 3887 Ἢ
1500 3836 1554 3889 δὲ
1591 3837 1679 3892 διὰ
1708 3838 1865 3893 τοῦτο

283 3913 753 3985 ὑποθερμανθείσα
774 3921 885 3982 τοῖς
907 3919 1116 3989 θυμοῖς.
1141 3924 1235 3975 καὶ
1256 3924 1351 3995 τὴν
1372 3924 1597 3998 γνώμην
1620 3929 1865 4000 φλεγμή-

281 4019 436 4067 νασα,
470 4005 677 4075 πέμπει
713 4008 848 4079 πρὸς
873 4011 1036 4065 αὑτὸν
1062 4016 1383 4086 αἰτιωμένη,
1413 4021 1507 4072 καὶ
1537 4020 1862 4091 ὑποσχέσεσι

281 4097 667 4159 κολακεύουσα,
692 4102 767 4165 ὼς
804 4104 1129 4174 Ἐκκλησίαν
1157 4125 1238 4161 σοι
1266 4111 1527 4181 μεγίστην
1554 4113 1746 4184 ἐγερῶ.
1771 4117 1864 4169 καὶ

280 4191 537 4259 χρήματα
568 4192 1071 4266 ἐπιδαψιλεύσομαι,
1103 4200 1150 4250 εἰ
1176 4199 1391 4268 ἀφίκοιο
1423 4203 1557 4273 πῴς
1591 4205 1677 4274 μέ.
1727 4205 1784 4259 Ὀ
1807 4206 1863 4259 δὲ

281 4282 613 4351 ἁντεδήλωσε
629 4299 642 4314 ·
673 4285 889 4338 Τούτων
908 4287 1005 4356 μὲν
1030 4289 1152 4340 εἴτι
1177 4290 1497 4364 βουληθείης
1518 4296 1859 4362 τελέσασθαι,

279 4368 325 4430 ὢ
354 4376 619 4444 βασίλεια.
650 4379 750 4430 οὑκ
787 4379 912 4448 ἐμοὶ
943 4380 1165 4449 μᾶλλον,
1196 4382 1226 4451 ἢ
1258 4386 1322 4453 τῇ
1366 4388 1431 4455 σῇ
1456 4386 1600 4456 ψυχῇ
1636 4387 1741 4441 ἴσοι
1765 4407 1863 4460 χαι

282 4467 559 4537 ριουμένη.
596 4468 659 4519 Ei
701 4468 757 4520 δὲ
796 4466 1078 4538 θελήσειας
1115 4471 1409 4538 ἀφικέσθαι
1460 4476 1594 4545 πρὸς
1649 4478 1727 4539 σὲ,
1786 4479 1861 4542 ὠς

278 4555 375 4624 τῆς
413 4560 525 4620 τοῖς
553 4558 870 4621 ἐπισκόποις
906 4560 1224 4631 πρεπούσης
1255 4562 1740 4639 φυλαχθησομένης
1778 4571 1862 4622 αἰ-

279 4645 397 4712 δοῦς
423 4665 436 4676 ·
471 4648 537 4700 ἵν’
563 4648 861 4719 είσέλθοιμι
901 4650 999 4720 μὲν
1039 4649 1170 4720 ἐγὼ,
1207 4654 1270 4704 σὺ
1300 4654 1344 4706 δ’
1372 4656 1571 4710 αὐτίκα
1612 4658 1704 4711 τοῦ
1738 4659 1859 4732 θρό-
1897 4630 1937 4684 D

278 4754 367 4791 νου
400 4738 494 4791 τοῦ
525 4737 731 4809 ὑψηλοῦ
760 4739 1065 4805 καταϐᾶσα,
1117 4742 1233 4810 μετ’
1269 4743 1451 4806 uiaret};
1495 4748 1862 4820 ὑπαντήσειας

278 4830 421 4900 ἐμοὶ,
454 4831 547 4883 καὶ
589 4831 686 4901 τὴν
729 4832 970 4903 κεφαλὴν
1013 4832 1256 4905 ὑπόσχῃς
1282 4836 1403 4898 ταῖς
1442 4839 1604 4907 ἐμαῖς
1650 4843 1858 4911 χερσὶν,

277 4921 539 4989 εὑλογιῶν
600 4922 934 4995 ἀξιουμένηο
991 4925 1224 4978 κᾶπειτα
1274 4926 1596 4999 καθεσθείην
1647 4934 1745 5003 μὲν
1796 4936 1862 4988 ἂν

276 5012 405 5080 ἐγὼ,
440 5013 505 5066 σὺ
534 5013 579 5066 δ’
619 5015 685 5066 ἂν
719 5016 970 5086 ἑστήκοις
1004 5017 1321 5088 αἰδουμένη,
1357 5021 1557 5074 ὁπόταν
1585 5022 1640 5075 δὲ
1677 5027 1864 5078 κελεύ-

276 5121 455 5175 σαιμι,
480 5105 878 5177 καθεδουμένη,
908 5108 1071 5178 ἡνίκα
1104 5108 1251 5178 δοίην
1281 5111 1343 5163 τὸ
1375 5112 1646 5184 σύνθημα.
1673 5115 1735 5167 El
1776 5117 1867 5169 οὑ⁴

274 5208 380 5259 τως
402 5198 630 5267 αἱρήσῃ,
655 5197 956 5267 ἀφικοίμην
988 5199 1136 5269 παρὰ
1158 5199 1245 5250 σε’
1278 5201 1326 5251 εί
1357 5199 1400 5251 δ’
1428 5200 1613 5272 ἕτερον
1643 5203 1860 5273 τρόπον,

201 5322 225 5333 -
274 5288 370 5357 οὐχ
420 5287 566 5341 οὑτω
616 5287 787 5340 πολλὰ
815 5288 1027 5352 δώσεις,
1074 5289 1180 5342 οὐδ’
1207 5291 1349 5343 οὕτω
1385 5292 1597 5361 μεγάλα
1641 5293 1862 5367 δυνήσῃ,

273 5379 346 5442 ὡς
365 5382 511 5451 ἡμᾶς
544 5381 642 5452 τῆς
668 5381 1052 5453 προσηκούσης
1079 5383 1242 5452 τιμῆς
1260 5387 1370 5445 τοῖς
1388 5384 1711 5448 ἐπισκόποις
1733 5386 1866 5439 καθα

275 5473 627 5544 ὑφιεμένους,
672 5475 752 5536 εἰς
790 5473 878 5526 τὸν
918 5473 1062 5526 θεῖον
1103 5473 1384 5542 ἐξυϐρίσαι
1419 5475 1518 5546 τῆς
1564 5475 1864 5547 ἱερωσύνης

1967 3379 2133 3433 certis
2169 3393 2232 3432 ac
2260 3378 2588 3447 periculosis
2619 3380 2784 3447 hujus
2818 3380 2941 3434 vitae
2970 3380 3190 3434 casibus
3220 3380 3548 3435 subduc-tus.

1967 3470 2141 3524 Porro
2174 3484 2299 3524 eum
2351 3469 2610 3525 Ecclesiae
2670 3485 2919 3525 normam
2969 3472 3130 3541 vulgo
3187 3472 3548 3540 appellabant.

1968 3560 2110 3614 Idem
2154 3576 2372 3614 summa
2418 3561 2690 3626 libertate,
2725 3571 2833 3615 tam
2866 3562 2919 3615 in
2953 3564 3256 3629 sentiendo,
3295 3580 3459 3633 quam
3497 3565 3551 3617 in

1965 3651 2263 3722 loquendo,
2295 3667 2424 3721 erga
2466 3668 2657 3708 omnes
2697 3669 2764 3707 ex
2794 3670 2953 3724 mquo
2987 3658 3259 3710 utebatur.
3306 3657 3554 3725 Cumque

1965 3744 2262 3811 aliquando
2332 3744 2575 3814 synodus
2620 3745 3005 3815 episcoporum
3067 3749 3438 3811 convenisset,
3498 3759 3552 3801 et

1968 3833 2194 3887 Eusebia
2226 3834 2471 3904 Augusta
2506 3850 2649 3889 uxor
2683 3837 2816 3905 imp.
2854 3836 3164 3891 Constantii
3222 3838 3363 3893 fastu
3409 3841 3550 3893 elata

1965 3925 2035 3979 ab
2066 3925 2345 3979 universis
2376 3927 2652 3997 episc0pis
2676 3929 3030 3994 salutaretur,
3059 3930 3213 3984 solus
3246 3931 3332 3984 hic
3362 3931 3552 4002 Augu-

1965 4029 2106 4073 stam
2154 4020 2309 4089 parvi
2350 4021 2617 4090 pendens,
2650 4024 2794 4076 domi
2832 4027 3055 4077 mansit.
3104 4022 3161 4077 ld
3194 4023 3395 4077 factum
3439 4027 3552 4076 Λιι-

1965 4120 2124 4183 gusta
2152 4127 2293 4181 aegre
2324 4111 2504 4168 ferens
2526 4152 2540 4176 ,
2572 4121 2627 4167 et
2665 4114 2745 4167 ira
2771 4116 3211 4179 excandescens,
3247 4115 3543 4184 quemdam

1963 4217 2031 4256 ex
2064 4201 2328 4256 ministris
2357 4203 2473 4257 suis
2500 4204 2566 4255 ad
2598 4218 2722 4258 eum
2750 4205 2921 4268 misit,
2955 4206 3152 4274 partim
3185 4221 3550 4272 conquerens,

1964 4291 2162 4359 partim
2189 4291 2470 4345 blanditiis
2504 4299 2559 4344 et
2586 4292 3087 4360 pollicitationibus
3119 4311 3242 4348 etim
3282 4297 3551 4350 demereri

1965 4383 2211 4437 studens.
2238 4381 2529 4436 Maximam
2556 4384 2675 4448 tibi,
2700 4386 2899 4449 aiebat,
2929 4387 3221 4441 ecclesiam
3248 4385 3549 4451 aediﬁcabo,

1962 4482 2017 4529 et
2055 4475 2317 4544 pecunias
2344 4476 2571 4544 insuper
2602 4477 2824 4546 largiar,
2853 4479 2898 4532 si
2926 4479 2993 4532 ad
3027 4495 3113 4533 me
3141 4479 3421 4533 visendam
3459 4496 3553 4535 ac-

1965 4565 2217 4620 cesseris.
2242 4565 2453 4631 Quibus
2475 4563 2740 4620 Leontius
2766 4567 2837 4620 ita
2861 4567 3166 4635 respondit:
3200 4567 3405 4621 llorum
3431 4584 3552 4638 qua:

1970 4657 2104 4711 mihi
2135 4657 2429 4727 promittis,
2465 4657 2734 4728 Augusta,
2767 4659 2810 4711 si
2847 4659 3129 4728 quidpiam
3163 4659 3423 4728 perlicere
3452 4674 3552 4713 vo-

1968 4748 2161 4812 lueris,
2202 4749 2345 4803 scias
2385 4748 2544 4802 velim
2588 4749 2734 4818 quod
2768 4749 2968 4802 animae
3013 4759 3117 4803 tuae
3167 4750 3346 4818 potius
3386 4765 3552 4819 quam

1970 4839 2104 4893 mihi
2150 4839 2566 4907 gratiﬁcaberis.
2617 4836 2774 4904 Quod
2806 4839 2851 4892 si
2884 4854 2973 4893 me
3004 4840 3071 4894 ad
3105 4848 3155 4893 te
3203 4841 3550 4893 salutandam

1967 4930 2125 4999 cupis
2149 4932 2430 4995 accedere,
2458 4930 2713 4985 accedam
2738 4929 2982 5000 quidem,
3011 4931 3312 4985 dummodo
3338 4946 3399 4985 ea
3434 4946 3555 5001 quae

1967 5021 2238 5091 episcopis
2268 5020 2516 5086 debetur,
2561 5030 2812 5076 servetur
2863 5023 3199 5085 reverentia,
3254 5023 3326 5076 ita
3363 5031 3425 5076 ut
3468 5024 3554 5076 in-

1968 5113 2187 5183 grediar
2211 5115 2433 5184 quidem
2464 5130 2588 5185 ego,
2626 5125 2683 5169 tu
2721 5129 2851 5169 vero
2879 5116 3063 5169 statim
3095 5130 3125 5168 e
3154 5115 3377 5169 sublimi
3408 5114 3549 5169 sol.’o

1968 5206 2329 5269 descendens,
2367 5207 2672 5260 verecunde
2715 5205 2849 5259 mihi
2884 5219 3166 5267 occurras,
3205 5214 3258 5257 et
3295 5203 3549 5255 manibus

1968 5295 2105 5349 meis
2136 5310 2299 5366 caput
2345 5306 2498 5351 tuum
2539 5297 2855 5359 submittas,
2908 5296 3340 5351 benedictionem
3385 5311 3415 5347 a
3462 5309 3549 5347 me

1968 5390 2274 5457 postulans.
2321 5389 2524 5444 Deinde
2556 5397 2613 5442 ut
2646 5390 2864 5444 sedeam
2898 5390 3115 5458 quidem
3161 5404 3290 5457 ego;
3329 5396 3386 5442 tu
3419 5396 3547 5441 Vero

1968 5490 2077 5534 stes
2121 5497 2244 5533 cum
2294 5481 2632 5547 reverentia;
2685 5491 2973 5549 postquam
3021 5481 3239 5548 jussero
3298 5495 3543 5546 sessura,

1503 5647 1747 5693 VALESII
1788 5649 2287 5696 ANNOTATIONES.

341 5785 481 5865 (2')“
504 5784 609 5838 Ἔν
722 5783 916 5865 βίὸςηίίρ
937 5784 1069 5865 ἀντί
1095 5784 1219 5865 τοᾷ.
1250 5785 1607 5865 Scribcndum
1636 5788 1847 5845 videtur

1969 5795 2033 5865 τῆ
2068 5792 2111 5856 ξ’
2143 5793 2308 5863 βίϐλῳ
2339 5791 2522 5861 αὐτοῦ,
2573 5803 2677 5850 ctc.
2712 5792 2845 5849 Nam
2912 5790 3314 5864 Philostorgius
3380 5786 3543 5858 hujus

271 5855 483 5915 Leontii
519 5853 857 5910 mentionem
893 5854 1016 5910 facit
1046 5855 1097 5908 in
1131 5856 1223 5909 lib.
1260 5871 1355 5923 vn,
1388 5872 1505 5928 cap.
1541 5860 1595 5913 b’.
