4028 6330
557 407 665 465 635

1719 402 2196 461 PHILOSTOllGll
2236 402 2677 461 FRAGMENTA.

3674 396 3763 456 630

550 516 644 572 ubi
675 515 890 588 signum
932 516 1029 570 tibi
1059 514 1280 572 dedero.
1322 512 1380 569 Si
1411 512 1633 584 quidem
1685 514 1739 571 id
1768 515 2017 587 elegeris,
2052 517 2118 571 ad

2229 516 2442 587 θεσμόν.
2498 516 2682 571 Ταῦτα
2718 516 2794 580 ὡς
2836 516 3190 589 ἀπηγγέλθη,
3236 515 3645 586 ὰναπίμπραται
3680 516 3764 588 τὴν

546 620 599 664 te
631 610 903 666 accedam.
939 608 1036 664 Sin
1070 608 1248 674 aliter,
1278 622 1560 677 nunquam
1594 615 1675 663 tot
1703 623 1768 664 ac
1804 616 1951 664 tanta
1982 609 2115 663 mihi

547 700 753 756 donare
781 702 1006 771 poteris,
1033 707 1092 755 ut
1123 713 1224 771 ego
1259 699 1327 755 de
1359 699 1565 755 honore
1594 700 1687 771 qui
1717 700 1995 771 episcopis
2024 701 2119 756 de-

550 797 725 855 betur,
767 793 972 862 aliquid
1018 793 1324 855 remittens,
1381 791 1596 847 divinas
1632 792 1924 848 sacerdotii
1974 793 2120 864 leges

548 883 749 937 violare
778 898 1019 951 unquam
1048 883 1232 939 velim.
1286 879 1412 937 Haec
1441 881 1530 935 ubi
1563 881 1812 937 nuntiata
1846 892 1999 946 sunt.
2033 898 2120 939 re-

474 1005 488 1034 ;
549 972 676 1042 gina
719 972 920 1027 mirum
972 973 1025 1026 in
1071 972 1294 1027 modum
1321 972 1630 1038 excanduit,
1677 971 1985 1040 huiusmodi
2031 989 2120 1029 re-

546 1078 809 1133 sponsum
839 1064 945 1119 sibi
989 1080 1016 1117 a
1057 1063 1285 1119 Leontio
1319 1063 1504 1118 afferri
1560 1063 1981 1135 haudquaquam
2024 1080 2121 1135 pa-

547 1154 739 1209 tienter
762 1156 1064 1210 sustinens.
1100 1154 1346 1224 Cumque
1391 1154 1622 1209 multum
1656 1155 2027 1220 intumuisset,
2058 1165 2121 1211 et

548 1262 873 1318 magnopere
904 1257 1178 1302 commota
1228 1254 1375 1301 esset
1426 1246 1631 1308 animo.
1667 1257 1720 1302 et
1759 1263 1858 1317 pro
1905 1247 2122 1302 levitate

546 1348 709 1405 atque
741 1338 1075 1407 impatientia
1116 1337 1366 1392 muliebri
1415 1337 1592 1392 minas
1623 1338 1967 1400 intentasset.
2005 1355 2118 1394 rem

549 1428 613 1482 rd
662 1430 917 1483 maritum
967 1429 1169 1491 retulit,
1226 1428 1488 1482 ultionem
1539 1427 1811 1498 ﬂagitans.
1861 1427 1961 1484 Hic
1989 1444 2121 1483 vero

546 1519 872 1573 laudandam
922 1521 1105 1588 pmius
1139 1534 1259 1573 esse
1293 1518 1447 1573 duxit
1480 1517 1536 1570 in
1588 1516 1815 1572 Leontio
1848 1519 2018 1574 animi
2053 1519 2119 1572 li-

547 1612 813 1664 bertatem
840 1651 853 1672 ,
892 1620 946 1664 t-t
986 1610 1172 1664 uxoris
1218 1610 1354 1662 iram
1400 1608 1626 1673 sedavit,
1660 1624 1890 1679 eamque
1925 1611 1992 1664 ad
2028 1625 2124 1665 cu-

546 1702 785 1756 biculum
820 1718 980 1758 suum
1015 1702 1243 1756 remisit.
1276 1700 1524 1767 Quodam
1558 1701 1684 1754 item
1719 1709 1964 1772 tempore
1991 1702 2121 1756 dum

544 1791 901 1849 Constantius
934 1795 1314 1863 episcoporum
1365 1792 1531 1847 coetui
1566 1792 1903 1861 praesideret,
1935 1803 1988 1848 et
2015 1792 2120 1848 Ec-

2221 609 2468 679 γνώμην,
2496 609 2596 663 ούκ
2623 609 2915 680 ἀνασχετὸν
2942 610 3217 680 ἡγουμένη
3248 608 3385 678 πρὸς
3409 607 3654 662 Λεοντίου
3676 623 3767 663 τοιο

2220 700 2411 765 ούτους
2437 701 2690 769 δέξασθαι
2732 700 2942 769 λόγους.
2984 701 3091 756 Καὶ
3131 699 3299 754 πολλὰ
3348 698 3651 769 διοιδήσασα
3686 702 3766 754 καὶ

2219 792 2599 864 παθηναμένη,
2624 791 2718 846 καὶ
2744 792 2908 846 πολλὰ
2939 794 3002 845 ἐκ
3035 789 3347 860 γυναικείας
3371 790 3656 860 ἀκροχόλου
3686 793 3768 845 καὶ

2221 884 2429 955 κούφης
2470 883 2811 955 ἀπειλήσασα
2860 882 3118 946 διανοίας,
3164 882 3258 935 καὶ
3306 881 3492 953 τάνδρὶ
3532 880 3769 952 διηγησα-

2225 975 2383 1046 μένη,
2420 975 2555 1046 πρὸς
2581 976 2848 1046 τιμωρίαν
2880 973 3121 1046 ἐξώρμα.
3169 974 3227 1027 Ὀ
3252 972 3312 1026 δὲ
3338 972 3536 1043 μᾶλλον
3563 974 3768 1044 ἐπῄνεσε

2219 1064 2318 1135 τὴν
2347 1065 2658 1136 ἐλευθερίαν
2688 1066 2786 1137 τῆς
2819 1066 3065 1137 γνώμης,
3102 1064 3197 1118 καὶ
3239 1065 3339 1135 τὴν
3377 1065 3604 1131 γυναῖκα
3644 1080 3770 1133 παρ-

2221 1156 2417 1225 ήνεγκε
2438 1158 2538 1226 τῆς
2570 1156 2759 1228 ὀργῆς,
2783 1158 2877 1210 καὶ
2897 1157 3217 1228 ἀποπέμπει
3248 1157 3327 1219 είς
3359 1156 3457 1226 τὴν
3475 1157 3768 1224 γυναικωνῖ-

2221 1263 2325 1299 τιν.
2363 1248 2472 1300 Καί
2510 1266 2642 1302 ποτε
2690 1249 2893 1319 μεταξὺ
2933 1248 3353 1320 προκαθημένου
3398 1246 3490 1300 τοῦ
3539 1246 3771 1317 βασιλέως

2221 1338 2600 1392 Κωνσταντίου
2628 1339 2736 1392 τῶν
2764 1340 3099 1403 ἐπισκόπων,
3129 1339 3223 1393 καὶ
3258 1339 3447 1410 ἄρχειν
3476 1338 3578 1392 τῶν
3599 1338 3773 1406 ἐκκλη-

2223 1428 2354 1483 σιῶν
2388 1429 2683 1497 ἐθέλοντος,
2706 1432 2756 1483 ot
2780 1431 2879 1501 μὲν
2904 1431 3221 1493 πολλοὶ,πό’ω
3244 1431 3273 1483 δ
3301 1447 3355 1483 τι
3379 1430 3615 1500 φήσειεν,
3636 1429 3773 1499 ἐκρό·

2222 1540 2346 1575 τουν
2379 1522 2473 1575 καὶ
2517 1522 2846 1593 ἐθαύμαζον,
2882 1522 3078 1594 ἄριστα
3119 1521 3370 1593 εἰρῆσθαι
3405 1520 3768 1591 διοριζόμενοι’

2220 1616 2248 1668 6
2276 1614 2331 1668 δὲ
2365 1613 2595 1670 ἐσιώπα.
2631 1615 2721 1678 Ὠς
2751 1615 2808 1667 δὲ
2834 1616 2998 1686 ἤρετο
3026 1612 3189 1667 αὐτὸν
3216 1615 3244 1667 6
3272 1611 3544 1682 βασιλεὺς,
3574 1611 3635 1663 Τί
3665 1627 3772 1664 σιω-

2223 1708 2332 1776 πᾷς
2361 1705 2517 1777 μόνος
2547 1706 2656 1759 τῶν
2682 1707 2964 1771 ἁπάντων;
2993 1702 3290 1776 Θαυμὰζω,
3315 1703 3446 1774 ἔφη,
3471 1702 3613 1765 ὅπως
3632 1701 3773 1770 ἕτερα

2223 1796 2429 1851 διέπειν
2442 1798 2682 1868 ταχθεὶς,
2698 1798 2905 1869 ἑτέροις
2927 1799 3246 1870 ἐπιχειρεῖς.
3272 1793 3666 1868 στρατιωτικῶν
3692 1793 3773 1863 μὲν

545 1884 740 1938 clesias
797 1899 898 1954 pro
950 1885 1215 1938 arbitratu
1265 1898 1366 1937 suo
1420 1898 1605 1953 regere
1663 1884 1871 1938 vellet:
1910 1885 2124 1940 eunetis

2229 1888 2323 1941 καὶ
2355 1887 2648 1942 πολιτικῶν
2690 1888 3035 1959 πραγμάτων
3068 1885 3448 1959 προεστηκὼς,
3484 1883 3773 1943 ἐπισκόποις

548 1977 709 2030 verba
733 1975 1081 2046 imperatoris
1113 1992 1238 2032 cum
1279 1976 1471 2043 plausu
1505 1987 1558 2031 et
1586 1976 1945 2031 admiratione
1970 1978 2120 2032 exci-

547 2066 851 2135 pientibus;
885 2080 940 2122 et
966 2079 1111 2122 recte
1132 2077 1324 2122 cuncta
1357 2069 1426 2122 ab
1452 2083 1517 2122 eo
1542 2068 1684 2122 dicta
1709 2082 1829 2122 esse
1853 2067 2120 2122 allii-man-

548 2156 714 2215 tibus.
748 2159 898 2214 solus
943 2158 1206 2213 Leontius
1242 2158 1528 2213 conticuit.
1570 2157 1637 2212 Et
1671 2174 1795 2212 cum
1827 2158 2120 2229 imperator

546 2262 666 2300 cum
697 2248 1108 2319 interrogasset,
1146 2263 1310 2318 quam
1357 2248 1428 2303 oh
1458 2263 1681 2304 causam
1714 2240 1865 2304 solus
1897 2265 1963 2303 ex
2000 2263 2120 2303 om-

2225 1976 2281 2029 δὲ
2320 1979 2449 2050 περὶ
2486 1978 2594 2033 τῶν
2623 1982 2701 2044 εἰς
2734 1980 2927 2051 μόνους
2959 1979 3290 2041 ἐπισκόπους
3320 1977 3560 2048 ἡκόντων
3587 1976 3775 2028 διατατ-

2224 2069 2473 2139 τόμενος.
2508 2071 2613 2124 Τὸν
2658 2070 2716 2124 δὲ
2761 2070 2983 2140 βασιλέα
3035 2067 3456 2123 καταιδεσθέντα
3493 2062 3774 2119 παύσασθαι

2225 2161 2326 2231 τῆς
2358 2163 2415 2214 ἐν
2448 2163 2562 2224 τοῖς
2594 2152 2856 2226 τοιούτοις
2888 2163 2988 2234 ἤδη
3017 2161 3432 2223 διακελεύσεως.
3461 2156 3694 2219 Τοιοῦτος
3720 2149 3774 2224 ἦν

2225 2253 2254 2304 6
2285 2252 2537 2316 Λεόντιος
2565 2252 2889 2326 ἐλευθέριος.

544 2343 704 2398 nibus
741 2344 943 2408 sileret,
975 2343 1256 2414 respondit
1283 2342 1545 2399 Leontius
1576 2361 1589 2397 :
1622 2343 1809 2409 Miror,
1850 2344 2046 2414 inquit,
2082 2353 2133 2400 te
2170 2346 2263 2415 qui
2291 2347 2413 2403 aliis
2450 2348 2615 2403 rebus
2671 2345 3119 2402 administrandis
3152 2343 3479 2416 praepositus
3530 2343 3623 2405 sis,
3663 2338 3774 2393 alias

544 2438 807 2509 regendas
834 2439 1113 2509 suscipere
1142 2458 1155 2493 :
1187 2448 1390 2495 etcum
1432 2440 1746 2495 militarium
1780 2457 1844 2497 ac
1869 2441 2113 2496 civilium
2154 2444 2496 2511 negotiorum
2527 2445 2625 2500 tibi
2656 2445 2910 2499 mandata
2960 2443 3033 2498 sit
3090 2457 3244 2508 cura,
3284 2439 3556 2511 episcopis
3622 2446 3774 2492 tamen

545 2536 836 2605 praecipere
876 2536 944 2591 de
982 2536 1147 2592 rebus
1209 2552 1330 2606 quae
1370 2537 1436 2591 ad
1478 2537 1627 2592 solos
1692 2539 1979 2608 episcopos
2041 2539 2331 2607 pertinent.
2409 2541 2620 2607 Quibus
2669 2541 2889 2608 auditis,
2938 2538 3291 2596 Constantius
3347 2532 3665 2619 verecundia
3726 2544 3780 2583 ac

544 2625 746 2693 pudore
779 2624 1043 2690 sulfusus,
1076 2624 1129 2678 in
1168 2625 1435 2694 ejusmodi
1468 2625 1701 2695 negotiis
1730 2625 1985 2695 deinceps
2013 2640 2110 2695 pro
2151 2627 2381 2698 imperio
2417 2645 2578 2702 agere
2604 2645 2668 2685 ac
2688 2629 2882 2700 jubere
2915 2629 3146 2685 destitit.
3193 2626 3371 2683 Tanta
3420 2628 3474 2683 in
3535 2620 3776 2696 loquendo

545 2717 791 2771 libertate
823 2717 1083 2785 praeditus
1113 2714 1215 2770 fuit
1243 2714 1503 2771 Leontius
1543 2714 1680 2785 (9.2).

1652 2826 1787 2882 Item
1815 2845 1881 2884 cx
1917 2827 2086 2885 Suida
2118 2831 2174 2886 in
2204 2848 2340 2889 voce
2374 2833 2703 2906 Δημόφιλος.

616 2962 972 3031 Demophilus
1014 2961 1658 3032 Constantinopolitanus
1695 2963 2007 3034 episcopus,
2040 2964 2123 3019 vir

544 3056 987 3123 insanoquodam
1012 3055 1214 3123 impetu
1235 3065 1430 3110 cuncta
1449 3054 1612 3110 simul
1633 3054 1862 3108 miscere
1886 3055 2081 3111 solitus
2108 3074 2123 3112 :

2293 2948 2602 3019 Δημόφιλος
2650 2948 2950 3011 ἐπίσκοπος
2994 2945 3407 3001 Κωνσταντίνου
3445 2946 3662 3009 πόλεως,
3687 2938 3779 3005 οἷος

2222 3043 2480 3114 ἐμπεσὼν
2505 3042 2642 3113 ὁμοῦ
2686 3041 2977 3113 σύμπαντα
3015 3041 3207 3113 φύρειν
3240 3039 3355 3111 (25)
3388 3041 3607 3111 ἀκόσμῳ
3640 3038 3779 3108 φορᾷ.

547 3153 603 3199 et
644 3144 734 3214 qui
773 3144 946 3198 instar
988 3144 1161 3213 rapidi
1209 3145 1444 3213 vagique
1491 3143 1769 3209 torrentis,
1828 3144 2123 3212 plurimum

2229 3135 2477 3207 καθάπερ
2505 3135 2739 3199 ἄτακτος
2758 3152 2842 3205 χει
2851 3137 3114 3206 μάρῤους,
3147 3134 3268 3188 ὅλον
3295 3135 3355 3188 ἐν
3377 3135 3492 3197 τοῖς
3517 3133 3685 3200 λόγοις
3705 3128 3778 3181 τὸν

552 3234 651 3288 luti
685 3249 748 3288 ac
776 3234 1019 3288 sordium
1054 3233 1106 3286 in
1147 3233 1492 3288 sermonibus
1522 3233 1639 3289 suis
1669 3234 2037 3299 Convolveret,
2069 3246 2128 3288 ut

551 3326 732 3395 quivis
779 3324 937 3380 facile
965 3323 1332 3393 deprehendet
1364 3340 1428 3378 ex
1462 3324 1636 3394 prima
1668 3324 1935 3379 concione
1964 3340 2127 3392 quam

552 3418 743 3472 habuit
788 3416 1287 3486 Constantinopoli.
1337 3415 1456 3482 Qua
1504 3416 1722 3486 quidem
1774 3418 1829 3471 in
1868 3417 2131 3471 concione

553 3507 854 3561 verisimile
910 3515 995 3560 est
1019 3521 1142 3560 eum
1187 3507 1581 3561 accuratiorem
1617 3522 1682 3561 ac
1730 3506 2130 3578 diligentiorem

553 3598 723 3652 fuisse
754 3615 768 3651 :
797 3598 998 3667 quippe
1024 3614 1145 3652 cum
1186 3598 1500 3668 hujusmodi
1535 3614 1819 3656 sermones
1846 3600 2020 3670 excipi
2048 3615 2135 3656 so’

555 3692 702 3744 leaut
737 3705 766 3744 a
808 3690 1060 3745 notariis.
1115 3692 1272 3746 Certe
1318 3690 1372 3744 in
1414 3692 1533 3761 ejus
1578 3690 2004 3748 Commentariis
2038 3693 2133 3763 qui

552 3783 850 3836 etiamnum
883 3790 1196 3851 supersunt,
1234 3782 1403 3836 multa
1434 3782 1656 3838 disserit
1685 3782 1915 3838 confusa
1958 3782 2130 3854 atque

555 3873 894 3933 indistincta.
942 3881 997 3927 et
1030 3872 1097 3927 de
1128 3870 1288 3928 Patre
1325 3887 1391 3928 ac
1433 3871 1572 3927 Filio
1617 3873 1869 3943 loquens,
1916 3875 2135 3930 disertis

557 3967 737 4022 verbis
770 3966 841 4020 ita
870 3966 1207 4036 pronuntiat.
1239 3965 1414 4021 Filius
1440 3966 1615 4021 solius
1645 3965 1825 4022 Patris
1859 3968 2138 4023 voluntate

556 4058 774 4125 genitus
802 4067 907 4124 est,
941 4058 1059 4113 sine
1090 4068 1335 4127 tempore
1379 4073 1444 4112 ac
1470 4059 1588 4111 sine
1622 4059 1798 4113 melio
1819 4099 1833 4123 ,
1877 4066 1937 4114 ut
1962 4060 2140 4129 iusso-

559 4162 679 4201 rum
714 4148 897 4202 Patris
932 4148 1183 4204 minister
1214 4149 1287 4203 sit
1309 4158 1363 4203 et
1392 4147 1651 4203 famulus.
1681 4147 1814 4203 Nam
1849 4166 1971 4204 cum
2002 4165 2139 4219 prae-

557 4240 768 4295 vidcret
816 4242 977 4307 Deus,
1032 4256 1097 4296 ea
1148 4256 1272 4310 quae
1321 4240 1569 4296 facturus
1618 4250 1756 4304 erat,
1815 4257 1921 4296 non
1978 4224 2172 4311 posse.

558 4330 881 4397 consistere,
915 4331 1117 4401 quippe
1157 4347 1280 4401 qua:
1314 4332 1437 4402 puri
1478 4340 1643 4402 atque
1692 4332 2019 4402 impcrmisti
2055 4350 2140 4387 or-

558 4424 702 4480 dinis
745 4423 930 4478 futura
962 4432 1168 4491 essent,
1214 4425 1442 4495 perinde
1468 4441 1534 4481 ac
1575 4423 1721 4480 Deus
1764 4426 1859 4495 qui
1890 4426 2004 4496 ipsa
2055 4426 2136 4481 l'e-

560 4526 729 4572 cerat.
763 4514 898 4571 Nam
932 4531 1160 4586 prorsus
1197 4532 1420 4575 necesse
1452 4526 1588 4582 erat,
1619 4525 1679 4572 ut
1712 4518 1794 4572 vel
1842 4518 2027 4572 omnia
2063 4518 2137 4573 dii

558 4615 746 4661 essent
786 4605 939 4674 juvta
984 4605 1305 4676 dignitatem
1350 4606 1469 4675 ejus
1511 4607 1604 4676 qui
1652 4607 1743 4662 illa
1774 4608 2133 4663 condiderat:

556 4711 624 4749 ex
657 4709 768 4765 quo
802 4706 1125 4751 eventurum
1161 4706 1277 4752 erat
1320 4707 1380 4751 ut
1430 4697 1615 4766 plures
1662 4698 1736 4753 dii
1785 4706 1991 4753 essent.
2041 4695 2136 4752 Vcl

557 4796 708 4840 certe
743 4801 964 4843 necesse
1000 4797 1139 4856 erat,
1171 4802 1229 4844 ut
1254 4797 1544 4860 postquam
1580 4788 1723 4845 facta
1752 4788 1992 4853 fuerant,
2022 4797 2137 4845 sta-

559 4879 655 4933 tim
701 4878 1152 4945 dissolverentur,
1199 4881 1426 4952 perinde
1465 4897 1530 4937 ac
1577 4897 1701 4937 cera
1750 4882 2137 4937 ardentissimo

559 4971 672 5041 igni
712 4970 950 5027 admota.
999 4970 1209 5029 Idcirco
1252 4973 1426 5027 Filius
1478 4972 1695 5029 medius
1737 4971 1950 5028 exstitit
1999 4970 2137 5026 inter

560 5072 843 5118 creaturas
874 5078 996 5133 qua:
1022 5064 1320 5119 condendae
1353 5072 1531 5128 erant.
1563 5074 1618 5118 et
1655 5063 1795 5117 inter
1826 5061 2043 5116 Patrem
2071 5075 2136 5114 ex

560 5178 671 5232 quo
704 5161 922 5233 genitus
949 5169 1052 5223 rst,
1089 5170 1149 5215 ut
1177 5161 1224 5215 is
1254 5176 1374 5216 sese
1402 5161 1715 5223 demittcns,
1744 5172 1911 5227 seque
1949 5157 2140 5226 aijun-

2230 3226 2493 3298 συρφετὸν
2532 3226 2702 3296 ἄγων,
2735 3227 2811 3290 ώς
2843 3225 3047 3280 εἴσεταί
3091 3242 3176 3289 τις
3215 3226 3280 3278 ἐκ
3312 3224 3539 3296 πρώτης
3576 3226 3631 3277 ἐν
3672 3218 3780 3289 γοῦν

2228 3322 2342 3383 τοῖς
2385 3318 2465 3372 ἐτι
2513 3318 2843 3389 σωζομένοις
2884 3320 3268 3390 ὑπομνήμασιν
3314 3316 3482 3371 αὑτοῦ
3528 3312 3780 3384 γεγονυίας

2213 3410 2590 3487 δημηγορίας,
2623 3410 2754 3465 ἔνθα
2773 3412 2868 3465 καὶ
2898 3410 3097 3481 μᾶλλον
3126 3409 3273 3472 εἰκὸς
3301 3405 3372 3479 ἦν
3404 3407 3687 3476 ἀσφαλείας
3705 3403 3780 3457 αύ-

2230 3501 2321 3555 τὺν
2360 3499 2617 3570 φροντίδα
2651 3499 2841 3554 θέσθαι
2873 3499 3015 3565 τινὰ,
3056 3499 3133 3564 ώς
3171 3499 3472 3570 ἐγγράφοις
3496 3492 3781 3564 ἀναλαμϐα-

2232 3591 2475 3662 νομένων
2519 3590 2630 3645 τῶν
2669 3591 3001 3663 λεγομένων.
3044 3592 3132 3645 Ἐν
3178 3591 3390 3654 τούτοις
3423 3589 3551 3659 γοῦν
3586 3587 3708 3642 ἄλλα
3736 3599 3781 3634 τε

2235 3684 2404 3738 πολλὰ
2427 3685 2719 3739 διείλεκται
2748 3682 3012 3755 ἄναρθρα,
3044 3682 3344 3754 διαρρήδην
3381 3698 3441 3734 τε
3465 3683 3520 3734 ἐν
3547 3681 3652 3739 τοῖς
3679 3674 3781 3745 περὶ

2235 3776 2449 3848 Πατρός
2480 3778 2572 3830 καὶ
2602 3775 2735 3829 Υἱοῦ
2759 3775 2958 3843 λόγοις.
2982 3773 3121 3844 Φησὶ
3149 3774 3280 3845 γὰρ,
3308 3773 3441 3836 Υἱὸς
3477 3774 3574 3842 μὲν
3604 3767 3783 3838 Πατρὸς

2237 3869 2453 3939 θελήσει
2495 3868 2818 3939 γεγέννηται
2860 3867 3046 3937 μόνου,
3093 3867 3361 3937 ἀχρόνως,
3410 3861 3782 3936 ἀμεσιτεύτως·

2238 3962 2327 4015 ἵνα
2357 3961 2602 4025 διάκονος
2633 3960 2855 4029 γένηται
2882 3959 2978 4011 καὶ
3018 3958 3300 4028 ὑπηρέτης
3343 3955 3686 4028 βουλημάτων
3710 3946 3783 4002 τοῦ

2237 4054 2470 4125 Πατρός.
2541 4050 2756 4121 Ἐπειδὴ
2803 4050 2911 4121 γὰρ
2942 4052 2971 4103 ὁ
3031 4047 3426 4122 προγινώσκων
3478 4047 3607 4108 Θεὸς
3653 4036 3783 4096 ὅτιό

2239 4144 2430 4215 ἔμελλε
2460 4145 2739 4214 πράττειν,
2773 4142 3011 4197 ἀδύνατα
3047 4138 3114 4213 ἦν
3156 4141 3256 4211 τῆς
3283 4141 3591 4211 ἀκρατήτου
3614 4134 3785 4199 τάξεως

2238 4237 2333 4290 τοῦ
2371 4236 2657 4308 μέλλοντος
2687 4234 2825 4289 αὐτὰ
2852 4237 3023 4287 ποιεῖν
3051 4232 3183 4287 Θεοῦ
3211 4234 3267 4285 ἐν
3297 4231 3376 4302 τῷ
3415 4228 3658 4299 γενέσθαι
3684 4222 3783 4294 μέλ·

2240 4328 2401 4381 λοντα
2420 4345 2433 4359 ’
2463 4328 2496 4400 ἦ
2544 4318 2653 4399 γὰρ
2683 4327 2790 4380 ἔδει
2837 4326 2976 4380 αὐτὰ
3013 4326 3190 4379 πάντα
3227 4324 3383 4387 θεοὺς
3404 4320 3652 4391 γενέσθαι
3675 4314 3785 4385 πρὸς

2242 4420 2399 4485 ἀξίαν
2453 4419 2547 4473 τοῦ
2582 4419 2881 4482 ποιοῦντος,
2928 4418 3023 4472 καὶ
3067 4419 3131 4470 ἐκ
3174 4417 3378 4470 τούτων
3428 4413 3643 4485 ἔμελλον
3672 4404 3785 4460 εἷνλι

2244 4510 2385 4564 θεοί·
2422 4510 2454 4581 ἢ
2486 4510 2591 4564 ἔδει
2620 4508 2760 4562 αὐτὰ
2785 4511 3053 4578 γενόμενα
3089 4508 3200 4577 θεέ)
3231 4505 3476 4566 λύεσθαι,
3509 4502 3687 4568 ὥσπερ
3711 4512 3789 4565 κη·

2249 4604 2338 4674 ρὸν
2374 4601 2508 4672 πυρὶ
2543 4597 2731 4671 θερμῷ
2760 4600 3186 4669 προσαγόμενον.
3221 4598 3417 4666 Γέγονε
3455 4596 3552 4667 μὲν
3589 4588 3674 4646 οὖν
3715 4602 3790 4658 με·

2247 4697 2401 4765 σίτης
2429 4693 2536 4747 τῶν
2571 4709 2630 4745 τε
2658 4691 2953 4763 ἐσομένων,
2986 4692 3082 4743 καὶ⁹
3116 4689 3210 4744 τοῦ
3243 4688 3628 4759 γεγεννηκότος
3658 4678 3791 4736 αὐτὸς

2244 4783 2405 4848 Θεοῦ,
2428 4785 2457 4837 6
2493 4782 2642 4846 Υἱὸς,
2674 4782 2762 4835 ἵνα
2804 4780 3071 4845 συντάξας
3105 4781 3299 4834 ἐαυτὸν
3334 4778 3431 4833 καὶ
3460 4767 3786 4846 συγκαταϐαί-

2244 4895 2350 4932 νων
2381 4878 2492 4940 τοῐς
2512 4875 2837 4945 γινομένοις,
2861 4872 3205 4927 ἀποτελέσειε
3232 4871 3295 4926 τὸ
3322 4857 3568 4943 βούλημα
3587 4865 3671 4921 τοῦ
3702 4860 3785 4915 ﬂa-

2242 4968 2391 5039 τρὸς,
2424 4967 2518 5021 καὶ
2566 4966 2794 5037 μεσίτης
2826 4964 3050 5035 γένηται
3086 4964 3181 5018 τοῦ
3227 4963 3363 5017 Θεοῦ
3400 4961 3495 5015 καὶ
3534 4956 3680 5030 ἡμῶν
3703 4950 3792 5004 τῶν

2243 5061 2309 5115 δι’
2344 5058 2509 5113 αὐτοῦ
2557 5056 2887 5129 γενομένων.
2934 5056 3223 5111 Ἐλάνθανε
3265 5055 3321 5109 δὲ
3361 5053 3449 5108 διὰ
3487 5050 3677 5105 τούτων
3717 5039 3792 5095 τοῦ

2245 5152 2380 5205 Θεοῦ
2415 5150 2523 5204 τῶν
2554 5150 2690 5204 ὅλων
2733 5147 3017 5204 ἀσθένειαν
3046 5149 3140 5203 καὶ
3176 5146 3477 5218 βασκανίαν
3505 5133 3786 5208 καταιξοευδά·

1808 5329 2054 5374 ΥΑΕΕΞῙῙ
2094 5325 2593 5373 ANNOTATIONES.

633 5464 749 5536 (22)
788 5465 925 5520 \‘ide
949 5460 1408 5536 Philostorgium,
1446 5460 1537 5536 lib.
1567 5474 1708 5536 \'Il:__
1795 5524 1853 5536 Ν
1881 5526 1912 5536 η
2113 5525 2119 5532 ,

637 5524 750 5604 (25)
802 5534 975 5605 Ὁμοῦ
1019 5524 1343 5605 σύμπαῦοτα
1380 5531 1609 5605 ρι’·ιλέϋκ
1649 5526 1746 5581 “lc
1790 5524 2145 5605 Γ¹¹ί¹⁴⁸ἓι⁰νείί

568 5598 740 5673 locus
762 5606 829 5659 de
854 5596 1205 5673 'Demophilo
1231 5596 1488 5673 episcopo
1516 5596 2145 5673 Cormautiuopolitauo.

568 5670 874 5741 descriptus
917 5682 1003 5727 est
1048 5667 1112 5727 ex
1152 5667 1347 5725 libftx
1381 5672 1501 5738 ejus
1530 5669 1826 5741 rilistot'irc.
1858 5668 2037 5741 “Certe
2088 5667 2148 5741 in

572 5738 849 5812 excerptis
881 5743 1126 5812 ejusdem
1161 5742 1283 5812 libri
1316 5744 1492 5812 capite
1522 5739 1605 5801 Μ,
1637 5742 1825 5812 eadem
1852 5738 1963 5812 fere
1991 5740 2150 5790 verba

578 5806 830 5876 leguntur
861 5806 927 5866 de
956 5810 1295 5880 Dcmopbilo,
1330 5806 1418 5862 τιν
1447 5809 1501 5861 δὲ
1533 5807 1840 5879 Δημόφιλον
1873 5807 2062 5877 εξύρειν
2098 5823 2154 5859 τε

2146 5480 2151 5485 ·
2243 5457 2420 5508 πάντα
2468 5454 2563 5507 καὶ
2611 5453 2831 5523 συγχεῖν
2879 5449 3302 5521 ἀκρατέστατον,
3348 5445 3441 5499 καὶ
3483 5433 3701 5512 μάλιστά
3740 5439 3789 5494 τε

2245 5525 2311 5578 τὰ
2337 5510 2774 5597 ἐκκλησιαστικᾷ
2794 5510 3062 5597 δόγματα.
3088 5529 3195 5574 t-tc.
3226 5587 3259 5597 ﬁ
3298 5586 3308 5597 .

2320 5596 2432 5661 (24)
2476 5580 2542 5650 Ἦ
2565 5596 2686 5648 ἔδει
2711 5580 3196 5661 αὺτίίᾷιενόμενα.
3226 5586 3460 5661 Primam
3480 5590 3667 5661 voce";

2253 5639 2863 5736 pluvi-lexucoujvecttira.
2895 5639 3075 5716 'Dee'st
3106 5663 3251 5715 enim
3282 5657 3332 5712 in
3372 5652 3598 5723 vn'gatis
3638 5639 3788 5697 Suida:

2254 5736 2603 5791 ctlitiouibus.
3031 5765 3039 5770 -
