4028 6330
223 392 310 449 6'51
1441 401 1498 458 S.
1544 402 1797 461 ATTICI}

1880 406 1984 462 (ΣΡ.
2026 406 2242 464 EPISC.

3357 417 3460 472 ϐεὸ

230 523 388 579 μενος,
408 507 496 559 καὶ
516 506 606 563 τὸν
624 509 753 565 Υίὸν
774 511 989 568 πάντων
1009 513 1117 567 τῶν
1134 517 1448 587 κτισμάτων
1470 520 1787 591 ἀποφαίνων

1889 541 2021 594 gens
2049 536 2103 581 et
2131 528 2350 583 socians
2390 529 2455 585 iis
2490 546 2610 601 quae
2637 532 2868 587 crcanda
2908 543 3083 599 erant,
3123 534 3453 587 voluntatem

226 597 645 688 καταδεέστερον.
690 602 750 655 '0
779 604 876 673 μὲν
897 604 1005 678 γάρ
1033 607 1266 680 ἀσθενὴς
1295 611 1360 665 ἂν
1388 609 1477 684 ἦν,
1505 615 1647 670 κατὰ
1678 621 1783 688 Δη-

227 686 447 759 μόφιλον,
484 691 532 742 εί
563 689 863 761 βουληθεὶς,
896 695 1087 750 ἔπειτα
1119 699 1338 770 ἀπόρως
1367 698 1480 774 εἶχε
1503 708 1615 769 τοῖς
1645 686 1780 761 sris:

224 780 275 834 τὺ
314 774 444 833 εἶναι
475 780 857 854 δωρήσασθαιο
886 787 1079 854 φθόνου
1119 791 1165 844 δ’
1194 793 1295 846 οὐκ
1335 795 1650 867 ἀπήλλακτο
1689 798 1777 863 ἂν,

221 874 263 927 εί
303 872 413 937 ἐξὸν
451 874 601 944 αὐτῷ
629 875 784 938 θεοὺς
827 879 894 932 τά
931 881 1099 934 τάντα
1143 886 1340 948 ποιεῖν,
1367 888 1395 940 ὁ
1424 887 1480 940 δὲ
1529 890 1780 958 ἐφαίνετο

224 963 595 1036 μηχανώμενος
621 968 767 1030 ὅπως
800 970 874 1041 μὴ
916 971 1120 1043 ταύτης
1151 976 1299 1046 αὐτῷ
1326 978 1464 1052 τύχῃ
1507 980 1575 1033 τὰ
1616 999 1781 1053 γενη-

223 1057 401 1127 σόμενα
425 1057 527 1128 τῆς
558 1059 735 1125 ἀξίας.
770 1062 875 1114 Τοῦ
919 1062 976 1116 δέ
1014 1066 1064 1132 γ’
1100 1062 1166 1120 αὖ
1206 1069 1399 1133 Παιδὸς
1438 1072 1538 1125 οὐκ
1579 1069 1645 1142 ἦν
1674 1074 1782 1127 τῶν

219 1146 516 1216 κτισμάτων
540 1148 711 1213 οὐδὲν,
735 1147 763 1201 ὃ
792 1150 866 1221 μὴ
896 1150 1117 1221 ἄμεινον
1143 1155 1411 1227 ὑπάρχειν
1450 1158 1661 1228 ἐδείχθη
1693 1160 1783 1225 ἂν,

217 1238 357 1306 εἴπερ
383 1253 445 1305 γε
492 1238 567 1310 μὴ
604 1240 670 1292 δι’
701 1242 894 1295 ἑαυτὸν
923 1245 1128 1309 ἐκεῖνος
1166 1244 1321 1316 ἔτυχε
1353 1254 1613 1316 γεγονὼς.
1648 1251 1784 1305 ἀλλὰ

213 1327 289 1380 διὰ
314 1328 514 1382 σκοπὸν
539 1331 635 1383 καὶ
671 1333 858 1402 χρείαν
897 1335 997 1406 τῆς
1041 1336 1245 1390 τούτων
1275 1340 1561 1408 γενέσεως.
1593 1342 1775 1397 Ἃπαν

212 1419 305 1491 γάρ
325 1437 402 1473 τοι
420 1421 486 1474 τὸ
507 1422 573 1474 δι’
592 1424 794 1496 ἑτέρων
820 1427 1105 1497 γινόμενον
1134 1431 1342 1501 χρείαν,
1361 1432 1580 1487 ἔλαττον
1606 1436 1777 1507 ὑπάρ-

211 1527 311 1579 χειν
340 1511 566 1565 ἐκείνων
615 1515 848 1587 ἀνάγκη,
880 1518 945 1570 δι’
969 1518 1006 1572 ἃ.
1049 1521 1142 1573 τοῦ
1182 1520 1321 1575 εἶναι
1360 1524 1634 1594 τυγχάνει.
1668 1528 1776 1580 Καὶ

210 1600 328 1653 ἄλλα
355 1601 410 1654 δὲ
440 1602 704 1674 ὲληρῶει
730 1606 921 1661 πολλά.

1881 613 2060 671 Patris
2107 616 2450 697 adimpleret,
2499 632 2754 692 essetque
2805 624 3071 678 mediator
3111 623 3253 678 inter
3285 622 3455 677 Deum

1882 715 2048 775 atque
2080 707 2223 761 inter
2250 724 2351 765 nos
2376 711 2466 780 qui
2496 727 2592 781 per
2624 713 2775 768 illum
2808 712 2933 768 facti
2965 730 3178 770 sumus.
3214 715 3317 769 Sed
3348 730 3457 769 non

1881 796 2265 853 animadvertit
2321 800 2695 869 Demophilus,
2762 819 2822 858 se
2873 804 2958 859 his
3016 805 3193 858 verbis
3243 820 3462 860 summo

1883 887 2129 942 omnium
2174 889 2285 945 Deo
2329 891 2700 949 infirmitatem
2747 906 2801 951 ct
2847 896 3102 951 invidiam
3138 896 3277 951 falso
3304 896 3461 952 aliin-

1881 992 2027 1047 gere,
2056 987 2111 1033 et
2146 979 2345 1035 Filium
2379 983 2666 1040 deterioris
2700 988 3033 1043 conditionis
3081 986 3263 1042 facere
3296 1003 3456 1057 quam

1882 1071 2121 1140 reliquas
2152 1089 2345 1130 omnes
2371 1085 2673 1133 creaturas.
2710 1078 2841 1133 Nam
2872 1079 3033 1134 Pater
3057 1081 3276 1149 quidem
3310 1080 3460 1132 intir-

1881 1176 2004 1214 mus
2037 1162 2197 1218 fuerit
2226 1181 2447 1222 necesse
2472 1178 2556 1221 est
2580 1168 2736 1237 juxta
2770 1168 3076 1241 Demnphili
3106 1170 3456 1232 sententiam,

1882 1253 2082 1322 quippe
2109 1255 2352 1324 quicum
2385 1258 2650 1314 voluisset
2678 1261 2892 1315 cunctis
2925 1262 3216 1315 essentiam
3252 1261 3456 1329 largiri,

1882 1344 1934 1399 id
1972 1356 2157 1414 postea
2193 1352 2450 1417 perlicere
2485 1366 2589 1404 non
2617 1352 2875 1421 potuerit.
2916 1352 2999 1407 Ab
3035 1353 3238 1406 invidia
3274 1363 3455 1405 autem

1883 1453 2227 1510 nequaquam
2260 1444 2473 1501 alienus
2506 1445 2691 1511 fuerit,
2733 1447 2777 1502 si
2812 1462 2938 1500 cum
2980 1447 3080 1515 ipsi
3114 1445 3299 1499 liceret
3330 1458 3458 1497 cun-

1882 1538 1997 1584 ctas
2029 1547 2313 1589 creaturas
2338 1536 2470 1591 deos
2499 1537 2733 1601 cﬂicere,
2772 1539 2886 1607 ipse
2931 1537 3175 1591 studiose
3214 1534 3355 1589 cavit
3392 1548 3458 1586 ne

1810 1617 1851 1671 Β
1880 1630 2144 1678 creatura:
2182 1625 2427 1694 ejusdem
2472 1644 2596 1684 cum
2635 1631 2754 1699 ipso
2797 1630 3129 1684 conditionis
3171 1644 3233 1682 ac
3278 1626 3459 1697 digni-

206 1697 318 1750 tatis
341 1704 548 1750 esseut.
576 1694 694 1750 Jam
728 1713 856 1752 vero
894 1697 1052 1767 Filio,
1082 1701 1230 1756 nulla
1252 1711 1337 1758 est
1364 1716 1616 1759 creatura
1644 1722 1766 1777 qua!
1804 1724 1912 1763 non
1944 1714 2124 1780 potior
2152 1731 2217 1770 ac
2245 1718 2453 1772 beatior
2475 1719 2599 1788 jure
2629 1694 2821 1774 merito
2880 1717 3292 1775 esse‘videatur
3329 1694 3359 1772 ί
3405 1709 3450 1761 Si

205 1790 408 1880 quidem
453 1789 551 1844 ille
598 1805 705 1844 non
764 1802 985 1863 propter
1016 1797 1406 1866 semetipsum,
1471 1799 1565 1853 sed
1610 1800 1681 1854 ob
1722 1807 2240 1875 contemplationem
2290 1819 2453 1880 atque
2479 1826 2640 1866 usum
2683 1822 3060 1869 creaturarum
3108 1808 3285 1864 factus
3349 1816 3453 1863 est.

201 1878 461 1951 Quidquid
492 1883 640 1936 enim
666 1884 737 1937 ob
760 1885 992 1939 aliorum
1023 1887 1310 1943 utilitatem
1343 1891 1420 1956 fit,
1472 1891 1704 1947 inferius
1768 1894 1839 1949 sit
1878 1913 2102 1955 necesse
2147 1912 2231 1957 est
2265 1903 2332 1957 iis
2364 1878 2613 1974 quorum
2664 1920 2833 1962 causa
2878 1903 3082 1960 factum
3128 1911 3232 1959 est.
3291 1900 3460 1956 Multa

201 1988 402 2043 quoque
435 1974 553 2028 alia
583 1974 896 2046 huiusmodi
926 1978 1132 2049 profert
1156 1981 1348 2036 deliria
1379 1983 1517 2055 (95).

1424 2156 1667 2200 VALESII
1707 2156 1837 2202 ANN
1841 2157 2109 2203 OTATION
2113 2159 2185 2202 ES
2195 2188 2207 2201 .

258 2275 365 2346 (25)
406 2276 549 2333 Vide
572 2275 905 2352 Philostorg.
937 2282 992 2336 in
1015 2282 1111 2338 lib.
1146 2298 1223 2349 ιι,
1251 2297 1373 2353 cap.
1408 2283 1494 2338 Μ.

217 2466 1445 2498 m

1429 2642 1604 2690 ANNO
1658 2644 1884 2690 DOMINI
1929 2644 2170 2691 CDXXV.

1047 2826 1258 3037 S.
1432 2826 2611 3042 ATTICUS

677 3172 2078 3270 CONSTANTINOPOLITAN
2106 3181 2239 3272 US
2306 3178 2803 3274 EPISCOP
2824 3182 2957 3274 US

1781 3399 1847 3418 -ο

1539 3553 2139 3667 NOTITIA

1212 3770 1354 3833 (Acta
1392 3772 1492 3821 SS.
1520 3769 1769 3831 Bolland.,
1806 3772 1934 3834 Aug.
1972 3777 2089 3821 tom.
2116 3770 2157 3833 Ι,
2181 3786 2292 3836 pag.
2314 3773 2439 3835 δν.)

249 3993 1774 4065 LSozomenus,lib.vntcap.27,tempusordinationis
1802 4000 1845 4057 C
1880 3996 2033 4050 illum
2082 3996 2373 4060 ambirent,
2421 4010 2652 4064 eamque
2700 3996 2769 4049 ob
2811 4009 3032 4049 causam
3076 3995 3308 4048 multum
3343 3995 3457 4063 jam

184 4088 234 4142 S.
266 4092 433 4146 Attici
459 4092 536 4146 ita
557 4090 771 4146 defluit:
802 4108 820 4141 ι
848 4089 951 4144 Sed
975 4099 1027 4145 et
1045 4092 1304 4146 Arsacius
1325 4107 1447 4146 cum
1473 4089 1773 4144 Ecclesiam

178 4178 860 4252 Constantinopolitanam
908 4180 1058 4234 brevi
1099 4181 1358 4250 temporis
1397 4182 1575 4250 spatio
1603 4181 1777 4235 admi-

182 4270 492 4339 nistrasset,
533 4288 635 4343 ex,
662 4272 764 4327 hac
808 4272 927 4325 luce
953 4273 1244 4341 migravit;
1275 4272 1432 4342 cujus
1465 4273 1774 4329 successio-

182 4375 299 4416 nem
330 4379 461 4417 eum
503 4362 670 4417 multi
720 4372 902 4417 essent
943 4364 1035 4432 qui
1091 4364 1385 4427 ambirent,
1429 4375 1626 4432 quarto
1654 4375 1778 4433 post

182 4454 389 4510 obitum
412 4457 571 4511 illius
606 4470 793 4509 mense
818 4455 1101 4510 ordinatus
1125 4469 1205 4510 est
1235 4457 1465 4520 Atticus,
1497 4457 1778 4526 presbyter

182 4545 307 4600 clcri
338 4546 972 4615 Cnnstantinopolitaui,
1007 4547 1099 4616 qui
1135 4562 1278 4601 unus
1308 4545 1486 4601 fuerat
1513 4563 1575 4601 ex
1610 4546 1769 4601 Joan-

186 4633 266 4689 nis
292 4635 749 4690 insidiatoribus.
787 4653 805 4685 ι
860 4635 915 4689 Si
950 4635 1211 4691 Arsacius
1258 4651 1405 4690 anno
1452 4636 1579 4700 405,
1613 4637 1695 4692 die
1722 4652 1774 4690 χι

185 4719 515 4781 Novembris
545 4722 717 4786 obiit,
747 4730 809 4777 ut
838 4724 1092 4792 superius
1121 4739 1184 4780 ex
1217 4724 1444 4780 Socrate
1466 4724 1776 4789 retulimus,

185 4813 416 4879 etjuxta
471 4815 852 4870 Sozomenum
911 4833 929 4865 ι
981 4824 1180 4885 quarto
1208 4826 1332 4885 post
1371 4816 1582 4871 obitum
1631 4816 1777 4871 illius

187 4916 370 4959 mense
409 4905 715 4959 ordinatus
757 4912 842 4958 est
877 4904 1109 4970 Atticus,
1155 4923 1174 4955 ι
1217 4906 1406 4960 debuit
1445 4906 1591 4961 circa
1627 4920 1780 4960 men-

187 5009 295 5049 sem
333 4996 603 5051 Martium
656 4995 785 5048 anni
835 4996 1121 5065 sequentis
1144 4996 1373 5052 Arsacio
1410 4996 1625 5051 Atticus
1655 5012 1780 5051 suc-

188 5087 440 5143 cessisse.
500 5086 716 5142 Verum
758 5102 881 5141 cunt
939 5086 1192 5144 Socrates
1226 5089 1488 5152 sedecim,
1521 5099 1575 5144 et
1600 5089 1781 5143 Palla-

188 5174 309 5232 dius
333 5176 733 5232 tantummodo
753 5162 1167 5246 quatuordecim
1191 5180 1604 5247 gubernationis
1629 5197 1781 5235 men-

114 5272 130 5282 ‘
191 5280 273 5321 ses
322 5266 566 5323 Arsacio
629 5266 895 5333 tribuant,
953 5268 1022 5322 de
1076 5267 1436 5324 determinato
1495 5271 1780 5327 electionis

1881 4091 2142 4159 temporis
2171 4090 2414 4159 elapsum
2447 4098 2611 4153 esset,
2653 4089 2824 4143 altero
2857 4097 2979 4156 post
3016 4103 3182 4148 anno,
3223 4089 3459 4141 Arcadio

1879 4192 2093 4237 sextum
2120 4189 2172 4233 et
2197 4180 2375 4234 Probo
2409 4180 2752 4240 consulibus,
2781 4197 2799 4229 ι
2837 4179 3032 4231 horum
3060 4179 3378 4233 consulatus
3400 4179 3453 4231 in

1879 4288 2082 4327 annum
2111 4271 2215 4324 406
2239 4270 2431 4324 incidit
2452 4271 2474 4323 ?
2499 4289 2517 4321 ι
2553 4274 2619 4324 ad
2651 4270 3028 4339 episcopatum
3060 4281 3345 4339 promotus
3374 4280 3458 4323 est

1878 4364 2089 4419 Atticus
2113 4363 2196 4417 vir
2230 4362 2540 4432 religiosus.
2585 4380 2602 4412 ι

1948 4541 2003 4594 2.
2044 4538 2158 4593 Etsi
2203 4539 2419 4592 Atticus
2470 4552 2498 4589 a
2544 4538 2773 4591 Socrate
2795 4536 2875 4588 vir
2913 4534 3191 4603 religiosus
3223 4530 3456 4601 appelle-

1882 4640 1987 4693 tur,
2016 4645 2123 4683 non
2146 4629 2265 4683 idco
2292 4627 2621 4689 inliciamur,
2661 4626 2979 4697 religionem
3009 4625 3252 4694 aliasque
3286 4624 3458 4693 ipsius

1879 4723 2110 4777 virtutes
2163 4720 2331 4775 naevis
2379 4718 2710 4789 quihusdam
2767 4718 3178 4772 contaminatas
3235 4714 3453 4770 fuisse:

1881 4831 2006 4870 nam
2051 4828 2161 4868 non
2206 4811 2365 4868 modo
2403 4811 2671 4866 Joannem
2712 4810 3162 4881 Chrysostomum
3195 4807 3249 4862 in
3276 4807 3460 4864 conci-

1880 4905 2085 4960 liabulo
2119 4904 2186 4958 ad
2208 4904 2481 4969 Quercum
2511 4903 2812 4967 accusavit,
2841 4918 3031 4956 verum
3069 4902 3234 4957 etiam
3273 4901 3456 4955 sedem

1881 4998 2548 5067 Constantinopolitanam
2619 4997 2900 5066 illegitime
2968 4996 3205 5058 invasit,
3268 5004 3461 5050 sancto

1887 5090 2119 5159 praesule
2160 5090 2339 5144 adhuc
2370 5089 2608 5155 vivente,
2634 5097 2683 5143 et
2727 5089 2900 5157 ipsius
2931 5086 3172 5140 fautores
3200 5085 3461 5139 indiscre-

1887 5191 1942 5235 ιο
1986 5183 2103 5236 zelo
2132 5192 2454 5252 persecutus
2493 5189 2596 5245 est,
2647 5181 2720 5234 ita
2768 5189 2826 5233 ut
2866 5196 2893 5230 a
2938 5177 3179 5233 Palladio
3222 5193 3342 5247 pag.
3389 5173 3461 5230 95

1893 5292 1911 5324 ι
1957 5274 2202 5327 omnium
2232 5274 2493 5328 adversus
2531 5270 2794 5325 Joannem
2829 5271 3167 5324 molitionum
3199 5266 3390 5321 artifex
3434 5285 3452 5317 ι

193 5356 334 5411 ἱιῖἰιιε
369 5374 569 5415 mense
601 5366 700 5412 aut
745 5358 834 5413 die
888 5359 1025 5414 nihil
1065 5361 1195 5415 certi
1222 5361 1383 5415 statui
1432 5369 1649 5430 potest:
1683 5362 1777 5417 sed
1815 5345 1862 5403 Ῑ)
1892 5371 2135 5415 vocetur.
2179 5360 2283 5414 Sed
2336 5361 2553 5414 videtur
2601 5359 2741 5413 hanc
2784 5361 2997 5427 culpam
3047 5356 3362 5426 paenitentia
3405 5362 3461 5409 et

194 5448 367 5505 solum
399 5452 688 5521 sequitur,
736 5450 973 5505 Atticum
1025 5452 1245 5507 ineunte
1278 5468 1422 5508 anno
1459 5452 1565 5506 406
1588 5454 1776 5509 cathe-

195 5543 343 5598 dram
366 5541 1046 5613 Constantinopolitanam
1075 5559 1393 5614 occupasse,
1437 5555 1495 5600 ut
1521 5561 1585 5601 ex
1618 5562 1782 5615 supra

195 5632 354 5689 dictis
389 5635 641 5697 eruitur,
680 5642 733 5687 et
767 5635 1082 5689 testimonio
1122 5634 1363 5691 Socratis
1403 5635 1780 5703 confirmatur,

199 5724 287 5789 qui
325 5725 420 5779 lib.
473 5740 529 5779 vr
577 5738 705 5792 cap.
746 5723 818 5778 20
861 5741 1065 5780 annum
1101 5726 1463 5782 ordinationis
1517 5728 1674 5783 istius
1713 5729 1784 5783 ita

197 5814 393 5871 diserte
430 5814 729 5888 exprimit:
775 5836 792 5867 ι
829 5815 963 5872 Cum
1002 5825 1180 5872 autem
1228 5819 1380 5873 multi
1414 5819 1785 5889 episc0patum

1893 5451 2240 5507 revocatione
2267 5451 2486 5510 eluisse,
2517 5458 2575 5503 ut
2603 5450 2763 5517 paulo
2794 5459 2916 5518 post
2939 5457 3129 5503 contra
3161 5446 3459 5501 Tillemon-

1891 5543 2024 5596 tium
2075 5540 2362 5595 ostendere
2414 5539 2755 5594 conabimur.
2809 5541 2966 5595 Certe
3014 5540 3225 5594 Atticus
3273 5547 3459 5605 postea

1889 5650 2088 5690 nomen
2120 5633 2175 5686 S.
2207 5631 2434 5687 Joannis
2472 5633 2845 5705 Chrysostomi
2875 5632 3048 5688 sacris
3076 5633 3274 5687 tabulis
3313 5632 3455 5686 inse-

1886 5728 2016 5792 ruit,
2047 5734 2105 5780 ut
2133 5726 2185 5779 in
2238 5723 2480 5777 Historia
2511 5725 2803 5793 tripartito,
2843 5726 2932 5780 lib:
2961 5737 3059 5792 xu;
3100 5741 3217 5796 cap.
3253 5726 3307 5794 Ξ,
3343 5733 3457 5778 tra-

1888 5820 2037 5875 ditur
2086 5818 2167 5872 his
2209 5815 2431 5871 verbis:
2479 5835 2496 5867 ι
2536 5815 2749 5873 Atticus
2805 5833 2966 5888 porro
3005 5819 3292 5889 episcopus
3326 5833 3456 5873 cau-
