4028 6330
608 392 715 450 €39

1729 388 1786 444 s.
1828 386 2130 443 uncus
2166 385 2270 441 cr.
2314 385 2710 445 EPISCOPUS.
3741 401 3830 460 uo

613 524 706 564 sas
776 505 1034 564 Ecclesia:
1095 506 1358 578 sapientia
1429 505 1753 562 mirabiliter
1810 502 2137 575 disponebat
2169 542 2183 568 ,
2213 506 2262 562 A
2289 500 2494 557 crimen
2519 502 2840 574 poenitentia
2863 502 3062 561 deinde
3088 518 3154 562 ac
3181 513 3329 563 recte
3360 505 3518 564 factis
3547 510 3741 580 egregie
3753 528 3829 566 ex-

612 598 984 669 doctrinisque
1030 600 1287 669 populum
1317 597 1383 653 ad
1432 597 1653 655 virtutis
1704 597 1951 654 studium
1992 608 2187 666 provo-

612 693 814 747 cabat:
870 707 1105 761 cumque
1154 692 1364 748 videret
1405 691 1641 747 divisam
1689 688 2014 751 Ecclesiam,
2060 702 2186 742 cum

610 781 876 839 Juanuitae
914 799 1159 838 seorsum
1194 785 1336 854 apud
1363 800 1423 841 se
1447 785 1597 853 ipsos
1618 798 1775 840 saera
1812 780 2075 839 solemnia
2097 795 2188 834 ce-

612 874 903 940 lebrarent,
931 875 1119 942 jussit,
1144 887 1204 929 ut
1231 876 1284 929 in
1312 875 1654 931 orationibus
1672 872 1932 928 memoria
1960 869 2189 925 Joannis

609 964 922 1029 haberetur,
949 968 1094 1020 sicut
1123 968 1356 1020 aliorum
1386 964 1773 1020 dormientium
1805 963 2188 1032 episcOporum

610 1058 724 1111 lteri
756 1059 1061 1123 consuevit,
1110 1075 1206 1129 per
1253 1060 1357 1115 hoc
1399 1074 1650 1128 sperans,
1697 1057 1962 1126 plurimos
1988 1052 2055 1107 ad
2083 1050 2189 1106 Ec-

609 1148 828 1202 clesiam
878 1153 1143 1205 revocari.
1187 1168 1208 1202 ι
1249 1150 1519 1206 Caeterum
1573 1158 1765 1203 auctor
1799 1146 2052 1200 Historia:
2088 1143 2189 1196 tri-

606 1241 816 1307 partito:
850 1249 906 1294 et
942 1242 1030 1295 alii
1066 1243 1275 1312 antiqui
1331 1243 1625 1309 scriptores
1669 1239 1994 1309 pastoralem
2024 1234 2187 1289 Attici

608 1331 965 1401 vigilantiam,
990 1331 1284 1388 ferventem
1310 1335 1593 1389 catholica:
1625 1335 1745 1388 ﬁdei
1771 1334 1973 1396 zelum,
2006 1329 2189 1385 muni-

608 1419 767 1474 ficam
793 1437 919 1492 erga
963 1439 1230 1492 pauperes
1263 1424 1720 1487 misericordiam,
1760 1424 2010 1492 aliasque
2044 1420 2192 1475 illius

608 1510 839 1567 virtutes
872 1514 1081 1583 magnis
1121 1515 1374 1571 laudibus
1410 1518 1700 1582 extollunt,
1726 1526 1783 1570 ut
1813 1514 1984 1569 videri
2014 1519 2195 1584 potest

609 1604 663 1657 in
699 1602 872 1674 Opere
901 1616 1091 1660 nostro
1114 1608 1181 1661 ad
1214 1610 1355 1662 diem
1396 1625 1492 1664 vui
1529 1608 1799 1674 Januarii,
1843 1607 1934 1661 ubi
1969 1605 2191 1660 Bollan-

607 1695 711 1750 dus
731 1698 857 1753 Acta
893 1697 1064 1765 ipsius
1095 1698 1402 1753 illustravit.

678 1787 732 1841 5.
773 1784 883 1841 Nos
916 1802 1186 1843 memores
1225 1789 1491 1859 propositi
1529 1789 1727 1855 nostri,
1766 1804 1878 1859 quo
1898 1785 2188 1843 chronoloo

2292 593 2481 663 piavit,
2529 605 2583 651 et
2638 596 2859 666 scriptis
2918 596 3116 652 litteris
3173 607 3361 654 auctor
3415 610 3603 655 sancto
3659 600 3832 671 Cyrillo

2293 686 2664 745 Alexandrino
2697 687 2823 756 fuit,
2861 698 2921 744 ut
2958 688 3334 759 Chrysostomi
3365 705 3561 746 nomen
3595 692 3832 764 diptychis

2294 778 2634 839 inscriberet.
2677 800 2697 834 ι

2365 871 2420 925 5.
2478 870 2684 927 Deinde
2732 871 3025 929 Bollandus
3090 888 3319 928 numero
3350 882 3604 944 sequente
3647 875 3832 931 exhibet

2296 961 2598 1018 honorifica
2640 964 2890 1031 quaedam
2928 974 3171 1021 veterum
3208 967 3538 1036 scriptorum
3583 969 3647 1022 de
3675 968 3727 1021 8.
3754 969 3832 1022 At-

2296 1051 2403 1107 tico
2421 1054 2754 1121 testimonia,
2774 1072 2898 1126 quae
2913 1056 3062 1111 Actis
3083 1056 3202 1126 ejus
3226 1057 3597 1126 praetnittenda
3620 1058 3830 1124 censuit,

2302 1163 2321 1194 ι
2383 1161 2450 1199 ne
2496 1147 2774 1217 asperiore
2831 1149 3143 1217 aliquorum
3209 1150 3262 1202 in
3325 1159 3571 1204 sanctum
3628 1150 3831 1205 Atticum

2297 1234 2456 1304 stylo,
2494 1255 2513 1288 ι
2554 1237 2749 1306 inquit,
2784 1256 2802 1287 r
2833 1238 2951 1308 ejus
2985 1237 3236 1293 fortassis
3264 1239 3317 1292 in
3349 1239 3570 1294 dubium
3610 1242 3831 1297 sanctitas

2298 1335 2604 1380 revocetur.
2652 1346 2672 1378 ι
2701 1325 2905 1383 Praeter
2931 1329 3060 1395 alia,
3098 1344 3221 1400 qua:
3254 1328 3550 1385 Bollandus
3577 1346 3678 1385 non
3707 1331 3836 1393 vidit,

2300 1426 2395 1471 aut
2420 1417 2604 1473 videre
2645 1436 2752 1474 non
2784 1421 3064 1490 potuit,ad
3085 1422 3550 1494 comprobandam
3581 1423 3730 1493 hujus
3755 1424 3832 1478 At-

2300 1510 2390 1565 tici
2419 1510 2789 1580 sanctitatem,
2813 1514 3035 1585 allegari
3066 1524 3245 1586 potest
3281 1514 3641 1587 fragmentum
3665 1517 3832 1586 episto-

2299 1598 2365 1655 lae
2381 1620 2400 1652 r
2420 1601 2561 1656 beati
2589 1603 2752 1659 Attici
2773 1588 3366 1676 Constantinopolitani
3393 1607 3647 1677 episcOpi,
3674 1626 3692 1660 ι
3716 1608 3832 1677 quod

2300 1692 2355 1747 in
2386 1695 2622 1749 concilio
2639 1696 3073 1753 Chalcedonensi
3093 1699 3235 1768 apud
3260 1697 3601 1753 llarduinum
3626 1708 3833 1753 nostrum

2302 1793 2449 1840 temo
2491 1783 2535 1838 ll
2574 1784 2942 1842 Conciliorum
2978 1790 3087 1844 col.
3141 1788 3247 1844 654
3294 1789 3498 1844 citatur
3543 1790 3675 1843 inter
3715 1790 3833 1843 varii

607 1877 785 1949 gicam
813 1877 1198 1947 episcOporum
1230 1879 1966 1949 Constantinopolitauorum
1989 1879 2186 1932 seriem
2218 1868 2263 1923 Β
2296 1894 2315 1925 ι
2347 1876 2658 1930 testimonia
2700 1887 3014 1934 sanctorum
3039 1878 3285 1944 Patrum,
3311 1880 3406 1950 qui
3427 1890 3483 1935 et
3500 1881 3632 1935 duas
3650 1888 3834 1934 naturas

607 1968 877 2037 pra-cipue
909 1970 1192 2023 texendaui
1220 1972 1583 2040 suscepimus,
1622 1969 1844 2026 omissis
1867 1970 1990 2024 aliis
2023 1969 2187 2023 Attici

608 2059 798 2125 gestis,
837 2059 1116 2129 pergimus
1150 2060 1215 2114 ad
1257 2059 1377 2128 ejus
1424 2068 1679 2126 mortem,
1717 2076 1882 2130 quam
1931 2059 2187 2113 Socrates

604 2148 702 2208 lib.
726 2167 821 2215 vn,
853 2166 973 2221 cap.
1002 2151 1092 2218 25,
1123 2152 1195 2206 ita
1215 2152 1415 2206 refert:
1446 2171 1465 2203 ‹
1496 2151 1765 2207 Caeterum
1788 2153 2000 2207 Atticus
2023 2151 2184 2205 etiam

608 2253 822 2311 tempus
854 2244 1037 2298 obitus
1071 2243 1155 2299 sui
1198 2243 1511 2312 praescivit;
1546 2259 1673 2297 nam
1706 2258 1829 2297 cum
1863 2241 2039 2298 Nicaea
2070 2241 2186 2297 dis-

604 2349 860 2389 cessurus
909 2344 1075 2397 essel,
1129 2334 1394 2406 Calliopio
1436 2335 1582 2389 illius
1620 2336 1723 2389 loci
1759 2335 2081 2405 presbytero
2111 2334 2186 2387 ita

603 2427 741 2481 dixit
768 2447 779 2482 :
805 2426 975 2493 Cura,
1006 2439 1063 2482 ut
1113 2439 1240 2483 ante
1280 2440 1609 2484 autumnum
1648 2428 2184 2498 Constantinopolim

604 2518 813 2583 venias,
863 2519 906 2570 si
952 2535 1037 2573 nte
1096 2519 1272 2574 adhuc
1330 2520 1513 2572 vivum
1564 2519 1748 2573 videre
1797 2519 1974 2588 cupis.
2028 2519 2184 2585 Quod

601 2623 725 2663 cum
756 2610 1002 2673 dixisset,
1035 2627 1065 2665 a
1094 2611 1317 2665 veritate
1335 2626 1443 2664 non
1477 2612 1753 2664 aberravit
1775 2628 1788 2665 :
1810 2626 1956 2665 anno
1982 2610 2186 2679 quippe

602 2702 948 2770 episcopatus
994 2703 1077 2756 sui
1123 2705 1301 2772 primo
1341 2711 1394 2755 et
1433 2702 1715 2764 vicesimo.
1745 2702 1833 2756 die
1875 2710 2030 2756 sexto
2062 2701 2184 2756 ldus

601 2792 872 2857 Octobris,
892 2794 1025 2848 abiit
1044 2811 1073 2848 e
1094 2795 1223 2855 vita.
1239 2795 1530 2849 consulatu
1550 2793 1849 2850 Theodosii
1869 2794 2180 2860 undecimo,

601 2895 655 2939 et
683 2885 1041 2941 Valentiniani
1075 2888 1309 2943 Caesaris
1339 2888 1540 2956 primo.
1581 2907 1599 2939 ι
1639 2885 1764 2944 llaec
1789 2888 2054 2943 denotant
2078 2903 2180 2941 an-

603 2992 731 3030 num
764 2977 965 3033 Christi
994 2978 1121 3043 425,
1155 2987 1209 3033 et
1242 2979 1383 3033 diem
1414 2995 1449 3033 ιι
1485 2978 1761 3034 Octobris.
1812 2979 1897 3035 Ex
1940 2980 2026 3035 his
2058 2994 2182 3035 cor-

604 3066 717 3137 rige
762 3083 1001 3123 errorem
1052 3069 1501 3140 chronologicum
1562 3070 1919 3139 Papebrochii
1972 3073 2180 3135 nostri,

602 3160 696 3230 qui
730 3168 877 3213 tomo
908 3158 972 3213 Ill
997 3159 1166 3225 Junii,
1209 3177 1331 3233 pag.
1356 3162 1482 3226 507,
1511 3170 1744 3217 mortem
1781 3162 1840 3215 S.
1868 3163 2033 3219 Attici
2065 3165 2183 3220 obi-

604 3259 686 3304 ter
727 3265 873 3303 anno
928 3249 1033 3304 428
1080 3250 1448 3322 consignavit.
1504 3251 1659 3307 llaud
1711 3252 1875 3308 dubie
1928 3253 2183 3311 Socrates

602 3338 970 3408 computando
1011 3340 1333 3395 vicesimum
1391 3341 1628 3410 primum
1682 3343 2027 3413 episcopatus
2084 3360 2183 3398 an-

603 3447 757 3496 num,
797 3432 1163 3489 hallucinatus
1201 3442 1304 3497 est,
1337 3442 1432 3488 aut
1463 3450 1620 3489 error
1650 3435 1705 3488 in
1731 3436 1850 3505 ejus
1892 3452 2180 3492 numerum

604 3521 851 3591 irrepsit:
878 3539 1000 3576 cum
1020 3524 1164 3577 enim
1190 3523 1400 3579 Atticus
1417 3525 1606 3580 oritnis
1627 3527 1909 3580 mensibus
1934 3528 2182 3583 auni‘OG

604 3611 916 3664 cathedram
947 3612 1612 3683 Constantinopolilanam
1645 3616 1974 3684 ascenderit,
2002 3627 2061 3671 ut
2090 3635 2183 3674 su-

603 3716 701 3769 pra
749 3701 953 3757 dictum
999 3713 1103 3770 est,
1152 3705 1221 3758 ab
1273 3705 1493 3758 ineunte
1545 3720 1691 3759 anno
1748 3706 1852 3760 406
1896 3724 2066 3778 usque
2115 3711 2183 3777 ad

605 3805 845 3845 mensem
887 3792 1173 3848 Octobrem
1211 3796 1339 3847 anni
1368 3794 1474 3849 425
1524 3795 1768 3850 nonnisi
1806 3799 2181 3854 novemdecim

603 3883 732 3937 anni
777 3884 1118 3948 eﬂluxerant,
1151 3894 1206 3940 et
1239 3888 1452 3941 Atticus
1501 3896 1628 3942 ante
1661 3896 1889 3942 mortem
1939 3891 2180 3945 nondum

603 3977 923 4034 vicesimum
958 3979 1305 4047 episcopatus
1347 3994 1555 4033 annum
1606 3981 1944 4047 absolverat,
1999 3994 2051 4037 ut
2080 3982 2184 4038 Ba-

602 4069 812 4132 ronius,
851 4066 1072 4138 Pagins,
1103 4060 1303 4138 aliique
1337 4070 1439 4124 viri
1474 4070 1672 4124 eruditi
1704 4080 1831 4124 ante
1873 4087 1958 4125 me
1995 4073 2184 4127 obser-

602 4168 816 4214 varunt.
860 4157 1039 4225 Quare
1068 4160 1122 4213 in
1155 4161 1320 4214 variis
1356 4161 1649 4231 praesulum
1682 4160 2184 4232 Constantinopoli-

601 4258 854 4306 tauorutn
900 4252 1162 4323 catalogis
1206 4254 1347 4322 apud
1378 4252 1698 4310 Bandurum
1737 4264 1870 4309 tom.
1917 4255 2181 4323 llmperii

600 4342 885 4397 Orientalis
937 4360 967 4398 a
1030 4359 1152 4414 pag.
1198 4345 1299 4399 188
1340 4346 1536 4401 melius
1591 4346 1782 4415 viginti
1829 4348 1959 4401 anni
2003 4348 2182 4402 Attico

600 4437 831 4491 rotunde
853 4437 1186 4491 tribuuntur.

2291 1963 2346 2017 in
2379 1962 2600 2021 Christo
2635 1967 2875 2024 confessi
2911 1979 3059 2036 sunt,
3090 1980 3147 2025 et
3170 1972 3685 2027 consubstantialem
3715 1970 3833 2025 Patri

2290 2054 2459 2110 Deum
2486 2056 2744 2125 Verbum,
2788 2062 2952 2115 etiam
3002 2063 3160 2117 nobis
3212 2064 3516 2118 secundum
3559 2078 3759 2118 carnem
3786 2078 3834 2116 ex

2288 2145 2456 2203 Maria
2504 2151 3029 2225 consubstantialem
3062 2152 3288 2219 factum,
3322 2155 3593 2209 veraciter
3625 2169 3845 2209 asserue-

2288 2248 2436 2306 runt,
2477 2261 2496 2293 ι
2529 2252 2586 2296 ιιι
2625 2242 2823 2297 ibidem
2865 2244 2971 2300 col.
3004 2242 3103 2299 65l
3150 2245 3365 2315 legitur.
3402 2244 3499 2302 llis
3549 2248 3682 2302 adde
3720 2246 3834 2301 auti.

2288 2347 2395 2401 qua
2455 2331 2514 2386 8.
2546 2331 2776 2387 Dahnati
2823 2333 2979 2399 Acta,
3017 2352 3139 2405 qua:
3178 2336 3245 2390 ad
3288 2336 3432 2391 diem
3465 2353 3523 2392 Ill
3552 2337 3762 2407 Augusti
3787 2336 3833 2391 il-

2291 2426 2572 2479 lustranda
2636 2434 2803 2492 sunt,
2860 2434 2914 2482 ct
2970 2430 3024 2481 in
3063 2429 3263 2498 quibus
3329 2430 3477 2499 apud
3553 2430 3834 2484 Auseliuum

2289 2516 2603 2571 Bandurum
2657 2528 2807 2572 tomo
2859 2517 2902 2571 ll
2959 2518 3178 2589 Imperii
3242 2520 3538 2577 Orientalis
3591 2538 3706 2593 pag.
3755 2521 3835 2574 699

2287 2609 2490 2679 priesul
2581 2609 2671 2666 ille
2729 2610 3367 2682 Coustautinopolilanus
3434 2615 3623 2669 merito
3691 2612 3835 2669 sancti

2288 2701 2445 2754 titulo
2491 2701 2564 2754 ita
2599 2700 2908 2756 decoratur:
2940 2723 2958 2754 ε
2989 2703 3094 2758 Nec
3126 2704 3215 2758 diu
3253 2714 3441 2773 postea
3477 2706 3607 2760 obiit
3648 2714 3835 2761 sanctus

2285 2791 2572 2860 episcopus
2604 2791 2839 2858 Atticus,
2885 2795 2937 2851 in
2979 2793 3138 2863 cujus
3178 2794 3358 2849 locum
3413 2796 3681 2852 Sisinnius
3702 2794 3835 2850 suile-

2286 2887 2408 2935 ctus
2438 2891 2540 2947 est,
2572 2882 2655 2935 vir
2684 2883 2807 2951 pius
2841 2899 2904 2939 ac
2927 2884 3241 2955 religiosus.
3283 2904 3303 2939 ι

2356 2972 2410 3027 6.
2453 2971 2834 3031 Tillemontius
2877 2985 3029 3031 temo
3080 2974 3173 3029 XII
3233 2975 3566 3032 Monument.
3617 2976 3780 3031 eccles.
3813 2990 3833 3028 a

2288 3076 2411 3131 pag.
2444 3061 2550 3115 416
2581 3063 2731 3118 hisee
2756 3066 3018 3120 omnibus
3043 3082 3154 3120 nen
3182 3068 3514 3137 acquiescit;
3543 3068 3634 3125 sed
3658 3076 3834 3129 contra.

2288 3153 2455 3207 citato
2492 3155 2560 3208 ad
2599 3155 2901 3225 marginem
2934 3156 3220 3226 Bollando,
3254 3159 3463 3216 fatuam
3506 3161 3665 3216 Attici
3699 3159 3834 3214 libere

2290 3243 2635 3312 proscindit,
2683 3254 2738 3299 et
2787 3248 3044 3303 audacter
3092 3253 3433 3320 pronuntiat,
3500 3255 3639 3308 nulla
3691 3255 3833 3322 ipsum

2289 3334 2625 3401 ptenitentia:
2658 3336 2812 3406 signa
2851 3354 3088 3409 unquam
3127 3340 3365 3408 dedisse,
3396 3352 3449 3397 et
3481 3344 3609 3397 nihil
3649 3343 3833 3406 fecisse,

2292 3432 2351 3477 ut
2391 3424 2734 3495 illegitimam
2784 3445 2939 3484 suam
2981 3432 3384 3489 ordinationem
3426 3446 3708 3504 repararet.
3750 3435 3832 3486 luto

2290 3515 2448 3584 plane
2472 3516 2771 3575 laudabiles
2803 3519 2860 3575 8.
2891 3521 3054 3578 Attici
3095 3525 3362 3589 actiones,
3410 3537 3538 3597 puta
3565 3530 3832 3580 ttiiser;cor-

2290 3607 2434 3661 diem
2484 3624 2613 3678 erga
2660 3628 2946 3682 pauperes,
2998 3616 3051 3669 in
3092 3617 3418 3672 deteriorem
3464 3632 3664 3689 partem
3701 3621 3832 3672 inter.

2291 3709 2557 3769 pretatur,
2579 3713 2631 3756 et
2655 3714 2777 3773 post
2802 3706 3022 3775 explosa
3054 3716 3146 3761 aut
3175 3709 3413 3779 maligne
3436 3728 3498 3764 ex
3508 3712 3693 3780 plicata
3718 3710 3832 3763 illius

2289 3794 2462 3863 elogia
2493 3794 2712 3850 tandem
2767 3811 2889 3866 pag.
2923 3798 3029 3853 419
3070 3800 3371 3866 concludit,
3418 3802 3560 3856 haud
3601 3802 3833 3856 immerito

2293 3885 2590 3940 timendum
2624 3902 2765 3951 esse,
2816 3904 2884 3943 ne
2934 3890 3265 3945 desiderium
3317 3907 3442 3948 sese
3485 3894 3754 3948 extollendi
3785 3905 3837 3944 ac

2291 3975 2345 4030 in
2372 3976 2509 4032 alios
2540 3978 2854 4032 dominandi
2897 3977 2916 4048 (
2944 3980 3060 4034 sive
3094 3997 3188 4051 per
3218 3984 3600 4040 auctoritatem
3642 3985 3831 4038 benevo-

2289 4068 2643 4141 lentiamque,
2672 4073 2786 4128 sive
2808 4073 2999 4128 saltem
3026 4091 3118 4145 per
3135 4087 3398 4134 terrorem
3432 4081 3482 4135 id
3516 4091 3690 4150 posset
3720 4093 3832 4133 assc-

2290 4162 2404 4232 qui)
2441 4163 2493 4216 iu
2529 4164 2705 4218 Attico
2735 4163 2902 4220 fuerit
2927 4168 3198 4237 praecipua
3230 4171 3399 4225 animi
3428 4172 3726 4241 propensio,
3755 4176 3833 4222 aut

2296 4272 2314 4305 r
2363 4256 2636 4325 cupiditas
2670 4257 2852 4311 cordis
2895 4259 3016 4328 ejus
3045 4260 3402 4328 dominatrix,
3442 4283 3462 4315 ι
3506 4275 3563 4319 ιιι
3603 4263 3830 4319 Gallicam

2291 4341 2623 4399 Tilletnontii
2648 4347 2891 4415 phrasitn
2926 4350 3138 4405 lidelius
3176 4349 3366 4407 Latine
3393 4356 3715 4423 exprimam.

2363 4435 2412 4491 7.
2455 4436 2572 4492 Non
2605 4439 2781 4505 video,
2830 4457 2939 4510 quo
2973 4442 3099 4512 jure
3130 4444 3513 4504 Tillemontius
3544 4449 3608 4503 de
3641 4443 3831 4501 internis

669 4525 723 4579 4.
761 4524 1057 4580 Bollandus
1091 4534 1280 4580 noster
1308 4526 1559 4597 religioni
1593 4526 1698 4581 sibi
1725 4527 1902 4593 duxit,
1931 4529 2174 4585 Atticum
2217 4556 2261 4610 Β
2293 4528 2349 4583 8.
2395 4531 2558 4585 Attici
2603 4533 2991 4589 affectionibus
3025 4536 3134 4592 tale
3175 4539 3362 4593 tulerit
3391 4539 3678 4609 judicium,
3712 4534 3830 4606 quod

600 4617 1261 4687 Constantinopolitanum
1328 4620 1685 4690 episcopum,
1752 4622 1913 4692 cujus
1980 4641 2179 4680 nomen

599 4708 927 4778 quibusdam
997 4708 1313 4763 Graecorum
1369 4708 1805 4781 Latinorumque
1857 4712 2180 4784 Menologiis

599 4798 922 4867 inscriptum
973 4800 1196 4868 legerat,
1256 4817 1324 4857 ex
1377 4802 1802 4858 immemorabili
1844 4807 2048 4862 cultus
2093 4811 2178 4862 sui

599 4888 948 4955 possessione
980 4889 1293 4945 deturbare.
1340 4890 1479 4947 lluc
1506 4894 1572 4947 ad
1605 4893 1748 4947 diem
1796 4911 1892 4948 vm
1928 4895 2177 4953 Januarii

599 4978 731 5031 Acta
773 4978 918 5034 illius
957 4994 1024 5034 ex
1059 4981 1226 5035 variis
1266 4982 1507 5052 antiquis
1549 4984 1915 5052 scriptoribus
1952 5002 2180 5057 operose

597 5068 835 5139 colligit,
882 5078 936 5124 et
983 5069 1453 5126 Commentariun)
1496 5090 1658 5130 suum
1718 5077 1792 5131 ita
1850 5078 2174 5135 inchoavit:

603 5177 623 5211 ι
654 5160 806 5216 Multi
851 5171 1101 5217 sanctqu
1140 5162 1599 5234 Chrysostomum
1629 5168 1742 5222 acri
1776 5169 1961 5224 studio
1995 5172 2178 5240 impu-

598 5265 855 5323 gnarunt,
899 5257 994 5326 qui
1030 5266 1210 5311 tamen
1240 5274 1485 5313 errorem
1522 5260 1720 5315 deinde
1747 5278 1908 5316 suum
1942 5279 2179 5334 agnove-

599 5357 743 5412 runt,
774 5357 939 5419 atque
982 5350 1134 5405 omni
1177 5352 1490 5407 sanctitatis
1538 5353 1698 5408 laude
1741 5355 2066 5411 floruerunt.
2120 5358 2176 5412 In

599 5438 684 5493 his
717 5436 773 5492 S.
800 5435 1013 5496 Atticus
1044 5441 1333 5511 episcopus
1369 5443 2017 5515 Constantinopolitanus
2052 5448 2175 5512 fuit,

599 5531 689 5600 qui
747 5534 863 5587 zelo
922 5535 1284 5591 immoderato
1343 5547 1397 5592 et
1450 5554 1797 5610 nequaquam
1872 5542 2175 5598 secundum

599 5622 881 5678 scientiam
936 5628 1233 5696 abreptus,
1286 5644 1393 5683 non
1444 5631 1767 5687 adversatus
1818 5641 2031 5690 tantum
2093 5644 2179 5690 est

600 5719 790 5798 sancto
826 5711 1238 5785 Chrysostomo,
1290 5721 1382 5776 sed
1433 5733 1555 5791 post
1599 5724 1885 5780 Arsaciutn
1940 5733 1992 5781 in
2032 5729 2173 5798 ejus,

601 5796 897 5856 etiamnum
931 5811 1261 5876 superstitis,
1304 5812 1621 5870 cathedram
1668 5820 1933 5873 successit
1974 5839 1985 5874 :
2029 5796 2176 5892 quod

2286 4621 2387 4675 soli
2425 4621 2534 4675 Deo
2560 4625 2834 4691 convenit,
2867 4627 3126 4697 quodque
3157 4644 3412 4699 supremo
3436 4634 3678 4687 cordium
3702 4643 3829 4683 scru-

2284 4715 2445 4767 tatori
2492 4716 2817 4784 prudentius
2857 4720 3188 4788 reliquisset.
3224 4721 3358 4778 Nolo
3392 4724 3484 4778 hic
3520 4719 3829 4779 Tallemontio

2283 4803 2519 4873 objiccre
2546 4807 2821 4875 vulgarem
2858 4808 3000 4878 juris
3029 4811 3298 4879 regulam,
3340 4830 3446 4883 qua
3488 4816 3669 4883 tandiu
3698 4813 3827 4883 quis-

2283 4898 2427 4964 piam
2471 4899 2820 4966 pra’sumitur
2864 4901 3069 4965 bonus.
3122 4904 3296 4960 donec
3346 4907 3607 4975 probetur
3658 4906 3826 4960 malus.

2282 4989 2419 5044 Nolo
2446 4991 2549 5060 ipsi
2578 5007 2854 5062 opponere
2901 4997 3243 5052 notissimam
3276 5000 3603 5055 Christiana:
3623 4996 3828 5057 charita-

2283 5082 2352 5136 tis
2381 5082 2572 5153 legem,
2613 5100 2723 5155 qua
2754 5085 3016 5154 jubemur
3052 5090 3299 5145 actiones
3345 5092 3577 5161 proximi
3626 5091 3826 5156 benigne

2281 5174 2573 5243 explicare,
2622 5178 2865 5246 quandiu
2896 5180 3202 5236 manifesta:
3234 5183 3455 5237 malitia:
3492 5200 3597 5236 non
3630 5179 3823 5236 convin-

2281 5278 2500 5324 cuntur.
2539 5268 2675 5323 Nolo
2704 5271 2940 5340 denique
2970 5274 3056 5329 hic
3109 5276 3353 5343 proferre
3398 5278 3575 5332 varias
3601 5276 3657 5329 8.
3686 5267 3822 5328 Attici

2281 5362 2528 5425 virtutes,
2553 5377 2675 5429 qua:
2696 5362 2749 5416 iu
2773 5364 2925 5418 Actis
2956 5365 3077 5434 ejus
3097 5367 3165 5421 ad
3192 5366 3335 5422 diem
3365 5380 3460 5421 viti
3501 5366 3733 5423 Januarii
3756 5363 3822 5416 inv

2281 5452 2453 5506 veniri
2496 5461 2746 5521 possunt.
2792 5452 2907 5508 Hoc
2952 5456 3113 5511 unice
3159 5459 3460 5523 contendo,
3502 5458 3727 5513 Atticum
3776 5452 3819 5505 in

2282 5542 2639 5598 immoderato
2677 5560 2777 5599 suo
2812 5557 3001 5600 contra
3047 5548 3104 5603 S.
3137 5549 3584 5619 Chrysostomum
3616 5549 3727 5605 zelo
3750 5553 3821 5596 διο

2280 5647 2386 5701 que
2417 5633 2470 5686 in
2500 5634 2780 5705 illegitima
2815 5639 3167 5708 episcopatus
3202 5642 3551 5712 possessione
3579 5654 3741 5710 usque
3763 5630 3819 5690 ad

2280 5738 2510 5783 mortem
2547 5745 2655 5784 non
2704 5744 3099 5800 perseverasse.
3144 5733 3196 5789 Id
3238 5744 3414 5789 autem
3439 5734 3715 5790 ostendere
3740 5740 3815 5781 co-

2282 5823 2454 5880 nabor
2481 5822 2682 5894 duplici
2708 5833 3051 5894 argumento,
3080 5841 3314 5905 quorum
3344 5840 3512 5881 unum
3537 5825 3639 5880 erit
3664 5838 3692 5877 a
3719 5832 3817 5890 p09-
