4028 6330
164 383 256 443 CH

164 600 423 661 quuntur.
451 588 606 644 Nunc
637 604 751 644 rem
787 589 959 659 ipsam
990 589 1301 660 aggredior.

231 680 289 734 8.
346 677 721 734 Theodoretus
776 680 878 737 lib.
947 695 980 733 v
1037 679 1179 733 Hist.
1224 679 1434 744 eccles.,
1489 693 1609 749 cap.
1646 679 1739 744 55,

165 770 399 842 primum
438 771 711 838 Opinionis
751 782 949 827 nostrae
974 769 1387 826 fundamentum
1430 771 1501 826 ita
1539 770 1690 841 ponit
1725 789 1741 826 :

170 881 191 914 ‹
230 860 337 916 Sed
365 869 420 916 et
438 861 695 917 defuncto
724 862 875 917 orbis
903 871 1171 916 terrarum
1195 862 1477 932 magistro,
1503 861 1743 931 episcopi

168 947 547 1006 Occidentales
568 966 673 1005 non
697 952 849 1020 prius
871 952 1250 1021 episcoporum
1274 950 1514 1023 Egypti,
1549 951 1744 1006 Orien-

166 1040 363 1109 tisque,
398 1050 453 1094 et
483 1038 750 1109 Bosphori
780 1055 844 1095 ac
877 1040 1122 1096 Thracia:
1157 1042 1600 1098 communionem
1648 1040 1744 1099 ad-

167 1132 384 1195 misere,
427 1146 599 1200 quam
639 1131 809 1186 divini
845 1132 944 1185 viri
979 1151 997 1182 ι
1058 1136 1276 1202 (nempe
1317 1133 1490 1187 sancti
1521 1129 1746 1190 Joannis

166 1221 574 1292 Chrysostomi)
626 1239 645 1273 ι
702 1237 902 1287 nomen
951 1222 1092 1277 inter
1131 1222 1421 1279 defunctos
1458 1223 1746 1292 episcopos

166 1313 498 1367 retulissent.
531 1311 596 1366 Et
633 1312 914 1369 Arsaeium
960 1314 1205 1383 quidem.
1237 1316 1328 1384 qui
1372 1315 1422 1369 ei
1478 1314 1743 1371 suffectus

166 1401 366 1465 fuerat,
392 1416 493 1456 nec
533 1403 862 1457 salutatione
894 1403 1099 1474 dignati
1140 1411 1307 1457 sunt:
1343 1403 1581 1457 Atticum
1617 1420 1748 1459 vero

165 1494 379 1548 Arsacii
408 1509 783 1550 successorem
821 1506 942 1566 post
976 1497 1177 1551 multas
1197 1495 1492 1566 legationes
1512 1506 1567 1551 et
1598 1497 1748 1566 pacis

163 1585 483 1655 petitiones,
522 1586 739 1641 tandem
782 1598 1126 1657 receperunt,
1161 1602 1285 1642 cum
1316 1587 1519 1643 tabulis
1548 1602 1747 1642 nomen

164 1676 556 1745 inscripsisset.
609 1693 628 1727 ι
669 1677 931 1742 Audisnc,
961 1677 1048 1732 hic
1073 1695 1092 1729 ι
1132 1677 1332 1732 multas
1371 1677 1663 1745 legationes
1696 1685 1750 1730 et

162 1767 319 1833 pacis
349 1766 637 1833 petitiones
674 1784 693 1815 ι
738 1766 1195 1821 commemorari?
1229 1766 1344 1832 Qua
1385 1766 1548 1833 igitur
1571 1765 1750 1819 fronte

1645 379 1946 437 NOTITIA.

166 496 370 563 teriori,
404 505 459 552 et
476 495 624 552 aliud
659 495 727 552 ad
754 495 1052 564 hominem,
1081 505 1140 551 ut
1162 494 1216 551 in
1244 495 1449 552 scholis
1477 495 1636 567 vulgo
1656 496 1736 551 lo-
1764 500 1811 557 Α

3321 392 3424 448 649

1912 495 2000 550 lt).
2049 516 2067 550 ‹
2117 496 2511 567 Exspectamus
2544 513 2674 568 ergo
2702 506 2756 554 et
2782 496 3180 568 professionem
3220 516 3421 556 meme.

1844 587 1952 642 rati
1995 588 2062 644 de
2089 590 2375 660 completis
2413 591 2670 646 omnibus
2708 590 3135 657 conditionibus,
3171 607 3311 662 quas
3339 592 3428 647 di-

1843 679 2019 735 versis
2044 681 2380 751 temporibus
2410 668 2765 751 praediximus
2788 722 2805 747 ,
2837 691 2891 737 et
2927 683 3244 752 petitionem
3278 700 3427 740 com-

1843 770 2146 832 munionis.
2167 781 2225 827 ut
2243 781 2393 828 recte
2407 783 2460 827 et
2485 773 2717 843 petenti.
2736 782 2789 827 et
2814 773 3071 843 probanti
3094 789 3153 829 se
3181 776 3427 831 eamdem

1846 861 2068 927 mereri,
2111 860 2426 916 reddamus.
2466 879 2485 912 ι
2521 861 2668 928 Quas
2713 877 2843 916 vero
2889 862 3231 920 conditiones
3261 866 3428 920 Inno-

1845 950 2055 1004 centius
2099 950 2454 1020 requisiverit
2480 993 2493 1015 ,
2529 961 2584 1006 et
2630 952 2908 1021 quomodo
2955 969 3049 1011 eas
3093 957 3428 1012 exsecutioni

1845 1041 2095 1096 mandari
2138 1042 2409 1110 voluerit,
2454 1043 2573 1113 ipse
2617 1045 2752 1099 satis
2787 1045 3029 1100 declarat
3071 1045 3126 1099 in
3177 1048 3429 1117 epistola,

1845 1148 2008 1201 quam
2030 1133 2083 1188 in
2109 1135 2298 1190 eadem
2330 1150 2495 1190 causa
2511 1135 2653 1189 dedit
2680 1135 2747 1189 ad
2772 1135 3033 1191 Acacium
3062 1137 3265 1194 Berteze
3315 1141 3429 1209 epi-

1848 1240 2096 1295 scopum,
2146 1227 2238 1282 ubi
2289 1228 2430 1296 apud
2477 1226 2774 1289 Lahbeum,
2802 1235 2950 1281 torno
2979 1229 3222 1297 proxime
3263 1232 3430 1287 citato

1850 1317 1953 1373 col.
1988 1316 2148 1383 l270,
2178 1327 2299 1387 post
2326 1318 2433 1373 alia
2469 1319 2548 1373 sic
2571 1319 2800 1374 scribit:
2838 1339 2855 1370 ε
2892 1318 3045 1375 Unde
3076 1322 3172 1377 has
3197 1323 3260 1377 ad
3292 1340 3430 1394 prae-

1852 1408 2249 1463 stantissimum
2319 1409 2543 1464 fratrem
2606 1419 2661 1465 et
2721 1411 3108 1482 coepiscopum
3179 1426 3428 1471 nostrum

1849 1497 2219 1553 Alexandrum
2276 1501 2578 1556 reddendas
2617 1509 2723 1556 tute
2770 1502 3172 1558 transmisimus
3238 1507 3431 1560 unani-

1849 1589 2060 1657 mitati;
2108 1591 2364 1647 videlicet
2403 1600 2482 1659 ut,
2540 1592 2584 1648 si
2634 1609 2827 1649 omnes
2881 1594 3201 1660 inimicitias,
3252 1600 3447 1653 omnis

1849 1678 2150 1743 mmulatio,
2186 1692 2292 1734 tam
2334 1681 2400 1735 de
2443 1682 2663 1737 nomine
2714 1683 2888 1738 sancti
2927 1682 3156 1741 Joannis
3200 1686 3430 1740 mirandi

1851 1769 2111 1840 episcopi,
2139 1787 2301 1842 quam
2349 1773 2416 1829 de
2453 1775 2709 1830 onmibus
2739 1775 2982 1844 ejusdem
3027 1779 3432 1835 communionis

164 1855 551 1910 Tillemoutius
574 1872 823 1912 asserere
848 1858 1045 1927 potuit,
1070 1857 1308 1912 Atticum
1338 1857 1473 1911 nihil
1504 1872 1742 1927 unquam
1776 1849 1817 1904 Β
1848 1862 2221 1931 participibus,
2247 1878 2277 1918 a
2302 1872 2393 1918 tua
2424 1865 2773 1921 animositate
2803 1867 3079 1933 discessit,
3112 1868 3210 1924 has
3234 1878 3434 1925 nostrae

164 1950 386 2015 fecisse,
418 1960 476 2005 ut
509 1952 840 2021 illegitimam
888 1966 1044 2007 suam
1082 1952 1484 2006 ordinationem
1517 1967 1745 2021 repara-

164 2041 294 2096 ret?
326 2042 406 2093 An
440 2042 571 2094 nihil
597 2040 790 2096 iecisse
827 2041 1091 2096 dicendus
1124 2051 1228 2106 est,
1260 2041 1354 2111 qui
1386 2056 1527 2112 saepe
1554 2056 1742 2110 pacem

166 2136 305 2202 petit
341 2134 406 2187 ab
433 2134 558 2195 illis,
584 2148 721 2201 quos
768 2133 955 2201 iniqua
986 2135 1331 2204 episc0patus
1357 2133 1745 2187 Constantino-

167 2224 400 2292 politani
435 2225 789 2293 occupatione
809 2223 1127 2286 oll‘enderat,
1159 2234 1212 2278 et
1239 2224 1438 2278 multas
1468 2223 1632 2276 mittit
1658 2223 1738 2275 le»

165 2317 441 2384 gationes,
475 2315 806 2370 utEcclesize
839 2315 1100 2370 Romana:
1135 2316 1553 2370 reconcilietur?
1581 2314 1747 2384 Equi-

166 2406 295 2459 dem
343 2404 572 2469 fatebor,
611 2414 851 2474 tempore
890 2404 1190 2459 inuocentii
1226 2403 1245 2456 ι
1277 2405 1547 2474 pontificis
1579 2403 1748 2458 inuti-

166 2498 278 2551 lem
329 2496 498 2550 fuisse
537 2494 852 2549 Maximiani
890 2496 1129 2563 episcOpi
1170 2494 1614 2549 intercessionem
1651 2492 1751 2563 pro

166 2588 375 2647 Attico,
424 2587 551 2654 quia
595 2586 902 2654 propositas
942 2585 1009 2638 ab
1053 2583 1368 2640 Innocentio
1411 2584 1751 2640 conditiones

168 2678 421 2732 ualidum
453 2677 790 2747 impleverat.
832 2676 901 2731 At
940 2691 1007 2730 ex
1057 2678 1161 2730 hoc
1193 2677 1311 2745 ipso
1350 2677 1565 2747 colligo,
1601 2686 1752 2746 post-

168 2758 619 2825 modumiomnia
665 2769 775 2835 illa,
822 2783 944 2836 qua:
985 2766 1330 2822 Innocentius
1370 2776 1642 2839 exegerat,
1684 2767 1753 2822 ab

167 2863 357 2916 Attico
383 2861 555 2915 fuisse
594 2859 757 2925 facta,
785 2868 1077 2927 antequam
1096 2859 1148 2912 in
1181 2860 1623 2915 communionem
1641 2859 1752 2915 Ro-

167 2970 354 3008 manas
376 2952 633 3007 Ecclesia:
656 2952 728 3005 sit
754 2962 1021 3020 receptus.

244 3048 299 3102 9.
335 3045 547 3101 Juverit
575 3045 642 3099 de
666 3047 767 3100 hac
794 3061 851 3099 re
880 3045 1065 3098 audire
1091 3044 1376 3113 epistolam
1402 3044 1572 3114 ipsius
1597 3043 1756 3099 Inno-

166 3137 341 3193 centii
370 3136 437 3190 ad
459 3135 867 3201 Maximianum,
906 3152 1027 3206 qua:
1062 3138 1202 3205 apud
1229 3134 1505 3191 Lahbeum
1536 3146 1683 3191 tomo
1709 3136 1753 3191 ll

168 3228 549 3286 Conciliurum
582 3227 689 3282 col.
717 3228 857 3282 1266
885 3237 938 3282 et
971 3236 1230 3297 sequente
1256 3228 1337 3283 sic
1360 3237 1520 3283 sonat
1552 3245 1567 3281 :
1612 3245 1631 3280 ι
1665 3227 1763 3282 Mi.

170 3337 395 3385 rantur,
425 3320 768 3389 prudentiam
811 3328 955 3373 tuam
989 3318 1190 3389 scripta
1231 3319 1296 3373 ad
1339 3318 1604 3382 Atticum,
1645 3319 1763 3389 epi-

165 3431 407 3483 senpum
432 3413 1051 3483 Constantinopolitanae
1088 3415 1260 3479 urbis,
1300 3430 1328 3468 a
1368 3414 1525 3470 nobis
1549 3424 1602 3469 et
1637 3429 1762 3483 pro-

167 3506 464 3563 secutionc
488 3506 703 3575 propria
727 3514 783 3559 et
807 3507 934 3560 dato
964 3506 1168 3566 libello.
1186 3505 1278 3576 qui
1304 3507 1492 3561 subter
1517 3522 1765 3561 annexus

170 3607 292 3661 est,
326 3597 626 3665 postulare,
658 3612 687 3650 a
718 3612 827 3667 quo
856 3611 955 3650 nec
990 3597 1189 3651 missas
1224 3596 1364 3652 ullas
1407 3597 1597 3652 saltem
1650 3598 1767 3667 cpi-

169 3692 354 3744 stOPas
384 3689 452 3743 ad
503 3704 605 3743 nos
628 3689 711 3742 vel
759 3690 824 3743 ad
851 3693 1083 3744 vestram
1115 3690 1379 3761 synodum
1417 3690 1605 3757 utique
1640 3705 1766 3759 pcr-

170 3785 397 3841 tutistt;
449 3778 611 3849 idque
652 3794 758 3832 non
806 3779 1004 3847 petenti
1057 3778 1403 3831 tribuendum
1452 3776 1764 3843 existimes,

169 3870 331 3940 quod
370 3872 521 3925 vides
551 3870 973 3938 deprecantibus
998 3870 1244 3923 discussa
1276 3871 1504 3933 ratione,
1537 3883 1766 3923 conces-

171 3978 304 4019 Sttm
330 3977 347 4026 ;
376 3962 695 4016 communio
724 3960 869 4013 enim
900 3974 1170 4026 suspensa
1204 3958 1512 4012 restituitur
1540 3960 1735 4011 demou
1754 3986 1768 3997 -

172 4052 402 4116 stranti,
443 4065 661 4117 causas,
707 4051 907 4120 quibus
940 4051 991 4103 id
1022 4051 1318 4114 acciderat,
1357 4051 1469 4118 jam
1506 4064 1628 4104 esse
1674 4049 1768 4104 de-

170 4155 399 4207 tersas,
457 4151 511 4197 et
556 4143 829 4213 profitenti
886 4143 1228 4197 conditiones
1286 4142 1437 4211 pacis
1497 4141 1766 4210 impletas.

173 4236 343 4303 Quod
389 4250 566 4303 neque
607 4235 749 4304 apud
789 4251 907 4299 vos,
950 4251 1127 4305 neque
1171 4235 1311 4303 apud
1356 4248 1456 4288 nos
1499 4234 1581 4304 (ut
1625 4248 1766 4298 pra:-

173 4327 322 4395 dixi)
365 4325 601 4386 Atticus,
648 4324 830 4379 missis
868 4326 1142 4394 aliquibus
1183 4340 1432 4390 suorum,
1466 4325 1547 4378 vel
1590 4324 1772 4379 dicere

172 4419 363 4472 voluit
388 4417 472 4470 vel
504 4418 881 4472 demonstrare
913 4418 1266 4486 completum,
1304 4416 1769 4486 quemadmodum

1852 1952 2127 2009 societatis
2192 1955 2425 2025 recipias
2493 1956 2703 2011 litteras
2740 1997 2755 2023 ,
2819 1956 2986 2012 frater
3048 1959 3375 2015 charissime
3415 2001 3432 2022 .

1850 2045 2036 2111 modo,
2070 2057 2129 2100 ut
2152 2047 2334 2101 omnia
2381 2064 2501 2118 quae
2538 2048 2663 2119 hisl
2709 2050 2780 2104 al.
2820 2049 2903 2104 hic
2934 2052 3015 2105 vel
3044 2050 3108 2105 de
3141 2052 3221 2107 liis
3252 2050 3437 2123 ]actis

1854 2140 2071 2194 firmata
2111 2149 2260 2205 sunt,
2285 2141 2428 2210 apud
2459 2142 2814 2197 mediatorem
2862 2150 3110 2197 nostrum
3144 2145 3434 2200 amabilem

1854 2225 2195 2281 Alexandrum
2224 2245 2317 2283 ore
2340 2230 2558 2298 proprio
2577 2270 2591 2295 ,
2618 2241 2677 2285 ut
2712 2233 3205 2288 communicantem
3240 2250 3437 2290 conve-

1855 2317 1970 2383 nit,
2004 2315 2252 2371 fatearis.
2306 2336 2324 2368 ι
2358 2317 2435 2371 Ex
2468 2319 2554 2373 his
2596 2318 2894 2374 Innocentii
2928 2321 3123 2376 litteris
3146 2322 3323 2377 infero
3352 2338 3438 2378 se—

1855 2407 2075 2472 quentia
2108 2423 2121 2459 :
2156 2408 2353 2476 primo,
2388 2409 2626 2463 Atticum
2659 2411 2889 2464 necdum
2926 2412 3225 2481 quidquam
3284 2413 3439 2469 fecis-

1857 2512 1916 2553 se
1952 2512 2098 2552 anno
2129 2498 2255 2562 M5,
2293 2514 2402 2568 quo
2429 2499 2644 2554 videtur
2686 2500 2853 2555 fuisse
2898 2501 3097 2570 scripta
3142 2500 3291 2571 prior
3320 2502 3436 2570 epi-

1857 2587 2020 2653 stola,
2041 2596 2101 2642 ut
2121 2589 2559 2643 communionem
2579 2590 2830 2645 Ecclesia'
2856 2589 3114 2646 Romame
3132 2593 3437 2659 obtineret;

1859 2677 2132 2743 secundo,
2174 2678 2375 2732 nullam
2413 2679 2579 2749 hujus
2617 2682 3022 2736 communionis
3066 2699 3217 2752 spem
3259 2684 3439 2739 Attico

1858 2769 2108 2823 relictam
2141 2766 2333 2833 fuisse,
2365 2769 2470 2824 nisi
2506 2772 2817 2840 propositas
2861 2772 2928 2825 ab
2961 2771 3276 2827 lunoccntio
3307 2788 3437 2827 con-

1860 2861 2097 2915 ditiones
2149 2861 2433 2932 impleret;
2470 2862 2653 2925 tertio,
2686 2860 3055 2916 innocentium
3089 2864 3157 2918 ab
3188 2867 3442 2918 adversa-

1863 2953 1963 3009 riis
1985 2952 2360 3026 Chrysostomi
2392 2968 2497 3006 non
2522 2953 2827 3021 postulasse
2857 2954 3140 3019 duntaxat,
3160 2967 3217 3008 ttt
3247 2971 3440 3009 nomen

1863 3043 2038 3100 sancti
2058 3045 2217 3099 istius
2235 3043 2483 3113 praésulis
2513 3044 2685 3098 sacris
2716 3044 2914 3098 tabulis
2947 3044 3323 3111 inscriberent,
3349 3046 3441 3099 sed

1863 3135 2024 3189 etiam
2059 3144 2248 3190 contra
2292 3135 2414 3204 ejus
2448 3133 2690 3190 fautores
2743 3149 2958 3189 omnem
2996 3136 3336 3190 inimicitiam
3375 3151 3440 3189 ac

1864 3225 2267 3280 aemulationem
2302 3225 2655 3295 deponerent,
2692 3233 2856 3293 atque
2886 3225 3001 3279 haec
3029 3226 3169 3293 apud
3204 3226 3444 3280 Alexan-

1866 3315 2051 3380 drum,
2087 3323 2180 3369 aut
2206 3314 2372 3368 alium
2399 3330 2427 3367 a
2462 3314 2718 3384 pontifice
2742 3314 2990 3368 Romano
3017 3314 3440 3384 designandum,

1867 3422 1963 3463 ore
1997 3406 2220 3476 proprio
2244 3404 2567 3470 faterentur,
2598 3415 2657 3458 ut
2686 3404 3089 3460 communionis
3127 3405 3355 3474 cupidos
3392 3417 3443 3460 et

1866 3502 2037 3555 errori
2064 3517 2165 3556 suo
2198 3501 2577 3556 renuntiantes
2606 3500 2853 3554 decebat.

1938 3593 2026 3647 ll.
2066 3595 2201 3648 Cum
2240 3594 2403 3663 igitur
2429 3594 2663 3655 Atticus,
2691 3602 2828 3647 teste
2857 3592 3226 3657 ’l‘heodoreto,
3266 3610 3285 3644 ι
3327 3602 3449 3663 post

1868 3685 2071 3741 multas
2112 3685 2410 3754 legationes
2440 3692 2494 3737 et
2536 3684 2682 3753 pacis
2714 3685 3023 3753 petitiones,
3070 3703 3088 3735 ι
3134 3687 3351 3739 tandem
3391 3684 3446 3738 in

1867 3774 2307 3831 communionem
2349 3773 2610 3828 Romamn
2652 3772 2908 3829 Ecclesiae
2954 3781 3207 3843 receptus
3263 3774 3446 3833 fuerit.

1869 3862 2315 3932 probabilissime
2376 3862 2668 3925 concludo,
2700 3862 2875 3931 ipsum
2925 3873 3081 3916 antea
3127 3863 3339 3917 oblatas
3380 3864 3449 3917 ab

1868 3954 2185 4009 innocentia
2213 3954 2555 4010 conditiones
2577 3957 2802 4008 omnino
2825 3955 3156 4022 implevisse,
3193 3956 3448 4023 adeoque

1871 4045 2193 4100 sullicientia
2239 4044 2571 4114 pteuitentia:
2610 4045 2809 4100 indicia
2850 4045 3097 4110 dedisse;
3137 4061 3263 4098 nam
3310 4046 3448 4099 etni-

1871 4135 2231 4191 nentissimus
2256 4135 2521 4191 Baronius
2544 4137 2598 4189 iu
2622 4136 2917 4189 Annalibus
2935 4152 3080 4189 anno
3099 4135 3303 4191 Christi
3321 4134 3448 4201 408,

1872 4242 2022 4281 num.
2053 4226 2142 4293 41,
2177 4226 2241 4281 ad
2270 4226 2504 4296 priorem
2537 4208 3148 4295 lnnocentiiepistolam
3178 4234 3324 4281 recte
3349 4227 3450 4281 ob-

1873 4327 2074 4383 servat,
2110 4337 2127 4369 ι
2169 4333 2278 4372 non
2322 4318 2499 4372 solere
2545 4316 2850 4372 Romanum
2886 4316 3199 4384 pontiﬁcem
3228 4318 3453 4372 reddere

1874 4407 2456 4472 communicationem,
2513 4407 2616 4462 nisi
2673 4407 2972 4476 propositis
3028 4415 3155 4461 ante
3213 4407 3453 4476 impletis

176 4509 549 4563 Antiocheam
601 4507 861 4563 Ecclesiae
905 4508 1069 4562 frater
1102 4516 1155 4562 et
1183 4509 1540 4577 coepiscopus
1584 4516 1850 4585 noster!)
1876 4499 2302 4564 conditionibus,
2329 4512 2377 4556 et
2420 4499 2721 4554 emendatis
2743 4499 3020 4553 erroribus
3047 4498 3176 4562 illis,
3212 4514 3447 4568 quorum

176 4601 715 4670 Alexander‘digna
769 4600 1039 4670 legatione
1093 4610 1146 4654 et
1197 4609 1520 4669 prosecutus
1577 4607 1657 4654 est
1720 4607 1774 4653 et

180 4691 466 4761 probavit.
506 4688 716 4755 Quibus
738 4690 989 4743 omnibus
1017 4689 1207 4759 utique
1234 4690 1496 4742 interesse
1523 4688 1775 4758 dignatus

184 4780 1000 4851 cognot'isti,quemadmodum
1033 4780 1350 4848 singulatim
1400 4779 1582 4832 omnia
1632 4779 1772 4832 scri—

185 4878 411 4940 ptorum
463 4880 775 4925 nostrorum
827 4870 1058 4925 antehac
1104 4868 1215 4941 [aL
1269 4866 1647 4940 anteriorum]
1708 4869 1775 4923 de

191 4978 364 5018 causa
396 4962 689 5017 beatissimi
717 4959 945 5015 Joannis
989 4961 1264 5030 quondam
1313 4961 1549 5029 episcopi
1602 4959 1776 5013 nostri

193 5055 574 5120 discusserim,
610 5063 669 5108 ut
690 5070 812 5123 qua:
836 5054 944 5109 illis
969 5053 1021 5106 in
1049 5054 1307 5107 omnibus
1347 5053 1479 5107 satis
1504 5052 1777 5106 evidenter

197 5144 557 5206 ostenderint,
584 5143 860 5208 universa,
879 5158 1000 5212 quae
1020 5143 1158 5212 apud
1180 5140 1524 5195 Antiochiam
1555 5139 1669 5194 fieri
1693 5141 1779 5194 de—

199 5235 438 5297 buerint,
468 5233 638 5291 fuisse
661 5234 951 5303 completa.
980 5234 1223 5300 Quorum
1256 5232 1545 5299 amplexati
1568 5247 1774 5300 pacem,

201 5327 389 5397 utique
439 5326 599 5382 ﬁdem
638 5324 894 5387 fecimus,
927 5334 979 5379 et
1033 5339 1231 5393 magno
1277 5323 1494 5377 tramite
1527 5322 1778 5378 omnibus

200 5416 443 5471 eamdem
499 5415 856 5486 postulaturis
895 5412 988 5486 [aL
1018 5430 1136 5485 qua:
1164 5411 1515 5485 prwstolaris]
1546 5413 1782 5468 ostendi-

204 5521 356 5573 mus;
403 5507 448 5563 si
481 5508 669 5571 modo,
706 5520 829 5575 quae
856 5504 1107 5560 discussa
1135 5513 1263 5560 sunt
1300 5512 1460 5572 atque
1488 5504 1776 5573 completa,

202 5601 360 5656 etiam
388 5601 491 5672 ipsi
521 5616 581 5657 se
603 5615 703 5671 pro
728 5614 830 5654 suo
852 5599 974 5653 loco
1002 5597 1195 5653 fecisse
1219 5597 1298 5652 vel
1327 5597 1626 5665 complesse
1644 5637 1659 5656 .
1681 5596 1779 5650 ali-

205 5690 413 5757 quando
431 5687 883 5750 monstraverint,
906 5686 1476 5754 communionemque,
1499 5693 1560 5738 ut
1577 5685 1686 5750 isti,
1707 5685 1781 5739 le-

208 5784 409 5851 gatione
419 5781 748 5840 solemniter
757 5778 1151 5844 destinata,sibi
1165 5778 1471 5848 rogaverint
1486 5777 1774 5832 redhiberi.

1876 4605 2042 4645 causa
2085 4592 2579 4646 communicatione
2630 4590 2878 4645 interdici
2931 4599 3266 4646 meruerant.
3320 4610 3340 4644 ι
3395 4589 3452 4645 Si

1876 4683 2061 4752 itaque
2090 4682 2302 4737 Atticus
2346 4684 2416 4737 ob
2459 4682 2715 4752 injustam
2764 4681 2820 4735 S.
2854 4682 3229 4752 Chrysostomi
3268 4699 3455 4753 perse-

1876 4773 2151 4827 cutionem
2188 4782 2242 4826 et
2281 4773 2615 4843 illegitimam
2645 4773 2920 4828 cathedra:
2948 4766 3450 4844 Constantinopoli;

1877 4873 2020 4919 lana:
2054 4866 2465 4934 occupationem
2500 4868 2888 4920 communione
2928 4864 3185 4919 Ecclesiae
3210 4866 3455 4934 privatus

1877 4956 2060 5022 fuerit,
2094 4955 2281 5010 debuit
2313 4956 2462 5025 prius
2490 4956 2713 5024 exsequi
2747 4956 2932 5009 omnia
2968 4955 3079 5020 illa,
3111 4970 3231 5024 quae
3261 4955 3327 5008 ad
3354 4955 3455 5010 hos

1879 5064 2096 5104 errores
2142 5047 2515 5104 emendandos
2551 5062 2580 5100 a
2618 5045 2882 5102 Romanis
2928 5046 3276 5116 pontiﬁcibus
3312 5062 3452 5116 prae-

1882 5140 2285 5194 scribebantur.

1952 5231 2042 5285 12.
2094 5229 2281 5302 Neque
2333 5231 2564 5286 multum
2611 5230 2807 5294 refert,
2861 5238 3043 5284 utrum
3093 5230 3306 5285 Atticus
3351 5230 3454 5283 sub

1880 5324 1998 5394 ipso
2040 5323 2377 5387 lnnocentio,
2413 5332 2471 5376 ut
2517 5322 2686 5391 aliqui
2714 5323 2923 5383 volunt.
2974 5337 3043 5375 an
3088 5322 3190 5376 sub
3223 5319 3455 5391 egregiis

1881 5417 2029 5472 illius
2077 5415 2494 5471 successoribus
2538 5414 2760 5470 Zosimo
2808 5414 2890 5466 vel
2928 5411 3208 5467 Bonifacio
3256 5426 3456 5466 nomen

1885 5508 1941 5562 S.
1977 5507 2352 5578 Chrysostomi
2388 5505 2662 5576 diptyehis
2697 5505 3021 5559 inseruerit:
3056 5520 3162 5556 non
3187 5503 3331 5557 enim
3356 5502 3459 5558 mi-

1886 5600 1936 5653 hi
1980 5597 2137 5652 facile
2186 5597 2501 5667 persuaderi
2537 5596 2731 5666 patiar,
2777 5605 3031 5650 strenuos
3074 5595 3239 5650 hosce
3270 5605 3459 5650 aucto-

1885 5688 2065 5742 ritatis
2117 5687 2428 5756 apostolicae
2480 5683 2794 5739 defensores
2841 5682 2893 5736 iu
2947 5698 3011 5736 ca
3062 5696 3121 5736 re
3179 5680 3459 5738 molliores

1886 5778 2078 5845 fuisse,
2129 5776 2429 5847 praesertim
2470 5790 2593 5831 cum
2643 5772 2956 5828 Bonifacius
3012 5772 3065 5826 in
3110 5770 3340 5843 epistola
3389 5771 3460 5826 ad
