4028 6330
637 359 742 419 045

1747 351 1804 407 S.
1848 345 2152 405 ATTICUS
2189 344 2292 403 ΟΡ.
2336 345 2732 408 EPISCOI’L'S.
3757 367 3838 426 cu

634 474 900 547 quosdam
940 472 1266 530 Macedonia:
1306 464 1592 541 episcopos
1634 468 1776 540 apud
1807 468 2108 534 Labbeum,
2135 473 2220 519 ιο·
2247 464 2294 523 Α
2322 463 2433 519 lum
2475 466 2543 520 ad
2574 467 2812 523 studium
2844 468 3060 524 virtutis
3089 468 3383 538 excitavit;
3412 479 3463 525 et
3482 471 3543 526 ad
3578 472 3837 534 miscricor-

633 584 725 622 tno
766 566 835 621 ιν
861 566 1237 631 Conciliorum,
1264 562 1368 618 col.
1411 561 1572 628 1708,
1594 562 1805 627 innuat,
1840 560 2217 616 Innocentium

635 659 690 715 in
708 658 1059 714 admittendis
1078 658 1145 711 ad
1163 655 1610 711 communionem
1628 654 1960 709 adversariis
1977 652 2036 707 S.
2051 652 2221 723 Chry-

636 752 862 808 sostomi
896 766 997 803 non
1035 747 1306 803 ditiicilem
1338 746 1529 813 fuisse,
1565 756 1731 818 atque
1771 746 1837 801 ad
1874 748 2218 817 propositum

635 854 885 899 nostrum
933 850 1056 911 post
1084 841 1192 895 alia
1220 841 1300 896 sic
1332 842 1594 910 loquatur
1628 858 1641 894 :
1679 858 1698 891 ‹
1732 843 1875 893 Ante
1898 839 2061 892 breve
2090 847 2220 891 tem-

636 952 756 1006 pus,
799 936 848 989 id
872 943 975 996 cst,
1007 934 1109 988 sub
1143 933 1544 1003 praedecessore
1591 946 1713 986 meo
1759 931 1929 985 beata:
1960 929 2217 983 recorda-

637 1029 801 1083 tionis
832 1026 1171 1092 lnnocentio,
1196 1024 1561 1080 Orientalium
1600 1022 1970 1078 Ecclesiarnm
1999 1020 2219 1091 pontiﬁ-

635 1134 726 1174 ces
744 1118 1010 1180 dolentes,
1038 1131 1097 1170 se
1120 1131 1149 1168 a
1182 1116 1327 1170 beati
1350 1113 1492 1170 Petri
1512 1115 1897 1169 communione
1915 1113 2214 1182 sejunctos,

634 1226 732 1281 per
772 1210 978 1280 legatos
1030 1224 1239 1278 pacem,
1281 1209 1425 1262 sicut
1475 1206 1718 1261 cltaritas
1768 1216 1949 1259 vestra
1997 1204 2213 1271 retinet,

634 1309 1002 1373 poposcerunt
1038 1316 1051 1351 :
1102 1316 1211 1369 quo
1242 1307 1490 1368 tempore
1515 1300 1815 1366 apostolica
1847 1297 2006 1351 sedes
2031 1296 2214 1350 omnia

636 1411 743 1449 non
778 1393 1062 1449 diﬂirultcr
1104 1390 1349 1446 indulsit.
1407 1410 1423 1440 ι
1478 1387 1635 1444 Nunc
1682 1389 2053 1443 adversarium
2091 1403 2216 1456 pro-

636 1488 772 1554 priis
811 1487 926 1541 suis
970 1485 1140 1538 armis
1175 1482 1575 1552 aggrediamur,
1601 1490 1674 1548 et,
1714 1490 1771 1535 ut
1804 1480 1963 1550 vulgo
1993 1480 2096 1534 dici
2121 1493 2212 1533 so.

637 1581 732 1645 let,
763 1580 828 1634 ad
861 1578 1136 1632 hominem
1178 1585 1645 1646 argumentemur.

710 1672 797 1727 15.
870 1670 1250 1724 Tillemontius
1320 1676 1470 1723 tomo
1535 1666 1651 1721 XIV
1725 1666 1958 1721 Monum.
2026 1667 2210 1723 ποίεε.

636 1779 756 1832 pag.
785 1764 892 1817 280
923 1762 1139 1825 fatetur,
1170 1760 1228 1816 S.
1267 1760 1531 1831 Cyrillum
1558 1753 1990 1814 Alexandrinum
2026 1759 2078 1812 in
2111 1773 2212 1814 suo

638 1854 999 1908 immoderato
1066 1860 1255 1906 contra
1316 1848 1374 1904 S.
1439 1848 1703 1904 Joannem
1757 1849 2213 1920 Chrysostomum

637 1948 755 2001 zelo
779 1947 982 2001 diutius
1005 1961 1167 2015 quam
1198 1945 1333 2000 alios
1359 1959 1549 1999 omnes
1576 1957 1976 2012 perseverasse,
2001 1944 2213 2011 ipsum-

636 2052 745 2107 que
778 2037 1037 2092 maluisse
1069 2038 1137 2092 ab
1168 2035 1411 2091 Ecclesia
1443 2035 1685 2089 Romana
1718 2044 1773 2089 et
1800 2034 1939 2089 forte
1967 2034 2214 2103 pluribus

636 2128 761 2183 aliis
789 2137 1098 2196 separatum
1126 2141 1366 2188 manere,
1391 2138 1556 2194 quam
1587 2138 1784 2177 nomen
1798 2122 1918 2192 ejus
1941 2120 2213 2191 diptycbis

636 2220 956 2275 inscribere.
1005 2218 1110 2272 Sed
1155 2217 1351 2271 deinde
1393 2216 1569 2270 citans
1640 2214 1694 2267 in
1750 2213 1997 2283 margine
2055 2211 2215 2266 Nice-

637 2313 869 2381 phorum
898 2309 1179 2364 Callistum
1208 2308 1303 2362 lib.
1332 2323 1424 2361 xrv
1456 2305 1598 2360 "ist.
1634 2305 1819 2360 eccles.
1854 2319 1971 2374 cap.
2001 2305 2093 2368 28,
2121 2319 2211 2359 er-

636 2419 859 2458 roneam
891 2403 947 2455 S.
980 2400 1166 2473 Cyrilli
1202 2400 1612 2470 persuasionem
1650 2399 1736 2453 his
1765 2396 2055 2473 Niccpltori
2093 2412 2213 2451 ver-

636 2499 721 2553 bis
749 2505 975 2553 excusat
1017 2514 1030 2551 :
1063 2516 1081 2549 ‹
1107 2495 1377 2562 Quoniam
1406 2511 1534 2549 vero
1555 2493 1843 2548 dissidium
1873 2493 1975 2546 hoc
1991 2490 2210 2561 quidem

634 2605 701 2645 ex
733 2587 1102 2649 aeinulatioue,
1139 2585 1391 2653 quamvis
1427 2596 1532 2636 non
1565 2579 1865 2634 secundum
1903 2576 2209 2639 scientiam,

635 2696 743 2735 non
777 2688 958 2732 autem
1000 2691 1066 2731 ex
1100 2674 1326 2739 invidia,
1360 2688 1535 2742 neque
1568 2670 1835 2726 diaboiica
1864 2668 2212 2724 contentione

636 2769 900 2829 manavit,
937 2784 1044 2821 non
1072 2774 1329 2836 oportere
1357 2763 1533 2816 virum
1564 2772 1616 2815 et
1644 2760 1893 2814 doctrina
1932 2765 1985 2810 et
2011 2758 2212 2809 virtute

634 2866 1007 2930 praestantem,
1055 2857 1156 2910 hac
1188 2870 1294 2907 una
1333 2853 1388 2907 in
1419 2867 1477 2907 re
1515 2850 1848 2913 claudicare,
1890 2863 1999 2918 quo
2028 2848 2211 2900 minus

636 2952 703 3007 ad
748 2965 1018 3007 summam
1066 2945 1453 3019 pet-lectionem
1497 2942 1825 3013 perveniret,
1876 2939 1983 2995 Deo
2028 2939 2207 2992 visum

633 3051 736 3098 est.
765 3041 1027 3095 Homines
1053 3041 1196 3092 enim
1223 3037 1298 3091 illi
1328 3047 1503 3098 erant,
1545 3044 1598 3088 et
1623 3031 1881 3087 humanis
1909 3030 2212 3085 ali‘ectioni-

2319 556 2464 611 diam
2497 569 2662 628 atque
2704 558 3045 628 largitionem
3089 569 3196 614 tam
3242 561 3497 630 proclivis
3533 560 3647 624 fuit.
3675 580 3840 625 utnon

2321 647 2485 701 modo
2519 647 2620 713 eis,
2662 649 2757 718 qui
2799 649 2851 703 in
2888 650 3144 720 parmciis
3171 650 3291 719 ejus
3331 662 3503 717 erant,
3545 668 3711 722 egents
3743 674 3841 723 pro-

2319 736 2610 792 videndum
2662 740 2905 802 duceret,
2942 741 3035 795 sed
3086 741 3249 794 etiam
3292 740 3484 793 vicinis
3512 741 3842 800 Constantino-

2315 829 2428 900 poli
2449 828 2711 885 Ecclesiis
2739 832 3025 900 pecuniam
3066 831 3290 885 multam
3323 832 3389 885 ad
3428 848 3703 902 pauperum
3739 851 3844 889 cuu-

2319 920 2645 978 solationem
2697 922 2953 977 mitteret.
3003 942 3022 973 ι
3081 921 3313 977 Easdem
3368 922 3423 977 8.
3465 924 3617 978 Attici
3658 927 3845 980 Virtutes

2317 1012 2413 1066 lib.
2467 1027 2562 1075 VII,
2600 1027 2720 1082 cap.
2762 1012 2853 1075 25,
2886 1024 3151 1066 memorat
3204 1012 3480 1075 Socrates,
3520 1029 3668 1083 quem
3699 1024 3843 1068 tamen

2317 1103 2701 1160 Tillemontius
2761 1105 3023 1174 explodit.
3097 1104 3267 1159 Porro
3344 1104 3485 1158 idem
3557 1103 3846 1174 Nicepltorus

2318 1197 2414 1251 lib.
2477 1213 2589 1260 xiv,
2649 1213 2770 1266 cap.
2815 1195 2927 1261 25,
2982 1197 3193 1260 innuit,
3266 1196 3505 1249 Atticum
3576 1211 3687 1248 vere
3745 1210 3843 1249 cum

2320 1288 2378 1342 8.
2411 1289 2812 1358 Cbrysostomo
2848 1298 3069 1341 mortuo
3091 1288 3143 1340 in
3178 1289 3409 1357 gratiam
3442 1287 3672 1352 rediisse,
3699 1288 3849 1340 talem-

2315 1392 2422 1446 que
2474 1375 2645 1431 fuisse
2690 1377 2834 1431 illius
2883 1377 3319 1432 emendationem
3371 1393 3436 1431 ac
3487 1378 3845 1446 pmnitentiaut,

2321 1489 2340 1521 ι
2371 1479 2428 1524 ut
2454 1470 2933 1538 reprehensionem
2979 1484 3122 1533 eam,
3159 1486 3263 1538 qua
3306 1471 3578 1538 expetitus
3611 1483 3706 1533 est,
3730 1469 3847 1536 quod

2313 1560 2541 1617 Joannis
2580 1572 2876 1617 sectatores
2917 1564 3059 1617 male
3098 1564 3392 1632 acceperit,
3442 1580 3470 1617 a
3513 1578 3569 1618 se
3607 1564 3845 1625 amolitus,

2315 1647 2437 1711 aliis
2475 1656 2807 1712 obvelaverit
2849 1657 3029 1710 bonis.
3076 1675 3094 1708 ι
3134 1654 3275 1721 Quid
3317 1671 3446 1726 ergo
3490 1656 3715 1725 peccavit
3749 1653 3847 1707 Bul-

2317 1751 2533 1817 landus,
2573 1753 2702 1805 dum
2744 1751 2898 1806 initio
2931 1749 3319 1805 Commentarii
3360 1752 3442 1803 sui
3477 1750 3625 1810 dixit,
3666 1750 3716 1800 S.
3744 1746 3850 1799 Atti-

2321 1861 2444 1900 cum
2485 1843 2714 1899 crimina
2747 1843 2963 1913 injustas
2992 1859 3104 1897 suae
3144 1842 3539 1913 persecutionis
3580 1856 3639 1895 ac
3669 1838 3846 1908 illegiti-

2322 1952 2424 1991 ma:
2456 1935 2756 1990 invasionis
2797 1936 3112 2005 paenitentia
3158 1944 3213 1990 et
3245 1944 3391 1990 recte
3424 1934 3577 1988 lactis
3603 1928 3847 2000 expiasse!

2392 2029 2478 2083 16.
2520 2027 2864 2097 Nicephorus
2886 2028 3122 2097 denique
3139 2028 3363 2083 citatum
3389 2037 3550 2096 caput
3570 2025 3635 2079 25
3661 2025 3724 2078 ita
3745 2037 3847 2076 con~

2321 2121 2525 2176 cludit:
2569 2139 2587 2172 ι
2620 2118 2890 2174 Caeterum
2935 2135 3060 2175 cum
3092 2119 3306 2174 Atticus
3352 2133 3569 2188 quoque
3604 2118 3846 2186 episcOpus

2320 2222 2540 2286 propter
2554 2212 2838 2268 Joannitas
2862 2211 3155 2267 Ecclesiam
3173 2227 3294 2267 esse
3319 2212 3549 2267 scissam
3581 2208 3779 2268 videret,
3796 2204 3846 2257 de

2321 2305 2628 2375 principum
2682 2303 2949 2358 sententia
2984 2304 3098 2373 ipse
3123 2317 3341 2373 quoque
3385 2300 3698 2355 mentionem
3731 2294 3845 2348 illius

2320 2397 2437 2452 ﬁeri
2464 2397 2515 2451 in
2549 2395 2960 2466 precationibus
2985 2394 3174 2464 jussit,
3197 2391 3651 2463 quemadmodum
3675 2387 3720 2439 id
3741 2395 3782 2438 et
3803 2383 3843 2435 ia

2319 2488 2442 2543 aliis
2475 2485 2770 2557 episcopis,
2801 2485 2895 2556 qui
2952 2486 3057 2538 vita
3089 2484 3490 2546 excessissent,
3522 2479 3629 2534 fieri
3662 2475 3844 2532 solitum

2317 2587 2453 2636 erat.
2476 2582 2653 2649 Atque
2680 2595 2744 2633 ex
2771 2592 2837 2634 eo
2869 2586 3111 2647 tempore
3135 2575 3484 2646 paxexstitit.
3510 2572 3673 2641 donec
3692 2573 3844 2638 postea

2320 2686 2539 2741 quoque
2580 2670 2826 2740 reliquiae
2866 2668 2986 2739 ejus
3030 2668 3149 2721 urbi
3195 2664 3485 2735 imperanti
3533 2663 3681 2716 illatae
3724 2662 3841 2712 sunt.

2321 2762 2534 2814 Atticus
2576 2761 2861 2822 invidiam,
2916 2759 2967 2811 in
3004 2772 3166 2827 quam
3196 2767 3419 2827 propter
3460 2755 3685 2811 divinum
3710 2747 3838 2802 Joan-

2322 2867 2442 2905 nem
2472 2850 2768 2917 deciderat,
2794 2850 2925 2904 ~hoc
2961 2849 3124 2903 modo
3171 2848 3458 2917 magnifice
3495 2840 3727 2899 abolevit.
3757 2836 3843 2889 Nec

2321 2943 2409 2996 ille
2438 2942 2602 2998 modo
2630 2943 2681 2995 id
2709 2940 2875 3008 fecit;
2904 2940 2997 2995 sed
3034 2939 3155 2993 aliis
3184 2954 3405 3008 quoque
3431 2934 3644 2992 Joannis
3669 2940 3837 2984 memo-

2321 3036 2455 3089 riam
2489 3034 2742 3104 precibus
2773 3035 3012 3088 inserere
3034 3030 3441 3093 rccusantibus,
3463 3036 3517 3083 et
3540 3024 3726 3097 Cyrillo
3750 3033 3841 3073 ma-

636 3138 738 3190 lnts
766 3133 1011 3190 obnoxii.
1066 3150 1086 3184 i
1123 3128 1248 3185 Haec
1291 3127 1571 3183 excusatio
1604 3126 1768 3180 etiam
1798 3140 1898 3194 pro
1921 3123 2099 3178 Attico
2129 3121 2211 3176 af—
2237 3159 2281 3217 ο
2320 3129 2465 3183 xime
2501 3126 2844 3181 Alexandria;
2887 3125 3128 3195 prmsuli,
3165 3123 3259 3192 qui
3313 3120 3580 3176 hostiliter
3622 3113 3841 3168 Joannem

634 3227 762 3283 ferri
794 3234 989 3296 potest.

706 3319 793 3372 H.
836 3315 1079 3386 Denique
1104 3313 1486 3368 Tillemontius
1512 3309 1709 3364 ibidem
1740 3323 1862 3379 pag.
1893 3306 1992 3361 9.8l
2021 3321 2087 3361 ex
2119 3321 2210 3359 eo-

631 3413 756 3468 dem
796 3409 1105 3480 Nicepltoro
1151 3406 1378 3461 Callisto
1413 3410 1622 3466 narrat,
1667 3400 1942 3471 quomodo
1990 3402 2208 3452 tandem

635 3506 692 3561 S.
746 3504 979 3576 Cyrillus
1016 3517 1212 3556 nomen
1254 3499 1312 3553 8.
1361 3493 1736 3569 Cbrysostomi
1788 3492 1962 3548 sacris
2008 3489 2209 3545 tabulis

634 3599 946 3660 inseruerit,
988 3608 1045 3650 ut
1086 3611 1184 3649 nos
1222 3594 1287 3647 ad
1328 3593 1467 3645 diem
1502 3605 1668 3643 xxvttt
1699 3585 1946 3641 Januarii
1978 3585 2032 3638 in
2060 3583 2209 3637 Actis

637 3690 693 3744 S.
721 3687 959 3760 Cyrilli§
990 3686 1021 3741 6
1048 3686 1351 3740 retulimus.
1380 3682 1482 3737 Sed
1505 3678 1885 3734 Tillemontius
1910 3676 2107 3732 ibidem
2142 3674 2210 3729 de

634 3796 736 3834 suo
760 3779 931 3843 addit,
968 3776 1229 3846 Cyrillum
1254 3773 1395 3827 haud
1424 3770 1706 3825 tlimculter
1729 3765 2031 3822 oltinuisse
2055 3778 2209 3819 com-

637 3872 951 3926 munionem
1002 3867 1256 3922 Ecclesiae
1314 3863 1594 3920 Romamn,
1646 3860 1734 3914 cui
1797 3867 1927 3913 tunc
1980 3863 2211 3926 praeerat

634 3960 909 4024 Zosimus,
945 3959 1113 4013 missa
1150 3955 1292 4009 haud
1329 3953 1492 4007 dubie
1528 3949 1757 4003 Romam
1786 3947 2074 4019 legatione.
2100 3943 2208 3998 Sed

634 4052 814 4107 nullos
849 4049 1014 4120 hujus
1071 4044 1359 4117 legationis
1395 4050 1562 4096 testes
1591 4050 1687 4094 aut
1734 4040 1949 4094 tabulas
1988 4039 2204 4106 allegat,

632 4146 776 4200 sicut
807 4151 986 4196 tamen
1021 4140 1073 4194 in
1105 4138 1228 4192 aliis
1270 4137 1524 4190 Historia:
1557 4146 1670 4186 suae
1699 4126 2072 4183 ecclesiastica:
2102 4142 2208 4179 mo-

631 4236 890 4289 numentis
933 4233 1132 4302 ubique
1176 4230 1363 4284 sedulo
1402 4228 1581 4283 facere
1635 4223 1942 4280 consuevit.
1976 4220 2090 4275 Hoc
2125 4218 2204 4274 si-

629 4328 796 4382 lentio
828 4325 1107 4388 indicavit,
1143 4338 1263 4377 sese
1302 4321 1600 4375 Romanam
1652 4316 1838 4388 Cyrilli
1879 4312 2202 4384 legationem

560 4400 571 4414 κ
628 4435 898 4487 nusquam
927 4417 1065 4486 apud
1100 4423 1306 4468 veteres
1324 4413 1619 4481 scriptores
1644 4408 1937 4471 invenisse,
1971 4417 2203 4473 eamque

2314 3221 2524 3285 oderat,
2563 3214 2709 3289 quod
2755 3216 2845 3270 ille
2879 3232 2908 3270 a
2953 3216 2994 3269 Τ
3003 3213 3256 3283 henpbilo
3305 3222 3503 3281 patruo
3545 3223 3639 3262 suo
3668 3204 3843 3258 disseu~

2264 3344 2268 3348 ο
2314 3313 2499 3379 sisset,
2550 3308 2839 3381 persuasit.
2894 3326 2912 3360 ι
2963 3308 3102 3361 Tum
3158 3304 3502 3368 Niccpliorus
3542 3293 3841 3369 sequentibus

2312 3379 2585 3472 capitibus
2632 3401 2825 3455 recitat
2860 3398 3064 3452 litteras
3111 3395 3272 3450 Attici
3311 3403 3364 3448 et
3394 3391 3595 3464 Cyrilii,
3631 3387 3757 3442 ultro
3785 3379 3836 3433 ci-

2313 3500 2507 3564 tl'oque
2537 3494 2589 3546 in
2619 3492 2721 3546 hac
2756 3506 2920 3545 causa
2959 3489 3210 3557 scriptas,
3249 3501 3314 3540 ex
3363 3484 3559 3556 quibus
3596 3477 3843 3532 Tillemon-

2311 3590 2424 3644 tius
2470 3598 2619 3643 tomo
2664 3583 2757 3638 Xll
2792 3581 3121 3636 Monument.
3157 3579 3345 3633 eccles.
3392 3593 3516 3647 pag.
3560 3571 3661 3627 416
3689 3566 3841 3623 inferi.

2316 3684 2554 3739 Atticum
2580 3677 2803 3745 reliquis
2829 3677 2946 3730 suis
2967 3673 3210 3743 peccatis
3232 3670 3509 3725 addidisse
3533 3659 3839 3736 bypocrisim.

2313 3774 2359 3828 si
2395 3774 2448 3827 in
2480 3773 2663 3825 animo
2693 3766 2948 3822 habuerit
2977 3779 3159 3827 sensa,
3197 3778 3318 3831 qnze
3348 3763 3403 3815 in
3424 3759 3544 3815 istis
3577 3752 3750 3810 litteris
3768 3760 3841 3801 ex-

2312 3864 2530 3937 pressit.
2562 3863 2763 3916 Durum
2796 3854 3392 3924 enimverojudicium!

2383 3957 2468 4010 l7.
2515 3955 2753 4024 lngenue
2781 3951 2977 4016 fateor,
3009 3964 3073 4003 ex
3100 3948 3313 4001 duabus
3352 3946 3413 4001 S.
3449 3941 3609 3998 Attici
3637 3929 3840 4024 epistolis

2310 4047 2625 4103 nonnullam
2681 4042 3049 4099 ditiicultatem
3100 4039 3305 4094 moveri
3347 4052 3528 4108 posse,
3555 4046 3672 4088 cum
3708 4028 3752 4080 in
3789 4021 3839 4074 iis

2308 4140 2592 4210 signiﬁcet,
2654 4133 2713 4191 se
2759 4137 2953 4188 timore
3007 4141 3060 4187 et
3110 4131 3441 4186 necessitate
3484 4125 3656 4197 potius
3701 4124 3834 4187 quam

2308 4244 2495 4285 amore
2537 4236 2632 4281 aut
2670 4225 2988 4296 paenitentia
3025 4223 3305 4277 inductum
3355 4219 3543 4282 fuisse,
3586 4222 3641 4267 ut
3670 4215 3838 4263 meum-

2310 4323 2443 4376 riam
2467 4319 2524 4373 8.
2547 4317 2776 4373 Joannis
2795 4314 3171 4386 (lhrysostomi
3191 4313 3243 4366 in
3258 4309 3531 4382 diptychis
3562 4301 3836 4360 celebraret.

2306 4415 2573 4469 Praeterea
2613 4412 2846 4471 Atticus,
2898 4410 2950 4461 in
2992 4406 3233 4475 Epistola
3266 4406 3335 4458 ad
3376 4404 3659 4458 l’elrumel
3690 4390 3838 4448 κΕάε-

628 4511 888 4563 ιιυηκιλκι
918 4507 1168 4560 intulisse
1201 4523 1227 4555 a
1265 4479 1577 4572 posteriori,
1618 4500 1744 4570 quia
1780 4497 2031 4552 videlicet
2063 4496 2201 4547 inter

2310 4508 2441 4561 sium
2480 4505 2730 4558 diaconos
2776 4502 2998 4569 scripta,
3048 4498 3272 4552 innuere
3315 4496 3550 4556 videtur,
3578 4479 3836 4578 depositio-

626 4597 1031 4653 communionis
1063 4604 1118 4650 et
1155 4595 1306 4664 pacis
1333 4594 1678 4648 conditiones
1712 4607 1741 4644 a
1770 4587 2034 4644 Romanis
2066 4600 2202 4655 pon-

630 4688 866 4743 tiﬁcibus
898 4686 1299 4756 requirebatur.
1323 4681 1687 4737 Adversarius
1721 4681 1882 4743 igitur
1914 4693 2019 4731 non
2061 4690 2201 4744 atgre

626 4780 765 4832 {erat
802 4792 903 4832 nos
941 4775 1194 4844 superius
1239 4772 1429 4827 eodem
1479 4770 1783 4840 argumenti
1828 4781 2023 4836 genere
2070 4780 2200 4819 usos

625 4885 767 4932 esse,
804 4879 963 4938 atque
994 4884 1022 4922 a
1066 4866 1355 4936 posteriori
1385 4864 1692 4932 collegisse,
1733 4861 1876 4930 quod
1906 4859 1962 4912 8.
1988 4857 2199 4913 Atticus

627 4960 830 5031 (cujus
859 4961 1047 5015 saltem
1082 4958 1358 5013 Romanas
1395 4956 1688 5025 legationes
1749 4959 1978 5007 testatur
2023 4951 2200 5006 Theo-

625 5053 867 5121 doretus)
901 5048 1229 5106 satisfecerit
1255 5048 1512 5104 omnibus
1540 5045 1962 5106 conditionibus,
1994 5059 2113 5114 quae
2131 5043 2200 5097 ab

627 5143 943 5199 Innocentio
968 5141 1223 5210 pontilice
1255 5139 1626 5209 exigebantur.

702 5233 790 5287 15.
845 5231 903 5286 Si
945 5230 1323 5285 Tillemontius
1360 5229 1415 5283 in
1458 5243 1625 5283 causa
1675 5226 1732 5282 8.
1773 5225 1959 5298 Cyrilli
1991 5236 2194 5281 tantam

624 5326 1001 5383 auctoritatem
1023 5323 1224 5378 tribuat
1248 5321 1555 5391 Niceplioro
1581 5320 1829 5386 Callisto,
1863 5320 2022 5375 nobis
2034 5322 2195 5373 etiam

626 5421 748 5476 licet
761 5419 1008 5474 eumdem
1031 5424 1306 5471 auctorem
1325 5415 1578 5485 allegare,
1595 5413 1688 5483 qui
1713 5413 1807 5467 lib.
1827 5428 1937 5479 stv,
1959 5426 2078 5480 cap.
2104 5409 2193 5477 24,

626 5512 861 5566 Atticum
915 5511 987 5564 ita
1039 5509 1221 5563 laudat
1271 5525 1283 5560 :
1342 5526 1360 5560 ‹
1410 5506 1622 5562 Atticus
1675 5515 1853 5561 autem
1907 5504 2197 5575 episc0pus

624 5602 1297 5671 Constantinopolitanus,
1342 5610 1399 5655 ut
1441 5598 1680 5654 Ecclesia
1728 5598 2062 5652 incrementa
2098 5610 2196 5649 sua

625 5703 864 5761 caperet,
899 5694 1127 5748 mirilice
1165 5708 1382 5764 operam
1417 5691 1589 5747 dedit:
1635 5705 1850 5746 summa
1891 5688 2033 5744 enim
2067 5703 2196 5757 pru-

625 5786 805 5839 dentia
837 5802 953 5839 eam
980 5788 1391 5853 administrans,
1437 5785 1693 5841 continua
1734 5783 1979 5839 doctrina
2022 5797 2194 5854 pupu-

2306 4613 2424 4651 nem
2457 4591 2837 4664 Chrysostomi
2865 4591 2918 4644 in
2950 4587 3402 4660 pseudo-synodo
3441 4570 3836 4652 Quercetanale-

2302 4690 2547 4760 gitimam
2581 4687 2770 4741 fuisse.
2813 4682 2917 4738 Sed
2945 4697 3070 4736 cum
3099 4682 3297 4750 scripta
3319 4688 3373 4734 et
3400 4685 3548 4749 gesta
3580 4665 3832 4727 illustrium

2302 4792 2395 4833 aut
2426 4786 2740 4835 sanctorum
2778 4775 3022 4829 virorum
3087 4786 3304 4840 semper
3338 4771 3392 4823 in
3441 4765 3708 4821 meliorem
3737 4766 3836 4825 par‘

2303 4878 2409 4923 tem
2435 4869 2754 4939 explicanda
2794 4866 2924 4929 sint,
2966 4863 3234 4932 imprimis
3268 4855 3534 4928 suspicari
3566 4857 3833 4939 possemus.

2299 4961 2535 5015 Atticum
2575 4960 2729 5013 initio
2759 4957 3127 5019 existimasse,
3158 4953 3300 5022 quod
3335 4952 3403 5004 ad
3439 4961 3591 5002 suam
3630 4932 3835 4996 reconci-

2299 5052 2575 5106 liationem
2599 5060 2651 5104 et
2676 5048 3042 5103 Ecclesiarum
3068 5060 3253 5114 pacem
3287 5039 3575 5099 suﬂicerel,
3600 5034 3643 5089 si
3669 5035 3833 5085 nomen

2298 5140 2673 5213 Chrysostomi
2702 5137 3192 5208 quomodocunque
3228 5131 3404 5187 sacris
3436 5125 3631 5182 tabulis
3670 5120 3835 5173 insere-

2297 5242 2399 5289 ret.
2422 5232 2514 5288 Sic
2543 5232 2715 5302 potuit
2745 5228 2802 5283 S.
2826 5228 3056 5300 Cyrillo,
3080 5241 3240 5303 quem
3265 5221 3464 5277 Joanni
3485 5214 3832 5303 Clirjsoslonto

2296 5301 2852 5381 maximeiadversari
2902 5326 3146 5382 noverat,
3192 5301 3332 5369 hanc
3378 5310 3673 5366 molliorem
3712 5301 3833 5368 pacis

2297 5415 2660 5474 conditionem
2689 5425 3013 5482 proponere,
3034 5417 3093 5463 ut
3121 5422 3240 5461 eam
3272 5403 3487 5459 facilius
3515 5394 3832 5482 amplectel'c‘

2297 5519 2404 5563 tur.
2434 5507 2501 5559 At
2527 5505 2650 5574 quis
2687 5475 2915 5567 asseret,
2949 5499 3094 5552 illam
3128 5496 3287 5551 Attici
3315 5488 3637 5564 bypotbesin
3660 5482 3722 5538 ab

2295 5597 2460 5652 clesia
2519 5563 2764 5649 Ilomana
2824 5563 3105 5661 probatam
3162 5563 3367 5642 fuisseil
3412 5582 3573 5637 Forte
3620 5576 3724 5630 haec
3749 5563 3830 5621 ῐιιὶι

2297 5689 2470 5758 prima
2509 5686 2656 5756 pacis
2696 5682 2957 5742 conditio.
3003 5695 3167 5751 quam
3212 5677 3424 5732 Atticus
3456 5672 3569 5730 sedi
3609 5666 3829 5758 Romani"

2296 5753 2523 5845 obtulit,
2564 5788 2616 5832 et
2658 5787 2851 5847 prretcr
2884 5789 3046 5845 quam
3096 5771 3333 5826 Ecclesia
3370 5766 3612 5823 Romana
3647 5757 3707 5812 ab
3734 5753 3832 5814 ἱΡ⁶⁰
