4028 6330
256 360 361 415 645

1736 334 2043 427 norma.

3426 383 3532 440 646

251 479 389 536 alias
428 479 629 551 exegit,
671 494 795 551 qua:
837 480 1125 553 implenda:
1166 491 1345 548 erant,
1387 492 1677 554 antequam
1727 501 1840 541 sua:
1869 497 1913 549 Α
1943 488 2120 543 adhuc
2150 504 2376 547 errouee
2402 492 2675 563 putaverit
2715 509 2954 549 canones
2977 495 3378 553 ecclesiasticos
3406 515 3531 570 pos-

251 571 631 626 communioni
658 573 1040 629 restitueretur
1073 592 1086 629 :
1120 573 1249 629 dum
1284 576 1428 631 cnim
1461 574 1835 633 Theodoretus

251 661 464 726 scribit,
497 662 737 718 Atticum
774 683 793 717 ε
830 675 953 737 post
987 668 1190 722 multas
1236 668 1536 737 legationes
1588 684 1653 723 ac
1684 669 1836 739 pacis

250 756 549 825 petitiones
578 760 795 814 tandem
842 780 861 812 ι
898 760 969 815 ab
1011 760 1452 817 Occidentalibus
1490 762 1555 818 ad
1583 777 1834 818 commu-

249 845 472 901 nionem
531 848 834 904 admissum
892 850 1106 918 fuisse,
1162 852 1301 907 satis
1353 852 1595 917 indicat,
1650 852 1835 922 plures

250 935 506 1006 utrinque
561 939 869 1008 propositas
912 938 1085 995 fuisse
1130 940 1497 1006 conditiones,
1539 948 1833 1012 antequam

250 1032 393 1087 inter
423 1031 665 1087 Atticum
711 1044 764 1088 et
811 1031 1113 1088 Romanam
1148 1033 1447 1091 Ecclesiam
1497 1036 1831 1092 conveniret.

320 1123 410 1179 18.
453 1124 628 1191 Adde,
674 1126 822 1195 quod
857 1127 959 1198 ipsi
1003 1127 1310 1182 Orientales
1349 1126 1589 1181 Atticum
1635 1129 1835 1183 exhor-

247 1218 343 1272 tati
390 1216 615 1282 fuerint,
664 1226 723 1274 ut
760 1218 1146 1275 defensoribus
1192 1218 1420 1275 Joannis
1453 1219 1829 1291 Chrysostomi

245 1324 367 1365 sese
399 1305 797 1367 reconciliaret.
851 1312 906 1367 Id
947 1312 1235 1368 manifeste
1270 1313 1579 1383 colligimus
1625 1329 1688 1367 cx
1725 1311 1829 1384 Sy-

245 1402 424 1464 nesio,
460 1403 720 1473 episc0po
753 1402 1016 1473 Cyrenaeo
1043 1414 1097 1458 et
1127 1417 1349 1460 auctore
1382 1404 1830 1475 synchrono,qui

243 1493 535 1549 occasione
587 1495 872 1564 cujusdam
912 1496 1230 1563 Alexandri,
1279 1512 1441 1566 quem
1492 1494 1549 1549 S.
1589 1494 1831 1552 Joannes

245 1584 673 1655 Cbrysostomus
710 1587 1216 1657 Basinopolitauum
1264 1590 1581 1659 episcopum
1629 1605 1829 1645 conse-

241 1684 513 1737 crmerat,
540 1675 695 1745 epist.
726 1674 794 1731 66
825 1677 894 1730 ad
925 1677 1278 1745 Theotimum,
1307 1689 1433 1748 post
1461 1680 1567 1733 alia
1599 1680 1679 1735 sic
1703 1680 1831 1736 scri-

238 1764 360 1819 bit:
402 1782 421 1817 ι
457 1765 595 1821 Cum
626 1766 837 1824 Joanne
871 1770 1131 1827 defunco
1177 1770 1552 1827 familiaritate
1598 1772 1829 1843 conjun-

1937 579 2171 634 sessioni
2206 597 2318 636 suae
2349 581 2547 639 favere.
2587 584 2654 637 At
2692 598 2757 638 eo
2809 593 3051 655 tempore
3086 585 3144 640 S.
3190 586 3425 658 Cyr-illus
3469 589 3525 642 in

1934 669 2124 723 eodem
2170 686 2355 727 errore
2402 675 2743 739 versabatur,
2791 685 2848 729 ut
2892 672 3137 746 patet'ex
3183 679 3526 747 responsuris

1936 763 2083 819 illius
2132 764 2202 817 ad
2232 766 2467 819 Atticum
2496 765 2766 835 Epistula,
2813 784 2935 838 quae
2980 770 3121 839 apud
3157 768 3526 840 Nicephorum

1935 853 2218 912 Callistum
2260 856 2353 911 lib.
2428 873 2552 924 xiv,
2589 874 2709 928 cap.
2747 858 2839 921 27,
2873 859 2953 914 sic
3000 862 3191 931 incipit
3225 878 3238 913 :
3269 880 3288 911 ι
3325 860 3527 928 Lectis,

1933 958 2056 1013 qua:
2085 959 2114 998 a
2133 945 2331 1014 pietate
2351 951 2443 998 tua
2468 944 2534 1000 ad
2560 960 2648 999 me
2675 945 2858 1002 missae
2879 958 3028 1011 sunt,
3054 948 3269 1013 litteris,
3293 948 3527 1006 Joannis

1934 1049 2134 1089 nomen
2172 1034 2347 1090 sacris
2380 1035 2706 1106 inscriptum
2738 1052 2860 1093 esse
2900 1038 3097 1095 tabulis
3128 1041 3389 1096 intellexi.
3424 1040 3524 1097 Ubi

1933 1141 2063 1180 vero
2087 1142 2203 1191 eos,
2237 1128 2330 1195 qui
2357 1127 2481 1181 inde
2526 1127 2597 1181 ad
2646 1143 2747 1182 nos
2778 1144 2990 1195 venere,
3022 1131 3370 1201 interrogavi,
3415 1149 3524 1188 non

1935 1218 1989 1272 in
2031 1217 2296 1272 laicorum
2351 1217 2444 1272 sed
2494 1218 2875 1288 episcoporum
2932 1221 3176 1291 catalogo
3223 1224 3522 1292 ascriptum

1933 1325 2055 1365 esse
2079 1310 2283 1365 audivi.
2328 1309 2501 1365 Porro
2531 1310 2851 1380 despicienti
2892 1312 3044 1375 mihi,
3073 1325 3233 1382 atque
3261 1314 3312 1367 in
3340 1315 3524 1369 animo

1933 1401 2226 1471 reputanti,
2276 1417 2343 1456 an
2384 1401 2476 1471 qui
2516 1401 2622 1456 hoc
2667 1400 2866 1466 fecere,
2911 1399 3254 1458 Nicmnorum
3301 1402 3521 1458 Patrum

1932 1489 2151 1545 decreta
2199 1500 2522 1560 sequantur,
2555 1500 2608 1546 et
2641 1490 3039 1558 aliquantulum
3073 1494 3271 1548 mentis
3301 1494 3524 1555 lumini-

1932 1581 2036 1636 bus
2078 1583 2133 1635 in
2168 1597 2420 1651 magnam
2450 1581 2595 1636 illam
2642 1581 2910 1653 synodum
2947 1583 3271 1650 intendenti,
3298 1587 3522 1640 univer-

1931 1688 2053 1728 sum
2088 1682 2401 1729 sanctorum
2440 1673 2659 1727 illorum
2709 1671 2931 1728 Patrum
2961 1675 3249 1743 collegium
3288 1676 3522 1745 quibus-

1933 1763 2057 1818 dam
2084 1763 2248 1819 veluti
2280 1764 2456 1819 oculis
2498 1779 2747 1828 renuere,
2775 1774 2827 1817 et
2863 1764 3072 1819 viribus
3103 1765 3386 1829 erunibus,
3409 1781 3522 1836 quo

239 1864 364 1910 ctus
386 1868 505 1923 cst;
545 1858 847 1915 honoretur
875 1861 1019 1915 enim
1049 1876 1079 1916 a
1106 1863 1263 1918 nobis
1293 1864 1559 1918 memoria
1598 1864 1821 1931 mortui,
1855 1861 1898 1916 Β
1928 1854 2111 1910 minus
2137 1854 2202 1909 ad
2239 1870 2353 1910 rem
2389 1869 2511 1909 eam
2540 1855 3005 1924 comprobanda“!
3033 1870 3342 1920 accurram.
3374 1856 3528 1911 obsi-

240 1947 371 2015 quia
398 1950 579 2003 omnis
603 1950 981 2005 malevolentia
1027 1966 1153 2006 cum
1184 1952 1288 2007 hac
1315 1954 1427 2007 vita
1463 1969 1571 2007 una
1600 1954 1827 2024 deponi-

242 2047 348 2091 tur.
391 2037 531 2094 Cum
589 2057 656 2097 eo
700 2042 1069 2100 familiaritate
1113 2045 1478 2116 coniunctus,
1532 2056 1824 2117 antequam

242 2127 500 2186 Ecclesia:
526 2133 794 2189 seditione
816 2135 1279 2204 conﬂictarentur,
1300 2137 1372 2192 ab
1400 2136 1547 2192 illius
1569 2139 1826 2195 manibus

240 2221 534 2293 episcopus
565 2225 877 2282 declaratus
922 2235 1006 2281 est
1050 2226 1407 2299 Bithynorum
1455 2229 1821 2300 Basinopolis.

238 2311 602 2384 Posteaquam
644 2326 824 2373 autem
850 2329 967 2374 orta
994 2330 1074 2375 est
1100 2321 1394 2386 dissensio,
1428 2325 1727 2391 permansit
1749 2326 1821 2389 ei,

239 2418 273 2459 ι
302 2419 414 2474 quo
444 2406 762 2476 designatus
793 2409 988 2472 fuerat,
1026 2412 1257 2477 amicus,
1284 2421 1340 2466 et
1371 2411 1472 2467 fuit
1495 2429 1561 2467 ex
1590 2414 1700 2470 illis
1729 2418 1823 2486 qui

240 2494 294 2548 in
321 2496 588 2552 seditione
611 2498 733 2568 ejus
759 2508 943 2570 partes
967 2502 1138 2556 secuti
1170 2510 1317 2558 sunt.
1338 2501 1702 2575 Posteaquam
1726 2521 1825 2562 au-

238 2596 343 2642 tem
366 2588 585 2644 concilii
607 2591 871 2646 sententia
897 2592 1027 2647 vicit
1051 2632 1066 2657 ,
1092 2594 1409 2665 aliquandiu
1442 2597 1663 2666 quidem
1699 2614 1824 2669 per-

237 2679 442 2733 mansit
491 2680 705 2736 seditio.
750 2681 889 2748 Quid
924 2699 1052 2737 vero
1080 2699 1295 2739 narrem
1320 2684 1532 2754 scienti,
1562 2687 1672 2743 imo
1698 2689 1820 2759 ipsi,

235 2769 330 2840 qui
364 2769 774 2826 administravit
797 2773 1232 2828 conciliationem
1260 2774 1458 2831 factam
1475 2777 1498 2830 ?
1515 2775 1820 2834 Praesertim

234 2875 359 2914 cum
380 2861 671 2929 quemdam
690 2862 930 2917 libellum
945 2864 1164 2935 legerim
1183 2866 1595 2938 doctum,quem
1609 2869 1674 2924 ad
1693 2869 1821 2925 bea-

236 2957 371 3016 tum,
408 2951 464 3004 ni
495 2950 676 3016 fallor,
707 2951 944 3008 Atticum
982 2955 1279 3021 scribebas,
1312 2957 1538 3014 hortans
1569 2960 1718 3014 illum
1752 2960 1819 3015 ad

232 3042 603 3111 receptionem
636 3044 853 3099 illorum
886 3045 1146 3110 virorum,
1176 3065 1194 3098 ι
1223 3049 1316 3118 qui
1344 3049 1597 3106 videlicet
1637 3060 1820 3121 partes

230 3129 612 3203 Chrysostomi
670 3136 1057 3204 sequebantur.
1112 3135 1274 3193 Forte
1294 3139 1528 3203 Atticus,
1566 3140 1651 3195 his
1676 3141 1821 3196 aliis-

231 3201 1060 3293 que'Orientaliumamicorum
1099 3231 1574 3286 exhortationibus
1609 3243 1815 3298 motus,
1845 3201 1888 3259 ο

231 3325 423 3382 postea
460 3316 731 3372 sinceram
758 3334 883 3373 cum
933 3319 1240 3379 fautoribus
1268 3322 1649 3394 Chrysostomi
1682 3327 1819 3381 ami-

230 3404 417 3459 citiam
453 3406 602 3471 iniit,
636 3416 689 3461 et
714 3408 870 3477 plene
906 3410 1169 3466 satisfecit
1204 3414 1611 3471 conditionilms
1634 3457 1647 3481 ,
1681 3432 1818 3486 quas

230 3496 478 3553 Romana
499 3499 739 3556 Ecclesia
774 3503 842 3557 ab
868 3503 987 3573 ipso
1010 3505 1277 3575 exigebat.
1313 3504 1368 3560 Si
1396 3508 1508 3562 haec
1535 3509 1817 3579 conjectu-

232 3607 288 3646 ra
325 3603 516 3647 nostra
548 3609 656 3648 non
693 3595 886 3664 placet,
915 3597 1141 3651 alteram
1175 3602 1588 3669 responsionem
1622 3602 1812 3658 offero.

298 3690 388 3745 i9.
415 3691 627 3746 Atticus
650 3706 713 3746 ex
738 3708 842 3746 una
869 3708 933 3763 pa
949 3704 1027 3748 rte
1059 3710 1157 3765 per
1184 3712 1469 3752 erroneam
1499 3699 1812 3767 Opinionem

228 3784 541 3847 verebatur,
585 3793 641 3838 ut
670 3784 897 3839 colendo
941 3788 1258 3842 memoriam
1294 3787 1522 3843 Joannis
1567 3789 1813 3860 Chryso-

228 3873 390 3927 stomi
430 3874 830 3931 ecclesiasticos
853 3892 1091 3932 canones
1116 3879 1249 3934 satis
1270 3888 1459 3934 exacte
1478 3880 1810 3948 observaret;

226 3982 289 4020 ex
317 3968 491 4021 altera
523 3982 651 4022 vero
683 3969 895 4024 videbat
947 3985 1005 4024 se
1057 3986 1084 4025 a
1118 3975 1244 4026 sede
1291 3973 1537 4027 Romana
1594 3987 1813 4043 separa-

224 4065 364 4123 tum,
398 4066 456 4113 et
501 4057 799 4114 Ecelesiam
850 4062 1063 4131 magnis
1107 4064 1607 4131 perturbationibus
1643 4066 1812 4135 agita-

222 4156 359 4212 tam,
386 4163 455 4202 eo
482 4150 627 4218 quod
670 4154 987 4207 memoriam
1027 4152 1403 4225 Chrysostomi
1427 4157 1700 4212 celebrare
1727 4172 1812 4212 re-

219 4240 622 4297 cusaretlium
652 4242 708 4297 in
736 4243 841 4299 hoc
867 4247 1120 4315 perplexo
1142 4263 1322 4303 rerum
1355 4258 1503 4304 statu
1536 4251 1627 4305 diu
1652 4252 1810 4306 dubi-

219 4333 593 4403 tasset,quid
643 4334 745 4388 sibi
793 4336 975 4405 potius
1026 4337 1332 4393 faciendum
1378 4351 1542 4404 esset,
1590 4343 1805 4397 tandem

216 4426 566 4496 scrupulosa:
615 4441 885 4481 canonum
924 4428 1286 4484 observationi
1335 4431 1698 4487 obedientiam
1754 4442 1810 4488 et

1930 1957 2075 2002 stere
2105 1948 2376 2003 videntur.
2415 1946 2703 2013 Quomodo
2738 1961 2975 2017 namque
3016 1950 3158 2002 inter
3206 1948 3521 2004 sacerdotes

1929 2034 2023 2090 Dei
2049 2035 2380 2101 censebitur,
2410 2036 2700 2091 illorumve
2730 2035 2866 2091 feret
2890 2045 3112 2101 sortem,
3142 2039 3229 2092 cui
3257 2040 3520 2094 sacerdo-

1931 2125 2053 2181 talis
2085 2126 2322 2197 dignitas
2353 2127 2617 2197 abrogata
2650 2126 2771 2181 est?
2808 2125 3097 2193 Quomodo
3148 2143 3279 2184 vero
3327 2129 3381 2183 in
3431 2143 3518 2184 ca-

1930 2218 2109 2288 talogo
2142 2234 2427 2275 sacrorum
2469 2220 2850 2275 ministrorum
2880 2222 3003 2288 erit,
3046 2221 3140 2292 qui
3177 2221 3516 2277 ecclesiasti-

1933 2308 2015 2364 cis
2039 2310 2315 2365 mtcnibus
2340 2311 2546 2380 ejectus
2572 2312 2695 2366 est?
2722 2330 2740 2362 ι
2778 2310 2984 2367 Omitto
3024 2314 3290 2383 reliquam
3318 2313 3375 2367 S.
3408 2312 3515 2385 Cy-

1928 2399 2035 2453 rilli
2081 2400 2388 2469 epistolam,
2452 2416 2575 2470 qua:
2631 2401 2940 2456 durissimis
2973 2401 3243 2457 rontnaS.
3282 2402 3514 2473 Chrys.-

1929 2496 2168 2543 stomum
2193 2488 2643 2559 expressionibus
2677 2505 2741 2545 ac
2769 2490 2974 2545 odiosis
3007 2493 3513 2561 comparationibus

1926 2580 2085 2650 plena
2128 2589 2235 2645 est,
2287 2591 2346 2634 ut
2392 2580 2558 2635 etiam
2614 2579 2910 2637 Facundus
2961 2578 3371 2637 llcrmiancnsis
3410 2597 3513 2652 pro

1926 2671 2241 2741 Defensione
2259 2673 2420 2725 trium
2450 2674 2805 2741 capitulorum
2838 2674 3051 2726 concrlit
3070 2670 3512 2729 Chatrtdtmensts

1925 2764 2022 2819 lib.
2058 2779 2130 2830 IV,
2163 2780 2282 2835 cap.
2321 2765 2370 2830 1,
2400 2774 2525 2834 post
2562 2764 2785 2819 allatum
2826 2764 3072 2834 ejusdem
3113 2766 3356 2835 epistolae
3403 2766 3508 2821 fra-

1923 2862 2226 2925 gmentum,
2260 2855 2635 2923 conqueritur.

1992 2963 2083 3017 21.
2126 2961 2245 3017 Non
2278 2973 2362 3017 est
2392 2962 2504 3018 ullo
2536 2963 2700 3017 modo
2725 2964 3040 3027 verisimile,
3080 2963 3137 3018 S.
3188 2964 3429 3019 At:icum
3454 2964 3506 3017 in

1923 3070 1987 3110 ea
2034 3055 2291 3124 opinione
2341 3068 2743 3123 perseverasse,
2791 3069 2917 3109 cum
2970 3053 3217 3109 Ecclesia
3261 3052 3506 3109 Romana

1923 3148 2108 3216 plures
2140 3146 2209 3201 ab
2236 3146 2353 3217 ipso
2387 3146 2625 3214 exegerit
2657 3147 2810 3216 pacis
2844 3147 3210 3211 conditiones,
3246 3156 3304 3202 ut
3343 3162 3505 3219 supra

1922 3238 2179 3293 diximus.
2209 3239 2322 3293 lmo
2360 3239 2575 3293 etiamsi
2612 3240 2778 3308 gratis
2808 3243 3189 3303 concederent,
3232 3240 3385 3295 illum
3419 3243 3503 3295 in-

1922 3339 2081 3387 caute
2108 3331 2164 3384 in
2214 3347 2285 3385 eo
2330 3346 2517 3385 errore
2547 3332 2936 3400 permansisse,
2971 3346 3039 3385 an
3073 3340 3360 3400 propterea
3397 3342 3500 3387 sta-

1924 3422 2018 3475 tim
2058 3436 2123 3476 ex
2165 3420 2288 3475 albo
2328 3430 2643 3476 sanctorum
2686 3421 3078 3490 expungendus
3121 3418 3260 3474 erit?
3302 3418 3372 3475 Ut
3418 3421 3508 3474 hic

1920 3513 2024 3567 alia
2061 3512 2494 3581 praetermittam,
2526 3511 2807 3580 quomodo
2830 3510 2883 3562 in
2903 3517 3218 3563 sanctorum
3250 3508 3499 3578 catalogc

1920 3605 2265 3673 relinquetur
2289 3601 2341 3656 S.
2374 3603 2631 3673 Cyrillus,
2669 3601 2762 3670 qui
2793 3616 2938 3655 anno
2959 3601 3055 3653 451
3093 3600 3175 3654 vel
3195 3599 3322 3663 452,
3357 3613 3498 3668 post-

1918 3712 2081 3766 quzim
2107 3694 2220 3765 jam
2254 3694 2345 3748 diu
2377 3709 2574 3747 nomen
2608 3692 2664 3746 S.
2695 3693 3074 3764 Chrysostomi
3115 3694 3391 3763 diptycbis
3422 3694 3497 3745 in-

1918 3797 2184 3851 seruerat,
2210 3795 2391 3839 tamen
2419 3785 2470 3837 in
2503 3782 2747 3852 Epistola
2782 3783 2851 3837 ad
2878 3785 3135 3839 Acacium
3168 3784 3496 3841 Berwensem

1918 3878 1991 3931 ita
2034 3877 2227 3931 scribit
2264 3893 2275 3927 :
2317 3894 2334 3925 ε
2384 3874 2515 3929 Volo
2551 3885 2732 3930 autem
2776 3887 2925 3930 tuam
2972 3877 3318 3931 sanctitatem
3371 3879 3494 3933 utile

1916 3967 2128 4039 [Lupus
2160 3977 2216 4021 ut
2256 3966 2369 4040 ille]
2399 3967 2600 4037 aliquid
2628 3984 3080 4034 commemorare,
3105 3969 3249 4039 quod
3276 3971 3340 4023 ad
3364 3984 3493 4039 prte-

1916 4078 2043 4115 sens
2069 4048 2303 4130 pertinet
2338 4070 2551 4130 tempus
2576 4077 2588 4111 :
2613 4062 2832 4130 quando
2857 4060 3001 4113 enim
3025 4061 3079 4113 in
3117 4076 3310 4130 magna
3351 4060 3492 4116 Con—

1915 4152 2476 4221 stantinopolisancta
2516 4161 2694 4207 vestra
2737 4152 2982 4221 synodus
3025 4162 3349 4223 congregata
3392 4164 3495 4217 est,

1913 4250 2045 4296 tunc
2093 4243 2313 4311 quando
2354 4240 2596 4296 Joannes
2638 4251 2721 4297 est
2769 4251 3084 4306 accusatus,
3113 4241 3309 4297 deinde
3345 4253 3495 4311 gesta

1912 4345 2039 4390 sunt
2089 4351 2254 4405 super
2296 4351 2363 4389 eo
2408 4351 2435 4388 a
2491 4335 2674 4388 multis
2721 4335 2772 4388 in
2818 4335 3026 4404 scripto
3075 4337 3494 4399 commentaria,

1910 4442 2035 4482 cum
2084 4427 2328 4480 futurum
2378 4436 2542 4492 esset,
2590 4435 2649 4479 ut
2693 4436 2882 4479 contra
2927 4442 3051 4480 cum
3089 4427 3332 4480 definitio
3368 4443 3492 4497 pro-

212 4530 573 4571 communem
628 4516 885 4571 Ecclesiae
933 4534 1120 4588 pacem
1167 4522 1425 4588 prietulit,
1470 4531 1530 4576 ut
1580 4525 1805 4594 ipsemet
1837 4539 1879 4592 ι)
1911 4518 2165 4581 ferretur,
2208 4528 2263 4572 et
2310 4534 2485 4573 essent
2539 4533 2638 4584 ego
2676 4533 2815 4571 unus
2849 4519 3172 4582 astantium,
3224 4520 3372 4583 seio,
3406 4535 3492 4575 me

213 4610 270 4663 in
302 4606 554 4677 Epistola
585 4608 654 4661 ad
686 4608 946 4677 Cyrillum
984 4610 1071 4665 his
1106 4613 1284 4666 verbis
1316 4614 1556 4669 declarat
1584 4634 1596 4668 :
1641 4634 1659 4667 ε
1696 4616 1803 4669 Coo

209 4698 583 4771 gitationibus
606 4700 811 4754 nostris
838 4700 903 4754 ad
933 4700 1119 4770 pupuli
1151 4703 1499 4758 concordiam
1534 4704 1800 4772 inclinati,

208 4789 528 4847 canonibus
556 4790 772 4858 quidem
812 4788 1036 4845 Patrum
1073 4790 1458 4847 detrimentum
1486 4795 1692 4850 nullum
1723 4795 1803 4850 af-

210 4883 483 4946 ferimus;
516 4890 718 4936 exactae
744 4891 924 4936 autem
972 4885 1260 4937 verborum
1291 4884 1656 4940 observationi
1687 4887 1803 4942 uni-

210 4976 363 5031 versi
394 4975 545 5030 orbis
568 4991 756 5046 pacem
795 4975 1157 5046 praeferimus.
1192 4996 1210 5029 I
1253 4977 1453 5033 Deinde
1473 4981 1799 5049 quibusdam

206 5066 483 5135 exemplis
529 5067 741 5135 probat,
783 5066 1077 5135 aliquando
1116 5068 1185 5122 ob
1217 5070 1537 5124 charitatem
1563 5079 1657 5126 aut
1697 5089 1798 5142 pn-

207 5157 417 5211 blieam
475 5154 794 5219 utilitatem,
849 5156 915 5210 de
963 5157 1249 5212 severitate
1303 5159 1796 5217 ecclesiasticarum

208 5245 671 5302 constitutionem
703 5246 908 5316 aliquid
945 5246 1334 5302 remittendum
1369 5264 1510 5304 esse.

275 5333 373 5389 20.
422 5333 559 5388 Tota
599 5334 767 5403 igitur
812 5335 871 5389 S.
913 5335 1075 5391 Attici
1125 5337 1285 5405 culpa
1325 5339 1380 5391 in
1420 5354 1486 5391 eo
1525 5340 1795 5407 consistit,

204 5426 359 5497 quod
389 5433 516 5495 post
548 5425 859 5479 restitutam
888 5424 945 5482 S.
973 5426 1348 5497 Chrysostomi
1382 5430 1699 5484 memoriam
1728 5433 1794 5500 (si

204 5526 396 5571 tamen
434 5514 552 5569 hac
579 5511 998 5583 fueritperfecta
1024 5526 1078 5570 et
1098 5516 1286 5571 ultima
1324 5517 1603 5572 memoriae
1624 5518 1796 5591 Chry-

202 5607 567 5665 sostomianaa
624 5608 929 5673 restitutio,
964 5610 1031 5665 de
1064 5626 1171 5679 qua
1227 5625 1284 5665 re
1332 5612 1493 5681 paulo
1544 5613 1794 5681 superius

204 5716 360 5756 num.
390 5699 461 5754 17
489 5698 908 5774 disputavimus)
954 5703 1194 5756 nondum
1251 5706 1475 5758 omnino
1511 5707 1793 5763 convictus

202 5795 372 5852 luerit
418 5793 491 5851 de
534 5792 740 5864 injusta
794 5794 851 5851 S.
902 5796 1275 5866 Chrysostomi
1330 5797 1685 5866 depositione,
1740 5809 1791 5853 et

1918 4612 2142 4665 audisse
2167 4612 2512 4666 sanctitatem
2551 4620 2697 4664 tuam
2734 4611 3157 4681 sanctaasynodo
3196 4611 3276 4666 sic
3308 4612 3488 4666 dicen-

1912 4712 2018 4757 tem
2062 4703 2248 4765 :Quia
2296 4703 2342 4754 si
2397 4701 2616 4767 scirem,
2669 4702 2808 4770 quod
2847 4717 3018 4765 nunc,
3072 4702 3119 4753 si
3160 4700 3364 4755 Joanni
3404 4719 3470 4756 re-

1910 4795 2054 4846 m'ant
2080 4793 2417 4863 largiremur,
2463 4792 2651 4845 melior
2676 4793 2821 4859 ﬁeret
2858 4793 3155 4861 semetipso,
3198 4801 3245 4845 et
3289 4794 3487 4847 retede-

1909 4895 1985 4938 ret
2030 4901 2061 4937 a
2098 4884 2304 4937 duritia
2360 4892 2408 4937 et
2457 4884 2763 4952 asperitate,
2809 4898 2925 4951 qua:
2970 4883 3023 4935 in
3055 4901 3115 4935 eo
3155 4892 3253 4948 est,
3312 4898 3488 4938 omnes

1906 4994 1995 5031 ros
2072 4994 2338 5047 rogassem
2398 4991 2493 5044 pro
2551 4993 2632 5031 eo.
2700 4975 3081 5028 Admirabilis‘
3126 4990 3254 5044 ergo
3326 4975 3486 5029 etiam

1904 5071 2049 5124 circa
2095 5070 2196 5123 hoc
2231 5070 2427 5124 iterum
2452 5068 2696 5136 judicata
2728 5079 2811 5121 est
2848 5067 3109 5121 sanctitas
3147 5077 3257 5129 tua,
3287 5068 3486 5136 quippe

1906 5170 1963 5213 ut
2008 5177 2131 5230 qua:
2182 5161 2379 5214 dixerit
2420 5161 2725 5214 veritatem.
2776 5158 2917 5223 Quid
2980 5157 3146 5227 igitur
3198 5157 3484 5225 oportebat

1901 5262 2145 5307 sanctam
2176 5252 2444 5323 synodum
2482 5250 2679 5314 facere,
2716 5264 2837 5318 quze
2862 5248 3290 5317 itnpmnitentem
3318 5254 3372 5299 et
3401 5247 3482 5299 sic

1900 5344 2234 5411 pertinacem
2275 5342 2475 5411 reperit
2512 5342 2663 5395 illum
2687 5380 2701 5401 ,
2733 5340 2827 5407 qui
2864 5348 3024 5392 rectae
3059 5336 3181 5391 fidei
3214 5351 3480 5403 repugna-

1898 5434 2014 5487 vit?
2054 5453 2070 5484 I
2113 5432 2264 5487 Hanc
2303 5432 2362 5485 S.
2389 5431 2575 5501 Cyrilli
2612 5429 2893 5498 epistolam
2942 5429 3084 5481 inter
3130 5426 3266 5480 alias
3297 5425 3478 5480 vario-

1899 5541 2019 5578 rum
2050 5523 2296 5588 Patrum,
2342 5522 2407 5575 ad
2456 5521 2748 5573 concilium
2781 5517 3113 5587 Ephesinum
3143 5524 3472 5585 spectantes,

1895 5616 2243 5669 Christianus
2292 5612 2476 5681 Lupus
2538 5610 2760 5663 Lovanii
2789 5625 2934 5663 anno
2988 5606 3146 5674 1682,
3170 5621 3290 5676 cap.
3318 5606 3407 5674 56,
3441 5623 3474 5665 a

1895 5725 2017 5779 pag.
2081 5706 2182 5759 129
2225 5705 2409 5767 edidit,
2462 5712 2515 5755 et
2561 5701 2870 5770 Stephanus
2906 5699 3157 5755 Baluzius
3209 5699 3262 5754 in
3316 5697 3470 5755 Nova

1896 5797 2253 5853 Conciliorum
2285 5794 2609 5860 collectione,
2648 5808 2741 5848 seu
2791 5793 3161 5863 Supplementa
3184 5791 3255 5847 ad
3277 5792 3469 5848 collec-
