  <div class='ocr_page' id='page_1' title='image "/cluster/home/n/w/nwhite01/storage/ocr_20150623/65/mdp.39015008972203/329.png"; bbox 0 0 4028 6330; ppageno 0'>
   <div class='ocr_carea' id='block_1_1' title="bbox 548 365 651 424">
    <p class='ocr_par' dir='ltr' id='par_1_1' title="bbox 548 365 651 424">
     <span class='ocr_line' id='line_1_1' title="bbox 548 365 651 424; baseline 0 0"><span class='ocrx_word' id='word_1_1' title='bbox 548 365 651 424; x_wconf 69' lang='grc'><strong>647</strong></span> 
     </span>
    </p>
   </div>
   <div class='ocr_carea' id='block_1_2' title="bbox 1751 351 3770 415">
    <p class='ocr_par' dir='ltr' id='par_1_2' title="bbox 1751 351 3770 415">
     <span class='ocr_line' id='line_1_2' title="bbox 1751 351 3770 415; baseline 0.002 -5"><span class='ocrx_word' id='word_1_2' title='bbox 1751 357 1805 410; x_wconf 87' lang='lat' dir='ltr'><strong>S.</strong></span> <span class='ocrx_word' id='word_1_3' title='bbox 1850 351 2081 409; x_wconf 81' lang='lat' dir='ltr'><strong>ATTICI</strong></span> <span class='ocrx_word' id='word_1_4' title='bbox 2116 352 2221 407; x_wconf 72' lang='grc' dir='ltr'><strong>(ΖΡ.</strong></span> <span class='ocrx_word' id='word_1_5' title='bbox 2267 352 2600 410; x_wconf 82' lang='lat' dir='ltr'><strong>EPISCOPI.</strong></span> <span class='ocrx_word' id='word_1_6' title='bbox 3679 359 3770 415; x_wconf 65' lang='lat' dir='ltr'><strong>till</strong></span> 
     </span>
    </p>
   </div>
   <div class='ocr_carea' id='block_1_3' title="bbox 547 467 3770 544">
    <p class='ocr_par' dir='ltr' id='par_1_3' title="bbox 547 467 3770 544">
     <span class='ocr_line' id='line_1_3' title="bbox 547 467 3770 544; baseline -0.002 -11"><span class='ocrx_word' id='word_1_7' title='bbox 547 485 742 534; x_wconf 76' lang='lat' dir='ltr'><strong>tionem</strong></span> <span class='ocrx_word' id='word_1_8' title='bbox 770 474 1225 544; x_wconf 63' lang='lat' dir='ltr'><strong>PhiliveiLabbci,</strong></span> <span class='ocrx_word' id='word_1_9' title='bbox 1245 471 1465 528; x_wconf 84' lang='lat' dir='ltr'><strong>Parisiis</strong></span> <span class='ocrx_word' id='word_1_10' title='bbox 1483 484 1629 526; x_wconf 90' lang='lat' dir='ltr'><strong>anno</strong></span> <span class='ocrx_word' id='word_1_11' title='bbox 1654 469 1813 534; x_wconf 78' lang='lat' dir='ltr'><strong>I707,</strong></span> <span class='ocrx_word' id='word_1_12' title='bbox 1836 486 1865 525; x_wconf 91' lang='lat' dir='ltr'><strong>a</strong></span> <span class='ocrx_word' id='word_1_13' title='bbox 1887 468 2130 533; x_wconf 79' lang='lat' dir='ltr'><strong>col.758,</strong></span> <span class='ocrx_word' id='word_1_14' title='bbox 2161 474 2203 529; x_wconf 78' lang='grc' dir='ltr'><strong>Α</strong></span> <span class='ocrx_word' id='word_1_15' title='bbox 2233 470 2396 525; x_wconf 88' lang='lat' dir='ltr'><strong>etiam</strong></span> <span class='ocrx_word' id='word_1_16' title='bbox 2428 470 2661 525; x_wconf 78' lang='lat' dir='ltr'><strong>libenter</strong></span> <span class='ocrx_word' id='word_1_17' title='bbox 2703 469 2951 535; x_wconf 88' lang='lat' dir='ltr'><strong>admitto,</strong></span> <span class='ocrx_word' id='word_1_18' title='bbox 2992 480 3050 525; x_wconf 92' lang='lat' dir='ltr'><strong>ut</strong></span> <span class='ocrx_word' id='word_1_19' title='bbox 3081 468 3137 524; x_wconf 88' lang='lat' dir='ltr'><strong>S.</strong></span> <span class='ocrx_word' id='word_1_20' title='bbox 3183 467 3445 540; x_wconf 79' lang='lat' dir='ltr'><strong>Cyrillum</strong></span> <span class='ocrx_word' id='word_1_21' title='bbox 3476 468 3539 523; x_wconf 89' lang='lat' dir='ltr'><strong>de</strong></span> <span class='ocrx_word' id='word_1_22' title='bbox 3560 472 3770 539; x_wconf 79' lang='lat' dir='ltr'><strong>pertina-</strong></span> 
     </span>
    </p>
   </div>
   <div class='ocr_carea' id='block_1_4' title="bbox 547 561 1909 633">
    <p class='ocr_par' dir='ltr' id='par_1_4' title="bbox 547 561 1909 633">
     <span class='ocr_line' id='line_1_4' title="bbox 547 561 1909 633; baseline -0.01 -8"><span class='ocrx_word' id='word_1_23' title='bbox 547 571 780 626; x_wconf 83' lang='lat' dir='ltr'><strong>recudit.</strong></span> <span class='ocrx_word' id='word_1_24' title='bbox 811 569 899 622; x_wconf 87' lang='lat' dir='ltr'><strong>ubi</strong></span> <span class='ocrx_word' id='word_1_25' title='bbox 931 567 1182 621; x_wconf 89' lang='lat' dir='ltr'><strong>utrolibet</strong></span> <span class='ocrx_word' id='word_1_26' title='bbox 1204 566 1327 618; x_wconf 90' lang='lat' dir='ltr'><strong>loco</strong></span> <span class='ocrx_word' id='word_1_27' title='bbox 1351 564 1557 633; x_wconf 86' lang='lat' dir='ltr'><strong>integra</strong></span> <span class='ocrx_word' id='word_1_28' title='bbox 1574 561 1678 631; x_wconf 84' lang='lat' dir='ltr'><strong>legi</strong></span> <span class='ocrx_word' id='word_1_29' title='bbox 1709 570 1909 631; x_wconf 84' lang='lat' dir='ltr'><strong>potest.</strong></span> 
     </span>
    </p>
   </div>
   <div class='ocr_carea' id='block_1_5' title="bbox 625 637 2121 724">
    <p class='ocr_par' dir='ltr' id='par_1_5' title="bbox 625 637 2121 724">
     <span class='ocr_line' id='line_1_5' title="bbox 625 637 2121 724; baseline -0.005 -11"><span class='ocrx_word' id='word_1_30' title='bbox 625 661 716 714; x_wconf 71' lang='grc'><strong>22.</strong></span> <span class='ocrx_word' id='word_1_31' title='bbox 761 658 836 711; x_wconf 79' lang='lat' dir='ltr'><strong>Ex</strong></span> <span class='ocrx_word' id='word_1_32' title='bbox 883 667 1000 711; x_wconf 90' lang='lat' dir='ltr'><strong>toto</strong></span> <span class='ocrx_word' id='word_1_33' title='bbox 1053 637 1213 724; x_wconf 77' lang='lat' dir='ltr'><strong>hujus</strong></span> <span class='ocrx_word' id='word_1_34' title='bbox 1261 654 1507 723; x_wconf 72' lang='lat' dir='ltr'><strong>epistola:</strong></span> <span class='ocrx_word' id='word_1_35' title='bbox 1560 662 1818 708; x_wconf 81' lang='lat' dir='ltr'><strong>contextu</strong></span> <span class='ocrx_word' id='word_1_36' title='bbox 1865 660 2121 722; x_wconf 87' lang='lat' dir='ltr'><strong>apparet,</strong></span> 
     </span>
    </p>
   </div>
   <div class='ocr_carea' id='block_1_6' title="bbox 550 743 2122 821">
    <p class='ocr_par' dir='ltr' id='par_1_6' title="bbox 550 743 2122 821">
     <span class='ocr_line' id='line_1_6' title="bbox 550 743 2122 821; baseline -0.006 -15"><span class='ocrx_word' id='word_1_37' title='bbox 550 752 695 821; x_wconf 85' lang='lat' dir='ltr'><strong>quod</strong></span> <span class='ocrx_word' id='word_1_38' title='bbox 733 749 968 818; x_wconf 82' lang='lat' dir='ltr'><strong>Cyrillus</strong></span> <span class='ocrx_word' id='word_1_39' title='bbox 991 747 1189 801; x_wconf 86' lang='lat' dir='ltr'><strong>Acacio</strong></span> <span class='ocrx_word' id='word_1_40' title='bbox 1219 746 1550 815; x_wconf 87' lang='lat' dir='ltr'><strong>persuadere</strong></span> <span class='ocrx_word' id='word_1_41' title='bbox 1575 746 1777 814; x_wconf 89' lang='lat' dir='ltr'><strong>cupiat,</strong></span> <span class='ocrx_word' id='word_1_42' title='bbox 1808 743 2122 799; x_wconf 79' lang='lat' dir='ltr'><strong>Nestorium</strong></span> 
     </span>
    </p>
   </div>
   <div class='ocr_carea' id='block_1_7' title="bbox 553 836 2127 907">
    <p class='ocr_par' dir='ltr' id='par_1_7' title="bbox 553 836 2127 907">
     <span class='ocr_line' id='line_1_7' title="bbox 553 836 2127 907; baseline -0.004 -11"><span class='ocrx_word' id='word_1_43' title='bbox 553 840 965 896; x_wconf 72' lang='lat' dir='ltr'><strong>haeresiarchatn</strong></span> <span class='ocrx_word' id='word_1_44' title='bbox 986 839 1113 907; x_wconf 88' lang='lat' dir='ltr'><strong>jure</strong></span> <span class='ocrx_word' id='word_1_45' title='bbox 1144 838 1342 891; x_wconf 82' lang='lat' dir='ltr'><strong>merito</strong></span> <span class='ocrx_word' id='word_1_46' title='bbox 1378 837 1799 892; x_wconf 87' lang='lat' dir='ltr'><strong>condemnatum</strong></span> <span class='ocrx_word' id='word_1_47' title='bbox 1838 837 2026 892; x_wconf 77' lang='lat' dir='ltr'><strong>fuisse.</strong></span> <span class='ocrx_word' id='word_1_48' title='bbox 2055 836 2127 893; x_wconf 91' lang='lat' dir='ltr'><strong>Ut</strong></span> 
     </span>
    </p>
   </div>
   <div class='ocr_carea' id='block_1_8' title="bbox 550 929 2124 999">
    <p class='ocr_par' dir='ltr' id='par_1_8' title="bbox 550 929 2124 999">
     <span class='ocr_line' id='line_1_8' title="bbox 550 929 2124 999; baseline -0.004 -11"><span class='ocrx_word' id='word_1_49' title='bbox 550 944 725 987; x_wconf 89' lang='lat' dir='ltr'><strong>autem</strong></span> <span class='ocrx_word' id='word_1_50' title='bbox 763 933 811 985; x_wconf 90' lang='lat' dir='ltr'><strong>id</strong></span> <span class='ocrx_word' id='word_1_51' title='bbox 836 931 1039 984; x_wconf 78' lang='lat' dir='ltr'><strong>clarius</strong></span> <span class='ocrx_word' id='word_1_52' title='bbox 1060 933 1271 999; x_wconf 84' lang='lat' dir='ltr'><strong>probet,</strong></span> <span class='ocrx_word' id='word_1_53' title='bbox 1298 930 1439 984; x_wconf 88' lang='lat' dir='ltr'><strong>inter</strong></span> <span class='ocrx_word' id='word_1_54' title='bbox 1467 930 1573 984; x_wconf 87' lang='lat' dir='ltr'><strong>alia</strong></span> <span class='ocrx_word' id='word_1_55' title='bbox 1597 931 1789 999; x_wconf 88' lang='lat' dir='ltr'><strong>allegat</strong></span> <span class='ocrx_word' id='word_1_56' title='bbox 1818 929 2124 998; x_wconf 78' lang='lat' dir='ltr'><strong>exemplum</strong></span> 
     </span>
    </p>
   </div>
   <div class='ocr_carea' id='block_1_9' title="bbox 548 1021 2127 1092">
    <p class='ocr_par' dir='ltr' id='par_1_9' title="bbox 548 1021 2127 1092">
     <span class='ocr_line' id='line_1_9' title="bbox 548 1021 2127 1092; baseline -0.002 -17"><span class='ocrx_word' id='word_1_57' title='bbox 548 1021 775 1077; x_wconf 81' lang='lat' dir='ltr'><strong>Joannis</strong></span> <span class='ocrx_word' id='word_1_58' title='bbox 813 1021 1215 1092; x_wconf 87' lang='lat' dir='ltr'><strong>Chrysostomi,</strong></span> <span class='ocrx_word' id='word_1_59' title='bbox 1248 1030 1413 1091; x_wconf 88' lang='lat' dir='ltr'><strong>atque</strong></span> <span class='ocrx_word' id='word_1_60' title='bbox 1443 1037 1474 1075; x_wconf 90' lang='lat' dir='ltr'><strong>a</strong></span> <span class='ocrx_word' id='word_1_61' title='bbox 1510 1021 1673 1075; x_wconf 78' lang='lat' dir='ltr'><strong>simili</strong></span> <span class='ocrx_word' id='word_1_62' title='bbox 1713 1028 2127 1091; x_wconf 77' lang='lat' dir='ltr'><strong>argumentatur</strong></span> 
     </span>
    </p>
   </div>
   <div class='ocr_carea' id='block_1_10' title="bbox 550 1110 2122 1183">
    <p class='ocr_par' dir='ltr' id='par_1_10' title="bbox 550 1110 2122 1183">
     <span class='ocr_line' id='line_1_10' title="bbox 550 1110 2122 1183; baseline -0.003 -16"><span class='ocrx_word' id='word_1_63' title='bbox 550 1114 602 1167; x_wconf 92' lang='lat' dir='ltr'><strong>in</strong></span> <span class='ocrx_word' id='word_1_64' title='bbox 642 1117 785 1167; x_wconf 87' lang='lat' dir='ltr'><strong>hunc</strong></span> <span class='ocrx_word' id='word_1_65' title='bbox 829 1112 942 1167; x_wconf 80' lang='lat' dir='ltr'><strong>fere</strong></span> <span class='ocrx_word' id='word_1_66' title='bbox 988 1113 1208 1166; x_wconf 90' lang='lat' dir='ltr'><strong>modum</strong></span> <span class='ocrx_word' id='word_1_67' title='bbox 1258 1129 1272 1165; x_wconf 92' lang='lat'><strong>:</strong></span> <span class='ocrx_word' id='word_1_68' title='bbox 1317 1112 1559 1167; x_wconf 85' lang='lat' dir='ltr'><strong>Joannes</strong></span> <span class='ocrx_word' id='word_1_69' title='bbox 1600 1110 2026 1183; x_wconf 86' lang='lat' dir='ltr'><strong>Chrysostomus</strong></span> <span class='ocrx_word' id='word_1_70' title='bbox 2070 1111 2122 1163; x_wconf 91' lang='lat' dir='ltr'><strong>in</strong></span> 
     </span>
    </p>
   </div>
   <div class='ocr_carea' id='block_1_11' title="bbox 549 1203 2127 1275">
    <p class='ocr_par' dir='ltr' id='par_1_11' title="bbox 549 1203 2127 1275">
     <span class='ocr_line' id='line_1_11' title="bbox 549 1203 2127 1275; baseline -0.001 -18"><span class='ocrx_word' id='word_1_71' title='bbox 549 1215 734 1259; x_wconf 90' lang='lat' dir='ltr'><strong>sancta</strong></span> <span class='ocrx_word' id='word_1_72' title='bbox 765 1205 972 1275; x_wconf 90' lang='lat' dir='ltr'><strong>synodo</strong></span> <span class='ocrx_word' id='word_1_73' title='bbox 1003 1205 1069 1257; x_wconf 90' lang='lat' dir='ltr'><strong>ad</strong></span> <span class='ocrx_word' id='word_1_74' title='bbox 1090 1204 1365 1269; x_wconf 80' lang='lat' dir='ltr'><strong>Qucrcum</strong></span> <span class='ocrx_word' id='word_1_75' title='bbox 1399 1204 1469 1258; x_wconf 87' lang='lat' dir='ltr'><strong>ab</strong></span> <span class='ocrx_word' id='word_1_76' title='bbox 1506 1204 1823 1273; x_wconf 84' lang='lat' dir='ltr'><strong>episcopatu</strong></span> <span class='ocrx_word' id='word_1_77' title='bbox 1849 1203 2127 1272; x_wconf 84' lang='lat' dir='ltr'><strong>depositus</strong></span> 
     </span>
    </p>
   </div>
   <div class='ocr_carea' id='block_1_12' title="bbox 548 1298 2127 1367">
    <p class='ocr_par' dir='ltr' id='par_1_12' title="bbox 548 1298 2127 1367">
     <span class='ocr_line' id='line_1_12' title="bbox 548 1298 2127 1367; baseline -0.003 -13"><span class='ocrx_word' id='word_1_78' title='bbox 548 1309 631 1354; x_wconf 90' lang='lat' dir='ltr'><strong>est</strong></span> <span class='ocrx_word' id='word_1_79' title='bbox 686 1301 758 1353; x_wconf 87' lang='lat' dir='ltr'><strong>ob</strong></span> <span class='ocrx_word' id='word_1_80' title='bbox 805 1299 1061 1352; x_wconf 89' lang='lat' dir='ltr'><strong>duritiam</strong></span> <span class='ocrx_word' id='word_1_81' title='bbox 1111 1306 1165 1351; x_wconf 92' lang='lat' dir='ltr'><strong>et</strong></span> <span class='ocrx_word' id='word_1_82' title='bbox 1202 1300 1548 1367; x_wconf 86' lang='lat' dir='ltr'><strong>asperitatem</strong></span> <span class='ocrx_word' id='word_1_83' title='bbox 1606 1298 1728 1367; x_wconf 90' lang='lat' dir='ltr'><strong>(sic</strong></span> <span class='ocrx_word' id='word_1_84' title='bbox 1776 1298 2127 1352; x_wconf 82' lang='lat' dir='ltr'><strong>adversantes</strong></span> 
     </span>
    </p>
   </div>
   <div class='ocr_carea' id='block_1_13' title="bbox 550 1389 2124 1458">
    <p class='ocr_par' dir='ltr' id='par_1_13' title="bbox 550 1389 2124 1458">
     <span class='ocr_line' id='line_1_13' title="bbox 550 1389 2124 1458; baseline -0.004 -12"><span class='ocrx_word' id='word_1_85' title='bbox 550 1403 738 1446; x_wconf 88' lang='lat' dir='ltr'><strong>sancto</strong></span> <span class='ocrx_word' id='word_1_86' title='bbox 765 1390 982 1458; x_wconf 75' lang='lat' dir='ltr'><strong>praesuli</strong></span> <span class='ocrx_word' id='word_1_87' title='bbox 1012 1389 1267 1443; x_wconf 83' lang='lat' dir='ltr'><strong>invictam</strong></span> <span class='ocrx_word' id='word_1_88' title='bbox 1303 1390 1423 1457; x_wconf 88' lang='lat' dir='ltr'><strong>ejus</strong></span> <span class='ocrx_word' id='word_1_89' title='bbox 1453 1391 1813 1444; x_wconf 89' lang='lat' dir='ltr'><strong>constantiam</strong></span> <span class='ocrx_word' id='word_1_90' title='bbox 1842 1404 2124 1458; x_wconf 85' lang='lat' dir='ltr'><strong>perperam</strong></span> 
     </span>
    </p>
   </div>
   <div class='ocr_carea' id='block_1_14' title="bbox 549 1480 2127 1553">
    <p class='ocr_par' dir='ltr' id='par_1_14' title="bbox 549 1480 2127 1553">
     <span class='ocr_line' id='line_1_14' title="bbox 549 1480 2127 1553; baseline -0.003 -16"><span class='ocrx_word' id='word_1_91' title='bbox 549 1482 914 1553; x_wconf 87' lang='lat' dir='ltr'><strong>appe‘labant)</strong></span> <span class='ocrx_word' id='word_1_92' title='bbox 942 1497 970 1534; x_wconf 90' lang='lat' dir='ltr'><strong>a</strong></span> <span class='ocrx_word' id='word_1_93' title='bbox 989 1496 1092 1550; x_wconf 87' lang='lat' dir='ltr'><strong>qua</strong></span> <span class='ocrx_word' id='word_1_94' title='bbox 1113 1480 1290 1549; x_wconf 91' lang='lat' dir='ltr'><strong>ipsum</strong></span> <span class='ocrx_word' id='word_1_95' title='bbox 1329 1496 1607 1550; x_wconf 88' lang='lat' dir='ltr'><strong>nunquam</strong></span> <span class='ocrx_word' id='word_1_96' title='bbox 1626 1494 1966 1535; x_wconf 85' lang='lat' dir='ltr'><strong>recessurum</strong></span> <span class='ocrx_word' id='word_1_97' title='bbox 1987 1481 2127 1533; x_wconf 84' lang='lat' dir='ltr'><strong>Aca-</strong></span> 
     </span>
    </p>
   </div>
   <div class='ocr_carea' id='block_1_15' title="bbox 550 1573 2128 1643">
    <p class='ocr_par' dir='ltr' id='par_1_15' title="bbox 550 1573 2128 1643">
     <span class='ocr_line' id='line_1_15' title="bbox 550 1573 2128 1643; baseline -0.002 -14"><span class='ocrx_word' id='word_1_98' title='bbox 550 1579 668 1629; x_wconf 88' lang='lat' dir='ltr'><strong>cius</strong></span> <span class='ocrx_word' id='word_1_99' title='bbox 715 1589 840 1629; x_wconf 83' lang='lat' dir='ltr'><strong>vere</strong></span> <span class='ocrx_word' id='word_1_100' title='bbox 891 1573 1234 1642; x_wconf 68' lang='lat' dir='ltr'><strong>praedixerat.</strong></span> <span class='ocrx_word' id='word_1_101' title='bbox 1288 1573 1399 1627; x_wconf 88' lang='lat' dir='ltr'><strong>Cur</strong></span> <span class='ocrx_word' id='word_1_102' title='bbox 1443 1574 1607 1643; x_wconf 83' lang='lat' dir='ltr'><strong>igitur</strong></span> <span class='ocrx_word' id='word_1_103' title='bbox 1650 1581 1837 1626; x_wconf 88' lang='lat' dir='ltr'><strong>sancta</strong></span> <span class='ocrx_word' id='word_1_104' title='bbox 1887 1574 2128 1642; x_wconf 81' lang='lat' dir='ltr'><strong>synodus</strong></span> 
     </span>
    </p>
   </div>
   <div class='ocr_carea' id='block_1_16' title="bbox 551 1663 2126 1735">
    <p class='ocr_par' dir='ltr' id='par_1_16' title="bbox 551 1663 2126 1735">
     <span class='ocr_line' id='line_1_16' title="bbox 551 1663 2126 1735; baseline -0.001 -17"><span class='ocrx_word' id='word_1_105' title='bbox 551 1665 825 1735; x_wconf 81' lang='lat' dir='ltr'><strong>Ephesina</strong></span> <span class='ocrx_word' id='word_1_106' title='bbox 859 1679 977 1717; x_wconf 92' lang='lat' dir='ltr'><strong>non</strong></span> <span class='ocrx_word' id='word_1_107' title='bbox 1022 1663 1367 1733; x_wconf 84' lang='lat' dir='ltr'><strong>deposuisset</strong></span> <span class='ocrx_word' id='word_1_108' title='bbox 1400 1665 1713 1718; x_wconf 73' lang='lat' dir='ltr'><strong>Nestorium</strong></span> <span class='ocrx_word' id='word_1_109' title='bbox 1751 1664 1821 1717; x_wconf 92' lang='lat' dir='ltr'><strong>ob</strong></span> <span class='ocrx_word' id='word_1_110' title='bbox 1855 1663 2126 1726; x_wconf 74' lang='lat' dir='ltr'><strong>hmresim,</strong></span> 
     </span>
    </p>
   </div>
   <div class='ocr_carea' id='block_1_17' title="bbox 550 1752 2129 1824">
    <p class='ocr_par' dir='ltr' id='par_1_17' title="bbox 550 1752 2129 1824">
     <span class='ocr_line' id='line_1_17' title="bbox 550 1752 2129 1824; baseline 0.001 -19"><span class='ocrx_word' id='word_1_111' title='bbox 550 1769 713 1822; x_wconf 88' lang='lat' dir='ltr'><strong>quam</strong></span> <span class='ocrx_word' id='word_1_112' title='bbox 747 1755 1095 1823; x_wconf 87' lang='lat' dir='ltr'><strong>pertinaciter</strong></span> <span class='ocrx_word' id='word_1_113' title='bbox 1136 1754 1560 1823; x_wconf 86' lang='lat' dir='ltr'><strong>propugnabat?</strong></span> <span class='ocrx_word' id='word_1_114' title='bbox 1591 1754 1661 1807; x_wconf 80' lang='lat' dir='ltr'><strong>At</strong></span> <span class='ocrx_word' id='word_1_115' title='bbox 1690 1753 1901 1807; x_wconf 86' lang='lat' dir='ltr'><strong>videtur</strong></span> <span class='ocrx_word' id='word_1_116' title='bbox 1934 1752 1991 1806; x_wconf 87' lang='lat' dir='ltr'><strong>S.</strong></span> <span class='ocrx_word' id='word_1_117' title='bbox 2026 1753 2129 1824; x_wconf 86' lang='lat' dir='ltr'><strong>Cy—</strong></span> 
     </span>
    </p>
   </div>
   <div class='ocr_carea' id='block_1_18' title="bbox 2233 558 3769 633">
    <p class='ocr_par' dir='ltr' id='par_1_18' title="bbox 2233 558 3769 633">
     <span class='ocr_line' id='line_1_18' title="bbox 2233 558 3769 633; baseline 0.001 -16"><span class='ocrx_word' id='word_1_118' title='bbox 2233 562 2312 617; x_wconf 81' lang='lat' dir='ltr'><strong>ria</strong></span> <span class='ocrx_word' id='word_1_119' title='bbox 2339 563 2555 618; x_wconf 88' lang='lat' dir='ltr'><strong>erronei</strong></span> <span class='ocrx_word' id='word_1_120' title='bbox 2595 570 2649 617; x_wconf 90' lang='lat' dir='ltr'><strong>et</strong></span> <span class='ocrx_word' id='word_1_121' title='bbox 2685 562 2858 633; x_wconf 86' lang='lat' dir='ltr'><strong>iniqui</strong></span> <span class='ocrx_word' id='word_1_122' title='bbox 2886 562 2969 618; x_wconf 91' lang='lat' dir='ltr'><strong>sui</strong></span> <span class='ocrx_word' id='word_1_123' title='bbox 3004 561 3196 631; x_wconf 90' lang='lat' dir='ltr'><strong>judicii</strong></span> <span class='ocrx_word' id='word_1_124' title='bbox 3227 574 3506 616; x_wconf 90' lang='lat' dir='ltr'><strong>excusem.</strong></span> <span class='ocrx_word' id='word_1_125' title='bbox 3535 558 3600 616; x_wconf 85' lang='lat' dir='ltr'><strong>At</strong></span> <span class='ocrx_word' id='word_1_126' title='bbox 3625 560 3769 619; x_wconf 82' lang='lat' dir='ltr'><strong>vicis-</strong></span> 
     </span>
    </p>
   </div>
   <div class='ocr_carea' id='block_1_19' title="bbox 2232 650 3772 723">
    <p class='ocr_par' dir='ltr' id='par_1_19' title="bbox 2232 650 3772 723">
     <span class='ocr_line' id='line_1_19' title="bbox 2232 650 3772 723; baseline 0.002 -19"><span class='ocrx_word' id='word_1_127' title='bbox 2232 651 2334 704; x_wconf 91' lang='lat' dir='ltr'><strong>sim</strong></span> <span class='ocrx_word' id='word_1_128' title='bbox 2364 651 2543 719; x_wconf 77' lang='lat' dir='ltr'><strong>exigo,</strong></span> <span class='ocrx_word' id='word_1_129' title='bbox 2581 660 2640 705; x_wconf 92' lang='lat' dir='ltr'><strong>ut</strong></span> <span class='ocrx_word' id='word_1_130' title='bbox 2669 653 2858 706; x_wconf 87' lang='lat' dir='ltr'><strong>eadem</strong></span> <span class='ocrx_word' id='word_1_131' title='bbox 2891 651 3075 723; x_wconf 89' lang='lat' dir='ltr'><strong>regula</strong></span> <span class='ocrx_word' id='word_1_132' title='bbox 3111 651 3164 705; x_wconf 91' lang='lat' dir='ltr'><strong>in</strong></span> <span class='ocrx_word' id='word_1_133' title='bbox 3197 652 3254 704; x_wconf 89' lang='lat' dir='ltr'><strong>S.</strong></span> <span class='ocrx_word' id='word_1_134' title='bbox 3287 650 3465 705; x_wconf 83' lang='lat' dir='ltr'><strong>Attico</strong></span> <span class='ocrx_word' id='word_1_135' title='bbox 3489 650 3658 706; x_wconf 89' lang='lat' dir='ltr'><strong>locum</strong></span> <span class='ocrx_word' id='word_1_136' title='bbox 3690 652 3772 708; x_wconf 83' lang='lat' dir='ltr'><strong>ha-</strong></span> 
     </span>
    </p>
   </div>
   <div class='ocr_carea' id='block_1_20' title="bbox 2232 739 3774 811">
    <p class='ocr_par' dir='ltr' id='par_1_20' title="bbox 2232 739 3774 811">
     <span class='ocr_line' id='line_1_20' title="bbox 2232 739 3774 811; baseline 0.001 -16"><span class='ocrx_word' id='word_1_137' title='bbox 2232 742 2376 795; x_wconf 87' lang='lat' dir='ltr'><strong>beat.</strong></span> <span class='ocrx_word' id='word_1_138' title='bbox 2437 739 2493 794; x_wconf 90' lang='lat' dir='ltr'><strong>Si</strong></span> <span class='ocrx_word' id='word_1_139' title='bbox 2563 741 2730 811; x_wconf 79' lang='lat' dir='ltr'><strong>igitur</strong></span> <span class='ocrx_word' id='word_1_140' title='bbox 2788 742 3005 796; x_wconf 86' lang='lat' dir='ltr'><strong>Atticus</strong></span> <span class='ocrx_word' id='word_1_141' title='bbox 3070 742 3314 796; x_wconf 88' lang='lat' dir='ltr'><strong>nondum</strong></span> <span class='ocrx_word' id='word_1_142' title='bbox 3382 741 3515 796; x_wconf 85' lang='lat' dir='ltr'><strong>satis</strong></span> <span class='ocrx_word' id='word_1_143' title='bbox 3579 754 3774 797; x_wconf 80' lang='lat' dir='ltr'><strong>nOverat</strong></span> 
     </span>
    </p>
   </div>
   <div class='ocr_carea' id='block_1_21' title="bbox 2232 831 3775 904">
    <p class='ocr_par' dir='ltr' id='par_1_21' title="bbox 2232 831 3775 904">
     <span class='ocr_line' id='line_1_21' title="bbox 2232 831 3775 904; baseline 0.002 -18"><span class='ocrx_word' id='word_1_144' title='bbox 2232 831 2547 899; x_wconf 78' lang='lat' dir='ltr'><strong>injuSIitiam</strong></span> <span class='ocrx_word' id='word_1_145' title='bbox 2576 833 3071 904; x_wconf 70' lang='lat' dir='ltr'><strong>Chrysostomianaa</strong></span> <span class='ocrx_word' id='word_1_146' title='bbox 3085 833 3562 897; x_wconf 80' lang='lat' dir='ltr'><strong>exauctorationis,</strong></span> <span class='ocrx_word' id='word_1_147' title='bbox 3580 836 3775 903; x_wconf 88' lang='lat' dir='ltr'><strong>quando</strong></span> 
     </span>
    </p>
   </div>
   <div class='ocr_carea' id='block_1_22' title="bbox 2232 923 3774 996">
    <p class='ocr_par' dir='ltr' id='par_1_22' title="bbox 2232 923 3774 996">
     <span class='ocr_line' id='line_1_22' title="bbox 2232 923 3774 996; baseline 0.002 -19"><span class='ocrx_word' id='word_1_148' title='bbox 2232 924 2298 978; x_wconf 88' lang='lat' dir='ltr'><strong>ad</strong></span> <span class='ocrx_word' id='word_1_149' title='bbox 2344 923 2402 980; x_wconf 90' lang='lat' dir='ltr'><strong>S.</strong></span> <span class='ocrx_word' id='word_1_150' title='bbox 2439 925 2701 996; x_wconf 84' lang='lat' dir='ltr'><strong>Cyrillum</strong></span> <span class='ocrx_word' id='word_1_151' title='bbox 2733 925 3028 989; x_wconf 86' lang='lat' dir='ltr'><strong>scribebat,</strong></span> <span class='ocrx_word' id='word_1_152' title='bbox 3080 926 3297 980; x_wconf 89' lang='lat' dir='ltr'><strong>dicatur</strong></span> <span class='ocrx_word' id='word_1_153' title='bbox 3333 924 3623 979; x_wconf 88' lang='lat' dir='ltr'><strong>secundum</strong></span> <span class='ocrx_word' id='word_1_154' title='bbox 3649 924 3774 981; x_wconf 88' lang='lat' dir='ltr'><strong>hanc</strong></span> 
     </span>
    </p>
   </div>
   <div class='ocr_carea' id='block_1_23' title="bbox 2233 1015 3769 1088">
    <p class='ocr_par' dir='ltr' id='par_1_23' title="bbox 2233 1015 3769 1088">
     <span class='ocr_line' id='line_1_23' title="bbox 2233 1015 3769 1088; baseline -0.001 -19"><span class='ocrx_word' id='word_1_155' title='bbox 2233 1015 2560 1072; x_wconf 89' lang='lat' dir='ltr'><strong>Tillemontii</strong></span> <span class='ocrx_word' id='word_1_156' title='bbox 2598 1018 2861 1088; x_wconf 87' lang='lat' dir='ltr'><strong>regulam,</strong></span> <span class='ocrx_word' id='word_1_157' title='bbox 2909 1033 3074 1087; x_wconf 89' lang='lat' dir='ltr'><strong>quam</strong></span> <span class='ocrx_word' id='word_1_158' title='bbox 3136 1017 3307 1087; x_wconf 91' lang='lat' dir='ltr'><strong>probo</strong></span> <span class='ocrx_word' id='word_1_159' title='bbox 3365 1024 3418 1071; x_wconf 91' lang='lat' dir='ltr'><strong>et</strong></span> <span class='ocrx_word' id='word_1_160' title='bbox 3484 1016 3769 1085; x_wconf 85' lang='lat' dir='ltr'><strong>amplector,</strong></span> 
     </span>
    </p>
   </div>
   <div class='ocr_carea' id='block_1_24' title="bbox 2232 1109 3772 1181">
    <p class='ocr_par' dir='ltr' id='par_1_24' title="bbox 2232 1109 3772 1181">
     <span class='ocr_line' id='line_1_24' title="bbox 2232 1109 3772 1181; baseline 0 -19"><span class='ocrx_word' id='word_1_161' title='bbox 2232 1109 2571 1179; x_wconf 89' lang='lat' dir='ltr'><strong>iniquitatem</strong></span> <span class='ocrx_word' id='word_1_162' title='bbox 2597 1111 2755 1165; x_wconf 89' lang='lat' dir='ltr'><strong>istius</strong></span> <span class='ocrx_word' id='word_1_163' title='bbox 2764 1110 2956 1178; x_wconf 93' lang='lat' dir='ltr'><strong>judicii</strong></span> <span class='ocrx_word' id='word_1_164' title='bbox 2988 1120 3176 1181; x_wconf 83' lang='lat' dir='ltr'><strong>postea</strong></span> <span class='ocrx_word' id='word_1_165' title='bbox 3206 1110 3514 1179; x_wconf 83' lang='lat' dir='ltr'><strong>agnovisse,</strong></span> <span class='ocrx_word' id='word_1_166' title='bbox 3549 1109 3772 1178; x_wconf 81' lang='lat' dir='ltr'><strong>quamvis</strong></span> 
     </span>
    </p>
   </div>
   <div class='ocr_carea' id='block_1_25' title="bbox 2233 1200 3772 1271">
    <p class='ocr_par' dir='ltr' id='par_1_25' title="bbox 2233 1200 3772 1271">
     <span class='ocr_line' id='line_1_25' title="bbox 2233 1200 3772 1271; baseline -0.002 -17"><span class='ocrx_word' id='word_1_167' title='bbox 2233 1202 2442 1271; x_wconf 88' lang='lat' dir='ltr'><strong>antiqui</strong></span> <span class='ocrx_word' id='word_1_168' title='bbox 2487 1203 2784 1271; x_wconf 89' lang='lat' dir='ltr'><strong>scriptores</strong></span> <span class='ocrx_word' id='word_1_169' title='bbox 2830 1217 2948 1259; x_wconf 87' lang='lat' dir='ltr'><strong>eam</strong></span> <span class='ocrx_word' id='word_1_170' title='bbox 2989 1202 3236 1257; x_wconf 81' lang='lat' dir='ltr'><strong>notitiam</strong></span> <span class='ocrx_word' id='word_1_171' title='bbox 3276 1200 3421 1255; x_wconf 88' lang='lat' dir='ltr'><strong>clare</strong></span> <span class='ocrx_word' id='word_1_172' title='bbox 3443 1200 3509 1255; x_wconf 89' lang='lat' dir='ltr'><strong>ad</strong></span> <span class='ocrx_word' id='word_1_173' title='bbox 3553 1208 3772 1270; x_wconf 78' lang='lat' dir='ltr'><strong>posteros</strong></span> 
     </span>
    </p>
   </div>
   <div class='ocr_carea' id='block_1_26' title="bbox 2233 1290 3774 1360">
    <p class='ocr_par' dir='ltr' id='par_1_26' title="bbox 2233 1290 3774 1360">
     <span class='ocr_line' id='line_1_26' title="bbox 2233 1290 3774 1360; baseline -0.003 -13"><span class='ocrx_word' id='word_1_174' title='bbox 2233 1308 2342 1347; x_wconf 83' lang='lat' dir='ltr'><strong>non</strong></span> <span class='ocrx_word' id='word_1_175' title='bbox 2402 1294 2823 1349; x_wconf 85' lang='lat' dir='ltr'><strong>transmiserint.</strong></span> <span class='ocrx_word' id='word_1_176' title='bbox 2881 1293 3192 1349; x_wconf 90' lang='lat' dir='ltr'><strong>Secundum</strong></span> <span class='ocrx_word' id='word_1_177' title='bbox 3239 1307 3323 1357; x_wconf 89' lang='lat' dir='ltr'><strong>ca,</strong></span> <span class='ocrx_word' id='word_1_178' title='bbox 3382 1305 3504 1360; x_wconf 69' lang='lat' dir='ltr'><strong>quae</strong></span> <span class='ocrx_word' id='word_1_179' title='bbox 3553 1290 3774 1358; x_wconf 86' lang='lat' dir='ltr'><strong>superius</strong></span> 
     </span>
    </p>
   </div>
   <div class='ocr_carea' id='block_1_27' title="bbox 2233 1384 3776 1455">
    <p class='ocr_par' dir='ltr' id='par_1_27' title="bbox 2233 1384 3776 1455">
     <span class='ocr_line' id='line_1_27' title="bbox 2233 1384 3776 1455; baseline -0.003 -18"><span class='ocrx_word' id='word_1_180' title='bbox 2233 1384 2492 1448; x_wconf 83' lang='lat' dir='ltr'><strong>diximus,</strong></span> <span class='ocrx_word' id='word_1_181' title='bbox 2523 1385 2660 1439; x_wconf 82' lang='lat' dir='ltr'><strong>forte</strong></span> <span class='ocrx_word' id='word_1_182' title='bbox 2681 1401 2745 1439; x_wconf 91' lang='lat' dir='ltr'><strong>eo</strong></span> <span class='ocrx_word' id='word_1_183' title='bbox 2774 1393 3015 1455; x_wconf 89' lang='lat' dir='ltr'><strong>tempore</strong></span> <span class='ocrx_word' id='word_1_184' title='bbox 3040 1385 3253 1439; x_wconf 82' lang='lat' dir='ltr'><strong>Atticus</strong></span> <span class='ocrx_word' id='word_1_185' title='bbox 3279 1387 3520 1437; x_wconf 86' lang='lat' dir='ltr'><strong>nondum</strong></span> <span class='ocrx_word' id='word_1_186' title='bbox 3546 1396 3657 1438; x_wconf 86' lang='lat' dir='ltr'><strong>sese</strong></span> <span class='ocrx_word' id='word_1_187' title='bbox 3677 1395 3776 1435; x_wconf 87' lang='lat' dir='ltr'><strong>om-</strong></span> 
     </span>
    </p>
   </div>
   <div class='ocr_carea' id='block_1_28' title="bbox 2233 1472 3774 1543">
    <p class='ocr_par' dir='ltr' id='par_1_28' title="bbox 2233 1472 3774 1543">
     <span class='ocr_line' id='line_1_28' title="bbox 2233 1472 3774 1543; baseline -0.003 -13"><span class='ocrx_word' id='word_1_188' title='bbox 2233 1478 2364 1530; x_wconf 93' lang='lat' dir='ltr'><strong>nino</strong></span> <span class='ocrx_word' id='word_1_189' title='bbox 2420 1492 2544 1531; x_wconf 92' lang='lat' dir='ltr'><strong>cum</strong></span> <span class='ocrx_word' id='word_1_190' title='bbox 2594 1476 2838 1533; x_wconf 81' lang='lat' dir='ltr'><strong>Romana</strong></span> <span class='ocrx_word' id='word_1_191' title='bbox 2877 1477 3118 1534; x_wconf 84' lang='lat' dir='ltr'><strong>Ecclesia</strong></span> <span class='ocrx_word' id='word_1_192' title='bbox 3160 1476 3619 1540; x_wconf 86' lang='lat' dir='ltr'><strong>recom-iliaverat,</strong></span> <span class='ocrx_word' id='word_1_193' title='bbox 3650 1472 3774 1543; x_wconf 88' lang='lat' dir='ltr'><strong>quod</strong></span> 
     </span>
    </p>
   </div>
   <div class='ocr_carea' id='block_1_29' title="bbox 2234 1566 3774 1639">
    <p class='ocr_par' dir='ltr' id='par_1_29' title="bbox 2234 1566 3774 1639">
     <span class='ocr_line' id='line_1_29' title="bbox 2234 1566 3774 1639; baseline -0.003 -17"><span class='ocrx_word' id='word_1_194' title='bbox 2234 1576 2413 1624; x_wconf 89' lang='lat' dir='ltr'><strong>tamen</strong></span> <span class='ocrx_word' id='word_1_195' title='bbox 2448 1571 2793 1639; x_wconf 86' lang='lat' dir='ltr'><strong>postmodum</strong></span> <span class='ocrx_word' id='word_1_196' title='bbox 2830 1569 3030 1635; x_wconf 80' lang='lat' dir='ltr'><strong>eﬂ‘ecit,</strong></span> <span class='ocrx_word' id='word_1_197' title='bbox 3067 1570 3172 1625; x_wconf 86' lang='lat' dir='ltr'><strong>etsi</strong></span> <span class='ocrx_word' id='word_1_198' title='bbox 3203 1567 3503 1639; x_wconf 72' lang='lat' dir='ltr'><strong>perfectam</strong></span> <span class='ocrx_word' id='word_1_199' title='bbox 3536 1566 3668 1620; x_wconf 80' lang='lat' dir='ltr'><strong>illius</strong></span> <span class='ocrx_word' id='word_1_200' title='bbox 3699 1580 3774 1618; x_wconf 88' lang='lat' dir='ltr'><strong>re-</strong></span> 
     </span>
    </p>
   </div>
   <div class='ocr_carea' id='block_1_30' title="bbox 2235 1655 3773 1729">
    <p class='ocr_par' dir='ltr' id='par_1_30' title="bbox 2235 1655 3773 1729">
     <span class='ocr_line' id='line_1_30' title="bbox 2235 1655 3773 1729; baseline -0.002 -18"><span class='ocrx_word' id='word_1_201' title='bbox 2235 1658 2673 1713; x_wconf 88' lang='lat' dir='ltr'><strong>conciliationem</strong></span> <span class='ocrx_word' id='word_1_202' title='bbox 2712 1659 3012 1729; x_wconf 85' lang='lat' dir='ltr'><strong>antiquitas</strong></span> <span class='ocrx_word' id='word_1_203' title='bbox 3057 1658 3260 1713; x_wconf 88' lang='lat' dir='ltr'><strong>diserte</strong></span> <span class='ocrx_word' id='word_1_204' title='bbox 3308 1674 3416 1711; x_wconf 91' lang='lat' dir='ltr'><strong>non</strong></span> <span class='ocrx_word' id='word_1_205' title='bbox 3454 1655 3773 1727; x_wconf 83' lang='lat' dir='ltr'><strong>expresserit.</strong></span> 
     </span>
    </p>
   </div>
   <div class='ocr_carea' id='block_1_31' title="bbox 2236 1744 3776 1818">
    <p class='ocr_par' dir='ltr' id='par_1_31' title="bbox 2236 1744 3776 1818">
     <span class='ocr_line' id='line_1_31' title="bbox 2236 1744 3776 1818; baseline -0.001 -19"><span class='ocrx_word' id='word_1_206' title='bbox 2236 1744 2391 1800; x_wconf 84' lang='lat' dir='ltr'><strong>Haud</strong></span> <span class='ocrx_word' id='word_1_207' title='bbox 2444 1747 2607 1802; x_wconf 87' lang='lat' dir='ltr'><strong>dubie</strong></span> <span class='ocrx_word' id='word_1_208' title='bbox 2656 1749 2831 1817; x_wconf 88' lang='lat' dir='ltr'><strong>prima</strong></span> <span class='ocrx_word' id='word_1_209' title='bbox 2882 1758 2976 1803; x_wconf 91' lang='lat' dir='ltr'><strong>aut</strong></span> <span class='ocrx_word' id='word_1_210' title='bbox 3031 1748 3301 1817; x_wconf 64' lang='lat' dir='ltr'><strong>praecipua</strong></span> <span class='ocrx_word' id='word_1_211' title='bbox 3362 1748 3512 1818; x_wconf 82' lang='lat' dir='ltr'><strong>pacis</strong></span> <span class='ocrx_word' id='word_1_212' title='bbox 3566 1744 3776 1799; x_wconf 89' lang='lat' dir='ltr'><strong>conditio</strong></span> 
     </span>
    </p>
   </div>
   <div class='ocr_carea' id='block_1_32' title="bbox 552 1826 3778 1916">
    <p class='ocr_par' dir='ltr' id='par_1_32' title="bbox 552 1826 3778 1916">
     <span class='ocr_line' id='line_1_32' title="bbox 552 1826 3778 1916; baseline -0.003 -17"><span class='ocrx_word' id='word_1_213' title='bbox 552 1848 707 1901; x_wconf 87' lang='lat' dir='ltr'><strong>rillus</strong></span> <span class='ocrx_word' id='word_1_214' title='bbox 735 1848 837 1900; x_wconf 86' lang='lat' dir='ltr'><strong>hoc</strong></span> <span class='ocrx_word' id='word_1_215' title='bbox 864 1846 1153 1899; x_wconf 87' lang='lat' dir='ltr'><strong>ratiocinio</strong></span> <span class='ocrx_word' id='word_1_216' title='bbox 1177 1848 1427 1909; x_wconf 86' lang='lat' dir='ltr'><strong>innuere,</strong></span> <span class='ocrx_word' id='word_1_217' title='bbox 1452 1849 1596 1916; x_wconf 83' lang='lat' dir='ltr'><strong>quod</strong></span> <span class='ocrx_word' id='word_1_218' title='bbox 1631 1855 1761 1901; x_wconf 91' lang='lat' dir='ltr'><strong>tunc</strong></span> <span class='ocrx_word' id='word_1_219' title='bbox 1788 1846 2029 1900; x_wconf 88' lang='lat' dir='ltr'><strong>nondum</strong></span> <span class='ocrx_word' id='word_1_220' title='bbox 2059 1847 2128 1899; x_wconf 83' lang='lat' dir='ltr'><strong>de</strong></span> <span class='ocrx_word' id='word_1_221' title='bbox 2161 1826 2201 1884; x_wconf 76' lang='grc' dir='ltr'><strong>Β</strong></span> <span class='ocrx_word' id='word_1_222' title='bbox 2229 1837 2353 1901; x_wconf 79' lang='lat' dir='ltr'><strong>fuit,</strong></span> <span class='ocrx_word' id='word_1_223' title='bbox 2382 1847 2442 1893; x_wconf 90' lang='lat' dir='ltr'><strong>ut</strong></span> <span class='ocrx_word' id='word_1_224' title='bbox 2469 1855 2664 1894; x_wconf 91' lang='lat' dir='ltr'><strong>nomen</strong></span> <span class='ocrx_word' id='word_1_225' title='bbox 2689 1838 2748 1897; x_wconf 92' lang='grc'><strong>8.</strong></span> <span class='ocrx_word' id='word_1_226' title='bbox 2772 1840 3149 1910; x_wconf 87' lang='lat' dir='ltr'><strong>Chrysostomi</strong></span> <span class='ocrx_word' id='word_1_227' title='bbox 3171 1840 3447 1911; x_wconf 87' lang='lat' dir='ltr'><strong>diptychis</strong></span> <span class='ocrx_word' id='word_1_228' title='bbox 3482 1837 3778 1892; x_wconf 80' lang='lat' dir='ltr'><strong>inscribere-</strong></span> 
     </span>
    </p>
   </div>
   <div class='ocr_carea' id='block_1_33' title="bbox 551 1935 2129 2006">
    <p class='ocr_par' dir='ltr' id='par_1_33' title="bbox 551 1935 2129 2006">
     <span class='ocr_line' id='line_1_33' title="bbox 551 1935 2129 2006; baseline 0.002 -18"><span class='ocrx_word' id='word_1_229' title='bbox 551 1935 817 2003; x_wconf 82' lang='lat' dir='ltr'><strong>injustttia</strong></span> <span class='ocrx_word' id='word_1_230' title='bbox 869 1935 1370 2005; x_wconf 64' lang='lat' dir='ltr'><strong>Chrysostomianae</strong></span> <span class='ocrx_word' id='word_1_231' title='bbox 1434 1937 1792 2006; x_wconf 85' lang='lat' dir='ltr'><strong>depositionis</strong></span> <span class='ocrx_word' id='word_1_232' title='bbox 1847 1938 2129 1991; x_wconf 87' lang='lat' dir='ltr'><strong>convictus</strong></span> 
     </span>
    </p>
   </div>
   <div class='ocr_carea' id='block_1_34' title="bbox 559 2026 2131 2100">
    <p class='ocr_par' dir='ltr' id='par_1_34' title="bbox 559 2026 2131 2100">
     <span class='ocr_line' id='line_1_34' title="bbox 559 2026 2131 2100; baseline 0.001 -20"><span class='ocrx_word' id='word_1_233' title='bbox 559 2036 741 2091; x_wconf 88' lang='lat' dir='ltr'><strong>esset;</strong></span> <span class='ocrx_word' id='word_1_234' title='bbox 775 2027 820 2080; x_wconf 90' lang='lat' dir='ltr'><strong>si</strong></span> <span class='ocrx_word' id='word_1_235' title='bbox 859 2027 1003 2080; x_wconf 92' lang='lat' dir='ltr'><strong>enim</strong></span> <span class='ocrx_word' id='word_1_236' title='bbox 1036 2026 1402 2082; x_wconf 87' lang='lat' dir='ltr'><strong>innocentiam</strong></span> <span class='ocrx_word' id='word_1_237' title='bbox 1426 2026 1482 2082; x_wconf 89' lang='lat' dir='ltr'><strong>S.</strong></span> <span class='ocrx_word' id='word_1_238' title='bbox 1510 2028 1883 2100; x_wconf 85' lang='lat' dir='ltr'><strong>Chrysostomi</strong></span> <span class='ocrx_word' id='word_1_239' title='bbox 1914 2045 1980 2083; x_wconf 89' lang='lat' dir='ltr'><strong>eo</strong></span> <span class='ocrx_word' id='word_1_240' title='bbox 2004 2042 2131 2083; x_wconf 85' lang='lat' dir='ltr'><strong>tem-</strong></span> 
     </span>
    </p>
   </div>
   <div class='ocr_carea' id='block_1_35' title="bbox 553 2116 2130 2189">
    <p class='ocr_par' dir='ltr' id='par_1_35' title="bbox 553 2116 2130 2189">
     <span class='ocr_line' id='line_1_35' title="bbox 553 2116 2130 2189; baseline 0.002 -20"><span class='ocrx_word' id='word_1_241' title='bbox 553 2131 685 2185; x_wconf 87' lang='lat' dir='ltr'><strong>pore</strong></span> <span class='ocrx_word' id='word_1_242' title='bbox 728 2116 1060 2185; x_wconf 79' lang='lat' dir='ltr'><strong>agnovisset,</strong></span> <span class='ocrx_word' id='word_1_243' title='bbox 1097 2132 1260 2186; x_wconf 87' lang='lat' dir='ltr'><strong>quam</strong></span> <span class='ocrx_word' id='word_1_244' title='bbox 1305 2119 1409 2173; x_wconf 88' lang='lat' dir='ltr'><strong>vim</strong></span> <span class='ocrx_word' id='word_1_245' title='bbox 1444 2120 1664 2174; x_wconf 90' lang='lat' dir='ltr'><strong>haberet</strong></span> <span class='ocrx_word' id='word_1_246' title='bbox 1690 2119 1808 2188; x_wconf 87' lang='lat' dir='ltr'><strong>ejus</strong></span> <span class='ocrx_word' id='word_1_247' title='bbox 1836 2135 2130 2189; x_wconf 88' lang='lat' dir='ltr'><strong>argumen-</strong></span> 
     </span>
    </p>
   </div>
   <div class='ocr_carea' id='block_1_36' title="bbox 553 2205 2129 2271">
    <p class='ocr_par' dir='ltr' id='par_1_36' title="bbox 553 2205 2129 2271">
     <span class='ocr_line' id='line_1_36' title="bbox 553 2205 2129 2271; baseline 0.002 -11"><span class='ocrx_word' id='word_1_248' title='bbox 553 2205 720 2260; x_wconf 69' lang='lat' dir='ltr'><strong>tatio?</strong></span> <span class='ocrx_word' id='word_1_249' title='bbox 745 2205 1030 2271; x_wconf 84' lang='lat' dir='ltr'><strong>Quomodo</strong></span> <span class='ocrx_word' id='word_1_250' title='bbox 1075 2208 1398 2263; x_wconf 86' lang='lat' dir='ltr'><strong>invidiosam</strong></span> <span class='ocrx_word' id='word_1_251' title='bbox 1436 2208 1578 2264; x_wconf 89' lang='lat' dir='ltr'><strong>inter</strong></span> <span class='ocrx_word' id='word_1_252' title='bbox 1600 2209 1909 2263; x_wconf 86' lang='lat' dir='ltr'><strong>Nestorium</strong></span> <span class='ocrx_word' id='word_1_253' title='bbox 1954 2210 2129 2263; x_wconf 62' lang='lat' dir='ltr'><strong>hatre-</strong></span> 
     </span>
    </p>
   </div>
   <div class='ocr_carea' id='block_1_37' title="bbox 553 2295 2129 2370">
    <p class='ocr_par' dir='ltr' id='par_1_37' title="bbox 553 2295 2129 2370">
     <span class='ocr_line' id='line_1_37' title="bbox 553 2295 2129 2370; baseline 0.003 -20"><span class='ocrx_word' id='word_1_254' title='bbox 553 2298 719 2351; x_wconf 91' lang='lat' dir='ltr'><strong>ticum</strong></span> <span class='ocrx_word' id='word_1_255' title='bbox 751 2309 806 2350; x_wconf 84' lang='lat' dir='ltr'><strong>et</strong></span> <span class='ocrx_word' id='word_1_256' title='bbox 829 2297 887 2351; x_wconf 87' lang='lat' dir='ltr'><strong>S.</strong></span> <span class='ocrx_word' id='word_1_257' title='bbox 910 2295 1172 2352; x_wconf 78' lang='lat' dir='ltr'><strong>Joannem</strong></span> <span class='ocrx_word' id='word_1_258' title='bbox 1195 2298 1647 2370; x_wconf 80' lang='lat' dir='ltr'><strong>Clirysostontum</strong></span> <span class='ocrx_word' id='word_1_259' title='bbox 1667 2300 2129 2369; x_wconf 88' lang='lat' dir='ltr'><strong>comparationem</strong></span> 
     </span>
    </p>
   </div>
   <div class='ocr_carea' id='block_1_38' title="bbox 552 2386 2133 2460">
    <p class='ocr_par' dir='ltr' id='par_1_38' title="bbox 552 2386 2133 2460">
     <span class='ocr_line' id='line_1_38' title="bbox 552 2386 2133 2460; baseline 0.004 -21"><span class='ocrx_word' id='word_1_260' title='bbox 552 2386 895 2440; x_wconf 83' lang='lat' dir='ltr'><strong>institueret?</strong></span> <span class='ocrx_word' id='word_1_261' title='bbox 936 2387 1222 2452; x_wconf 87' lang='lat' dir='ltr'><strong>Quomodo</strong></span> <span class='ocrx_word' id='word_1_262' title='bbox 1264 2389 1500 2460; x_wconf 85' lang='lat' dir='ltr'><strong>denique</strong></span> <span class='ocrx_word' id='word_1_263' title='bbox 1541 2390 1956 2460; x_wconf 60' lang='lat' dir='ltr'><strong>iniquissimum</strong></span> <span class='ocrx_word' id='word_1_264' title='bbox 2006 2405 2133 2445; x_wconf 85' lang='lat' dir='ltr'><strong>con-</strong></span> 
     </span>
    </p>
   </div>
   <div class='ocr_carea' id='block_1_39' title="bbox 551 2477 2132 2553">
    <p class='ocr_par' dir='ltr' id='par_1_39' title="bbox 551 2477 2132 2553">
     <span class='ocr_line' id='line_1_39' title="bbox 551 2477 2132 2553; baseline 0.003 -21"><span class='ocrx_word' id='word_1_265' title='bbox 551 2477 864 2532; x_wconf 90' lang='lat' dir='ltr'><strong>ciliabulum</strong></span> <span class='ocrx_word' id='word_1_266' title='bbox 910 2479 976 2532; x_wconf 88' lang='lat' dir='ltr'><strong>ad</strong></span> <span class='ocrx_word' id='word_1_267' title='bbox 1018 2477 1316 2546; x_wconf 82' lang='lat' dir='ltr'><strong>Quercum,</strong></span> <span class='ocrx_word' id='word_1_268' title='bbox 1366 2481 1419 2535; x_wconf 92' lang='lat' dir='ltr'><strong>in</strong></span> <span class='ocrx_word' id='word_1_269' title='bbox 1465 2497 1576 2550; x_wconf 92' lang='lat' dir='ltr'><strong>quo</strong></span> <span class='ocrx_word' id='word_1_270' title='bbox 1611 2479 1670 2537; x_wconf 89' lang='lat' dir='ltr'><strong>S.</strong></span> <span class='ocrx_word' id='word_1_271' title='bbox 1709 2481 2132 2553; x_wconf 66' lang='lat' dir='ltr'><strong>Chrysmtomus</strong></span> 
     </span>
    </p>
   </div>
   <div class='ocr_carea' id='block_1_40' title="bbox 554 2569 2133 2647">
    <p class='ocr_par' dir='ltr' id='par_1_40' title="bbox 554 2569 2133 2647">
     <span class='ocr_line' id='line_1_40' title="bbox 554 2569 2133 2647; baseline 0.002 -22"><span class='ocrx_word' id='word_1_272' title='bbox 554 2569 700 2625; x_wconf 81' lang='lat' dir='ltr'><strong>falso</strong></span> <span class='ocrx_word' id='word_1_273' title='bbox 727 2579 1018 2625; x_wconf 87' lang='lat' dir='ltr'><strong>accusatus</strong></span> <span class='ocrx_word' id='word_1_274' title='bbox 1053 2586 1117 2626; x_wconf 89' lang='lat' dir='ltr'><strong>ac</strong></span> <span class='ocrx_word' id='word_1_275' title='bbox 1155 2572 1444 2629; x_wconf 80' lang='lat' dir='ltr'><strong>damnatus</strong></span> <span class='ocrx_word' id='word_1_276' title='bbox 1496 2573 1707 2641; x_wconf 81' lang='lat' dir='ltr'><strong>fuerat,</strong></span> <span class='ocrx_word' id='word_1_277' title='bbox 1751 2574 1840 2629; x_wconf 91' lang='lat' dir='ltr'><strong>hic</strong></span> <span class='ocrx_word' id='word_1_278' title='bbox 1870 2590 1900 2629; x_wconf 88' lang='lat' dir='ltr'><strong>a</strong></span> <span class='ocrx_word' id='word_1_279' title='bbox 1931 2573 2133 2647; x_wconf 80' lang='lat' dir='ltr'><strong>Cyrillo</strong></span> 
     </span>
    </p>
   </div>
   <div class='ocr_carea' id='block_1_41' title="bbox 562 2663 2133 2731">
    <p class='ocr_par' dir='ltr' id='par_1_41' title="bbox 562 2663 2133 2731">
     <span class='ocr_line' id='line_1_41' title="bbox 562 2663 2133 2731; baseline 0.004 -17"><span class='ocrx_word' id='word_1_280' title='bbox 562 2680 583 2714; x_wconf 70' lang='grc' dir='ltr'><em>ς</em></span> <span class='ocrx_word' id='word_1_281' title='bbox 630 2671 818 2716; x_wconf 89' lang='lat' dir='ltr'><strong>sancta</strong></span> <span class='ocrx_word' id='word_1_282' title='bbox 843 2663 1083 2731; x_wconf 81' lang='lat' dir='ltr'><strong>synodus</strong></span> <span class='ocrx_word' id='word_1_283' title='bbox 1116 2680 1135 2713; x_wconf 77' lang='grc' dir='ltr'><strong><em>ι</em></strong></span> <span class='ocrx_word' id='word_1_284' title='bbox 1163 2674 1471 2731; x_wconf 88' lang='lat' dir='ltr'><strong>vocaretur,</strong></span> <span class='ocrx_word' id='word_1_285' title='bbox 1497 2673 1551 2719; x_wconf 89' lang='lat' dir='ltr'><strong>et</strong></span> <span class='ocrx_word' id='word_1_286' title='bbox 1578 2680 1701 2719; x_wconf 88' lang='lat' dir='ltr'><strong>cum</strong></span> <span class='ocrx_word' id='word_1_287' title='bbox 1729 2675 1920 2720; x_wconf 91' lang='lat' dir='ltr'><strong>sancto</strong></span> <span class='ocrx_word' id='word_1_288' title='bbox 1944 2667 2133 2722; x_wconf 74' lang='lat' dir='ltr'><strong>conci-</strong></span> 
     </span>
    </p>
   </div>
   <div class='ocr_carea' id='block_1_42' title="bbox 560 2753 1428 2823">
    <p class='ocr_par' dir='ltr' id='par_1_42' title="bbox 560 2753 1428 2823">
     <span class='ocr_line' id='line_1_42' title="bbox 560 2753 1428 2823; baseline 0.002 -16"><span class='ocrx_word' id='word_1_289' title='bbox 560 2753 636 2808; x_wconf 89' lang='lat' dir='ltr'><strong>lio</strong></span> <span class='ocrx_word' id='word_1_290' title='bbox 669 2753 947 2823; x_wconf 90' lang='lat' dir='ltr'><strong>Ephesino</strong></span> <span class='ocrx_word' id='word_1_291' title='bbox 982 2755 1428 2823; x_wconf 78' lang='lat' dir='ltr'><strong>compararetur?</strong></span> 
     </span>
    </p>
   </div>
   <div class='ocr_carea' id='block_1_43' title="bbox 624 2844 2133 2905">
    <p class='ocr_par' dir='ltr' id='par_1_43' title="bbox 624 2844 2133 2905">
     <span class='ocr_line' id='line_1_43' title="bbox 624 2844 2133 2905; baseline 0.003 -5"><span class='ocrx_word' id='word_1_292' title='bbox 624 2847 719 2900; x_wconf 73' lang='lat'><strong>25.</strong></span> <span class='ocrx_word' id='word_1_293' title='bbox 772 2844 850 2899; x_wconf 79' lang='lat' dir='ltr'><strong>Ex</strong></span> <span class='ocrx_word' id='word_1_294' title='bbox 906 2846 990 2901; x_wconf 89' lang='lat' dir='ltr'><strong>his</strong></span> <span class='ocrx_word' id='word_1_295' title='bbox 1034 2847 1331 2900; x_wconf 80' lang='lat' dir='ltr'><strong>secundum</strong></span> <span class='ocrx_word' id='word_1_296' title='bbox 1391 2846 1712 2900; x_wconf 88' lang='lat' dir='ltr'><strong>sententiam</strong></span> <span class='ocrx_word' id='word_1_297' title='bbox 1764 2846 2133 2905; x_wconf 82' lang='lat' dir='ltr'><strong>Tillemontia-</strong></span> 
     </span>
    </p>
   </div>
   <div class='ocr_carea' id='block_1_44' title="bbox 565 2935 2135 3007">
    <p class='ocr_par' dir='ltr' id='par_1_44' title="bbox 565 2935 2135 3007">
     <span class='ocr_line' id='line_1_44' title="bbox 565 2935 2135 3007; baseline 0.001 -15"><span class='ocrx_word' id='word_1_298' title='bbox 565 2952 692 2992; x_wconf 87' lang='lat' dir='ltr'><strong>nam</strong></span> <span class='ocrx_word' id='word_1_299' title='bbox 722 2936 921 2990; x_wconf 72' lang='lat' dir='ltr'><strong>inferre</strong></span> <span class='ocrx_word' id='word_1_300' title='bbox 950 2951 1187 3005; x_wconf 88' lang='lat' dir='ltr'><strong>possem,</strong></span> <span class='ocrx_word' id='word_1_301' title='bbox 1213 2951 1410 2990; x_wconf 88' lang='lat' dir='ltr'><strong>nomen</strong></span> <span class='ocrx_word' id='word_1_302' title='bbox 1446 2935 1656 3006; x_wconf 74' lang='lat' dir='ltr'><strong>Cyrilli,</strong></span> <span class='ocrx_word' id='word_1_303' title='bbox 1685 2953 1839 3007; x_wconf 67' lang='lat' dir='ltr'><strong>aeque</strong></span> <span class='ocrx_word' id='word_1_304' title='bbox 1859 2955 1923 2994; x_wconf 88' lang='lat' dir='ltr'><strong>ac</strong></span> <span class='ocrx_word' id='word_1_305' title='bbox 1948 2942 2135 3006; x_wconf 82' lang='lat' dir='ltr'><strong>Attici,</strong></span> 
     </span>
    </p>
   </div>
   <div class='ocr_carea' id='block_1_45' title="bbox 552 3024 2138 3102">
    <p class='ocr_par' dir='ltr' id='par_1_45' title="bbox 552 3024 2138 3102">
     <span class='ocr_line' id='line_1_45' title="bbox 552 3024 2138 3102; baseline 0.002 -19"><span class='ocrx_word' id='word_1_306' title='bbox 552 3044 621 3083; x_wconf 88' lang='lat' dir='ltr'><strong>ex</strong></span> <span class='ocrx_word' id='word_1_307' title='bbox 650 3027 1035 3082; x_wconf 83' lang='lat' dir='ltr'><strong>ecclesiasticis</strong></span> <span class='ocrx_word' id='word_1_308' title='bbox 1079 3027 1278 3082; x_wconf 90' lang='lat' dir='ltr'><strong>tabulis</strong></span> <span class='ocrx_word' id='word_1_309' title='bbox 1300 3027 1585 3082; x_wconf 89' lang='lat' dir='ltr'><strong>delendum</strong></span> <span class='ocrx_word' id='word_1_310' title='bbox 1625 3044 1767 3096; x_wconf 90' lang='lat' dir='ltr'><strong>esse,</strong></span> <span class='ocrx_word' id='word_1_311' title='bbox 1810 3046 1933 3085; x_wconf 92' lang='lat' dir='ltr'><strong>cum</strong></span> <span class='ocrx_word' id='word_1_312' title='bbox 1962 3024 2138 3102; x_wconf 85' lang='lat' dir='ltr'><strong>Cyril-</strong></span> 
     </span>
    </p>
   </div>
   <div class='ocr_carea' id='block_1_46' title="bbox 554 3116 2135 3190">
    <p class='ocr_par' dir='ltr' id='par_1_46' title="bbox 554 3116 2135 3190">
     <span class='ocr_line' id='line_1_46' title="bbox 554 3116 2135 3190; baseline 0.003 -18"><span class='ocrx_word' id='word_1_313' title='bbox 554 3119 639 3173; x_wconf 87' lang='lat' dir='ltr'><strong>lus</strong></span> <span class='ocrx_word' id='word_1_314' title='bbox 680 3118 733 3171; x_wconf 93' lang='lat' dir='ltr'><strong>in</strong></span> <span class='ocrx_word' id='word_1_315' title='bbox 776 3117 879 3171; x_wconf 88' lang='lat' dir='ltr'><strong>hac</strong></span> <span class='ocrx_word' id='word_1_316' title='bbox 907 3116 1140 3186; x_wconf 89' lang='lat' dir='ltr'><strong>epistola</strong></span> <span class='ocrx_word' id='word_1_317' title='bbox 1172 3117 1412 3171; x_wconf 90' lang='lat' dir='ltr'><strong>nondum</strong></span> <span class='ocrx_word' id='word_1_318' title='bbox 1436 3129 1697 3188; x_wconf 83' lang='lat' dir='ltr'><strong>agnoscat</strong></span> <span class='ocrx_word' id='word_1_319' title='bbox 1724 3119 2000 3189; x_wconf 76' lang='lat' dir='ltr'><strong>iniuriam,</strong></span> <span class='ocrx_word' id='word_1_320' title='bbox 2028 3136 2135 3190; x_wconf 88' lang='lat' dir='ltr'><strong>qua</strong></span> 
     </span>
    </p>
   </div>
   <div class='ocr_carea' id='block_1_47' title="bbox 557 3209 2134 3280">
    <p class='ocr_par' dir='ltr' id='par_1_47' title="bbox 557 3209 2134 3280">
     <span class='ocr_line' id='line_1_47' title="bbox 557 3209 2134 3280; baseline -0.001 -13"><span class='ocrx_word' id='word_1_321' title='bbox 557 3213 616 3267; x_wconf 82' lang='grc'><strong>8.</strong></span> <span class='ocrx_word' id='word_1_322' title='bbox 674 3210 939 3266; x_wconf 83' lang='lat' dir='ltr'><strong>Joannem</strong></span> <span class='ocrx_word' id='word_1_323' title='bbox 1001 3209 1450 3280; x_wconf 82' lang='lat' dir='ltr'><strong>Chrysostomum</strong></span> <span class='ocrx_word' id='word_1_324' title='bbox 1501 3210 1773 3276; x_wconf 74' lang='lat' dir='ltr'><strong>aﬂ‘ecerat,</strong></span> <span class='ocrx_word' id='word_1_325' title='bbox 1821 3227 1922 3267; x_wconf 89' lang='lat' dir='ltr'><strong>nec</strong></span> <span class='ocrx_word' id='word_1_326' title='bbox 1964 3213 2134 3267; x_wconf 92' lang='lat' dir='ltr'><strong>ullum</strong></span> 
     </span>
    </p>
   </div>
   <div class='ocr_carea' id='block_1_48' title="bbox 559 3300 2136 3374">
    <p class='ocr_par' dir='ltr' id='par_1_48' title="bbox 559 3300 2136 3374">
     <span class='ocr_line' id='line_1_48' title="bbox 559 3300 2136 3374; baseline 0.001 -16"><span class='ocrx_word' id='word_1_327' title='bbox 559 3306 648 3359; x_wconf 92' lang='lat' dir='ltr'><strong>hic</strong></span> <span class='ocrx_word' id='word_1_328' title='bbox 673 3303 915 3374; x_wconf 70' lang='lat' dir='ltr'><strong>praebeat</strong></span> <span class='ocrx_word' id='word_1_329' title='bbox 941 3301 1273 3371; x_wconf 77' lang='lat' dir='ltr'><strong>poenitentia.</strong></span> <span class='ocrx_word' id='word_1_330' title='bbox 1296 3300 1581 3363; x_wconf 89' lang='lat' dir='ltr'><strong>indicium,</strong></span> <span class='ocrx_word' id='word_1_331' title='bbox 1616 3301 1687 3355; x_wconf 91' lang='lat' dir='ltr'><strong>ob</strong></span> <span class='ocrx_word' id='word_1_332' title='bbox 1719 3317 1880 3369; x_wconf 85' lang='lat' dir='ltr'><strong>quant</strong></span> <span class='ocrx_word' id='word_1_333' title='bbox 1912 3318 2136 3360; x_wconf 88' lang='lat' dir='ltr'><strong>causam</strong></span> 
     </span>
    </p>
   </div>
   <div class='ocr_carea' id='block_1_49' title="bbox 554 3391 2135 3465">
    <p class='ocr_par' dir='ltr' id='par_1_49' title="bbox 554 3391 2135 3465">
     <span class='ocr_line' id='line_1_49' title="bbox 554 3391 2135 3465; baseline 0.004 -19"><span class='ocrx_word' id='word_1_334' title='bbox 554 3394 937 3449; x_wconf 87' lang='lat' dir='ltr'><strong>Tillemontius</strong></span> <span class='ocrx_word' id='word_1_335' title='bbox 964 3401 1112 3447; x_wconf 91' lang='lat' dir='ltr'><strong>tomo</strong></span> <span class='ocrx_word' id='word_1_336' title='bbox 1151 3391 1245 3445; x_wconf 80' lang='grc' dir='ltr'><strong>ΧΠ</strong></span> <span class='ocrx_word' id='word_1_337' title='bbox 1276 3391 1604 3447; x_wconf 76' lang='grc' dir='ltr'><strong>Μοιωηιεηι.</strong></span> <span class='ocrx_word' id='word_1_338' title='bbox 1648 3394 1832 3448; x_wconf 83' lang='lat' dir='ltr'><strong>eccles.</strong></span> <span class='ocrx_word' id='word_1_339' title='bbox 1874 3410 1999 3465; x_wconf 86' lang='lat' dir='ltr'><strong>pag.</strong></span> <span class='ocrx_word' id='word_1_340' title='bbox 2029 3396 2135 3452; x_wconf 74' lang='grc'><strong>416</strong></span> 
     </span>
    </p>
   </div>
   <div class='ocr_carea' id='block_1_50' title="bbox 552 3483 2137 3556">
    <p class='ocr_par' dir='ltr' id='par_1_50' title="bbox 552 3483 2137 3556">
     <span class='ocr_line' id='line_1_50' title="bbox 552 3483 2137 3556; baseline 0.003 -18"><span class='ocrx_word' id='word_1_341' title='bbox 552 3493 607 3539; x_wconf 89' lang='lat' dir='ltr'><strong>et</strong></span> <span class='ocrx_word' id='word_1_342' title='bbox 663 3484 771 3538; x_wconf 72' lang='grc'><strong>425</strong></span> <span class='ocrx_word' id='word_1_343' title='bbox 812 3484 1053 3538; x_wconf 87' lang='lat' dir='ltr'><strong>Atticum</strong></span> <span class='ocrx_word' id='word_1_344' title='bbox 1114 3483 1387 3551; x_wconf 74' lang='lat' dir='ltr'><strong>praecipue</strong></span> <span class='ocrx_word' id='word_1_345' title='bbox 1427 3483 1792 3552; x_wconf 82' lang='lat' dir='ltr'><strong>reprehendit,</strong></span> <span class='ocrx_word' id='word_1_346' title='bbox 1838 3500 2070 3556; x_wconf 85' lang='lat' dir='ltr'><strong>eumque</strong></span> <span class='ocrx_word' id='word_1_347' title='bbox 2105 3502 2137 3544; x_wconf 86' lang='lat' dir='ltr'><strong>e</strong></span> 
     </span>
    </p>
   </div>
   <div class='ocr_carea' id='block_1_51' title="bbox 554 3573 2134 3646">
    <p class='ocr_par' dir='ltr' id='par_1_51' title="bbox 554 3573 2134 3646">
     <span class='ocr_line' id='line_1_51' title="bbox 554 3573 2134 3646; baseline 0.003 -17"><span class='ocrx_word' id='word_1_348' title='bbox 554 3576 802 3644; x_wconf 84' lang='lat' dir='ltr'><strong>catalogo</strong></span> <span class='ocrx_word' id='word_1_349' title='bbox 853 3583 1167 3629; x_wconf 90' lang='lat' dir='ltr'><strong>sanctorum</strong></span> <span class='ocrx_word' id='word_1_350' title='bbox 1217 3576 1497 3643; x_wconf 84' lang='lat' dir='ltr'><strong>expungit.</strong></span> <span class='ocrx_word' id='word_1_351' title='bbox 1546 3573 1602 3628; x_wconf 91' lang='lat' dir='ltr'><strong>Si</strong></span> <span class='ocrx_word' id='word_1_352' title='bbox 1648 3574 1811 3645; x_wconf 87' lang='lat' dir='ltr'><strong>igitur</strong></span> <span class='ocrx_word' id='word_1_353' title='bbox 1850 3585 2134 3646; x_wconf 82' lang='lat' dir='ltr'><strong>propterea</strong></span> 
     </span>
    </p>
   </div>
   <div class='ocr_carea' id='block_1_52' title="bbox 553 3663 2133 3738">
    <p class='ocr_par' dir='ltr' id='par_1_52' title="bbox 553 3663 2133 3738">
     <span class='ocr_line' id='line_1_52' title="bbox 553 3663 2133 3738; baseline 0.003 -20"><span class='ocrx_word' id='word_1_354' title='bbox 553 3665 791 3719; x_wconf 81' lang='lat' dir='ltr'><strong>Atticum</strong></span> <span class='ocrx_word' id='word_1_355' title='bbox 823 3665 946 3719; x_wconf 91' lang='lat' dir='ltr'><strong>albo</strong></span> <span class='ocrx_word' id='word_1_356' title='bbox 979 3672 1293 3719; x_wconf 86' lang='lat' dir='ltr'><strong>sanctorum</strong></span> <span class='ocrx_word' id='word_1_357' title='bbox 1330 3663 1538 3727; x_wconf 89' lang='lat' dir='ltr'><strong>eradat,</strong></span> <span class='ocrx_word' id='word_1_358' title='bbox 1570 3680 1668 3719; x_wconf 91' lang='lat' dir='ltr'><strong>cur</strong></span> <span class='ocrx_word' id='word_1_359' title='bbox 1700 3665 1753 3718; x_wconf 92' lang='lat' dir='ltr'><strong>in</strong></span> <span class='ocrx_word' id='word_1_360' title='bbox 1782 3681 1848 3720; x_wconf 90' lang='lat' dir='ltr'><strong>eo</strong></span> <span class='ocrx_word' id='word_1_361' title='bbox 1876 3666 2133 3738; x_wconf 83' lang='lat' dir='ltr'><strong>Cyrillum</strong></span> 
     </span>
    </p>
   </div>
   <div class='ocr_carea' id='block_1_53' title="bbox 554 3754 2133 3825">
    <p class='ocr_par' dir='ltr' id='par_1_53' title="bbox 554 3754 2133 3825">
     <span class='ocr_line' id='line_1_53' title="bbox 554 3754 2133 3825; baseline 0.003 -16"><span class='ocrx_word' id='word_1_362' title='bbox 554 3756 843 3825; x_wconf 85' lang='lat' dir='ltr'><strong>relinquit?</strong></span> <span class='ocrx_word' id='word_1_363' title='bbox 875 3754 955 3810; x_wconf 88' lang='lat' dir='ltr'><strong>Ne</strong></span> <span class='ocrx_word' id='word_1_364' title='bbox 1001 3756 1089 3811; x_wconf 90' lang='lat' dir='ltr'><strong>his</strong></span> <span class='ocrx_word' id='word_1_365' title='bbox 1133 3755 1340 3810; x_wconf 92' lang='lat' dir='ltr'><strong>diutius</strong></span> <span class='ocrx_word' id='word_1_366' title='bbox 1384 3756 1665 3820; x_wconf 90' lang='lat' dir='ltr'><strong>immorer,</strong></span> <span class='ocrx_word' id='word_1_367' title='bbox 1711 3758 1934 3812; x_wconf 88' lang='lat' dir='ltr'><strong>unicum</strong></span> <span class='ocrx_word' id='word_1_368' title='bbox 1973 3757 2133 3814; x_wconf 76' lang='lat' dir='ltr'><strong>Tille-</strong></span> 
     </span>
    </p>
   </div>
   <div class='ocr_carea' id='block_1_54' title="bbox 554 3845 2133 3918">
    <p class='ocr_par' dir='ltr' id='par_1_54' title="bbox 554 3845 2133 3918">
     <span class='ocr_line' id='line_1_54' title="bbox 554 3845 2133 3918; baseline 0.004 -19"><span class='ocrx_word' id='word_1_369' title='bbox 554 3847 762 3901; x_wconf 81' lang='lat' dir='ltr'><strong>montio</strong></span> <span class='ocrx_word' id='word_1_370' title='bbox 791 3847 1046 3901; x_wconf 85' lang='lat' dir='ltr'><strong>dilemma</strong></span> <span class='ocrx_word' id='word_1_371' title='bbox 1082 3861 1350 3917; x_wconf 93' lang='lat' dir='ltr'><strong>propono.</strong></span> <span class='ocrx_word' id='word_1_372' title='bbox 1382 3845 1620 3918; x_wconf 88' lang='lat' dir='ltr'><strong>Cyrillus</strong></span> <span class='ocrx_word' id='word_1_373' title='bbox 1657 3862 1944 3905; x_wconf 88' lang='lat' dir='ltr'><strong>erroneam</strong></span> <span class='ocrx_word' id='word_1_374' title='bbox 1978 3866 2133 3906; x_wconf 91' lang='lat' dir='ltr'><strong>suam</strong></span> 
     </span>
    </p>
   </div>
   <div class='ocr_carea' id='block_1_55' title="bbox 553 3939 2138 4012">
    <p class='ocr_par' dir='ltr' id='par_1_55' title="bbox 553 3939 2138 4012">
     <span class='ocr_line' id='line_1_55' title="bbox 553 3939 2138 4012; baseline 0.004 -19"><span class='ocrx_word' id='word_1_375' title='bbox 553 3940 622 3993; x_wconf 90' lang='lat' dir='ltr'><strong>de</strong></span> <span class='ocrx_word' id='word_1_376' title='bbox 661 3940 998 4009; x_wconf 78' lang='lat' dir='ltr'><strong>depositione</strong></span> <span class='ocrx_word' id='word_1_377' title='bbox 1030 3939 1089 3994; x_wconf 92' lang='lat' dir='ltr'><strong>S.</strong></span> <span class='ocrx_word' id='word_1_378' title='bbox 1124 3939 1504 4011; x_wconf 87' lang='lat' dir='ltr'><strong>Chrysostomi</strong></span> <span class='ocrx_word' id='word_1_379' title='bbox 1539 3939 1859 4009; x_wconf 86' lang='lat' dir='ltr'><strong>opinionem</strong></span> <span class='ocrx_word' id='word_1_380' title='bbox 1893 3953 2018 4012; x_wconf 91' lang='lat' dir='ltr'><strong>post</strong></span> <span class='ocrx_word' id='word_1_381' title='bbox 2047 3944 2138 3999; x_wconf 90' lang='lat' dir='ltr'><strong>da-</strong></span> 
     </span>
    </p>
   </div>
   <div class='ocr_carea' id='block_1_56' title="bbox 553 4026 2134 4096">
    <p class='ocr_par' dir='ltr' id='par_1_56' title="bbox 553 4026 2134 4096">
     <span class='ocr_line' id='line_1_56' title="bbox 553 4026 2134 4096; baseline 0.005 -15"><span class='ocrx_word' id='word_1_382' title='bbox 553 4035 637 4081; x_wconf 90' lang='lat' dir='ltr'><strong>tas</strong></span> <span class='ocrx_word' id='word_1_383' title='bbox 681 4027 747 4081; x_wconf 91' lang='lat' dir='ltr'><strong>ad</strong></span> <span class='ocrx_word' id='word_1_384' title='bbox 789 4026 1048 4082; x_wconf 81' lang='lat' dir='ltr'><strong>Acacium</strong></span> <span class='ocrx_word' id='word_1_385' title='bbox 1090 4029 1301 4085; x_wconf 86' lang='lat' dir='ltr'><strong>litteras</strong></span> <span class='ocrx_word' id='word_1_386' title='bbox 1340 4028 1424 4083; x_wconf 89' lang='lat' dir='ltr'><strong>vel</strong></span> <span class='ocrx_word' id='word_1_387' title='bbox 1473 4030 1812 4096; x_wconf 84' lang='lat' dir='ltr'><strong>retractavit,</strong></span> <span class='ocrx_word' id='word_1_388' title='bbox 1851 4034 1933 4086; x_wconf 87' lang='lat' dir='ltr'><strong>vel</strong></span> <span class='ocrx_word' id='word_1_389' title='bbox 1977 4034 2031 4087; x_wconf 89' lang='lat' dir='ltr'><strong>in</strong></span> <span class='ocrx_word' id='word_1_390' title='bbox 2071 4050 2134 4090; x_wconf 89' lang='lat' dir='ltr'><strong>ea</strong></span> 
     </span>
    </p>
   </div>
   <div class='ocr_carea' id='block_1_57' title="bbox 554 4119 2137 4195">
    <p class='ocr_par' dir='ltr' id='par_1_57' title="bbox 554 4119 2137 4195">
     <span class='ocr_line' id='line_1_57' title="bbox 554 4119 2137 4195; baseline 0.005 -22"><span class='ocrx_word' id='word_1_391' title='bbox 554 4135 733 4191; x_wconf 88' lang='lat' dir='ltr'><strong>usque</strong></span> <span class='ocrx_word' id='word_1_392' title='bbox 760 4119 830 4175; x_wconf 90' lang='lat' dir='ltr'><strong>ad</strong></span> <span class='ocrx_word' id='word_1_393' title='bbox 859 4131 1093 4174; x_wconf 91' lang='lat' dir='ltr'><strong>mortem</strong></span> <span class='ocrx_word' id='word_1_394' title='bbox 1124 4120 1440 4190; x_wconf 77' lang='lat' dir='ltr'><strong>permansit.</strong></span> <span class='ocrx_word' id='word_1_395' title='bbox 1478 4119 1537 4175; x_wconf 88' lang='lat' dir='ltr'><strong>Si</strong></span> <span class='ocrx_word' id='word_1_396' title='bbox 1559 4122 1688 4177; x_wconf 89' lang='lat' dir='ltr'><strong>velit</strong></span> <span class='ocrx_word' id='word_1_397' title='bbox 1716 4124 1978 4192; x_wconf 88' lang='lat' dir='ltr'><strong>primum,</strong></span> <span class='ocrx_word' id='word_1_398' title='bbox 2009 4141 2137 4195; x_wconf 86' lang='lat' dir='ltr'><strong>pro-</strong></span> 
     </span>
    </p>
   </div>
   <div class='ocr_carea' id='block_1_58' title="bbox 553 4209 2135 4287">
    <p class='ocr_par' dir='ltr' id='par_1_58' title="bbox 553 4209 2135 4287">
     <span class='ocr_line' id='line_1_58' title="bbox 553 4209 2135 4287; baseline 0.006 -23"><span class='ocrx_word' id='word_1_399' title='bbox 553 4209 693 4265; x_wconf 77' lang='lat' dir='ltr'><strong>ferat</strong></span> <span class='ocrx_word' id='word_1_400' title='bbox 736 4221 989 4268; x_wconf 81' lang='lat' dir='ltr'><strong>auctores</strong></span> <span class='ocrx_word' id='word_1_401' title='bbox 1035 4211 1140 4266; x_wconf 85' lang='lat' dir='ltr'><strong>ﬁde</strong></span> <span class='ocrx_word' id='word_1_402' title='bbox 1179 4213 1396 4283; x_wconf 84' lang='lat' dir='ltr'><strong>dignos,</strong></span> <span class='ocrx_word' id='word_1_403' title='bbox 1429 4222 1525 4267; x_wconf 89' lang='lat' dir='ltr'><strong>aut</strong></span> <span class='ocrx_word' id='word_1_404' title='bbox 1562 4213 1679 4284; x_wconf 90' lang='lat' dir='ltr'><strong>ipsa</strong></span> <span class='ocrx_word' id='word_1_405' title='bbox 1709 4214 1898 4285; x_wconf 88' lang='lat' dir='ltr'><strong>Cyrilli</strong></span> <span class='ocrx_word' id='word_1_406' title='bbox 1931 4218 2135 4287; x_wconf 87' lang='lat' dir='ltr'><strong>scripta</strong></span> 
     </span>
    </p>
   </div>
   <div class='ocr_carea' id='block_1_59' title="bbox 554 4302 2133 4377">
    <p class='ocr_par' dir='ltr' id='par_1_59' title="bbox 554 4302 2133 4377">
     <span class='ocr_line' id='line_1_59' title="bbox 554 4302 2133 4377; baseline 0.006 -21"><span class='ocrx_word' id='word_1_407' title='bbox 554 4302 612 4357; x_wconf 89' lang='lat' dir='ltr'><strong>in</strong></span> <span class='ocrx_word' id='word_1_408' title='bbox 639 4304 838 4372; x_wconf 88' lang='lat' dir='ltr'><strong>quibus</strong></span> <span class='ocrx_word' id='word_1_409' title='bbox 867 4320 930 4359; x_wconf 88' lang='lat' dir='ltr'><strong>ea</strong></span> <span class='ocrx_word' id='word_1_410' title='bbox 968 4306 1280 4360; x_wconf 87' lang='lat' dir='ltr'><strong>retractatio</strong></span> <span class='ocrx_word' id='word_1_411' title='bbox 1312 4321 1568 4376; x_wconf 79' lang='lat' dir='ltr'><strong>expresse</strong></span> <span class='ocrx_word' id='word_1_412' title='bbox 1590 4309 1819 4377; x_wconf 85' lang='lat' dir='ltr'><strong>legatur.</strong></span> <span class='ocrx_word' id='word_1_413' title='bbox 1846 4307 2048 4365; x_wconf 83' lang='lat' dir='ltr'><strong>Saltem</strong></span> <span class='ocrx_word' id='word_1_414' title='bbox 2078 4312 2133 4366; x_wconf 88' lang='lat' dir='ltr'><strong>in</strong></span> 
     </span>
    </p>
   </div>
   <div class='ocr_carea' id='block_1_60' title="bbox 558 4393 2129 4466">
    <p class='ocr_par' dir='ltr' id='par_1_60' title="bbox 558 4393 2129 4466">
     <span class='ocr_line' id='line_1_60' title="bbox 558 4393 2129 4466; baseline 0.009 -21"><span class='ocrx_word' id='word_1_415' title='bbox 558 4393 710 4449; x_wconf 69' lang='lat' dir='ltr'><strong>Actis</strong></span> <span class='ocrx_word' id='word_1_416' title='bbox 734 4393 791 4448; x_wconf 93' lang='lat' dir='ltr'><strong>S.</strong></span> <span class='ocrx_word' id='word_1_417' title='bbox 826 4394 1038 4466; x_wconf 86' lang='lat' dir='ltr'><strong>Cyrilli,</strong></span> <span class='ocrx_word' id='word_1_418' title='bbox 1073 4414 1195 4466; x_wconf 64' lang='lat' dir='ltr'><strong>qua:</strong></span> <span class='ocrx_word' id='word_1_419' title='bbox 1242 4407 1389 4452; x_wconf 89' lang='lat' dir='ltr'><strong>tomo</strong></span> <span class='ocrx_word' id='word_1_420' title='bbox 1429 4397 1549 4452; x_wconf 79' lang='lat' dir='ltr'><strong>XIV</strong></span> <span class='ocrx_word' id='word_1_421' title='bbox 1581 4397 1913 4458; x_wconf 80' lang='lat' dir='ltr'><strong>Monument.</strong></span> <span class='ocrx_word' id='word_1_422' title='bbox 1945 4405 2129 4459; x_wconf 82' lang='lat' dir='ltr'><strong>eccles.</strong></span> 
     </span>
    </p>
   </div>
   <div class='ocr_carea' id='block_1_61' title="bbox 2233 1924 3779 2000">
    <p class='ocr_par' dir='ltr' id='par_1_61' title="bbox 2233 1924 3779 2000">
     <span class='ocr_line' id='line_1_61' title="bbox 2233 1924 3779 2000; baseline -0.002 -17"><span class='ocrx_word' id='word_1_423' title='bbox 2233 1940 2340 1994; x_wconf 88' lang='lat' dir='ltr'><strong>tur,</strong></span> <span class='ocrx_word' id='word_1_424' title='bbox 2362 1939 2559 1998; x_wconf 70' lang='lat' dir='ltr'><strong>praeter</strong></span> <span class='ocrx_word' id='word_1_425' title='bbox 2583 1945 2746 1999; x_wconf 90' lang='lat' dir='ltr'><strong>quam</strong></span> <span class='ocrx_word' id='word_1_426' title='bbox 2784 1931 3081 1985; x_wconf 87' lang='lat' dir='ltr'><strong>secundum</strong></span> <span class='ocrx_word' id='word_1_427' title='bbox 3106 1946 3269 2000; x_wconf 87' lang='lat' dir='ltr'><strong>supra</strong></span> <span class='ocrx_word' id='word_1_428' title='bbox 3296 1930 3444 1985; x_wconf 85' lang='lat' dir='ltr'><strong>dicta</strong></span> <span class='ocrx_word' id='word_1_429' title='bbox 3468 1927 3667 1983; x_wconf 83' lang='lat' dir='ltr'><strong>Atticus</strong></span> <span class='ocrx_word' id='word_1_430' title='bbox 3687 1924 3779 1981; x_wconf 54' lang='lat' dir='ltr'><strong>ad-</strong></span> 
     </span>
    </p>
   </div>
   <div class='ocr_carea' id='block_1_62' title="bbox 2233 2020 3781 2093">
    <p class='ocr_par' dir='ltr' id='par_1_62' title="bbox 2233 2020 3781 2093">
     <span class='ocr_line' id='line_1_62' title="bbox 2233 2020 3781 2093; baseline -0.003 -17"><span class='ocrx_word' id='word_1_431' title='bbox 2233 2022 2341 2077; x_wconf 84' lang='lat' dir='ltr'><strong>huc</strong></span> <span class='ocrx_word' id='word_1_432' title='bbox 2364 2023 2500 2078; x_wconf 84' lang='lat' dir='ltr'><strong>alias</strong></span> <span class='ocrx_word' id='word_1_433' title='bbox 2528 2024 2752 2092; x_wconf 85' lang='lat' dir='ltr'><strong>implere</strong></span> <span class='ocrx_word' id='word_1_434' title='bbox 2773 2023 2981 2088; x_wconf 83' lang='lat' dir='ltr'><strong>debuit,</strong></span> <span class='ocrx_word' id='word_1_435' title='bbox 3012 2025 3079 2078; x_wconf 89' lang='lat' dir='ltr'><strong>de</strong></span> <span class='ocrx_word' id='word_1_436' title='bbox 3093 2023 3296 2093; x_wconf 88' lang='lat' dir='ltr'><strong>quibus</strong></span> <span class='ocrx_word' id='word_1_437' title='bbox 3319 2023 3386 2077; x_wconf 90' lang='lat' dir='ltr'><strong>ab</strong></span> <span class='ocrx_word' id='word_1_438' title='bbox 3422 2023 3539 2092; x_wconf 91' lang='lat' dir='ltr'><strong>ipso</strong></span> <span class='ocrx_word' id='word_1_439' title='bbox 3570 2020 3781 2090; x_wconf 83' lang='lat' dir='ltr'><strong>impletis</strong></span> 
     </span>
    </p>
   </div>
   <div class='ocr_carea' id='block_1_63' title="bbox 2231 2113 3781 2171">
    <p class='ocr_par' dir='ltr' id='par_1_63' title="bbox 2231 2113 3781 2171">
     <span class='ocr_line' id='line_1_63' title="bbox 2231 2113 3781 2171; baseline -0.002 -5"><span class='ocrx_word' id='word_1_440' title='bbox 2231 2122 2442 2169; x_wconf 80' lang='lat' dir='ltr'><strong>veteres</strong></span> <span class='ocrx_word' id='word_1_441' title='bbox 2482 2115 2726 2170; x_wconf 88' lang='lat' dir='ltr'><strong>historici</strong></span> <span class='ocrx_word' id='word_1_442' title='bbox 2764 2132 2871 2170; x_wconf 85' lang='lat' dir='ltr'><strong>non</strong></span> <span class='ocrx_word' id='word_1_443' title='bbox 2919 2116 3305 2171; x_wconf 88' lang='lat' dir='ltr'><strong>meminerunt.</strong></span> <span class='ocrx_word' id='word_1_444' title='bbox 3351 2115 3617 2171; x_wconf 74' lang='lat' dir='ltr'><strong>Caeterum</strong></span> <span class='ocrx_word' id='word_1_445' title='bbox 3661 2113 3781 2165; x_wconf 82' lang='lat' dir='ltr'><strong>dun-</strong></span> 
     </span>
    </p>
   </div>
   <div class='ocr_carea' id='block_1_64' title="bbox 2234 2204 3783 2278">
    <p class='ocr_par' dir='ltr' id='par_1_64' title="bbox 2234 2204 3783 2278">
     <span class='ocr_line' id='line_1_64' title="bbox 2234 2204 3783 2278; baseline -0.001 -21"><span class='ocrx_word' id='word_1_446' title='bbox 2234 2213 2386 2259; x_wconf 84' lang='lat' dir='ltr'><strong>taxat</strong></span> <span class='ocrx_word' id='word_1_447' title='bbox 2427 2220 2581 2274; x_wconf 76' lang='lat' dir='ltr'><strong>rogo,</strong></span> <span class='ocrx_word' id='word_1_448' title='bbox 2615 2216 2677 2260; x_wconf 92' lang='lat' dir='ltr'><strong>ut</strong></span> <span class='ocrx_word' id='word_1_449' title='bbox 2709 2205 2768 2262; x_wconf 89' lang='lat' dir='ltr'><strong>S.</strong></span> <span class='ocrx_word' id='word_1_450' title='bbox 2802 2206 3038 2278; x_wconf 85' lang='lat' dir='ltr'><strong>Cyrillus</strong></span> <span class='ocrx_word' id='word_1_451' title='bbox 3072 2216 3126 2262; x_wconf 91' lang='lat' dir='ltr'><strong>ct</strong></span> <span class='ocrx_word' id='word_1_452' title='bbox 3147 2205 3206 2262; x_wconf 93' lang='lat' dir='ltr'><strong>S.</strong></span> <span class='ocrx_word' id='word_1_453' title='bbox 3239 2207 3455 2262; x_wconf 84' lang='lat' dir='ltr'><strong>Atticus</strong></span> <span class='ocrx_word' id='word_1_454' title='bbox 3487 2206 3635 2276; x_wconf 82' lang='lat' dir='ltr'><strong>juxta</strong></span> <span class='ocrx_word' id='word_1_455' title='bbox 3661 2204 3783 2257; x_wconf 89' lang='lat' dir='ltr'><strong>hanc</strong></span> 
     </span>
    </p>
   </div>
   <div class='ocr_carea' id='block_1_65' title="bbox 2234 2294 3658 2368">
    <p class='ocr_par' dir='ltr' id='par_1_65' title="bbox 2234 2294 3658 2368">
     <span class='ocr_line' id='line_1_65' title="bbox 2234 2294 3658 2368; baseline -0.001 -20"><span class='ocrx_word' id='word_1_456' title='bbox 2234 2294 2715 2351; x_wconf 89' lang='lat' dir='ltr'><strong>Tillemontianam</strong></span> <span class='ocrx_word' id='word_1_457' title='bbox 2746 2299 2986 2368; x_wconf 84' lang='lat' dir='ltr'><strong>regulam</strong></span> <span class='ocrx_word' id='word_1_458' title='bbox 3018 2298 3305 2368; x_wconf 61' lang='lat' dir='ltr'><strong>aqualiter</strong></span> <span class='ocrx_word' id='word_1_459' title='bbox 3326 2297 3658 2367; x_wconf 88' lang='lat' dir='ltr'><strong>judicentur.</strong></span> 
     </span>
    </p>
   </div>
   <div class='ocr_carea' id='block_1_66' title="bbox 2302 2384 3785 2459">
    <p class='ocr_par' dir='ltr' id='par_1_66' title="bbox 2302 2384 3785 2459">
     <span class='ocr_line' id='line_1_66' title="bbox 2302 2384 3785 2459; baseline -0.003 -18"><span class='ocrx_word' id='word_1_460' title='bbox 2302 2387 2394 2443; x_wconf 73' lang='lat'><strong>25.</strong></span> <span class='ocrx_word' id='word_1_461' title='bbox 2435 2386 2554 2443; x_wconf 87' lang='lat' dir='ltr'><strong>Non</strong></span> <span class='ocrx_word' id='word_1_462' title='bbox 2587 2390 2759 2454; x_wconf 83' lang='lat' dir='ltr'><strong>video,</strong></span> <span class='ocrx_word' id='word_1_463' title='bbox 2791 2393 3068 2459; x_wconf 86' lang='lat' dir='ltr'><strong>quomodo</strong></span> <span class='ocrx_word' id='word_1_464' title='bbox 3100 2391 3231 2445; x_wconf 89' lang='lat' dir='ltr'><strong>hinc</strong></span> <span class='ocrx_word' id='word_1_465' title='bbox 3259 2391 3495 2446; x_wconf 83' lang='lat' dir='ltr'><strong>evadere</strong></span> <span class='ocrx_word' id='word_1_466' title='bbox 3523 2386 3686 2458; x_wconf 87' lang='lat' dir='ltr'><strong>possit</strong></span> <span class='ocrx_word' id='word_1_467' title='bbox 3708 2384 3785 2438; x_wconf 85' lang='lat' dir='ltr'><strong>ad-</strong></span> 
     </span>
    </p>
   </div>
   <div class='ocr_carea' id='block_1_67' title="bbox 2234 2477 3784 2548">
    <p class='ocr_par' dir='ltr' id='par_1_67' title="bbox 2234 2477 3784 2548">
     <span class='ocr_line' id='line_1_67' title="bbox 2234 2477 3784 2548; baseline -0.006 -17"><span class='ocrx_word' id='word_1_468' title='bbox 2234 2478 2535 2540; x_wconf 89' lang='lat' dir='ltr'><strong>versarius,</strong></span> <span class='ocrx_word' id='word_1_469' title='bbox 2567 2478 2967 2547; x_wconf 80' lang='lat' dir='ltr'><strong>nisic0nl‘ugiat</strong></span> <span class='ocrx_word' id='word_1_470' title='bbox 2996 2479 3063 2534; x_wconf 91' lang='lat' dir='ltr'><strong>ad</strong></span> <span class='ocrx_word' id='word_1_471' title='bbox 3098 2479 3326 2534; x_wconf 85' lang='lat' dir='ltr'><strong>alteram</strong></span> <span class='ocrx_word' id='word_1_472' title='bbox 3359 2477 3620 2548; x_wconf 89' lang='lat' dir='ltr'><strong>regulam,</strong></span> <span class='ocrx_word' id='word_1_473' title='bbox 3643 2484 3784 2541; x_wconf 84' lang='lat' dir='ltr'><strong>quam</strong></span> 
     </span>
    </p>
   </div>
   <div class='ocr_carea' id='block_1_68' title="bbox 2234 2563 3787 2639">
    <p class='ocr_par' dir='ltr' id='par_1_68' title="bbox 2234 2563 3787 2639">
     <span class='ocr_line' id='line_1_68' title="bbox 2234 2563 3787 2639; baseline -0.007 -16"><span class='ocrx_word' id='word_1_474' title='bbox 2234 2577 2386 2624; x_wconf 89' lang='lat' dir='ltr'><strong>tomo</strong></span> <span class='ocrx_word' id='word_1_475' title='bbox 2432 2568 2479 2623; x_wconf 82' lang='lat' dir='ltr'>X</span> <span class='ocrx_word' id='word_1_476' title='bbox 2523 2567 2854 2624; x_wconf 78' lang='lat' dir='ltr'><strong>Monument.</strong></span> <span class='ocrx_word' id='word_1_477' title='bbox 2882 2569 3069 2624; x_wconf 83' lang='lat' dir='ltr'><strong>eccles.</strong></span> <span class='ocrx_word' id='word_1_478' title='bbox 3122 2585 3245 2639; x_wconf 85' lang='lat' dir='ltr'><strong>pag.</strong></span> <span class='ocrx_word' id='word_1_479' title='bbox 3286 2570 3386 2624; x_wconf 73' lang='grc'><strong>541</strong></span> <span class='ocrx_word' id='word_1_480' title='bbox 3434 2567 3538 2624; x_wconf 89' lang='lat' dir='ltr'><strong>sibi</strong></span> <span class='ocrx_word' id='word_1_481' title='bbox 3582 2563 3787 2629; x_wconf 83' lang='lat' dir='ltr'><strong>aliisque</strong></span> 
     </span>
    </p>
   </div>
   <div class='ocr_carea' id='block_1_69' title="bbox 2234 2656 3787 2732">
    <p class='ocr_par' dir='ltr' id='par_1_69' title="bbox 2234 2656 3787 2732">
     <span class='ocr_line' id='line_1_69' title="bbox 2234 2656 3787 2732; baseline -0.006 -17"><span class='ocrx_word' id='word_1_482' title='bbox 2234 2661 2561 2732; x_wconf 82' lang='lat' dir='ltr'><strong>praescribit,</strong></span> <span class='ocrx_word' id='word_1_483' title='bbox 2594 2671 2648 2717; x_wconf 87' lang='lat' dir='ltr'><strong>et</strong></span> <span class='ocrx_word' id='word_1_484' title='bbox 2680 2678 2788 2731; x_wconf 89' lang='lat' dir='ltr'><strong>qua</strong></span> <span class='ocrx_word' id='word_1_485' title='bbox 2813 2661 3040 2717; x_wconf 81' lang='lat' dir='ltr'><strong>dubiam</strong></span> <span class='ocrx_word' id='word_1_486' title='bbox 3065 2660 3309 2716; x_wconf 77' lang='lat' dir='ltr'><strong>Flaviani</strong></span> <span class='ocrx_word' id='word_1_487' title='bbox 3338 2656 3654 2715; x_wconf 88' lang='lat' dir='ltr'><strong>Antiocheni</strong></span> <span class='ocrx_word' id='word_1_488' title='bbox 3677 2668 3787 2709; x_wconf 62' lang='lat' dir='ltr'><strong>sano</strong></span> 
     </span>
    </p>
   </div>
   <div class='ocr_carea' id='block_1_70' title="bbox 2235 2744 3788 2825">
    <p class='ocr_par' dir='ltr' id='par_1_70' title="bbox 2235 2744 3788 2825">
     <span class='ocr_line' id='line_1_70' title="bbox 2235 2744 3788 2825; baseline -0.003 -16"><span class='ocrx_word' id='word_1_489' title='bbox 2235 2754 2483 2809; x_wconf 86' lang='lat' dir='ltr'><strong>ctitatem</strong></span> <span class='ocrx_word' id='word_1_490' title='bbox 2522 2754 2597 2809; x_wconf 90' lang='lat' dir='ltr'><strong>ita</strong></span> <span class='ocrx_word' id='word_1_491' title='bbox 2630 2754 2869 2809; x_wconf 88' lang='lat' dir='ltr'><strong>vindicat</strong></span> <span class='ocrx_word' id='word_1_492' title='bbox 2898 2773 2912 2808; x_wconf 89' lang='lat'><strong>:</strong></span> <span class='ocrx_word' id='word_1_493' title='bbox 2955 2774 2974 2806; x_wconf 72' lang='grc' dir='ltr'><strong>ς</strong></span> <span class='ocrx_word' id='word_1_494' title='bbox 3013 2754 3179 2825; x_wconf 88' lang='lat' dir='ltr'><strong>Igitur</strong></span> <span class='ocrx_word' id='word_1_495' title='bbox 3209 2754 3503 2810; x_wconf 86' lang='lat' dir='ltr'><strong>dicendum</strong></span> <span class='ocrx_word' id='word_1_496' title='bbox 3539 2760 3637 2817; x_wconf 84' lang='lat' dir='ltr'><strong>est,</strong></span> <span class='ocrx_word' id='word_1_497' title='bbox 3662 2744 3788 2818; x_wconf 81' lang='lat' dir='ltr'><strong>quod</strong></span> 
     </span>
    </p>
   </div>
   <div class='ocr_carea' id='block_1_71' title="bbox 2237 2843 3785 2917">
    <p class='ocr_par' dir='ltr' id='par_1_71' title="bbox 2237 2843 3785 2917">
     <span class='ocr_line' id='line_1_71' title="bbox 2237 2843 3785 2917; baseline -0.006 -17"><span class='ocrx_word' id='word_1_498' title='bbox 2237 2846 2477 2904; x_wconf 83' lang='lat' dir='ltr'><strong>Ecclesia</strong></span> <span class='ocrx_word' id='word_1_499' title='bbox 2524 2846 2710 2902; x_wconf 82' lang='lat' dir='ltr'><strong>Graeca</strong></span> <span class='ocrx_word' id='word_1_500' title='bbox 2758 2846 3035 2917; x_wconf 87' lang='lat' dir='ltr'><strong>antiquam</strong></span> <span class='ocrx_word' id='word_1_501' title='bbox 3081 2846 3428 2901; x_wconf 90' lang='lat' dir='ltr'><strong>traditionem</strong></span> <span class='ocrx_word' id='word_1_502' title='bbox 3477 2852 3657 2902; x_wconf 85' lang='lat' dir='ltr'><strong>secuta</strong></span> <span class='ocrx_word' id='word_1_503' title='bbox 3702 2843 3785 2905; x_wconf 89' lang='lat' dir='ltr'><strong>sit,</strong></span> 
     </span>
    </p>
   </div>
   <div class='ocr_carea' id='block_1_72' title="bbox 2237 2931 3787 3011">
    <p class='ocr_par' dir='ltr' id='par_1_72' title="bbox 2237 2931 3787 3011">
     <span class='ocr_line' id='line_1_72' title="bbox 2237 2931 3787 3011; baseline -0.006 -17"><span class='ocrx_word' id='word_1_504' title='bbox 2237 2940 2453 3009; x_wconf 86' lang='lat' dir='ltr'><strong>quando</strong></span> <span class='ocrx_word' id='word_1_505' title='bbox 2485 2939 2632 2993; x_wconf 89' lang='lat' dir='ltr'><strong>illum</strong></span> <span class='ocrx_word' id='word_1_506' title='bbox 2677 2958 2694 2990; x_wconf 75' lang='grc' dir='ltr'><strong><em>ι</em></strong></span> <span class='ocrx_word' id='word_1_507' title='bbox 2737 2940 2965 3011; x_wconf 86' lang='lat' dir='ltr'><strong>(scilicet</strong></span> <span class='ocrx_word' id='word_1_508' title='bbox 2996 2937 3338 3000; x_wconf 83' lang='lat' dir='ltr'><strong>Flavianum,</strong></span> <span class='ocrx_word' id='word_1_509' title='bbox 3364 2938 3437 2993; x_wconf 90' lang='lat' dir='ltr'><strong>de</strong></span> <span class='ocrx_word' id='word_1_510' title='bbox 3460 2952 3569 3007; x_wconf 91' lang='lat' dir='ltr'><strong>quo</strong></span> <span class='ocrx_word' id='word_1_511' title='bbox 3596 2931 3787 3002; x_wconf 77' lang='lat' dir='ltr'><strong>ibiagit)</strong></span> 
     </span>
    </p>
   </div>
   <div class='ocr_carea' id='block_1_73' title="bbox 2246 3023 3789 3101">
    <p class='ocr_par' dir='ltr' id='par_1_73' title="bbox 2246 3023 3789 3101">
     <span class='ocr_line' id='line_1_73' title="bbox 2246 3023 3789 3101; baseline -0.004 -18"><span class='ocrx_word' id='word_1_512' title='bbox 2246 3050 2264 3082; x_wconf 78' lang='grc' dir='ltr'><strong><em>ι</em></strong></span> <span class='ocrx_word' id='word_1_513' title='bbox 2301 3031 2519 3101; x_wconf 89' lang='lat' dir='ltr'><strong>publico</strong></span> <span class='ocrx_word' id='word_1_514' title='bbox 2558 3032 2706 3087; x_wconf 90' lang='lat' dir='ltr'><strong>cultu</strong></span> <span class='ocrx_word' id='word_1_515' title='bbox 2753 3038 3057 3086; x_wconf 88' lang='lat' dir='ltr'><strong>veneratur.</strong></span> <span class='ocrx_word' id='word_1_516' title='bbox 3094 3030 3251 3096; x_wconf 78' lang='lat' dir='ltr'><strong>Quod</strong></span> <span class='ocrx_word' id='word_1_517' title='bbox 3299 3029 3345 3083; x_wconf 88' lang='lat' dir='ltr'><strong>si</strong></span> <span class='ocrx_word' id='word_1_518' title='bbox 3392 3028 3453 3082; x_wconf 87' lang='lat' dir='ltr'><strong>in</strong></span> <span class='ocrx_word' id='word_1_519' title='bbox 3481 3030 3600 3098; x_wconf 90' lang='lat' dir='ltr'><strong>ejus</strong></span> <span class='ocrx_word' id='word_1_520' title='bbox 3641 3023 3789 3096; x_wconf 87' lang='lat' dir='ltr'><strong>gestis</strong></span> 
     </span>
    </p>
   </div>
   <div class='ocr_carea' id='block_1_74' title="bbox 2240 3115 3786 3194">
    <p class='ocr_par' dir='ltr' id='par_1_74' title="bbox 2240 3115 3786 3194">
     <span class='ocr_line' id='line_1_74' title="bbox 2240 3115 3786 3194; baseline -0.007 -16"><span class='ocrx_word' id='word_1_521' title='bbox 2240 3135 2531 3178; x_wconf 87' lang='lat' dir='ltr'><strong>occurrant</strong></span> <span class='ocrx_word' id='word_1_522' title='bbox 2583 3124 2798 3192; x_wconf 90' lang='lat' dir='ltr'><strong>aliqua,</strong></span> <span class='ocrx_word' id='word_1_523' title='bbox 2853 3138 2974 3194; x_wconf 66' lang='lat' dir='ltr'><strong>qua:</strong></span> <span class='ocrx_word' id='word_1_524' title='bbox 3026 3137 3169 3192; x_wconf 73' lang='lat' dir='ltr'><strong>aegre</strong></span> <span class='ocrx_word' id='word_1_525' title='bbox 3219 3121 3479 3177; x_wconf 85' lang='lat' dir='ltr'><strong>videntur</strong></span> <span class='ocrx_word' id='word_1_526' title='bbox 3527 3115 3786 3175; x_wconf 87' lang='lat' dir='ltr'><strong>conciliari</strong></span> 
     </span>
    </p>
   </div>
   <div class='ocr_carea' id='block_1_75' title="bbox 2238 3208 3789 3286">
    <p class='ocr_par' dir='ltr' id='par_1_75' title="bbox 2238 3208 3789 3286">
     <span class='ocr_line' id='line_1_75' title="bbox 2238 3208 3789 3286; baseline -0.006 -17"><span class='ocrx_word' id='word_1_527' title='bbox 2238 3231 2398 3286; x_wconf 88' lang='lat' dir='ltr'><strong>posse</strong></span> <span class='ocrx_word' id='word_1_528' title='bbox 2419 3232 2542 3270; x_wconf 87' lang='lat' dir='ltr'><strong>cum</strong></span> <span class='ocrx_word' id='word_1_529' title='bbox 2570 3217 2762 3284; x_wconf 79' lang='lat' dir='ltr'><strong>spritu</strong></span> <span class='ocrx_word' id='word_1_530' title='bbox 2781 3214 3086 3278; x_wconf 87' lang='lat' dir='ltr'><strong>charitatis,</strong></span> <span class='ocrx_word' id='word_1_531' title='bbox 3112 3214 3207 3284; x_wconf 88' lang='lat' dir='ltr'><strong>qui</strong></span> <span class='ocrx_word' id='word_1_532' title='bbox 3228 3214 3379 3270; x_wconf 86' lang='lat' dir='ltr'><strong>solus</strong></span> <span class='ocrx_word' id='word_1_533' title='bbox 3397 3223 3615 3269; x_wconf 86' lang='lat' dir='ltr'><strong>sanctos</strong></span> <span class='ocrx_word' id='word_1_534' title='bbox 3632 3208 3789 3268; x_wconf 74' lang='lat' dir='ltr'><strong>edicit,</strong></span> 
     </span>
    </p>
   </div>
   <div class='ocr_carea' id='block_1_76' title="bbox 2239 3300 3789 3375">
    <p class='ocr_par' dir='ltr' id='par_1_76' title="bbox 2239 3300 3789 3375">
     <span class='ocr_line' id='line_1_76' title="bbox 2239 3300 3789 3375; baseline -0.003 -15"><span class='ocrx_word' id='word_1_535' title='bbox 2239 3306 2556 3362; x_wconf 88' lang='lat' dir='ltr'><strong>meminisse</strong></span> <span class='ocrx_word' id='word_1_536' title='bbox 2589 3315 2821 3375; x_wconf 88' lang='lat' dir='ltr'><strong>oportet,</strong></span> <span class='ocrx_word' id='word_1_537' title='bbox 2860 3323 2961 3362; x_wconf 82' lang='lat' dir='ltr'><strong>nos</strong></span> <span class='ocrx_word' id='word_1_538' title='bbox 2993 3322 3117 3362; x_wconf 88' lang='lat' dir='ltr'><strong>esse</strong></span> <span class='ocrx_word' id='word_1_539' title='bbox 3148 3306 3619 3371; x_wconf 62' lang='lat' dir='ltr'><strong>bomines,&#39;nimis</strong></span> <span class='ocrx_word' id='word_1_540' title='bbox 3647 3300 3789 3359; x_wconf 89' lang='lat' dir='ltr'><strong>debili</strong></span> 
     </span>
    </p>
   </div>
   <div class='ocr_carea' id='block_1_77' title="bbox 2240 3393 3791 3460">
    <p class='ocr_par' dir='ltr' id='par_1_77' title="bbox 2240 3393 3791 3460">
     <span class='ocr_line' id='line_1_77' title="bbox 2240 3393 3791 3460; baseline -0.005 -6"><span class='ocrx_word' id='word_1_541' title='bbox 2240 3416 2305 3454; x_wconf 88' lang='lat' dir='ltr'><strong>ac</strong></span> <span class='ocrx_word' id='word_1_542' title='bbox 2323 3400 2471 3454; x_wconf 89' lang='lat' dir='ltr'><strong>tenui</strong></span> <span class='ocrx_word' id='word_1_543' title='bbox 2506 3400 2711 3453; x_wconf 90' lang='lat' dir='ltr'><strong>lumine</strong></span> <span class='ocrx_word' id='word_1_544' title='bbox 2754 3399 3076 3460; x_wconf 87' lang='lat' dir='ltr'><strong>illustratos.</strong></span> <span class='ocrx_word' id='word_1_545' title='bbox 3113 3413 3171 3455; x_wconf 89' lang='lat' dir='ltr'><strong>ut</strong></span> <span class='ocrx_word' id='word_1_546' title='bbox 3207 3399 3275 3454; x_wconf 89' lang='lat' dir='ltr'><strong>de</strong></span> <span class='ocrx_word' id='word_1_547' title='bbox 3299 3399 3560 3454; x_wconf 83' lang='lat' dir='ltr'><strong>humanis</strong></span> <span class='ocrx_word' id='word_1_548' title='bbox 3580 3393 3791 3453; x_wconf 78' lang='lat' dir='ltr'><strong>actioni-</strong></span> 
     </span>
    </p>
   </div>
   <div class='ocr_carea' id='block_1_78' title="bbox 2238 3487 3791 3561">
    <p class='ocr_par' dir='ltr' id='par_1_78' title="bbox 2238 3487 3791 3561">
     <span class='ocr_line' id='line_1_78' title="bbox 2238 3487 3791 3561; baseline 0 -17"><span class='ocrx_word' id='word_1_549' title='bbox 2238 3489 2341 3546; x_wconf 89' lang='lat' dir='ltr'><strong>bus</strong></span> <span class='ocrx_word' id='word_1_550' title='bbox 2362 3505 2661 3560; x_wconf 87' lang='lat' dir='ltr'><strong>earumque</strong></span> <span class='ocrx_word' id='word_1_551' title='bbox 2696 3489 3128 3547; x_wconf 89' lang='lat' dir='ltr'><strong>circumstantiis</strong></span> <span class='ocrx_word' id='word_1_552' title='bbox 3158 3503 3304 3547; x_wconf 89' lang='lat' dir='ltr'><strong>recte</strong></span> <span class='ocrx_word' id='word_1_553' title='bbox 3329 3491 3658 3561; x_wconf 73' lang='lat' dir='ltr'><strong>iudicemus.</strong></span> <span class='ocrx_word' id='word_1_554' title='bbox 3694 3507 3712 3539; x_wconf 75' lang='grc' dir='ltr'><strong><em>ι</em></strong></span> <span class='ocrx_word' id='word_1_555' title='bbox 3733 3487 3791 3541; x_wconf 80' lang='lat' dir='ltr'><strong>At</strong></span> 
     </span>
    </p>
   </div>
   <div class='ocr_carea' id='block_1_79' title="bbox 2238 3580 3793 3655">
    <p class='ocr_par' dir='ltr' id='par_1_79' title="bbox 2238 3580 3793 3655">
     <span class='ocr_line' id='line_1_79' title="bbox 2238 3580 3793 3655; baseline -0.003 -18"><span class='ocrx_word' id='word_1_556' title='bbox 2238 3582 2484 3652; x_wconf 88' lang='lat' dir='ltr'><strong>nunquid</strong></span> <span class='ocrx_word' id='word_1_557' title='bbox 2515 3582 2618 3637; x_wconf 92' lang='lat' dir='ltr'><strong>hoc</strong></span> <span class='ocrx_word' id='word_1_558' title='bbox 2657 3583 2877 3637; x_wconf 78' lang='lat' dir='ltr'><strong>axioma</strong></span> <span class='ocrx_word' id='word_1_559' title='bbox 2905 3598 3059 3651; x_wconf 68' lang='lat' dir='ltr'><strong>aeque</strong></span> <span class='ocrx_word' id='word_1_560' title='bbox 3090 3582 3234 3639; x_wconf 81' lang='lat' dir='ltr'><strong>favet</strong></span> <span class='ocrx_word' id='word_1_561' title='bbox 3264 3585 3466 3651; x_wconf 82' lang='lat' dir='ltr'><strong>Attico,</strong></span> <span class='ocrx_word' id='word_1_562' title='bbox 3497 3598 3654 3655; x_wconf 89' lang='lat' dir='ltr'><strong>quam</strong></span> <span class='ocrx_word' id='word_1_563' title='bbox 3687 3580 3793 3634; x_wconf 81' lang='lat' dir='ltr'><strong>Fla-</strong></span> 
     </span>
    </p>
   </div>
   <div class='ocr_carea' id='block_1_80' title="bbox 2238 3668 3792 3746">
    <p class='ocr_par' dir='ltr' id='par_1_80' title="bbox 2238 3668 3792 3746">
     <span class='ocr_line' id='line_1_80' title="bbox 2238 3668 3792 3746; baseline -0.003 -21"><span class='ocrx_word' id='word_1_564' title='bbox 2238 3673 2431 3728; x_wconf 80' lang='lat' dir='ltr'><strong>viano?</strong></span> <span class='ocrx_word' id='word_1_565' title='bbox 2464 3671 2657 3728; x_wconf 92' lang='lat' dir='ltr'><strong>Nonne</strong></span> <span class='ocrx_word' id='word_1_566' title='bbox 2697 3674 2860 3727; x_wconf 91' lang='lat' dir='ltr'><strong>etiam</strong></span> <span class='ocrx_word' id='word_1_567' title='bbox 2907 3673 2998 3728; x_wconf 88' lang='lat' dir='ltr'><strong>hic</strong></span> <span class='ocrx_word' id='word_1_568' title='bbox 3059 3674 3165 3729; x_wconf 90' lang='lat' dir='ltr'><strong>dici</strong></span> <span class='ocrx_word' id='word_1_569' title='bbox 3213 3684 3414 3745; x_wconf 84' lang='lat' dir='ltr'><strong>potest,</strong></span> <span class='ocrx_word' id='word_1_570' title='bbox 3460 3674 3606 3746; x_wconf 88' lang='lat' dir='ltr'><strong>quod</strong></span> <span class='ocrx_word' id='word_1_571' title='bbox 3640 3668 3792 3728; x_wconf 66' lang='lat' dir='ltr'><strong>Graeci</strong></span> 
     </span>
    </p>
   </div>
   <div class='ocr_carea' id='block_1_81' title="bbox 2239 3762 3793 3840">
    <p class='ocr_par' dir='ltr' id='par_1_81' title="bbox 2239 3762 3793 3840">
     <span class='ocr_line' id='line_1_81' title="bbox 2239 3762 3793 3840; baseline 0 -24"><span class='ocrx_word' id='word_1_572' title='bbox 2239 3763 2400 3831; x_wconf 88' lang='lat' dir='ltr'><strong>(addo</strong></span> <span class='ocrx_word' id='word_1_573' title='bbox 2430 3779 2647 3833; x_wconf 92' lang='lat' dir='ltr'><strong>quoque</strong></span> <span class='ocrx_word' id='word_1_574' title='bbox 2673 3763 2897 3819; x_wconf 89' lang='lat' dir='ltr'><strong>Latinos</strong></span> <span class='ocrx_word' id='word_1_575' title='bbox 2929 3765 3193 3835; x_wconf 89' lang='lat' dir='ltr'><strong>quosdam</strong></span> <span class='ocrx_word' id='word_1_576' title='bbox 3224 3766 3638 3840; x_wconf 81' lang='lat' dir='ltr'><strong>Martyrologos)</strong></span> <span class='ocrx_word' id='word_1_577' title='bbox 3669 3762 3793 3820; x_wconf 59' lang='lat' dir='ltr'><strong>autin</strong></span> 
     </span>
    </p>
   </div>
   <div class='ocr_carea' id='block_1_82' title="bbox 2237 3856 3792 3927">
    <p class='ocr_par' dir='ltr' id='par_1_82' title="bbox 2237 3856 3792 3927">
     <span class='ocr_line' id='line_1_82' title="bbox 2237 3856 3792 3927; baseline 0.002 -17"><span class='ocrx_word' id='word_1_578' title='bbox 2237 3871 2401 3927; x_wconf 90' lang='lat' dir='ltr'><strong>quam</strong></span> <span class='ocrx_word' id='word_1_579' title='bbox 2436 3856 2780 3911; x_wconf 89' lang='lat' dir='ltr'><strong>traditionem</strong></span> <span class='ocrx_word' id='word_1_580' title='bbox 2815 3857 2989 3913; x_wconf 90' lang='lat' dir='ltr'><strong>secuti</strong></span> <span class='ocrx_word' id='word_1_581' title='bbox 3028 3857 3163 3921; x_wconf 83' lang='lat' dir='ltr'><strong>sint,</strong></span> <span class='ocrx_word' id='word_1_582' title='bbox 3190 3858 3321 3914; x_wconf 91' lang='lat' dir='ltr'><strong>dum</strong></span> <span class='ocrx_word' id='word_1_583' title='bbox 3366 3860 3607 3917; x_wconf 82' lang='lat' dir='ltr'><strong>Atticum</strong></span> <span class='ocrx_word' id='word_1_584' title='bbox 3640 3857 3792 3915; x_wconf 82' lang='lat' dir='ltr'><strong>saeris</strong></span> 
     </span>
    </p>
   </div>
   <div class='ocr_carea' id='block_1_83' title="bbox 2238 3945 3793 4024">
    <p class='ocr_par' dir='ltr' id='par_1_83' title="bbox 2238 3945 3793 4024">
     <span class='ocr_line' id='line_1_83' title="bbox 2238 3945 3793 4024; baseline 0 -21"><span class='ocrx_word' id='word_1_585' title='bbox 2238 3947 2355 4003; x_wconf 89' lang='lat' dir='ltr'><strong>suis</strong></span> <span class='ocrx_word' id='word_1_586' title='bbox 2395 3945 2575 4002; x_wconf 87' lang='lat' dir='ltr'><strong>Fastis</strong></span> <span class='ocrx_word' id='word_1_587' title='bbox 2618 3947 3004 4003; x_wconf 83' lang='lat' dir='ltr'><strong>inseruerunt?</strong></span> <span class='ocrx_word' id='word_1_588' title='bbox 3047 3947 3226 4006; x_wconf 83' lang='lat' dir='ltr'><strong>Verbo</strong></span> <span class='ocrx_word' id='word_1_589' title='bbox 3261 3967 3391 4017; x_wconf 89' lang='lat' dir='ltr'><strong>uno,</strong></span> <span class='ocrx_word' id='word_1_590' title='bbox 3428 3951 3684 4024; x_wconf 90' lang='lat' dir='ltr'><strong>quidquid</strong></span> <span class='ocrx_word' id='word_1_591' title='bbox 3711 3948 3793 4004; x_wconf 82' lang='lat' dir='ltr'><strong>ad-</strong></span> 
     </span>
    </p>
   </div>
   <div class='ocr_carea' id='block_1_84' title="bbox 2236 4038 3791 4104">
    <p class='ocr_par' dir='ltr' id='par_1_84' title="bbox 2236 4038 3791 4104">
     <span class='ocr_line' id='line_1_84' title="bbox 2236 4038 3791 4104; baseline 0.003 -11"><span class='ocrx_word' id='word_1_592' title='bbox 2236 4038 2514 4093; x_wconf 84' lang='lat' dir='ltr'><strong>versarius</strong></span> <span class='ocrx_word' id='word_1_593' title='bbox 2554 4039 2643 4094; x_wconf 89' lang='lat' dir='ltr'><strong>hic</strong></span> <span class='ocrx_word' id='word_1_594' title='bbox 2671 4039 2890 4104; x_wconf 83' lang='lat' dir='ltr'><strong>dixerit,</strong></span> <span class='ocrx_word' id='word_1_595' title='bbox 2924 4056 3027 4096; x_wconf 87' lang='lat' dir='ltr'><strong>nos</strong></span> <span class='ocrx_word' id='word_1_596' title='bbox 3053 4042 3244 4097; x_wconf 88' lang='lat' dir='ltr'><strong>eodem</strong></span> <span class='ocrx_word' id='word_1_597' title='bbox 3275 4042 3343 4098; x_wconf 88' lang='lat' dir='ltr'><strong>de</strong></span> <span class='ocrx_word' id='word_1_598' title='bbox 3372 4043 3557 4099; x_wconf 88' lang='lat' dir='ltr'><strong>Attico</strong></span> <span class='ocrx_word' id='word_1_599' title='bbox 3578 4041 3791 4097; x_wconf 75' lang='lat' dir='ltr'><strong>aﬂirma-</strong></span> 
     </span>
    </p>
   </div>
   <div class='ocr_carea' id='block_1_85' title="bbox 2236 4116 3791 4201">
    <p class='ocr_par' dir='ltr' id='par_1_85' title="bbox 2236 4116 3791 4201">
     <span class='ocr_line' id='line_1_85' title="bbox 2236 4116 3791 4201; baseline 0.001 -20"><span class='ocrx_word' id='word_1_600' title='bbox 2236 4126 2437 4181; x_wconf 91' lang='lat' dir='ltr'><strong>bimus.</strong></span> <span class='ocrx_word' id='word_1_601' title='bbox 2475 4124 2636 4181; x_wconf 89' lang='lat' dir='ltr'><strong>Certe</strong></span> <span class='ocrx_word' id='word_1_602' title='bbox 2677 4127 2723 4182; x_wconf 89' lang='lat' dir='ltr'><strong>si</strong></span> <span class='ocrx_word' id='word_1_603' title='bbox 2759 4116 3137 4186; x_wconf 86' lang='lat' dir='ltr'><strong>Tillemontius</strong></span> <span class='ocrx_word' id='word_1_604' title='bbox 3165 4132 3393 4187; x_wconf 89' lang='lat' dir='ltr'><strong>traditas</strong></span> <span class='ocrx_word' id='word_1_605' title='bbox 3429 4149 3459 4187; x_wconf 90' lang='lat' dir='ltr'><strong>a</strong></span> <span class='ocrx_word' id='word_1_606' title='bbox 3501 4148 3561 4189; x_wconf 89' lang='lat' dir='ltr'><strong>se</strong></span> <span class='ocrx_word' id='word_1_607' title='bbox 3599 4129 3791 4201; x_wconf 87' lang='lat' dir='ltr'><strong>regulas</strong></span> 
     </span>
    </p>
   </div>
   <div class='ocr_carea' id='block_1_86' title="bbox 2236 4218 3789 4295">
    <p class='ocr_par' dir='ltr' id='par_1_86' title="bbox 2236 4218 3789 4295">
     <span class='ocr_line' id='line_1_86' title="bbox 2236 4218 3789 4295; baseline 0.001 -22"><span class='ocrx_word' id='word_1_608' title='bbox 2236 4219 2598 4285; x_wconf 87' lang='lat' dir='ltr'><strong>observasset,</strong></span> <span class='ocrx_word' id='word_1_609' title='bbox 2636 4226 2745 4272; x_wconf 88' lang='lat' dir='ltr'><strong>tam</strong></span> <span class='ocrx_word' id='word_1_610' title='bbox 2794 4218 2990 4275; x_wconf 83' lang='lat' dir='ltr'><strong>durum</strong></span> <span class='ocrx_word' id='word_1_611' title='bbox 3039 4237 3105 4278; x_wconf 92' lang='lat' dir='ltr'><strong>ac</strong></span> <span class='ocrx_word' id='word_1_612' title='bbox 3148 4227 3500 4281; x_wconf 89' lang='lat' dir='ltr'><strong>temerarium</strong></span> <span class='ocrx_word' id='word_1_613' title='bbox 3549 4226 3789 4295; x_wconf 83' lang='lat' dir='ltr'><strong>judicium</strong></span> 
     </span>
    </p>
   </div>
   <div class='ocr_carea' id='block_1_87' title="bbox 2236 4310 3790 4389">
    <p class='ocr_par' dir='ltr' id='par_1_87' title="bbox 2236 4310 3790 4389">
     <span class='ocr_line' id='line_1_87' title="bbox 2236 4310 3790 4389; baseline 0.002 -25"><span class='ocrx_word' id='word_1_614' title='bbox 2236 4325 2346 4364; x_wconf 91' lang='lat' dir='ltr'><strong>non</strong></span> <span class='ocrx_word' id='word_1_615' title='bbox 2378 4311 2589 4366; x_wconf 91' lang='lat' dir='ltr'><strong>tulisset</strong></span> <span class='ocrx_word' id='word_1_616' title='bbox 2610 4310 2678 4364; x_wconf 91' lang='lat' dir='ltr'><strong>de</strong></span> <span class='ocrx_word' id='word_1_617' title='bbox 2707 4312 2968 4378; x_wconf 73' lang='lat' dir='ltr'><strong>praeclaro</strong></span> <span class='ocrx_word' id='word_1_618' title='bbox 2992 4314 3127 4379; x_wconf 90' lang='lat' dir='ltr'><strong>viro,</strong></span> <span class='ocrx_word' id='word_1_619' title='bbox 3168 4332 3330 4386; x_wconf 90' lang='lat' dir='ltr'><strong>quem</strong></span> <span class='ocrx_word' id='word_1_620' title='bbox 3359 4319 3658 4389; x_wconf 85' lang='lat' dir='ltr'><strong>antiquitas</strong></span> <span class='ocrx_word' id='word_1_621' title='bbox 3690 4331 3790 4369; x_wconf 55' lang='lat' dir='ltr'><strong>tua.</strong></span> 
     </span>
    </p>
   </div>
   <div class='ocr_carea' id='block_1_88' title="bbox 2237 4401 3792 4476">
    <p class='ocr_par' dir='ltr' id='par_1_88' title="bbox 2237 4401 3792 4476">
     <span class='ocr_line' id='line_1_88' title="bbox 2237 4401 3792 4476; baseline 0.006 -22"><span class='ocrx_word' id='word_1_622' title='bbox 2237 4401 2358 4470; x_wconf 83' lang='lat' dir='ltr'><strong>gnis</strong></span> <span class='ocrx_word' id='word_1_623' title='bbox 2406 4405 2690 4458; x_wconf 80' lang='lat' dir='ltr'><strong>exornavit</strong></span> <span class='ocrx_word' id='word_1_624' title='bbox 2732 4401 3006 4468; x_wconf 88' lang='lat' dir='ltr'><strong>laudibus,</strong></span> <span class='ocrx_word' id='word_1_625' title='bbox 3037 4423 3270 4476; x_wconf 90' lang='lat' dir='ltr'><strong>quarttm</strong></span> <span class='ocrx_word' id='word_1_626' title='bbox 3314 4409 3405 4464; x_wconf 92' lang='lat' dir='ltr'><strong>hic</strong></span> <span class='ocrx_word' id='word_1_627' title='bbox 3440 4410 3723 4465; x_wconf 78' lang='lat' dir='ltr'><strong>nonnullas</strong></span> <span class='ocrx_word' id='word_1_628' title='bbox 3747 4406 3792 4458; x_wconf 82' lang='lat' dir='ltr'><strong>in</strong></span> 
     </span>
    </p>
   </div>
   <div class='ocr_carea' id='block_1_89' title="bbox 555 4486 3458 4571">
    <p class='ocr_par' dir='ltr' id='par_1_89' title="bbox 555 4486 3458 4571">
     <span class='ocr_line' id='line_1_89' title="bbox 555 4486 3458 4571; baseline 0.007 -33"><span class='ocrx_word' id='word_1_629' title='bbox 555 4501 586 4539; x_wconf 90' lang='lat' dir='ltr'><strong>a</strong></span> <span class='ocrx_word' id='word_1_630' title='bbox 615 4501 736 4557; x_wconf 88' lang='lat' dir='ltr'><strong>pag.</strong></span> <span class='ocrx_word' id='word_1_631' title='bbox 784 4486 886 4540; x_wconf 70' lang='lat'><strong>267</strong></span> <span class='ocrx_word' id='word_1_632' title='bbox 920 4503 1093 4557; x_wconf 89' lang='lat' dir='ltr'><strong>usque</strong></span> <span class='ocrx_word' id='word_1_633' title='bbox 1133 4489 1197 4542; x_wconf 89' lang='lat' dir='ltr'><strong>ad</strong></span> <span class='ocrx_word' id='word_1_634' title='bbox 1234 4490 1339 4543; x_wconf 85' lang='lat'><strong>676</strong></span> <span class='ocrx_word' id='word_1_635' title='bbox 1362 4507 1429 4545; x_wconf 74' lang='lat' dir='ltr'><strong>ev</strong></span> <span class='ocrx_word' id='word_1_636' title='bbox 1464 4494 1735 4548; x_wconf 90' lang='lat' dir='ltr'><strong>veteribus</strong></span> <span class='ocrx_word' id='word_1_637' title='bbox 1775 4497 2131 4565; x_wconf 87' lang='lat' dir='ltr'><strong>scriptoribus</strong></span> <span class='ocrx_word' id='word_1_638' title='bbox 2162 4515 2210 4571; x_wconf 74' lang='grc' dir='ltr'><strong>ι)</strong></span> <span class='ocrx_word' id='word_1_639' title='bbox 2238 4494 2467 4562; x_wconf 77' lang='lat' dir='ltr'><strong>gratiam</strong></span> <span class='ocrx_word' id='word_1_640' title='bbox 2500 4497 2798 4552; x_wconf 78' lang='lat' dir='ltr'><strong>adversarii</strong></span> <span class='ocrx_word' id='word_1_641' title='bbox 2824 4498 3458 4568; x_wconf 73' lang='lat' dir='ltr'><strong>brevitercongeremlts.</strong></span> 
     </span>
    </p>
   </div>
   <div class='ocr_carea' id='block_1_90' title="bbox 554 4577 2131 4652">
    <p class='ocr_par' dir='ltr' id='par_1_90' title="bbox 554 4577 2131 4652">
     <span class='ocr_line' id='line_1_90' title="bbox 554 4577 2131 4652; baseline 0.009 -23"><span class='ocrx_word' id='word_1_642' title='bbox 554 4577 772 4644; x_wconf 87' lang='lat' dir='ltr'><strong>copiose</strong></span> <span class='ocrx_word' id='word_1_643' title='bbox 802 4577 1115 4652; x_wconf 81' lang='lat' dir='ltr'><strong>illustravit,</strong></span> <span class='ocrx_word' id='word_1_644' title='bbox 1148 4580 1354 4633; x_wconf 87' lang='lat' dir='ltr'><strong>nullum</strong></span> <span class='ocrx_word' id='word_1_645' title='bbox 1398 4583 1566 4651; x_wconf 89' lang='lat' dir='ltr'><strong>hujus</strong></span> <span class='ocrx_word' id='word_1_646' title='bbox 1599 4587 1998 4642; x_wconf 87' lang='lat' dir='ltr'><strong>retractationis</strong></span> <span class='ocrx_word' id='word_1_647' title='bbox 2048 4597 2131 4643; x_wconf 85' lang='lat' dir='ltr'><strong>te-</strong></span> 
     </span>
    </p>
   </div>
   <div class='ocr_carea' id='block_1_91' title="bbox 555 4668 2132 4738">
    <p class='ocr_par' dir='ltr' id='par_1_91' title="bbox 555 4668 2132 4738">
     <span class='ocr_line' id='line_1_91' title="bbox 555 4668 2132 4738; baseline 0.008 -17"><span class='ocrx_word' id='word_1_648' title='bbox 555 4678 692 4721; x_wconf 87' lang='lat' dir='ltr'><strong>stem</strong></span> <span class='ocrx_word' id='word_1_649' title='bbox 743 4668 1007 4723; x_wconf 90' lang='lat' dir='ltr'><strong>hactenus</strong></span> <span class='ocrx_word' id='word_1_650' title='bbox 1056 4671 1329 4738; x_wconf 85' lang='lat' dir='ltr'><strong>produxit.</strong></span> <span class='ocrx_word' id='word_1_651' title='bbox 1364 4672 1421 4726; x_wconf 92' lang='lat' dir='ltr'><strong>Si</strong></span> <span class='ocrx_word' id='word_1_652' title='bbox 1454 4675 1748 4728; x_wconf 90' lang='lat' dir='ltr'><strong>secundam</strong></span> <span class='ocrx_word' id='word_1_653' title='bbox 1802 4676 2132 4735; x_wconf 89' lang='lat' dir='ltr'><strong>dilemmatis</strong></span> 
     </span>
    </p>
   </div>
   <div class='ocr_carea' id='block_1_92' title="bbox 554 4755 2134 4830">
    <p class='ocr_par' dir='ltr' id='par_1_92' title="bbox 554 4755 2134 4830">
     <span class='ocr_line' id='line_1_92' title="bbox 554 4755 2134 4830; baseline 0.009 -23"><span class='ocrx_word' id='word_1_654' title='bbox 554 4763 764 4822; x_wconf 90' lang='lat' dir='ltr'><strong>partem</strong></span> <span class='ocrx_word' id='word_1_655' title='bbox 792 4755 974 4825; x_wconf 86' lang='lat' dir='ltr'><strong>eligat,</strong></span> <span class='ocrx_word' id='word_1_656' title='bbox 1017 4758 1287 4826; x_wconf 87' lang='lat' dir='ltr'><strong>sequitur,</strong></span> <span class='ocrx_word' id='word_1_657' title='bbox 1328 4761 1473 4816; x_wconf 90' lang='lat' dir='ltr'><strong>hunc</strong></span> <span class='ocrx_word' id='word_1_658' title='bbox 1514 4762 1810 4817; x_wconf 91' lang='lat' dir='ltr'><strong>innocuum</strong></span> <span class='ocrx_word' id='word_1_659' title='bbox 1835 4764 2018 4830; x_wconf 79' lang='lat' dir='ltr'><strong>Cyrilli</strong></span> <span class='ocrx_word' id='word_1_660' title='bbox 2047 4783 2134 4822; x_wconf 88' lang='lat' dir='ltr'><strong>er-</strong></span> 
     </span>
    </p>
   </div>
   <div class='ocr_carea' id='block_1_93' title="bbox 555 4848 1653 4912">
    <p class='ocr_par' dir='ltr' id='par_1_93' title="bbox 555 4848 1653 4912">
     <span class='ocr_line' id='line_1_93' title="bbox 555 4848 1653 4912; baseline 0.005 -13"><span class='ocrx_word' id='word_1_661' title='bbox 555 4859 736 4899; x_wconf 85' lang='lat' dir='ltr'><strong>rorem</strong></span> <span class='ocrx_word' id='word_1_662' title='bbox 775 4848 1054 4901; x_wconf 89' lang='lat' dir='ltr'><strong>sanctitati</strong></span> <span class='ocrx_word' id='word_1_663' title='bbox 1077 4848 1199 4912; x_wconf 90' lang='lat' dir='ltr'><strong>ejus</strong></span> <span class='ocrx_word' id='word_1_664' title='bbox 1225 4865 1334 4904; x_wconf 89' lang='lat' dir='ltr'><strong>non</strong></span> <span class='ocrx_word' id='word_1_665' title='bbox 1364 4850 1599 4907; x_wconf 78' lang='lat' dir='ltr'><strong>oilicere.</strong></span> <span class='ocrx_word' id='word_1_666' title='bbox 1648 4862 1653 4867; x_wconf 80' lang='lat'>‘</span> 
     </span>
    </p>
   </div>
   <div class='ocr_carea' id='block_1_94' title="bbox 625 4936 2134 5008">
    <p class='ocr_par' dir='ltr' id='par_1_94' title="bbox 625 4936 2134 5008">
     <span class='ocr_line' id='line_1_94' title="bbox 625 4936 2134 5008; baseline 0.011 -17"><span class='ocrx_word' id='word_1_667' title='bbox 625 4936 719 4991; x_wconf 71' lang='grc'><strong>24.</strong></span> <span class='ocrx_word' id='word_1_668' title='bbox 762 4937 866 4991; x_wconf 81' lang='lat' dir='ltr'><strong>Sed</strong></span> <span class='ocrx_word' id='word_1_669' title='bbox 890 4937 1028 4993; x_wconf 81' lang='lat' dir='ltr'><strong>forte</strong></span> <span class='ocrx_word' id='word_1_670' title='bbox 1052 4938 1433 4998; x_wconf 88' lang='lat' dir='ltr'><strong>Tillemontius</strong></span> <span class='ocrx_word' id='word_1_671' title='bbox 1456 4945 1557 4999; x_wconf 88' lang='lat' dir='ltr'><strong>hoc</strong></span> <span class='ocrx_word' id='word_1_672' title='bbox 1578 4947 1833 5003; x_wconf 84' lang='lat' dir='ltr'><strong>dilemma</strong></span> <span class='ocrx_word' id='word_1_673' title='bbox 1860 4949 2134 5008; x_wconf 87' lang='lat' dir='ltr'><strong>declinare</strong></span> 
     </span>
    </p>
   </div>
   <div class='ocr_carea' id='block_1_95' title="bbox 554 5029 2130 5114">
    <p class='ocr_par' dir='ltr' id='par_1_95' title="bbox 554 5029 2130 5114">
     <span class='ocr_line' id='line_1_95' title="bbox 554 5029 2130 5114; baseline 0.012 -32"><span class='ocrx_word' id='word_1_674' title='bbox 554 5029 846 5083; x_wconf 90' lang='lat' dir='ltr'><strong>conabitur</strong></span> <span class='ocrx_word' id='word_1_675' title='bbox 900 5033 1230 5088; x_wconf 90' lang='lat' dir='ltr'><strong>recurrendo</strong></span> <span class='ocrx_word' id='word_1_676' title='bbox 1283 5035 1350 5089; x_wconf 86' lang='lat' dir='ltr'><strong>ad</strong></span> <span class='ocrx_word' id='word_1_677' title='bbox 1399 5038 1640 5108; x_wconf 89' lang='lat' dir='ltr'><strong>regulam</strong></span> <span class='ocrx_word' id='word_1_678' title='bbox 1692 5041 1914 5105; x_wconf 84' lang='lat' dir='ltr'><strong>criticae,</strong></span> <span class='ocrx_word' id='word_1_679' title='bbox 1966 5061 2130 5114; x_wconf 90' lang='lat' dir='ltr'><strong>quam</strong></span> 
     </span>
    </p>
   </div>
   <div class='ocr_carea' id='block_1_96' title="bbox 556 5117 2129 5199">
    <p class='ocr_par' dir='ltr' id='par_1_96' title="bbox 556 5117 2129 5199">
     <span class='ocr_line' id='line_1_96' title="bbox 556 5117 2129 5199; baseline 0.011 -27"><span class='ocrx_word' id='word_1_680' title='bbox 556 5128 706 5173; x_wconf 89' lang='lat' dir='ltr'><strong>tomo</strong></span> <span class='ocrx_word' id='word_1_681' title='bbox 749 5117 868 5172; x_wconf 77' lang='lat' dir='ltr'><strong>XIV</strong></span> <span class='ocrx_word' id='word_1_682' title='bbox 918 5118 1249 5176; x_wconf 73' lang='lat' dir='ltr'><strong>Monumeut.</strong></span> <span class='ocrx_word' id='word_1_683' title='bbox 1273 5124 1455 5180; x_wconf 78' lang='lat' dir='ltr'><strong>eccles.</strong></span> <span class='ocrx_word' id='word_1_684' title='bbox 1502 5143 1625 5199; x_wconf 89' lang='lat' dir='ltr'><strong>pag.</strong></span> <span class='ocrx_word' id='word_1_685' title='bbox 1665 5128 1767 5185; x_wconf 86' lang='lat'><strong>798</strong></span> <span class='ocrx_word' id='word_1_686' title='bbox 1793 5133 1873 5187; x_wconf 88' lang='lat' dir='ltr'><strong>sic</strong></span> <span class='ocrx_word' id='word_1_687' title='bbox 1910 5134 2074 5189; x_wconf 84' lang='lat' dir='ltr'><strong>tradit</strong></span> <span class='ocrx_word' id='word_1_688' title='bbox 2115 5153 2129 5190; x_wconf 89' lang='lat'><strong>:</strong></span> 
     </span>
    </p>
   </div>
   <div class='ocr_carea' id='block_1_97' title="bbox 559 5209 2132 5283">
    <p class='ocr_par' dir='ltr' id='par_1_97' title="bbox 559 5209 2132 5283">
     <span class='ocr_line' id='line_1_97' title="bbox 559 5209 2132 5283; baseline 0.014 -22"><span class='ocrx_word' id='word_1_689' title='bbox 559 5227 579 5261; x_wconf 75' lang='grc' dir='ltr'><strong>σ</strong></span> <span class='ocrx_word' id='word_1_690' title='bbox 613 5209 867 5266; x_wconf 87' lang='lat' dir='ltr'><strong>Historici</strong></span> <span class='ocrx_word' id='word_1_691' title='bbox 903 5220 1012 5265; x_wconf 89' lang='lat' dir='ltr'><strong>tam</strong></span> <span class='ocrx_word' id='word_1_692' title='bbox 1058 5212 1370 5282; x_wconf 82' lang='lat' dir='ltr'><strong>frequenter</strong></span> <span class='ocrx_word' id='word_1_693' title='bbox 1400 5218 1661 5276; x_wconf 87' lang='lat' dir='ltr'><strong>omittunt</strong></span> <span class='ocrx_word' id='word_1_694' title='bbox 1699 5238 1787 5278; x_wconf 87' lang='lat' dir='ltr'><strong>res</strong></span> <span class='ocrx_word' id='word_1_695' title='bbox 1814 5225 2132 5283; x_wconf 84' lang='lat' dir='ltr'><strong>verissimas</strong></span> 
     </span>
    </p>
   </div>
   <div class='ocr_carea' id='block_1_98' title="bbox 554 5302 2131 5384">
    <p class='ocr_par' dir='ltr' id='par_1_98' title="bbox 554 5302 2131 5384">
     <span class='ocr_line' id='line_1_98' title="bbox 554 5302 2131 5384; baseline 0.01 -25"><span class='ocrx_word' id='word_1_696' title='bbox 554 5311 610 5359; x_wconf 85' lang='lat' dir='ltr'><strong>et</strong></span> <span class='ocrx_word' id='word_1_697' title='bbox 641 5302 935 5373; x_wconf 88' lang='lat' dir='ltr'><strong>aliquando</strong></span> <span class='ocrx_word' id='word_1_698' title='bbox 959 5303 1197 5358; x_wconf 83' lang='lat' dir='ltr'><strong>maxime</strong></span> <span class='ocrx_word' id='word_1_699' title='bbox 1230 5309 1632 5375; x_wconf 87' lang='lat' dir='ltr'><strong>memorabiles,</strong></span> <span class='ocrx_word' id='word_1_700' title='bbox 1666 5322 1725 5368; x_wconf 95' lang='lat' dir='ltr'><strong>ut</strong></span> <span class='ocrx_word' id='word_1_701' title='bbox 1760 5316 2131 5384; x_wconf 86' lang='lat' dir='ltr'><strong>periculosum</strong></span> 
     </span>
    </p>
   </div>
   <div class='ocr_carea' id='block_1_99' title="bbox 553 5393 2128 5465">
    <p class='ocr_par' dir='ltr' id='par_1_99' title="bbox 553 5393 2128 5465">
     <span class='ocr_line' id='line_1_99' title="bbox 553 5393 2128 5465; baseline 0.008 -15"><span class='ocrx_word' id='word_1_702' title='bbox 553 5393 648 5459; x_wconf 84' lang='lat' dir='ltr'><strong>sit,</strong></span> <span class='ocrx_word' id='word_1_703' title='bbox 671 5410 740 5451; x_wconf 78' lang='lat' dir='ltr'><strong>ex</strong></span> <span class='ocrx_word' id='word_1_704' title='bbox 768 5411 957 5451; x_wconf 90' lang='lat' dir='ltr'><strong>eorum</strong></span> <span class='ocrx_word' id='word_1_705' title='bbox 977 5396 1196 5452; x_wconf 89' lang='lat' dir='ltr'><strong>silentio</strong></span> <span class='ocrx_word' id='word_1_706' title='bbox 1210 5406 1387 5453; x_wconf 88' lang='lat' dir='ltr'><strong>certas</strong></span> <span class='ocrx_word' id='word_1_707' title='bbox 1401 5402 1786 5460; x_wconf 89' lang='lat' dir='ltr'><strong>conclusiones</strong></span> <span class='ocrx_word' id='word_1_708' title='bbox 1802 5407 2091 5465; x_wconf 89' lang='lat' dir='ltr'><strong>deducere.</strong></span> <span class='ocrx_word' id='word_1_709' title='bbox 2106 5426 2128 5463; x_wconf 66' lang='grc' dir='ltr'><strong>ι</strong></span> 
     </span>
    </p>
   </div>
   <div class='ocr_carea' id='block_1_100' title="bbox 557 5479 2133 5558">
    <p class='ocr_par' dir='ltr' id='par_1_100' title="bbox 557 5479 2133 5558">
     <span class='ocr_line' id='line_1_100' title="bbox 557 5479 2133 5558; baseline 0.013 -23"><span class='ocrx_word' id='word_1_710' title='bbox 557 5479 695 5538; x_wconf 85' lang='lat' dir='ltr'><strong>Ilinc</strong></span> <span class='ocrx_word' id='word_1_711' title='bbox 721 5484 936 5550; x_wconf 78' lang='lat' dir='ltr'><strong>inferet,</strong></span> <span class='ocrx_word' id='word_1_712' title='bbox 967 5484 1024 5540; x_wconf 91' lang='lat' dir='ltr'><strong>S.</strong></span> <span class='ocrx_word' id='word_1_713' title='bbox 1063 5484 1323 5558; x_wconf 85' lang='lat' dir='ltr'><strong>Cyrillum</strong></span> <span class='ocrx_word' id='word_1_714' title='bbox 1365 5500 1549 5556; x_wconf 88' lang='lat' dir='ltr'><strong>postea</strong></span> <span class='ocrx_word' id='word_1_715' title='bbox 1573 5496 1953 5552; x_wconf 82' lang='lat' dir='ltr'><strong>verosimiliter</strong></span> <span class='ocrx_word' id='word_1_716' title='bbox 1980 5514 2133 5555; x_wconf 82' lang='lat' dir='ltr'><strong>erro-</strong></span> 
     </span>
    </p>
   </div>
   <div class='ocr_carea' id='block_1_101' title="bbox 559 5577 2129 5658">
    <p class='ocr_par' dir='ltr' id='par_1_101' title="bbox 559 5577 2129 5658">
     <span class='ocr_line' id='line_1_101' title="bbox 559 5577 2129 5658; baseline 0.008 -28"><span class='ocrx_word' id='word_1_717' title='bbox 559 5588 670 5630; x_wconf 86' lang='lat' dir='ltr'><strong>rem</strong></span> <span class='ocrx_word' id='word_1_718' title='bbox 712 5591 871 5631; x_wconf 77' lang='lat' dir='ltr'><strong>suum</strong></span> <span class='ocrx_word' id='word_1_719' title='bbox 913 5577 1203 5646; x_wconf 82' lang='lat' dir='ltr'><strong>agnovisse</strong></span> <span class='ocrx_word' id='word_1_720' title='bbox 1236 5593 1301 5633; x_wconf 91' lang='lat' dir='ltr'><strong>ac</strong></span> <span class='ocrx_word' id='word_1_721' title='bbox 1348 5588 1691 5646; x_wconf 80' lang='lat' dir='ltr'><strong>retractassc,</strong></span> <span class='ocrx_word' id='word_1_722' title='bbox 1737 5587 1950 5642; x_wconf 76' lang='lat' dir='ltr'><strong>etiamsi</strong></span> <span class='ocrx_word' id='word_1_723' title='bbox 1986 5589 2129 5658; x_wconf 89' lang='lat' dir='ltr'><strong>apud</strong></span> 
     </span>
    </p>
   </div>
   <div class='ocr_carea' id='block_1_102' title="bbox 557 5661 2129 5745">
    <p class='ocr_par' dir='ltr' id='par_1_102' title="bbox 557 5661 2129 5745">
     <span class='ocr_line' id='line_1_102' title="bbox 557 5661 2129 5745; baseline 0.011 -29"><span class='ocrx_word' id='word_1_724' title='bbox 557 5661 735 5730; x_wconf 86' lang='lat' dir='ltr'><strong>ipsum</strong></span> <span class='ocrx_word' id='word_1_725' title='bbox 762 5663 820 5720; x_wconf 86' lang='lat' dir='ltr'><strong>S.</strong></span> <span class='ocrx_word' id='word_1_726' title='bbox 856 5667 1116 5737; x_wconf 86' lang='lat' dir='ltr'><strong>Cyrillum</strong></span> <span class='ocrx_word' id='word_1_727' title='bbox 1151 5680 1247 5724; x_wconf 88' lang='lat' dir='ltr'><strong>aut</strong></span> <span class='ocrx_word' id='word_1_728' title='bbox 1277 5670 1416 5725; x_wconf 87' lang='lat' dir='ltr'><strong>alios</strong></span> <span class='ocrx_word' id='word_1_729' title='bbox 1447 5672 1705 5742; x_wconf 86' lang='lat' dir='ltr'><strong>antiquos</strong></span> <span class='ocrx_word' id='word_1_730' title='bbox 1740 5676 2040 5745; x_wconf 90' lang='lat' dir='ltr'><strong>scriptores</strong></span> <span class='ocrx_word' id='word_1_731' title='bbox 2075 5679 2129 5733; x_wconf 90' lang='lat' dir='ltr'><strong>id</strong></span> 
     </span>
    </p>
   </div>
   <div class='ocr_carea' id='block_1_103' title="bbox 562 5750 2128 5837">
    <p class='ocr_par' dir='ltr' id='par_1_103' title="bbox 562 5750 2128 5837">
     <span class='ocr_line' id='line_1_103' title="bbox 562 5750 2128 5837; baseline 0.013 -34"><span class='ocrx_word' id='word_1_732' title='bbox 562 5764 673 5805; x_wconf 88' lang='lat' dir='ltr'><strong>non</strong></span> <span class='ocrx_word' id='word_1_733' title='bbox 702 5750 964 5819; x_wconf 49' lang='lat' dir='ltr'><strong>legamus.</strong></span> <span class='ocrx_word' id='word_1_734' title='bbox 1014 5757 1210 5812; x_wconf 87' lang='lat' dir='ltr'><strong>Totum</strong></span> <span class='ocrx_word' id='word_1_735' title='bbox 1260 5759 1404 5814; x_wconf 87' lang='lat' dir='ltr'><strong>istud</strong></span> <span class='ocrx_word' id='word_1_736' title='bbox 1452 5754 1924 5834; x_wconf 61' lang='lat' dir='ltr'><strong>probe&#39;intclligo,</strong></span> <span class='ocrx_word' id='word_1_737' title='bbox 1966 5776 2128 5837; x_wconf 90' lang='lat' dir='ltr'><strong>atque</strong></span> 
     </span>
    </p>
   </div>
   <div class='ocr_carea' id='block_1_104' title="bbox 2308 4582 3794 4658">
    <p class='ocr_par' dir='ltr' id='par_1_104' title="bbox 2308 4582 3794 4658">
     <span class='ocr_line' id='line_1_104' title="bbox 2308 4582 3794 4658; baseline 0.004 -23"><span class='ocrx_word' id='word_1_738' title='bbox 2308 4582 2397 4636; x_wconf 66' lang='lat'><strong>26.</strong></span> <span class='ocrx_word' id='word_1_739' title='bbox 2441 4582 2713 4654; x_wconf 86' lang='lat' dir='ltr'><strong>Imprimis</strong></span> <span class='ocrx_word' id='word_1_740' title='bbox 2758 4586 2815 4640; x_wconf 93' lang='lat' dir='ltr'><strong>S.</strong></span> <span class='ocrx_word' id='word_1_741' title='bbox 2860 4585 3096 4658; x_wconf 67' lang='lat' dir='ltr'><strong>Cyl-illus</strong></span> <span class='ocrx_word' id='word_1_742' title='bbox 3136 4589 3542 4645; x_wconf 79' lang='lat' dir='ltr'><strong>Alexandrinus</strong></span> <span class='ocrx_word' id='word_1_743' title='bbox 3606 4590 3658 4643; x_wconf 88' lang='lat' dir='ltr'><strong>in</strong></span> <span class='ocrx_word' id='word_1_744' title='bbox 3688 4585 3794 4654; x_wconf 71' lang='grc' dir='ltr'><strong>Ερίο</strong></span> 
     </span>
    </p>
   </div>
   <div class='ocr_carea' id='block_1_105' title="bbox 2235 4672 3789 4752">
    <p class='ocr_par' dir='ltr' id='par_1_105' title="bbox 2235 4672 3789 4752">
     <span class='ocr_line' id='line_1_105' title="bbox 2235 4672 3789 4752; baseline 0.002 -27"><span class='ocrx_word' id='word_1_745' title='bbox 2235 4672 2374 4727; x_wconf 82' lang='lat' dir='ltr'><strong>stola</strong></span> <span class='ocrx_word' id='word_1_746' title='bbox 2395 4681 2461 4727; x_wconf 85' lang='lat' dir='ltr'><strong>ad</strong></span> <span class='ocrx_word' id='word_1_747' title='bbox 2478 4676 2693 4731; x_wconf 80' lang='lat' dir='ltr'><strong>clericos</strong></span> <span class='ocrx_word' id='word_1_748' title='bbox 2717 4677 3514 4752; x_wconf 65' lang='lat' dir='ltr'><strong>Constantinopolitanae,apud</strong></span> <span class='ocrx_word' id='word_1_749' title='bbox 3535 4681 3789 4736; x_wconf 80' lang='lat' dir='ltr'><strong>Labheutn</strong></span> 
     </span>
    </p>
   </div>
   <div class='ocr_carea' id='block_1_106' title="bbox 2235 4764 3796 4837">
    <p class='ocr_par' dir='ltr' id='par_1_106' title="bbox 2235 4764 3796 4837">
     <span class='ocr_line' id='line_1_106' title="bbox 2235 4764 3796 4837; baseline 0.003 -20"><span class='ocrx_word' id='word_1_750' title='bbox 2235 4774 2385 4818; x_wconf 82' lang='lat' dir='ltr'><strong>torno</strong></span> <span class='ocrx_word' id='word_1_751' title='bbox 2408 4764 2474 4818; x_wconf 81' lang='grc' dir='ltr'><strong>ΙΙΙ</strong></span> <span class='ocrx_word' id='word_1_752' title='bbox 2513 4766 2891 4837; x_wconf 74' lang='lat' dir='ltr'><strong>Conciliorum,</strong></span> <span class='ocrx_word' id='word_1_753' title='bbox 2928 4772 3035 4826; x_wconf 88' lang='lat' dir='ltr'><strong>col.</strong></span> <span class='ocrx_word' id='word_1_754' title='bbox 3076 4771 3203 4837; x_wconf 80' lang='grc'>585,</span> <span class='ocrx_word' id='word_1_755' title='bbox 3237 4773 3307 4828; x_wconf 87' lang='lat' dir='ltr'><strong>de</strong></span> <span class='ocrx_word' id='word_1_756' title='bbox 3341 4772 3598 4828; x_wconf 80' lang='lat' dir='ltr'><strong>Nestorio</strong></span> <span class='ocrx_word' id='word_1_757' title='bbox 3633 4773 3701 4825; x_wconf 85' lang='lat' dir='ltr'><strong>ita</strong></span> <span class='ocrx_word' id='word_1_758' title='bbox 3729 4769 3796 4823; x_wconf 85' lang='lat' dir='ltr'><strong>in-</strong></span> 
     </span>
    </p>
   </div>
   <div class='ocr_carea' id='block_1_107' title="bbox 2236 4857 3791 4935">
    <p class='ocr_par' dir='ltr' id='par_1_107' title="bbox 2236 4857 3791 4935">
     <span class='ocr_line' id='line_1_107' title="bbox 2236 4857 3791 4935; baseline 0.008 -28"><span class='ocrx_word' id='word_1_759' title='bbox 2236 4863 2507 4927; x_wconf 88' lang='lat' dir='ltr'><strong>terrogat:</strong></span> <span class='ocrx_word' id='word_1_760' title='bbox 2530 4878 2548 4909; x_wconf 73' lang='grc' dir='ltr'>ί</span> <span class='ocrx_word' id='word_1_761' title='bbox 2569 4857 2824 4929; x_wconf 89' lang='lat' dir='ltr'><strong>Nunquid</strong></span> <span class='ocrx_word' id='word_1_762' title='bbox 2845 4864 3074 4933; x_wconf 73' lang='lat' dir='ltr'><strong>aequalis</strong></span> <span class='ocrx_word' id='word_1_763' title='bbox 3097 4864 3181 4919; x_wconf 87' lang='lat' dir='ltr'><strong>vel</strong></span> <span class='ocrx_word' id='word_1_764' title='bbox 3209 4866 3508 4935; x_wconf 87' lang='lat' dir='ltr'><strong>sapientior</strong></span> <span class='ocrx_word' id='word_1_765' title='bbox 3536 4875 3621 4920; x_wconf 87' lang='lat' dir='ltr'><strong>est</strong></span> <span class='ocrx_word' id='word_1_766' title='bbox 3653 4864 3791 4918; x_wconf 77' lang='lat' dir='ltr'><strong>beato</strong></span> 
     </span>
    </p>
   </div>
   <div class='ocr_carea' id='block_1_108' title="bbox 2233 4948 3793 5023">
    <p class='ocr_par' dir='ltr' id='par_1_108' title="bbox 2233 4948 3793 5023">
     <span class='ocr_line' id='line_1_108' title="bbox 2233 4948 3793 5023; baseline 0.006 -23"><span class='ocrx_word' id='word_1_767' title='bbox 2233 4948 2453 5002; x_wconf 77' lang='lat' dir='ltr'><strong>Attico?</strong></span> <span class='ocrx_word' id='word_1_768' title='bbox 2474 4967 2492 5000; x_wconf 66' lang='grc' dir='ltr'><strong><em>ν</em></strong></span> <span class='ocrx_word' id='word_1_769' title='bbox 2515 4948 2843 5007; x_wconf 73' lang='lat' dir='ltr'><strong>Cwlestinus</strong></span> <span class='ocrx_word' id='word_1_770' title='bbox 2860 4970 3018 5023; x_wconf 87' lang='lat' dir='ltr'><strong>papa,</strong></span> <span class='ocrx_word' id='word_1_771' title='bbox 3035 4955 3086 5007; x_wconf 90' lang='lat' dir='ltr'><strong>in</strong></span> <span class='ocrx_word' id='word_1_772' title='bbox 3108 4956 3302 5013; x_wconf 87' lang='lat' dir='ltr'><strong>litteris</strong></span> <span class='ocrx_word' id='word_1_773' title='bbox 3323 4959 3392 5012; x_wconf 87' lang='lat' dir='ltr'><strong>ad</strong></span> <span class='ocrx_word' id='word_1_774' title='bbox 3408 4950 3793 5016; x_wconf 53' lang='lat' dir='ltr'><strong>Nestoriumﬂi&#39;</strong></span> 
     </span>
    </p>
   </div>
   <div class='ocr_carea' id='block_1_109' title="bbox 2235 5041 3787 5117">
    <p class='ocr_par' dir='ltr' id='par_1_109' title="bbox 2235 5041 3787 5117">
     <span class='ocr_line' id='line_1_109' title="bbox 2235 5041 3787 5117; baseline 0.009 -24"><span class='ocrx_word' id='word_1_775' title='bbox 2235 5041 2375 5110; x_wconf 88' lang='lat' dir='ltr'><strong>gilan</strong></span> <span class='ocrx_word' id='word_1_776' title='bbox 2385 5041 2512 5096; x_wconf 88' lang='lat' dir='ltr'><strong>tiam</strong></span> <span class='ocrx_word' id='word_1_777' title='bbox 2529 5041 2586 5097; x_wconf 91' lang='lat' dir='ltr'><strong>S.</strong></span> <span class='ocrx_word' id='word_1_778' title='bbox 2607 5044 2771 5099; x_wconf 87' lang='lat' dir='ltr'><strong>Attici</strong></span> <span class='ocrx_word' id='word_1_779' title='bbox 2784 5055 2971 5100; x_wconf 89' lang='lat' dir='ltr'><strong>contra</strong></span> <span class='ocrx_word' id='word_1_780' title='bbox 2985 5046 3304 5117; x_wconf 88' lang='lat' dir='ltr'><strong>Pelagianos</strong></span> <span class='ocrx_word' id='word_1_781' title='bbox 3329 5048 3666 5114; x_wconf 87' lang='lat' dir='ltr'><strong>ibidem,col.</strong></span> <span class='ocrx_word' id='word_1_782' title='bbox 3679 5042 3787 5106; x_wconf 63' lang='lat'><strong>555.</strong></span> 
     </span>
    </p>
   </div>
   <div class='ocr_carea' id='block_1_110' title="bbox 2235 5132 3786 5205">
    <p class='ocr_par' dir='ltr' id='par_1_110' title="bbox 2235 5132 3786 5205">
     <span class='ocr_line' id='line_1_110' title="bbox 2235 5132 3786 5205; baseline 0.006 -20"><span class='ocrx_word' id='word_1_783' title='bbox 2235 5133 2316 5186; x_wconf 85' lang='lat' dir='ltr'><strong>sic</strong></span> <span class='ocrx_word' id='word_1_784' title='bbox 2338 5132 2522 5188; x_wconf 86' lang='lat' dir='ltr'><strong>laudat</strong></span> <span class='ocrx_word' id='word_1_785' title='bbox 2552 5148 2567 5188; x_wconf 89' lang='lat'><strong>:</strong></span> <span class='ocrx_word' id='word_1_786' title='bbox 2597 5153 2615 5185; x_wconf 77' lang='grc' dir='ltr'>ι</span> <span class='ocrx_word' id='word_1_787' title='bbox 2645 5133 2890 5205; x_wconf 90' lang='lat' dir='ltr'><strong>Denique</strong></span> <span class='ocrx_word' id='word_1_788' title='bbox 2911 5148 3114 5193; x_wconf 71' lang='lat' dir='ltr'><strong>sancta:</strong></span> <span class='ocrx_word' id='word_1_789' title='bbox 3138 5141 3543 5195; x_wconf 85' lang='lat' dir='ltr'><strong>recordationis</strong></span> <span class='ocrx_word' id='word_1_790' title='bbox 3573 5139 3786 5195; x_wconf 79' lang='lat' dir='ltr'><strong>Atticus.</strong></span> 
     </span>
    </p>
   </div>
   <div class='ocr_carea' id='block_1_111' title="bbox 2234 5225 3785 5296">
    <p class='ocr_par' dir='ltr' id='par_1_111' title="bbox 2234 5225 3785 5296">
     <span class='ocr_line' id='line_1_111' title="bbox 2234 5225 3785 5296; baseline 0.003 -18"><span class='ocrx_word' id='word_1_791' title='bbox 2234 5225 2519 5280; x_wconf 60' lang='lat' dir='ltr'><strong>catholicae</strong></span> <span class='ocrx_word' id='word_1_792' title='bbox 2540 5227 2801 5296; x_wconf 86' lang='lat' dir='ltr'><strong>magister</strong></span> <span class='ocrx_word' id='word_1_793' title='bbox 2820 5227 2965 5293; x_wconf 85' lang='lat' dir='ltr'><strong>lidei,</strong></span> <span class='ocrx_word' id='word_1_794' title='bbox 2988 5239 3042 5284; x_wconf 91' lang='lat' dir='ltr'><strong>et</strong></span> <span class='ocrx_word' id='word_1_795' title='bbox 3071 5247 3195 5286; x_wconf 89' lang='lat' dir='ltr'><strong>vere</strong></span> <span class='ocrx_word' id='word_1_796' title='bbox 3218 5234 3359 5288; x_wconf 84' lang='lat' dir='ltr'><strong>beati</strong></span> <span class='ocrx_word' id='word_1_797' title='bbox 3393 5233 3625 5289; x_wconf 82' lang='lat' dir='ltr'><strong>Joannis</strong></span> <span class='ocrx_word' id='word_1_798' title='bbox 3643 5233 3785 5285; x_wconf 87' lang='lat' dir='ltr'><strong>etiam</strong></span> 
     </span>
    </p>
   </div>
   <div class='ocr_carea' id='block_1_112' title="bbox 2232 5314 3789 5395">
    <p class='ocr_par' dir='ltr' id='par_1_112' title="bbox 2232 5314 3789 5395">
     <span class='ocr_line' id='line_1_112' title="bbox 2232 5314 3789 5395; baseline 0.008 -26"><span class='ocrx_word' id='word_1_799' title='bbox 2232 5314 2301 5369; x_wconf 91' lang='lat' dir='ltr'><strong>ad</strong></span> <span class='ocrx_word' id='word_1_800' title='bbox 2333 5318 2438 5371; x_wconf 88' lang='lat' dir='ltr'><strong>ista</strong></span> <span class='ocrx_word' id='word_1_801' title='bbox 2484 5332 2795 5380; x_wconf 86' lang='lat' dir='ltr'><strong>successor,</strong></span> <span class='ocrx_word' id='word_1_802' title='bbox 2830 5333 2928 5374; x_wconf 89' lang='lat' dir='ltr'><strong>eos</strong></span> <span class='ocrx_word' id='word_1_803' title='bbox 2960 5320 3032 5376; x_wconf 87' lang='lat' dir='ltr'><strong>ita</strong></span> <span class='ocrx_word' id='word_1_804' title='bbox 3070 5334 3393 5392; x_wconf 84' lang='lat' dir='ltr'><strong>persecutus</strong></span> <span class='ocrx_word' id='word_1_805' title='bbox 3419 5334 3509 5381; x_wconf 85' lang='lat' dir='ltr'><strong>est</strong></span> <span class='ocrx_word' id='word_1_806' title='bbox 3532 5336 3631 5395; x_wconf 86' lang='lat' dir='ltr'><strong>pro</strong></span> <span class='ocrx_word' id='word_1_807' title='bbox 3663 5320 3789 5389; x_wconf 66' lang='lat' dir='ltr'><strong>Reae</strong></span> 
     </span>
    </p>
   </div>
   <div class='ocr_carea' id='block_1_113' title="bbox 2232 5406 3789 5487">
    <p class='ocr_par' dir='ltr' id='par_1_113' title="bbox 2232 5406 3789 5487">
     <span class='ocr_line' id='line_1_113' title="bbox 2232 5406 3789 5487; baseline 0.005 -28"><span class='ocrx_word' id='word_1_808' title='bbox 2232 5406 2534 5470; x_wconf 89' lang='lat' dir='ltr'><strong>communi,</strong></span> <span class='ocrx_word' id='word_1_809' title='bbox 2563 5416 2622 5462; x_wconf 91' lang='lat' dir='ltr'><strong>ut</strong></span> <span class='ocrx_word' id='word_1_810' title='bbox 2648 5407 2717 5463; x_wconf 88' lang='lat' dir='ltr'><strong>iis</strong></span> <span class='ocrx_word' id='word_1_811' title='bbox 2747 5423 2817 5464; x_wconf 88' lang='lat' dir='ltr'><strong>ne</strong></span> <span class='ocrx_word' id='word_1_812' title='bbox 2843 5411 3023 5465; x_wconf 81' lang='lat' dir='ltr'><strong>standi</strong></span> <span class='ocrx_word' id='word_1_813' title='bbox 3040 5413 3260 5481; x_wconf 86' lang='lat' dir='ltr'><strong>quidem</strong></span> <span class='ocrx_word' id='word_1_814' title='bbox 3284 5415 3391 5471; x_wconf 91' lang='lat' dir='ltr'><strong>illic</strong></span> <span class='ocrx_word' id='word_1_815' title='bbox 3413 5416 3570 5487; x_wconf 68' lang='lat' dir='ltr'><strong>cepis</strong></span> <span class='ocrx_word' id='word_1_816' title='bbox 3588 5419 3789 5486; x_wconf 73' lang='lat' dir='ltr'><strong>praest</strong></span> 
     </span>
    </p>
   </div>
   <div class='ocr_carea' id='block_1_114' title="bbox 2233 5497 3787 5574">
    <p class='ocr_par' dir='ltr' id='par_1_114' title="bbox 2233 5497 3787 5574">
     <span class='ocr_line' id='line_1_114' title="bbox 2233 5497 3787 5574; baseline 0.006 -24"><span class='ocrx_word' id='word_1_817' title='bbox 2233 5507 2400 5551; x_wconf 89' lang='lat' dir='ltr'><strong>retur.</strong></span> <span class='ocrx_word' id='word_1_818' title='bbox 2424 5497 2624 5554; x_wconf 83' lang='lat' dir='ltr'><strong>Mansit</strong></span> <span class='ocrx_word' id='word_1_819' title='bbox 2666 5514 2768 5556; x_wconf 88' lang='lat' dir='ltr'><strong>nos</strong></span> <span class='ocrx_word' id='word_1_820' title='bbox 2818 5512 2945 5572; x_wconf 89' lang='lat' dir='ltr'><strong>post</strong></span> <span class='ocrx_word' id='word_1_821' title='bbox 2977 5504 3098 5574; x_wconf 85' lang='lat' dir='ltr'><strong>ejus</strong></span> <span class='ocrx_word' id='word_1_822' title='bbox 3131 5507 3336 5561; x_wconf 87' lang='lat' dir='ltr'><strong>exitum</strong></span> <span class='ocrx_word' id='word_1_823' title='bbox 3383 5506 3692 5565; x_wconf 77' lang='lat' dir='ltr'><strong>sollicitudo</strong></span> <span class='ocrx_word' id='word_1_824' title='bbox 3717 5498 3787 5559; x_wconf 74' lang='lat' dir='ltr'><strong>vel</strong></span> 
     </span>
    </p>
   </div>
   <div class='ocr_carea' id='block_1_115' title="bbox 2232 5590 3787 5666">
    <p class='ocr_par' dir='ltr' id='par_1_115' title="bbox 2232 5590 3787 5666">
     <span class='ocr_line' id='line_1_115' title="bbox 2232 5590 3787 5666; baseline 0.01 -27"><span class='ocrx_word' id='word_1_825' title='bbox 2232 5590 2493 5655; x_wconf 80' lang='lat' dir='ltr'><strong>maxima,</strong></span> <span class='ocrx_word' id='word_1_826' title='bbox 2524 5604 2650 5646; x_wconf 85' lang='lat' dir='ltr'><strong>cum</strong></span> <span class='ocrx_word' id='word_1_827' title='bbox 2684 5608 2972 5650; x_wconf 87' lang='lat' dir='ltr'><strong>successor</strong></span> <span class='ocrx_word' id='word_1_828' title='bbox 2995 5595 3170 5666; x_wconf 86' lang='lat' dir='ltr'><strong>ipsius</strong></span> <span class='ocrx_word' id='word_1_829' title='bbox 3198 5607 3380 5654; x_wconf 90' lang='lat' dir='ltr'><strong>utrum</strong></span> <span class='ocrx_word' id='word_1_830' title='bbox 3410 5599 3583 5654; x_wconf 78' lang='lat' dir='ltr'><strong>etiam</strong></span> <span class='ocrx_word' id='word_1_831' title='bbox 3609 5599 3662 5653; x_wconf 90' lang='lat' dir='ltr'><strong>in</strong></span> <span class='ocrx_word' id='word_1_832' title='bbox 3683 5594 3787 5664; x_wconf 64' lang='lat' dir='ltr'><strong>ej!!!</strong></span> 
     </span>
    </p>
   </div>
   <div class='ocr_carea' id='block_1_116' title="bbox 2231 5678 3787 5759">
    <p class='ocr_par' dir='ltr' id='par_1_116' title="bbox 2231 5678 3787 5759">
     <span class='ocr_line' id='line_1_116' title="bbox 2231 5678 3787 5759; baseline 0.006 -29"><span class='ocrx_word' id='word_1_833' title='bbox 2231 5678 2335 5731; x_wconf 87' lang='lat' dir='ltr'><strong>tlde</strong></span> <span class='ocrx_word' id='word_1_834' title='bbox 2359 5680 2694 5748; x_wconf 87' lang='lat' dir='ltr'><strong>succederet,</strong></span> <span class='ocrx_word' id='word_1_835' title='bbox 2720 5699 3111 5754; x_wconf 76' lang='lat' dir='ltr'><strong>quaereremus,</strong></span> <span class='ocrx_word' id='word_1_836' title='bbox 3138 5691 3266 5759; x_wconf 92' lang='lat' dir='ltr'><strong>quia</strong></span> <span class='ocrx_word' id='word_1_837' title='bbox 3285 5690 3503 5746; x_wconf 75' lang='lat' dir='ltr'><strong>diﬁicile</strong></span> <span class='ocrx_word' id='word_1_838' title='bbox 3530 5698 3613 5747; x_wconf 88' lang='lat' dir='ltr'><strong>est</strong></span> <span class='ocrx_word' id='word_1_839' title='bbox 3630 5682 3787 5745; x_wconf 79' lang='lat' dir='ltr'><strong>conti-</strong></span> 
     </span>
    </p>
   </div>
   <div class='ocr_carea' id='block_1_117' title="bbox 2233 5766 3785 5860">
    <p class='ocr_par' dir='ltr' id='par_1_117' title="bbox 2233 5766 3785 5860">
     <span class='ocr_line' id='line_1_117' title="bbox 2233 5766 3785 5860; baseline 0.011 -39"><span class='ocrx_word' id='word_1_840' title='bbox 2233 5769 2411 5836; x_wconf 86' lang='lat' dir='ltr'><strong>uuari,</strong></span> <span class='ocrx_word' id='word_1_841' title='bbox 2442 5785 2563 5841; x_wconf 73' lang='lat' dir='ltr'><strong>qua:</strong></span> <span class='ocrx_word' id='word_1_842' title='bbox 2588 5773 2731 5830; x_wconf 87' lang='lat' dir='ltr'><strong>bona</strong></span> <span class='ocrx_word' id='word_1_843' title='bbox 2756 5785 2921 5843; x_wconf 90' lang='lat' dir='ltr'><strong>sunt;</strong></span> <span class='ocrx_word' id='word_1_844' title='bbox 2944 5794 3070 5835; x_wconf 88' lang='lat' dir='ltr'><strong>nam</strong></span> <span class='ocrx_word' id='word_1_845' title='bbox 3098 5781 3201 5837; x_wconf 84' lang='lat' dir='ltr'><strong>sibi</strong></span> <span class='ocrx_word' id='word_1_846' title='bbox 3230 5797 3373 5860; x_wconf 64' lang='lat' dir='ltr'><strong>sape</strong></span> <span class='ocrx_word' id='word_1_847' title='bbox 3410 5780 3638 5844; x_wconf 71' lang='lat' dir='ltr'><strong>alternis</strong></span> <span class='ocrx_word' id='word_1_848' title='bbox 3669 5766 3785 5837; x_wconf 56' lang='lat' dir='ltr'><strong>vicit</strong></span> 
     </span>
    </p>
   </div>
  </div>
