  <div class='ocr_page' id='page_1' title='image "/cluster/home/n/w/nwhite01/storage/ocr_20150623/65/mdp.39015008972203/330.png"; bbox 0 0 4028 6330; ppageno 0'>
   <div class='ocr_carea' id='block_1_1' title="bbox 291 383 2618 473">
    <p class='ocr_par' dir='ltr' id='par_1_1' title="bbox 291 383 2618 473">
     <span class='ocr_line' id='line_1_1' title="bbox 291 383 2618 473; baseline -0.014 -4"><span class='ocrx_word' id='word_1_1' title='bbox 291 415 365 473; x_wconf 68' lang='lat' dir='ltr'><strong>fit!</strong></span> <span class='ocrx_word' id='word_1_2' title='bbox 1152 402 1488 460; x_wconf 78' lang='lat' dir='ltr'><strong>EPISTOLA</strong></span> <span class='ocrx_word' id='word_1_3' title='bbox 1521 400 1612 456; x_wconf 86' lang='lat' dir='ltr'><strong>AD</strong></span> <span class='ocrx_word' id='word_1_4' title='bbox 1645 391 1920 453; x_wconf 79' lang='lat' dir='ltr'><strong>PATRES</strong></span> <span class='ocrx_word' id='word_1_5' title='bbox 1953 386 2247 445; x_wconf 80' lang='lat' dir='ltr'><strong>CONCILII</strong></span> <span class='ocrx_word' id='word_1_6' title='bbox 2279 383 2618 442; x_wconf 77' lang='lat' dir='ltr'><strong>AFRICANI.</strong></span> 
     </span>
    </p>
   </div>
   <div class='ocr_carea' id='block_1_2' title="bbox 3380 374 3484 434">
    <p class='ocr_par' dir='ltr' id='par_1_2' title="bbox 3380 374 3484 434">
     <span class='ocr_line' id='line_1_2' title="bbox 3380 374 3484 434; baseline -0.077 1"><span class='ocrx_word' id='word_1_7' title='bbox 3380 374 3484 434; x_wconf 78' lang='lat'><strong>650</strong></span> 
     </span>
    </p>
   </div>
   <div class='ocr_carea' id='block_1_3' title="bbox 296 498 3488 588">
    <p class='ocr_par' dir='ltr' id='par_1_3' title="bbox 296 498 3488 588">
     <span class='ocr_line' id='line_1_3' title="bbox 296 498 3488 588; baseline -0.013 -1"><span class='ocrx_word' id='word_1_8' title='bbox 296 531 374 588; x_wconf 80' lang='lat' dir='ltr'><strong>bus</strong></span> <span class='ocrx_word' id='word_1_9' title='bbox 407 526 634 586; x_wconf 74' lang='lat' dir='ltr'><strong>adversa</strong></span> <span class='ocrx_word' id='word_1_10' title='bbox 678 527 991 584; x_wconf 81' lang='lat' dir='ltr'><strong>succedunt.</strong></span> <span class='ocrx_word' id='word_1_11' title='bbox 1042 543 1059 574; x_wconf 71' lang='grc' dir='ltr'><strong>ι</strong></span> <span class='ocrx_word' id='word_1_12' title='bbox 1121 526 1202 578; x_wconf 89' lang='lat' dir='ltr'><strong>An</strong></span> <span class='ocrx_word' id='word_1_13' title='bbox 1252 523 1531 577; x_wconf 80' lang='lat' dir='ltr'><strong>Romanus</strong></span> <span class='ocrx_word' id='word_1_14' title='bbox 1577 515 1819 588; x_wconf 73' lang='lat' dir='ltr'><strong>pontifex</strong></span> <span class='ocrx_word' id='word_1_15' title='bbox 1850 526 1896 580; x_wconf 72' lang='grc' dir='ltr'><strong>Α</strong></span> <span class='ocrx_word' id='word_1_16' title='bbox 1924 523 2047 563; x_wconf 91' lang='lat' dir='ltr'><strong>cum</strong></span> <span class='ocrx_word' id='word_1_17' title='bbox 2083 507 2226 561; x_wconf 87' lang='lat' dir='ltr'><strong>enim</strong></span> <span class='ocrx_word' id='word_1_18' title='bbox 2247 547 2264 573; x_wconf 93' lang='lat'><strong>,</strong></span> <span class='ocrx_word' id='word_1_19' title='bbox 2292 505 2446 573; x_wconf 85' lang='lat' dir='ltr'><strong>juxta</strong></span> <span class='ocrx_word' id='word_1_20' title='bbox 2474 503 2697 570; x_wconf 80' lang='lat' dir='ltr'><strong>vulgare</strong></span> <span class='ocrx_word' id='word_1_21' title='bbox 2727 498 2985 564; x_wconf 77' lang='lat' dir='ltr'><strong>effatum,</strong></span> <span class='ocrx_word' id='word_1_22' title='bbox 3017 511 3171 588; x_wconf 88' lang='lat' dir='ltr'><strong>amor</strong></span> <span class='ocrx_word' id='word_1_23' title='bbox 3199 501 3294 548; x_wconf 83' lang='lat' dir='ltr'><strong>aut</strong></span> <span class='ocrx_word' id='word_1_24' title='bbox 3328 506 3488 588; x_wconf 77' lang='lat' dir='ltr'><strong>pares</strong></span> 
     </span>
    </p>
   </div>
   <div class='ocr_carea' id='block_1_4' title="bbox 296 608 1830 690">
    <p class='ocr_par' dir='ltr' id='par_1_4' title="bbox 296 608 1830 690">
     <span class='ocr_line' id='line_1_4' title="bbox 296 608 1830 690; baseline -0.006 -21"><span class='ocrx_word' id='word_1_25' title='bbox 296 621 502 672; x_wconf 68' lang='lat' dir='ltr'><strong>Atticum</strong></span> <span class='ocrx_word' id='word_1_26' title='bbox 559 621 854 690; x_wconf 86' lang='lat' dir='ltr'><strong>appellaret</strong></span> <span class='ocrx_word' id='word_1_27' title='bbox 897 633 1081 673; x_wconf 86' lang='lat' dir='ltr'><strong>verum</strong></span> <span class='ocrx_word' id='word_1_28' title='bbox 1115 617 1172 671; x_wconf 90' lang='lat' dir='ltr'><strong>S.</strong></span> <span class='ocrx_word' id='word_1_29' title='bbox 1207 614 1434 669; x_wconf 81' lang='lat' dir='ltr'><strong>Joannis</strong></span> <span class='ocrx_word' id='word_1_30' title='bbox 1459 608 1830 680; x_wconf 78' lang='lat' dir='ltr'><strong>Chrysostomi</strong></span> 
     </span>
    </p>
   </div>
   <div class='ocr_carea' id='block_1_5' title="bbox 288 699 1830 777">
    <p class='ocr_par' dir='ltr' id='par_1_5' title="bbox 288 699 1830 777">
     <span class='ocr_line' id='line_1_5' title="bbox 288 699 1830 777; baseline -0.01 -10"><span class='ocrx_word' id='word_1_31' title='bbox 288 723 659 777; x_wconf 72' lang='lat' dir='ltr'><strong>successorem,</strong></span> <span class='ocrx_word' id='word_1_32' title='bbox 701 711 745 765; x_wconf 88' lang='lat' dir='ltr'><strong>si</strong></span> <span class='ocrx_word' id='word_1_33' title='bbox 803 711 1012 764; x_wconf 84' lang='lat' dir='ltr'><strong>Atticus</strong></span> <span class='ocrx_word' id='word_1_34' title='bbox 1060 709 1192 763; x_wconf 83' lang='lat' dir='ltr'><strong>nihil</strong></span> <span class='ocrx_word' id='word_1_35' title='bbox 1227 721 1464 776; x_wconf 84' lang='lat' dir='ltr'><strong>unquam</strong></span> <span class='ocrx_word' id='word_1_36' title='bbox 1511 703 1727 757; x_wconf 87' lang='lat' dir='ltr'><strong>fecisset</strong></span> <span class='ocrx_word' id='word_1_37' title='bbox 1763 699 1830 753; x_wconf 88' lang='lat' dir='ltr'><strong>ad</strong></span> 
     </span>
    </p>
   </div>
   <div class='ocr_carea' id='block_1_6' title="bbox 288 795 1832 875">
    <p class='ocr_par' dir='ltr' id='par_1_6' title="bbox 288 795 1832 875">
     <span class='ocr_line' id='line_1_6' title="bbox 288 795 1832 875; baseline -0.008 -15"><span class='ocrx_word' id='word_1_38' title='bbox 288 804 629 875; x_wconf 85' lang='lat' dir='ltr'><strong>reparandam</strong></span> <span class='ocrx_word' id='word_1_39' title='bbox 682 803 1015 873; x_wconf 65' lang='lat' dir='ltr'><strong>illc-gitimam</strong></span> <span class='ocrx_word' id='word_1_40' title='bbox 1048 801 1191 855; x_wconf 84' lang='lat' dir='ltr'><strong>sedis</strong></span> <span class='ocrx_word' id='word_1_41' title='bbox 1220 795 1832 865; x_wconf 69' lang='lat' dir='ltr'><strong>ConstantinOpolitaute</strong></span> 
     </span>
    </p>
   </div>
   <div class='ocr_carea' id='block_1_7' title="bbox 288 886 1834 959">
    <p class='ocr_par' dir='ltr' id='par_1_7' title="bbox 288 886 1834 959">
     <span class='ocr_line' id='line_1_7' title="bbox 288 886 1834 959; baseline -0.009 -8"><span class='ocrx_word' id='word_1_42' title='bbox 288 896 630 959; x_wconf 83' lang='lat' dir='ltr'><strong>invasioncm,</strong></span> <span class='ocrx_word' id='word_1_43' title='bbox 658 901 716 948; x_wconf 91' lang='lat' dir='ltr'><strong>ut</strong></span> <span class='ocrx_word' id='word_1_44' title='bbox 744 891 1120 948; x_wconf 88' lang='lat' dir='ltr'><strong>Tillemuntius</strong></span> <span class='ocrx_word' id='word_1_45' title='bbox 1149 891 1312 945; x_wconf 90' lang='lat' dir='ltr'><strong>nimis</strong></span> <span class='ocrx_word' id='word_1_46' title='bbox 1341 900 1543 944; x_wconf 86' lang='lat' dir='ltr'><strong>temere</strong></span> <span class='ocrx_word' id='word_1_47' title='bbox 1567 886 1834 941; x_wconf 85' lang='lat' dir='ltr'><strong>allirmat?</strong></span> 
     </span>
    </p>
   </div>
   <div class='ocr_carea' id='block_1_8' title="bbox 289 975 1832 1052">
    <p class='ocr_par' dir='ltr' id='par_1_8' title="bbox 289 975 1832 1052">
     <span class='ocr_line' id='line_1_8' title="bbox 289 975 1832 1052; baseline -0.011 -10"><span class='ocrx_word' id='word_1_48' title='bbox 289 988 459 1049; x_wconf 83' lang='lat' dir='ltr'><strong>Adde,</strong></span> <span class='ocrx_word' id='word_1_49' title='bbox 499 984 848 1039; x_wconf 65' lang='lat' dir='ltr'><strong>Caelestinum</strong></span> <span class='ocrx_word' id='word_1_50' title='bbox 893 997 1084 1052; x_wconf 82' lang='lat' dir='ltr'><strong>papam</strong></span> <span class='ocrx_word' id='word_1_51' title='bbox 1140 982 1192 1035; x_wconf 93' lang='lat' dir='ltr'><strong>in</strong></span> <span class='ocrx_word' id='word_1_52' title='bbox 1240 981 1426 1034; x_wconf 88' lang='lat' dir='ltr'><strong>eadem</strong></span> <span class='ocrx_word' id='word_1_53' title='bbox 1481 977 1722 1045; x_wconf 76' lang='lat' dir='ltr'><strong>Epistula</strong></span> <span class='ocrx_word' id='word_1_54' title='bbox 1765 975 1832 1026; x_wconf 86' lang='lat' dir='ltr'><strong>ad</strong></span> 
     </span>
    </p>
   </div>
   <div class='ocr_carea' id='block_1_9' title="bbox 294 1067 1835 1142">
    <p class='ocr_par' dir='ltr' id='par_1_9' title="bbox 294 1067 1835 1142">
     <span class='ocr_line' id='line_1_9' title="bbox 294 1067 1835 1142; baseline -0.006 -13"><span class='ocrx_word' id='word_1_55' title='bbox 294 1077 580 1130; x_wconf 75' lang='lat' dir='ltr'><strong>Nestorium</strong></span> <span class='ocrx_word' id='word_1_56' title='bbox 611 1075 744 1129; x_wconf 86' lang='lat' dir='ltr'><strong>satis</strong></span> <span class='ocrx_word' id='word_1_57' title='bbox 776 1074 1035 1140; x_wconf 87' lang='lat' dir='ltr'><strong>iudicare,</strong></span> <span class='ocrx_word' id='word_1_58' title='bbox 1063 1072 1208 1142; x_wconf 85' lang='lat' dir='ltr'><strong>quod</strong></span> <span class='ocrx_word' id='word_1_59' title='bbox 1241 1069 1451 1125; x_wconf 82' lang='lat' dir='ltr'><strong>Atticus</strong></span> <span class='ocrx_word' id='word_1_60' title='bbox 1481 1084 1604 1122; x_wconf 88' lang='lat' dir='ltr'><strong>cum</strong></span> <span class='ocrx_word' id='word_1_61' title='bbox 1639 1067 1835 1122; x_wconf 84' lang='lat' dir='ltr'><strong>Roma-</strong></span> 
     </span>
    </p>
   </div>
   <div class='ocr_carea' id='block_1_10' title="bbox 288 1160 1832 1235">
    <p class='ocr_par' dir='ltr' id='par_1_10' title="bbox 288 1160 1832 1235">
     <span class='ocr_line' id='line_1_10' title="bbox 288 1160 1832 1235; baseline -0.005 -16"><span class='ocrx_word' id='word_1_62' title='bbox 288 1167 363 1221; x_wconf 83' lang='lat' dir='ltr'><strong>nis</strong></span> <span class='ocrx_word' id='word_1_63' title='bbox 405 1165 750 1235; x_wconf 84' lang='lat' dir='ltr'><strong>pontificibus</strong></span> <span class='ocrx_word' id='word_1_64' title='bbox 799 1165 1090 1220; x_wconf 75' lang='lat' dir='ltr'><strong>amicitiam</strong></span> <span class='ocrx_word' id='word_1_65' title='bbox 1138 1164 1401 1227; x_wconf 84' lang='lat' dir='ltr'><strong>coluerit,</strong></span> <span class='ocrx_word' id='word_1_66' title='bbox 1453 1163 1582 1215; x_wconf 89' lang='lat' dir='ltr'><strong>dum</strong></span> <span class='ocrx_word' id='word_1_67' title='bbox 1633 1160 1832 1214; x_wconf 85' lang='lat' dir='ltr'><strong>ibidem</strong></span> 
     </span>
    </p>
   </div>
   <div class='ocr_carea' id='block_1_11' title="bbox 288 1251 1834 1325">
    <p class='ocr_par' dir='ltr' id='par_1_11' title="bbox 288 1251 1834 1325">
     <span class='ocr_line' id='line_1_11' title="bbox 288 1251 1834 1325; baseline -0.005 -14"><span class='ocrx_word' id='word_1_68' title='bbox 288 1259 381 1311; x_wconf 87' lang='lat' dir='ltr'><strong>col.</strong></span> <span class='ocrx_word' id='word_1_69' title='bbox 409 1257 503 1310; x_wconf 75' lang='lat' dir='ltr'><strong>56f</strong></span> <span class='ocrx_word' id='word_1_70' title='bbox 550 1259 612 1311; x_wconf 90' lang='lat' dir='ltr'><strong>de</strong></span> <span class='ocrx_word' id='word_1_71' title='bbox 645 1256 808 1310; x_wconf 88' lang='lat' dir='ltr'><strong>nimia</strong></span> <span class='ocrx_word' id='word_1_72' title='bbox 856 1255 1091 1311; x_wconf 79' lang='lat' dir='ltr'><strong>Nestorii</strong></span> <span class='ocrx_word' id='word_1_73' title='bbox 1131 1269 1257 1325; x_wconf 87' lang='lat' dir='ltr'><strong>erga</strong></span> <span class='ocrx_word' id='word_1_74' title='bbox 1303 1252 1620 1323; x_wconf 72' lang='lat' dir='ltr'><strong>Pelagianos</strong></span> <span class='ocrx_word' id='word_1_75' title='bbox 1654 1251 1834 1306; x_wconf 90' lang='lat' dir='ltr'><strong>indul-</strong></span> 
     </span>
    </p>
   </div>
   <div class='ocr_carea' id='block_1_12' title="bbox 285 1339 1834 1414">
    <p class='ocr_par' dir='ltr' id='par_1_12' title="bbox 285 1339 1834 1414">
     <span class='ocr_line' id='line_1_12' title="bbox 285 1339 1834 1414; baseline -0.003 -16"><span class='ocrx_word' id='word_1_76' title='bbox 285 1349 449 1414; x_wconf 79' lang='lat' dir='ltr'><strong>gentia</strong></span> <span class='ocrx_word' id='word_1_77' title='bbox 482 1347 561 1399; x_wconf 88' lang='lat' dir='ltr'><strong>sic</strong></span> <span class='ocrx_word' id='word_1_78' title='bbox 602 1346 998 1414; x_wconf 80' lang='lat' dir='ltr'><strong>conqueritur:</strong></span> <span class='ocrx_word' id='word_1_79' title='bbox 1047 1362 1065 1394; x_wconf 81' lang='grc' dir='ltr'><strong>ι</strong></span> <span class='ocrx_word' id='word_1_80' title='bbox 1105 1342 1442 1412; x_wconf 85' lang='lat' dir='ltr'><strong>Ejicerentur</strong></span> <span class='ocrx_word' id='word_1_81' title='bbox 1474 1339 1744 1409; x_wconf 75' lang='lat' dir='ltr'><strong>denique,</strong></span> <span class='ocrx_word' id='word_1_82' title='bbox 1786 1339 1834 1393; x_wconf 90' lang='lat' dir='ltr'><strong>si</strong></span> 
     </span>
    </p>
   </div>
   <div class='ocr_carea' id='block_1_13' title="bbox 283 1435 1831 1506">
    <p class='ocr_par' dir='ltr' id='par_1_13' title="bbox 283 1435 1831 1506">
     <span class='ocr_line' id='line_1_13' title="bbox 283 1435 1831 1506; baseline -0.003 -17"><span class='ocrx_word' id='word_1_83' title='bbox 283 1436 375 1490; x_wconf 80' lang='lat' dir='ltr'><strong>tibi</strong></span> <span class='ocrx_word' id='word_1_84' title='bbox 419 1452 637 1506; x_wconf 88' lang='lat' dir='ltr'><strong>quoque</strong></span> <span class='ocrx_word' id='word_1_85' title='bbox 688 1437 938 1492; x_wconf 89' lang='lat' dir='ltr'><strong>similiter</strong></span> <span class='ocrx_word' id='word_1_86' title='bbox 967 1436 1330 1505; x_wconf 87' lang='lat' dir='ltr'><strong>displicerent.</strong></span> <span class='ocrx_word' id='word_1_87' title='bbox 1375 1435 1486 1488; x_wconf 80' lang='lat' dir='ltr'><strong>Cur</strong></span> <span class='ocrx_word' id='word_1_88' title='bbox 1533 1442 1714 1486; x_wconf 88' lang='lat' dir='ltr'><strong>tamen</strong></span> <span class='ocrx_word' id='word_1_89' title='bbox 1746 1447 1831 1494; x_wconf 87' lang='lat' dir='ltr'><strong>ea,</strong></span> 
     </span>
    </p>
   </div>
   <div class='ocr_carea' id='block_1_14' title="bbox 284 1530 1831 1599">
    <p class='ocr_par' dir='ltr' id='par_1_14' title="bbox 284 1530 1831 1599">
     <span class='ocr_line' id='line_1_14' title="bbox 284 1530 1831 1599; baseline -0.004 -17"><span class='ocrx_word' id='word_1_90' title='bbox 284 1547 397 1599; x_wconf 73' lang='lat' dir='ltr'><strong>qua:</strong></span> <span class='ocrx_word' id='word_1_91' title='bbox 419 1530 470 1584; x_wconf 92' lang='lat' dir='ltr'><strong>in</strong></span> <span class='ocrx_word' id='word_1_92' title='bbox 497 1531 596 1586; x_wconf 82' lang='lat' dir='ltr'><strong>hos</strong></span> <span class='ocrx_word' id='word_1_93' title='bbox 627 1541 755 1584; x_wconf 85' lang='lat' dir='ltr'><strong>tunc</strong></span> <span class='ocrx_word' id='word_1_94' title='bbox 788 1538 916 1584; x_wconf 89' lang='lat' dir='ltr'><strong>sunt</strong></span> <span class='ocrx_word' id='word_1_95' title='bbox 942 1540 1082 1595; x_wconf 85' lang='lat' dir='ltr'><strong>acta,</strong></span> <span class='ocrx_word' id='word_1_96' title='bbox 1109 1535 1448 1597; x_wconf 72' lang='lat' dir='ltr'><strong>quaeruntur,</strong></span> <span class='ocrx_word' id='word_1_97' title='bbox 1473 1541 1596 1579; x_wconf 89' lang='lat' dir='ltr'><strong>cum</strong></span> <span class='ocrx_word' id='word_1_98' title='bbox 1626 1531 1831 1578; x_wconf 91' lang='lat' dir='ltr'><strong>certum</strong></span> 
     </span>
    </p>
   </div>
   <div class='ocr_carea' id='block_1_15' title="bbox 282 1617 1835 1687">
    <p class='ocr_par' dir='ltr' id='par_1_15' title="bbox 282 1617 1835 1687">
     <span class='ocr_line' id='line_1_15' title="bbox 282 1617 1835 1687; baseline -0.002 -13"><span class='ocrx_word' id='word_1_99' title='bbox 282 1623 371 1687; x_wconf 85' lang='lat' dir='ltr'><strong>sit,</strong></span> <span class='ocrx_word' id='word_1_100' title='bbox 413 1621 559 1676; x_wconf 86' lang='lat' dir='ltr'><strong>illiue</strong></span> <span class='ocrx_word' id='word_1_101' title='bbox 604 1621 670 1676; x_wconf 86' lang='lat' dir='ltr'><strong>ad</strong></span> <span class='ocrx_word' id='word_1_102' title='bbox 718 1638 818 1676; x_wconf 86' lang='lat' dir='ltr'><strong>nos</strong></span> <span class='ocrx_word' id='word_1_103' title='bbox 865 1637 894 1674; x_wconf 90' lang='lat' dir='ltr'><strong>a</strong></span> <span class='ocrx_word' id='word_1_104' title='bbox 923 1620 1190 1674; x_wconf 89' lang='lat' dir='ltr'><strong>catholico</strong></span> <span class='ocrx_word' id='word_1_105' title='bbox 1220 1629 1348 1674; x_wconf 90' lang='lat' dir='ltr'><strong>tunc</strong></span> <span class='ocrx_word' id='word_1_106' title='bbox 1389 1618 1627 1673; x_wconf 85' lang='lat' dir='ltr'><strong>antistite</strong></span> <span class='ocrx_word' id='word_1_107' title='bbox 1656 1617 1835 1672; x_wconf 85' lang='lat' dir='ltr'><strong>Attico</strong></span> 
     </span>
    </p>
   </div>
   <div class='ocr_carea' id='block_1_16' title="bbox 288 1711 1835 1782">
    <p class='ocr_par' dir='ltr' id='par_1_16' title="bbox 288 1711 1835 1782">
     <span class='ocr_line' id='line_1_16' title="bbox 288 1711 1835 1782; baseline -0.001 -16"><span class='ocrx_word' id='word_1_108' title='bbox 288 1723 432 1782; x_wconf 81' lang='lat' dir='ltr'><strong>gesta</strong></span> <span class='ocrx_word' id='word_1_109' title='bbox 476 1711 716 1768; x_wconf 77' lang='lat' dir='ltr'><strong>directa?</strong></span> <span class='ocrx_word' id='word_1_110' title='bbox 743 1713 858 1767; x_wconf 89' lang='lat' dir='ltr'><strong>Cur</strong></span> <span class='ocrx_word' id='word_1_111' title='bbox 891 1728 998 1768; x_wconf 90' lang='lat' dir='ltr'><strong>non</strong></span> <span class='ocrx_word' id='word_1_112' title='bbox 1025 1722 1226 1767; x_wconf 74' lang='lat' dir='ltr'><strong>sanctas</strong></span> <span class='ocrx_word' id='word_1_113' title='bbox 1251 1713 1526 1767; x_wconf 69' lang='lat' dir='ltr'><strong>memoria:</strong></span> <span class='ocrx_word' id='word_1_114' title='bbox 1560 1711 1835 1766; x_wconf 89' lang='lat' dir='ltr'><strong>Sisinnius</strong></span> 
     </span>
    </p>
   </div>
   <div class='ocr_carea' id='block_1_17' title="bbox 283 1801 1836 1876">
    <p class='ocr_par' dir='ltr' id='par_1_17' title="bbox 283 1801 1836 1876">
     <span class='ocr_line' id='line_1_17' title="bbox 283 1801 1836 1876; baseline -0.003 -16"><span class='ocrx_word' id='word_1_115' title='bbox 283 1809 382 1860; x_wconf 89' lang='lat' dir='ltr'><strong>ista</strong></span> <span class='ocrx_word' id='word_1_116' title='bbox 424 1807 700 1876; x_wconf 69' lang='lat' dir='ltr'><strong>quaesivit?</strong></span> <span class='ocrx_word' id='word_1_117' title='bbox 731 1807 866 1873; x_wconf 86' lang='lat' dir='ltr'><strong>Quia</strong></span> <span class='ocrx_word' id='word_1_118' title='bbox 893 1807 1077 1876; x_wconf 79' lang='lat' dir='ltr'><strong>utique</strong></span> <span class='ocrx_word' id='word_1_119' title='bbox 1119 1807 1220 1862; x_wconf 86' lang='lat' dir='ltr'><strong>sub</strong></span> <span class='ocrx_word' id='word_1_120' title='bbox 1250 1807 1534 1861; x_wconf 83' lang='lat' dir='ltr'><strong>decessore</strong></span> <span class='ocrx_word' id='word_1_121' title='bbox 1561 1821 1662 1860; x_wconf 91' lang='lat' dir='ltr'><strong>suo</strong></span> <span class='ocrx_word' id='word_1_122' title='bbox 1710 1801 1836 1874; x_wconf 51' lang='lat' dir='ltr'><strong>pro;</strong></span> 
     </span>
    </p>
   </div>
   <div class='ocr_carea' id='block_1_18' title="bbox 1935 583 3489 661">
    <p class='ocr_par' dir='ltr' id='par_1_18' title="bbox 1935 583 3489 661">
     <span class='ocr_line' id='line_1_18' title="bbox 1935 583 3489 661; baseline -0.011 -7"><span class='ocrx_word' id='word_1_123' title='bbox 1935 600 2168 654; x_wconf 86' lang='lat' dir='ltr'><strong>inveniat</strong></span> <span class='ocrx_word' id='word_1_124' title='bbox 2213 605 2306 650; x_wconf 86' lang='lat' dir='ltr'><strong>aut</strong></span> <span class='ocrx_word' id='word_1_125' title='bbox 2352 595 2553 655; x_wconf 86' lang='lat' dir='ltr'><strong>faciat.</strong></span> <span class='ocrx_word' id='word_1_126' title='bbox 2609 593 2733 661; x_wconf 91' lang='lat' dir='ltr'><strong>quis</strong></span> <span class='ocrx_word' id='word_1_127' title='bbox 2782 589 2937 644; x_wconf 79' lang='lat' dir='ltr'><strong>facile</strong></span> <span class='ocrx_word' id='word_1_128' title='bbox 2979 587 3164 643; x_wconf 84' lang='lat' dir='ltr'><strong>credat</strong></span> <span class='ocrx_word' id='word_1_129' title='bbox 3209 583 3489 640; x_wconf 71' lang='lat' dir='ltr'><strong>sanctissi—</strong></span> 
     </span>
    </p>
   </div>
   <div class='ocr_carea' id='block_1_19' title="bbox 1933 675 3499 741">
    <p class='ocr_par' dir='ltr' id='par_1_19' title="bbox 1933 675 3499 741">
     <span class='ocr_line' id='line_1_19' title="bbox 1933 675 3499 741; baseline -0.01 0"><span class='ocrx_word' id='word_1_130' title='bbox 1933 703 2079 741; x_wconf 92' lang='lat' dir='ltr'><strong>mum</strong></span> <span class='ocrx_word' id='word_1_131' title='bbox 2100 684 2487 739; x_wconf 80' lang='lat' dir='ltr'><strong>Maximianum</strong></span> <span class='ocrx_word' id='word_1_132' title='bbox 2517 694 2627 737; x_wconf 88' lang='lat' dir='ltr'><strong>tam</strong></span> <span class='ocrx_word' id='word_1_133' title='bbox 2655 682 2811 736; x_wconf 88' lang='lat' dir='ltr'><strong>firmo</strong></span> <span class='ocrx_word' id='word_1_134' title='bbox 2841 679 3091 735; x_wconf 70' lang='lat' dir='ltr'><strong>amicitiae</strong></span> <span class='ocrx_word' id='word_1_135' title='bbox 3117 675 3336 730; x_wconf 90' lang='lat' dir='ltr'><strong>vinculo</strong></span> <span class='ocrx_word' id='word_1_136' title='bbox 3369 687 3499 726; x_wconf 81' lang='lat' dir='ltr'><strong>con—</strong></span> 
     </span>
    </p>
   </div>
   <div class='ocr_carea' id='block_1_20' title="bbox 1929 767 3488 850">
    <p class='ocr_par' dir='ltr' id='par_1_20' title="bbox 1929 767 3488 850">
     <span class='ocr_line' id='line_1_20' title="bbox 1929 767 3488 850; baseline -0.009 -17"><span class='ocrx_word' id='word_1_137' title='bbox 1929 781 2174 850; x_wconf 87' lang='lat' dir='ltr'><strong>junctum</strong></span> <span class='ocrx_word' id='word_1_138' title='bbox 2223 777 2391 832; x_wconf 90' lang='lat' dir='ltr'><strong>fuisse</strong></span> <span class='ocrx_word' id='word_1_139' title='bbox 2439 777 2565 830; x_wconf 85' lang='lat' dir='ltr'><strong>huic</strong></span> <span class='ocrx_word' id='word_1_140' title='bbox 2607 775 2844 845; x_wconf 65' lang='lat' dir='ltr'><strong>praesuli,</strong></span> <span class='ocrx_word' id='word_1_141' title='bbox 2895 773 2941 828; x_wconf 91' lang='lat' dir='ltr'><strong>si</strong></span> <span class='ocrx_word' id='word_1_142' title='bbox 2990 771 3200 825; x_wconf 88' lang='lat' dir='ltr'><strong>Atticus</strong></span> <span class='ocrx_word' id='word_1_143' title='bbox 3229 767 3488 823; x_wconf 83' lang='lat' dir='ltr'><strong>manserit</strong></span> 
     </span>
    </p>
   </div>
   <div class='ocr_carea' id='block_1_21' title="bbox 1934 865 3484 940">
    <p class='ocr_par' dir='ltr' id='par_1_21' title="bbox 1934 865 3484 940">
     <span class='ocr_line' id='line_1_21' title="bbox 1934 865 3484 940; baseline -0.008 -16"><span class='ocrx_word' id='word_1_144' title='bbox 1934 871 2166 940; x_wconf 84' lang='lat' dir='ltr'><strong>injustus</strong></span> <span class='ocrx_word' id='word_1_145' title='bbox 2219 867 2488 924; x_wconf 71' lang='lat' dir='ltr'><strong>cathedra:</strong></span> <span class='ocrx_word' id='word_1_146' title='bbox 2529 865 3142 934; x_wconf 71' lang='lat' dir='ltr'><strong>Constantinopolitanae</strong></span> <span class='ocrx_word' id='word_1_147' title='bbox 3186 874 3484 932; x_wconf 86' lang='lat' dir='ltr'><strong>possessor,</strong></span> 
     </span>
    </p>
   </div>
   <div class='ocr_carea' id='block_1_22' title="bbox 1936 950 3492 1030">
    <p class='ocr_par' dir='ltr' id='par_1_22' title="bbox 1936 950 3492 1030">
     <span class='ocr_line' id='line_1_22' title="bbox 1936 950 3492 1030; baseline -0.009 -13"><span class='ocrx_word' id='word_1_148' title='bbox 1936 979 2000 1017; x_wconf 88' lang='lat' dir='ltr'><strong>ac</strong></span> <span class='ocrx_word' id='word_1_149' title='bbox 2030 963 2154 1016; x_wconf 88' lang='lat' dir='ltr'><strong>talis</strong></span> <span class='ocrx_word' id='word_1_150' title='bbox 2187 961 2370 1022; x_wconf 89' lang='lat' dir='ltr'><strong>fuerit,</strong></span> <span class='ocrx_word' id='word_1_151' title='bbox 2401 960 2616 1030; x_wconf 83' lang='lat' dir='ltr'><strong>qualem</strong></span> <span class='ocrx_word' id='word_1_152' title='bbox 2651 957 3027 1012; x_wconf 85' lang='lat' dir='ltr'><strong>Tillemontius</strong></span> <span class='ocrx_word' id='word_1_153' title='bbox 3073 952 3346 1024; x_wconf 79' lang='lat' dir='ltr'><strong>depinxit?</strong></span> <span class='ocrx_word' id='word_1_154' title='bbox 3387 950 3492 1004; x_wconf 89' lang='lat' dir='ltr'><strong>Dc-</strong></span> 
     </span>
    </p>
   </div>
   <div class='ocr_carea' id='block_1_23' title="bbox 1937 1047 3495 1122">
    <p class='ocr_par' dir='ltr' id='par_1_23' title="bbox 1937 1047 3495 1122">
     <span class='ocr_line' id='line_1_23' title="bbox 1937 1047 3495 1122; baseline -0.008 -16"><span class='ocrx_word' id='word_1_155' title='bbox 1937 1053 2099 1122; x_wconf 85' lang='lat' dir='ltr'><strong>nique</strong></span> <span class='ocrx_word' id='word_1_156' title='bbox 2132 1053 2272 1106; x_wconf 87' lang='lat' dir='ltr'><strong>idem</strong></span> <span class='ocrx_word' id='word_1_157' title='bbox 2301 1049 2542 1120; x_wconf 74' lang='lat' dir='ltr'><strong>pontifex</strong></span> <span class='ocrx_word' id='word_1_158' title='bbox 2573 1049 2873 1112; x_wconf 84' lang='lat' dir='ltr'><strong>Roma-nus,</strong></span> <span class='ocrx_word' id='word_1_159' title='bbox 2921 1047 3172 1101; x_wconf 85' lang='lat' dir='ltr'><strong>columna</strong></span> <span class='ocrx_word' id='word_1_160' title='bbox 3211 1050 3495 1112; x_wconf 78' lang='lat' dir='ltr'><strong>sequente,</strong></span> 
     </span>
    </p>
   </div>
   <div class='ocr_carea' id='block_1_24' title="bbox 1935 1132 3495 1202">
    <p class='ocr_par' dir='ltr' id='par_1_24' title="bbox 1935 1132 3495 1202">
     <span class='ocr_line' id='line_1_24' title="bbox 1935 1132 3495 1202; baseline -0.008 -4"><span class='ocrx_word' id='word_1_161' title='bbox 1935 1145 2080 1198; x_wconf 90' lang='lat' dir='ltr'><strong>hunc</strong></span> <span class='ocrx_word' id='word_1_162' title='bbox 2127 1143 2183 1198; x_wconf 92' lang='lat' dir='ltr'><strong>S.</strong></span> <span class='ocrx_word' id='word_1_163' title='bbox 2247 1142 2636 1198; x_wconf 82' lang='lat' dir='ltr'><strong>Maximianum</strong></span> <span class='ocrx_word' id='word_1_164' title='bbox 2696 1141 2768 1194; x_wconf 89' lang='lat' dir='ltr'><strong>ita</strong></span> <span class='ocrx_word' id='word_1_165' title='bbox 2827 1139 3127 1193; x_wconf 85' lang='lat' dir='ltr'><strong>hortatur:</strong></span> <span class='ocrx_word' id='word_1_166' title='bbox 3185 1151 3206 1186; x_wconf 67' lang='grc' dir='ltr'><strong>ι</strong></span> <span class='ocrx_word' id='word_1_167' title='bbox 3258 1132 3495 1202; x_wconf 81' lang='lat' dir='ltr'><strong>Sequere</strong></span> 
     </span>
    </p>
   </div>
   <div class='ocr_carea' id='block_1_25' title="bbox 1935 1224 3494 1306">
    <p class='ocr_par' dir='ltr' id='par_1_25' title="bbox 1935 1224 3494 1306">
     <span class='ocr_line' id='line_1_25' title="bbox 1935 1224 3494 1306; baseline -0.008 -16"><span class='ocrx_word' id='word_1_168' title='bbox 1935 1237 2201 1306; x_wconf 86' lang='lat' dir='ltr'><strong>priorum,</strong></span> <span class='ocrx_word' id='word_1_169' title='bbox 2233 1251 2264 1290; x_wconf 89' lang='lat' dir='ltr'><strong>a</strong></span> <span class='ocrx_word' id='word_1_170' title='bbox 2296 1235 2496 1305; x_wconf 86' lang='lat' dir='ltr'><strong>quibus</strong></span> <span class='ocrx_word' id='word_1_171' title='bbox 2523 1233 2768 1288; x_wconf 85' lang='lat' dir='ltr'><strong>eruditus</strong></span> <span class='ocrx_word' id='word_1_172' title='bbox 2798 1247 2858 1286; x_wconf 91' lang='lat' dir='ltr'><strong>es</strong></span> <span class='ocrx_word' id='word_1_173' title='bbox 2886 1243 2939 1284; x_wconf 91' lang='lat' dir='ltr'><strong>et</strong></span> <span class='ocrx_word' id='word_1_174' title='bbox 2964 1227 3224 1292; x_wconf 88' lang='lat' dir='ltr'><strong>nutritus,</strong></span> <span class='ocrx_word' id='word_1_175' title='bbox 3247 1224 3494 1294; x_wconf 81' lang='lat' dir='ltr'><strong>exempla</strong></span> 
     </span>
    </p>
   </div>
   <div class='ocr_carea' id='block_1_26' title="bbox 1936 1319 3498 1397">
    <p class='ocr_par' dir='ltr' id='par_1_26' title="bbox 1936 1319 3498 1397">
     <span class='ocr_line' id='line_1_26' title="bbox 1936 1319 3498 1397; baseline -0.007 -17"><span class='ocrx_word' id='word_1_176' title='bbox 1936 1327 2249 1397; x_wconf 82' lang='lat' dir='ltr'><strong>pontificum</strong></span> <span class='ocrx_word' id='word_1_177' title='bbox 2276 1323 2850 1393; x_wconf 82' lang='lat' dir='ltr'><strong>;beatissimiJoannis</strong></span> <span class='ocrx_word' id='word_1_178' title='bbox 2878 1323 2930 1378; x_wconf 91' lang='lat' dir='ltr'><strong>in</strong></span> <span class='ocrx_word' id='word_1_179' title='bbox 2962 1319 3302 1392; x_wconf 60' lang='lat' dir='ltr'><strong>praedicando</strong></span> <span class='ocrx_word' id='word_1_180' title='bbox 3329 1321 3498 1373; x_wconf 87' lang='lat' dir='ltr'><strong>scien-</strong></span> 
     </span>
    </p>
   </div>
   <div class='ocr_carea' id='block_1_27' title="bbox 1938 1411 3500 1489">
    <p class='ocr_par' dir='ltr' id='par_1_27' title="bbox 1938 1411 3500 1489">
     <span class='ocr_line' id='line_1_27' title="bbox 1938 1411 3500 1489; baseline -0.006 -17"><span class='ocrx_word' id='word_1_181' title='bbox 1938 1422 2092 1486; x_wconf 90' lang='lat' dir='ltr'><strong>tiam,</strong></span> <span class='ocrx_word' id='word_1_182' title='bbox 2143 1421 2312 1474; x_wconf 86' lang='lat' dir='ltr'><strong>sancti</strong></span> <span class='ocrx_word' id='word_1_183' title='bbox 2356 1420 2519 1473; x_wconf 88' lang='lat' dir='ltr'><strong>Attici</strong></span> <span class='ocrx_word' id='word_1_184' title='bbox 2554 1419 2606 1472; x_wconf 91' lang='lat' dir='ltr'><strong>in</strong></span> <span class='ocrx_word' id='word_1_185' title='bbox 2660 1413 3014 1489; x_wconf 83' lang='lat' dir='ltr'><strong>repurgandis</strong></span> <span class='ocrx_word' id='word_1_186' title='bbox 3045 1411 3342 1468; x_wconf 68' lang='lat' dir='ltr'><strong>haeresibus</strong></span> <span class='ocrx_word' id='word_1_187' title='bbox 3367 1412 3500 1479; x_wconf 82' lang='lat' dir='ltr'><strong>vigi-</strong></span> 
     </span>
    </p>
   </div>
   <div class='ocr_carea' id='block_1_28' title="bbox 1936 1504 3501 1575">
    <p class='ocr_par' dir='ltr' id='par_1_28' title="bbox 1936 1504 3501 1575">
     <span class='ocr_line' id='line_1_28' title="bbox 1936 1504 3501 1575; baseline -0.006 -11"><span class='ocrx_word' id='word_1_188' title='bbox 1936 1512 2177 1574; x_wconf 86' lang='lat' dir='ltr'><strong>lantiam,</strong></span> <span class='ocrx_word' id='word_1_189' title='bbox 2215 1510 2516 1566; x_wconf 84' lang='lat' dir='ltr'><strong>decessoris</strong></span> <span class='ocrx_word' id='word_1_190' title='bbox 2547 1510 2621 1563; x_wconf 87' lang='lat' dir='ltr'><strong>tui</strong></span> <span class='ocrx_word' id='word_1_191' title='bbox 2662 1506 2906 1570; x_wconf 83' lang='lat' dir='ltr'><strong>Sisinnt&#39;i,</strong></span> <span class='ocrx_word' id='word_1_192' title='bbox 2941 1504 3100 1575; x_wconf 85' lang='lat' dir='ltr'><strong>cujus</strong></span> <span class='ocrx_word' id='word_1_193' title='bbox 3131 1512 3182 1558; x_wconf 90' lang='lat' dir='ltr'><strong>te</strong></span> <span class='ocrx_word' id='word_1_194' title='bbox 3217 1516 3501 1557; x_wconf 88' lang='lat' dir='ltr'><strong>successo-</strong></span> 
     </span>
    </p>
   </div>
   <div class='ocr_carea' id='block_1_29' title="bbox 1936 1600 3108 1670">
    <p class='ocr_par' dir='ltr' id='par_1_29' title="bbox 1936 1600 3108 1670">
     <span class='ocr_line' id='line_1_29' title="bbox 1936 1600 3108 1670; baseline -0.009 -12"><span class='ocrx_word' id='word_1_195' title='bbox 1936 1619 2048 1658; x_wconf 88' lang='lat' dir='ltr'><strong>rem</strong></span> <span class='ocrx_word' id='word_1_196' title='bbox 2079 1603 2372 1670; x_wconf 87' lang='lat' dir='ltr'><strong>credimus,</strong></span> <span class='ocrx_word' id='word_1_197' title='bbox 2405 1602 2702 1670; x_wconf 89' lang='lat' dir='ltr'><strong>simplicem</strong></span> <span class='ocrx_word' id='word_1_198' title='bbox 2732 1600 3040 1668; x_wconf 85' lang='lat' dir='ltr'><strong>puritatem.</strong></span> <span class='ocrx_word' id='word_1_199' title='bbox 3089 1617 3108 1648; x_wconf 80' lang='grc'>›</span> 
     </span>
    </p>
   </div>
   <div class='ocr_carea' id='block_1_30' title="bbox 2005 1683 3501 1761">
    <p class='ocr_par' dir='ltr' id='par_1_30' title="bbox 2005 1683 3501 1761">
     <span class='ocr_line' id='line_1_30' title="bbox 2005 1683 3501 1761; baseline -0.006 -16"><span class='ocrx_word' id='word_1_200' title='bbox 2005 1691 2097 1745; x_wconf 66' lang='lat'><strong>28.</strong></span> <span class='ocrx_word' id='word_1_201' title='bbox 2121 1691 2354 1746; x_wconf 89' lang='lat' dir='ltr'><strong>Sanctus</strong></span> <span class='ocrx_word' id='word_1_202' title='bbox 2377 1691 2604 1761; x_wconf 88' lang='lat' dir='ltr'><strong>Prosper</strong></span> <span class='ocrx_word' id='word_1_203' title='bbox 2631 1690 2683 1743; x_wconf 91' lang='lat' dir='ltr'><strong>in</strong></span> <span class='ocrx_word' id='word_1_204' title='bbox 2711 1692 2952 1744; x_wconf 89' lang='lat' dir='ltr'><strong>carmine</strong></span> <span class='ocrx_word' id='word_1_205' title='bbox 2975 1687 3047 1740; x_wconf 86' lang='lat' dir='ltr'><strong>De</strong></span> <span class='ocrx_word' id='word_1_206' title='bbox 3079 1686 3328 1756; x_wconf 77' lang='lat' dir='ltr'><strong>ingratis,</strong></span> <span class='ocrx_word' id='word_1_207' title='bbox 3355 1683 3501 1753; x_wconf 91' lang='lat' dir='ltr'><strong>quod</strong></span> 
     </span>
    </p>
   </div>
   <div class='ocr_carea' id='block_1_31' title="bbox 1936 1776 3500 1848">
    <p class='ocr_par' dir='ltr' id='par_1_31' title="bbox 1936 1776 3500 1848">
     <span class='ocr_line' id='line_1_31' title="bbox 1936 1776 3500 1848; baseline -0.008 -8"><span class='ocrx_word' id='word_1_208' title='bbox 1936 1784 2230 1840; x_wconf 86' lang='lat' dir='ltr'><strong>novissime</strong></span> <span class='ocrx_word' id='word_1_209' title='bbox 2272 1783 2517 1848; x_wconf 81' lang='lat' dir='ltr'><strong>Parisiis,</strong></span> <span class='ocrx_word' id='word_1_210' title='bbox 2571 1798 2711 1837; x_wconf 91' lang='lat' dir='ltr'><strong>anno</strong></span> <span class='ocrx_word' id='word_1_211' title='bbox 2745 1783 2903 1848; x_wconf 80' lang='grc' dir='ltr'><strong>ΠΗ,</strong></span> <span class='ocrx_word' id='word_1_212' title='bbox 2933 1782 3072 1834; x_wconf 89' lang='lat' dir='ltr'><strong>inter</strong></span> <span class='ocrx_word' id='word_1_213' title='bbox 3103 1778 3222 1848; x_wconf 79' lang='lat' dir='ltr'><strong>ejus</strong></span> <span class='ocrx_word' id='word_1_214' title='bbox 3259 1776 3432 1846; x_wconf 85' lang='lat' dir='ltr'><strong>Opera</strong></span> <span class='ocrx_word' id='word_1_215' title='bbox 3472 1791 3500 1828; x_wconf 89' lang='lat' dir='ltr'><strong>a</strong></span> 
     </span>
    </p>
   </div>
   <div class='ocr_carea' id='block_1_32' title="bbox 283 1868 3504 1968">
    <p class='ocr_par' dir='ltr' id='par_1_32' title="bbox 283 1868 3504 1968">
     <span class='ocr_line' id='line_1_32' title="bbox 283 1868 3504 1968; baseline -0.009 -17"><span class='ocrx_word' id='word_1_216' title='bbox 283 1868 499 1952; x_wconf 76' lang='lat' dir='ltr'><strong>haverat</strong></span> <span class='ocrx_word' id='word_1_217' title='bbox 547 1914 640 1954; x_wconf 92' lang='lat' dir='ltr'><strong>eos</strong></span> <span class='ocrx_word' id='word_1_218' title='bbox 681 1868 806 1968; x_wconf 68' lang='lat' dir='ltr'><strong>jure</strong></span> <span class='ocrx_word' id='word_1_219' title='bbox 848 1868 1152 1954; x_wconf 77' lang='lat' dir='ltr'><strong>damnatos.</strong></span> <span class='ocrx_word' id='word_1_220' title='bbox 1191 1917 1210 1950; x_wconf 70' lang='grc' dir='ltr'><strong>ι</strong></span> <span class='ocrx_word' id='word_1_221' title='bbox 1265 1897 1403 1953; x_wconf 88' lang='lat' dir='ltr'><strong>Hinc</strong></span> <span class='ocrx_word' id='word_1_222' title='bbox 1456 1899 1588 1952; x_wconf 89' lang='lat' dir='ltr'><strong>satis</strong></span> <span class='ocrx_word' id='word_1_223' title='bbox 1651 1868 1834 1967; x_wconf 79' lang='lat' dir='ltr'><strong>liquet,</strong></span> <span class='ocrx_word' id='word_1_224' title='bbox 1868 1905 1910 1959; x_wconf 79' lang='grc' dir='ltr'>Β</span> <span class='ocrx_word' id='word_1_225' title='bbox 1939 1877 2044 1968; x_wconf 52' lang='grc' dir='ltr'>(ἔοις</span> <span class='ocrx_word' id='word_1_226' title='bbox 2073 1876 2176 1930; x_wconf 78' lang='lat'><strong>“5</strong></span> <span class='ocrx_word' id='word_1_227' title='bbox 2203 1875 2404 1968; x_wconf 67' lang='lat' dir='ltr'><strong>editum</strong></span> <span class='ocrx_word' id='word_1_228' title='bbox 2436 1882 2539 1940; x_wconf 91' lang='lat' dir='ltr'><strong>est,</strong></span> <span class='ocrx_word' id='word_1_229' title='bbox 2568 1874 2740 1968; x_wconf 53' lang='lat' dir='ltr'><strong>selum</strong></span> <span class='ocrx_word' id='word_1_230' title='bbox 2764 1873 2934 1968; x_wconf 79' lang='lat' dir='ltr'><strong>Attici</strong></span> <span class='ocrx_word' id='word_1_231' title='bbox 2965 1879 3154 1968; x_wconf 73' lang='lat' dir='ltr'><strong>contra</strong></span> <span class='ocrx_word' id='word_1_232' title='bbox 3183 1868 3504 1934; x_wconf 71' lang='lat' dir='ltr'><strong>Pelagianos</strong></span> 
     </span>
    </p>
   </div>
   <div class='ocr_carea' id='block_1_33' title="bbox 282 1989 1835 2057">
    <p class='ocr_par' dir='ltr' id='par_1_33' title="bbox 282 1989 1835 2057">
     <span class='ocr_line' id='line_1_33' title="bbox 282 1989 1835 2057; baseline 0 -14"><span class='ocrx_word' id='word_1_233' title='bbox 282 1989 342 2043; x_wconf 86' lang='lat' dir='ltr'><strong>S.</strong></span> <span class='ocrx_word' id='word_1_234' title='bbox 377 1991 869 2057; x_wconf 68' lang='lat' dir='ltr'><strong>Atticumamicam</strong></span> <span class='ocrx_word' id='word_1_235' title='bbox 911 1992 1213 2046; x_wconf 84' lang='lat' dir='ltr'><strong>litterarum</strong></span> <span class='ocrx_word' id='word_1_236' title='bbox 1249 1990 1683 2046; x_wconf 89' lang='lat' dir='ltr'><strong>communionem</strong></span> <span class='ocrx_word' id='word_1_237' title='bbox 1713 2005 1835 2044; x_wconf 90' lang='lat' dir='ltr'><strong>cum</strong></span> 
     </span>
    </p>
   </div>
   <div class='ocr_carea' id='block_1_34' title="bbox 282 2080 1192 2140">
    <p class='ocr_par' dir='ltr' id='par_1_34' title="bbox 282 2080 1192 2140">
     <span class='ocr_line' id='line_1_34' title="bbox 282 2080 1192 2140; baseline 0.003 -6"><span class='ocrx_word' id='word_1_238' title='bbox 282 2080 518 2137; x_wconf 86' lang='lat' dir='ltr'><strong>Ecclesia</strong></span> <span class='ocrx_word' id='word_1_239' title='bbox 543 2083 785 2137; x_wconf 76' lang='lat' dir='ltr'><strong>Romana</strong></span> <span class='ocrx_word' id='word_1_240' title='bbox 820 2098 1192 2140; x_wconf 79' lang='lat' dir='ltr'><strong>conservasse.</strong></span> 
     </span>
    </p>
   </div>
   <div class='ocr_carea' id='block_1_35' title="bbox 353 2217 1842 2289">
    <p class='ocr_par' dir='ltr' id='par_1_35' title="bbox 353 2217 1842 2289">
     <span class='ocr_line' id='line_1_35' title="bbox 353 2217 1842 2289; baseline -0.001 -17"><span class='ocrx_word' id='word_1_241' title='bbox 353 2217 440 2272; x_wconf 72' lang='lat'><strong>27.</strong></span> <span class='ocrx_word' id='word_1_242' title='bbox 481 2218 622 2272; x_wconf 87' lang='lat' dir='ltr'><strong>Idem</strong></span> <span class='ocrx_word' id='word_1_243' title='bbox 655 2217 895 2287; x_wconf 81' lang='lat' dir='ltr'><strong>pontifex</strong></span> <span class='ocrx_word' id='word_1_244' title='bbox 930 2218 984 2272; x_wconf 87' lang='lat' dir='ltr'><strong>in</strong></span> <span class='ocrx_word' id='word_1_245' title='bbox 1011 2217 1249 2289; x_wconf 78' lang='lat' dir='ltr'><strong>Epistula</strong></span> <span class='ocrx_word' id='word_1_246' title='bbox 1277 2221 1344 2272; x_wconf 87' lang='lat' dir='ltr'><strong>ad</strong></span> <span class='ocrx_word' id='word_1_247' title='bbox 1368 2220 1565 2273; x_wconf 77' lang='lat' dir='ltr'><strong>clerum</strong></span> <span class='ocrx_word' id='word_1_248' title='bbox 1598 2227 1644 2272; x_wconf 88' lang='lat' dir='ltr'><strong>et</strong></span> <span class='ocrx_word' id='word_1_249' title='bbox 1677 2233 1842 2286; x_wconf 82' lang='lat' dir='ltr'><strong>popu-</strong></span> 
     </span>
    </p>
   </div>
   <div class='ocr_carea' id='block_1_36' title="bbox 281 2309 1841 2380">
    <p class='ocr_par' dir='ltr' id='par_1_36' title="bbox 281 2309 1841 2380">
     <span class='ocr_line' id='line_1_36' title="bbox 281 2309 1841 2380; baseline -0.002 -15"><span class='ocrx_word' id='word_1_250' title='bbox 281 2311 391 2365; x_wconf 79' lang='lat' dir='ltr'><strong>lum</strong></span> <span class='ocrx_word' id='word_1_251' title='bbox 415 2309 1061 2380; x_wconf 77' lang='lat' dir='ltr'><strong>Constantinopolitanum</strong></span> <span class='ocrx_word' id='word_1_252' title='bbox 1084 2321 1229 2366; x_wconf 91' lang='lat' dir='ltr'><strong>tomo</strong></span> <span class='ocrx_word' id='word_1_253' title='bbox 1255 2309 1456 2365; x_wconf 90' lang='lat' dir='ltr'><strong>Labbei</strong></span> <span class='ocrx_word' id='word_1_254' title='bbox 1490 2311 1736 2379; x_wconf 80' lang='lat' dir='ltr'><strong>proxime</strong></span> <span class='ocrx_word' id='word_1_255' title='bbox 1761 2310 1841 2363; x_wconf 85' lang='lat' dir='ltr'><strong>ci-</strong></span> 
     </span>
    </p>
   </div>
   <div class='ocr_carea' id='block_1_37' title="bbox 284 2400 1848 2470">
    <p class='ocr_par' dir='ltr' id='par_1_37' title="bbox 284 2400 1848 2470">
     <span class='ocr_line' id='line_1_37' title="bbox 284 2400 1848 2470; baseline -0.001 -16"><span class='ocrx_word' id='word_1_256' title='bbox 284 2411 418 2466; x_wconf 86' lang='lat' dir='ltr'><strong>tato,</strong></span> <span class='ocrx_word' id='word_1_257' title='bbox 461 2402 562 2457; x_wconf 88' lang='lat' dir='ltr'><strong>col.</strong></span> <span class='ocrx_word' id='word_1_258' title='bbox 591 2400 716 2465; x_wconf 74' lang='lat'><strong>565,</strong></span> <span class='ocrx_word' id='word_1_259' title='bbox 747 2413 865 2470; x_wconf 88' lang='lat' dir='ltr'><strong>post</strong></span> <span class='ocrx_word' id='word_1_260' title='bbox 906 2402 1206 2456; x_wconf 90' lang='lat' dir='ltr'><strong>celebratas</strong></span> <span class='ocrx_word' id='word_1_261' title='bbox 1235 2402 1292 2456; x_wconf 90' lang='lat' dir='ltr'><strong>S.</strong></span> <span class='ocrx_word' id='word_1_262' title='bbox 1324 2401 1696 2470; x_wconf 80' lang='lat' dir='ltr'><strong>Cbrysostomi</strong></span> <span class='ocrx_word' id='word_1_263' title='bbox 1729 2400 1848 2453; x_wconf 75' lang='lat' dir='ltr'><strong>lau-</strong></span> 
     </span>
    </p>
   </div>
   <div class='ocr_carea' id='block_1_38' title="bbox 1942 1963 3132 2036">
    <p class='ocr_par' dir='ltr' id='par_1_38' title="bbox 1942 1963 3132 2036">
     <span class='ocr_line' id='line_1_38' title="bbox 1942 1963 3132 2036; baseline -0.006 -15"><span class='ocrx_word' id='word_1_264' title='bbox 1942 1967 2136 2021; x_wconf 89' lang='lat' dir='ltr'><strong>ibidem</strong></span> <span class='ocrx_word' id='word_1_265' title='bbox 2169 1967 2274 2020; x_wconf 92' lang='lat' dir='ltr'><strong>col.</strong></span> <span class='ocrx_word' id='word_1_266' title='bbox 2312 1965 2409 2020; x_wconf 70' lang='grc'><strong>121</strong></span> <span class='ocrx_word' id='word_1_267' title='bbox 2443 1965 2700 2036; x_wconf 64' lang='lat' dir='ltr'><strong>praedicat</strong></span> <span class='ocrx_word' id='word_1_268' title='bbox 2722 1965 2807 2020; x_wconf 91' lang='lat' dir='ltr'><strong>his</strong></span> <span class='ocrx_word' id='word_1_269' title='bbox 2839 1963 3086 2018; x_wconf 86' lang='lat' dir='ltr'><strong>versibus</strong></span> <span class='ocrx_word' id='word_1_270' title='bbox 3119 1978 3132 2013; x_wconf 91' lang='lat'>:</span> 
     </span>
    </p>
   </div>
   <div class='ocr_carea' id='block_1_39' title="bbox 2014 2050 3504 2127">
    <p class='ocr_par' dir='ltr' id='par_1_39' title="bbox 2014 2050 3504 2127">
     <span class='ocr_line' id='line_1_39' title="bbox 2014 2050 3504 2127; baseline -0.005 -18"><span class='ocrx_word' id='word_1_271' title='bbox 2014 2057 2153 2122; x_wconf 85' lang='lat' dir='ltr'><strong>Quid</strong></span> <span class='ocrx_word' id='word_1_272' title='bbox 2189 2057 2373 2127; x_wconf 85' lang='lat' dir='ltr'><strong>loquar</strong></span> <span class='ocrx_word' id='word_1_273' title='bbox 2397 2067 2444 2110; x_wconf 84' lang='lat' dir='ltr'><strong>et</strong></span> <span class='ocrx_word' id='word_1_274' title='bbox 2470 2073 2674 2119; x_wconf 88' lang='lat' dir='ltr'><strong>curam,</strong></span> <span class='ocrx_word' id='word_1_275' title='bbox 2716 2073 2908 2126; x_wconf 86' lang='lat' dir='ltr'><strong>magna</strong></span> <span class='ocrx_word' id='word_1_276' title='bbox 2936 2069 3094 2126; x_wconf 81' lang='lat' dir='ltr'><strong>quam</strong></span> <span class='ocrx_word' id='word_1_277' title='bbox 3120 2054 3276 2127; x_wconf 74' lang='lat' dir='ltr'><strong>gessit</strong></span> <span class='ocrx_word' id='word_1_278' title='bbox 3302 2053 3356 2104; x_wconf 86' lang='lat' dir='ltr'><strong>in</strong></span> <span class='ocrx_word' id='word_1_279' title='bbox 3379 2050 3504 2104; x_wconf 77' lang='lat' dir='ltr'><strong>urbe</strong></span> 
     </span>
    </p>
   </div>
   <div class='ocr_carea' id='block_1_40' title="bbox 2013 2123 3264 2194">
    <p class='ocr_par' dir='ltr' id='par_1_40' title="bbox 2013 2123 3264 2194">
     <span class='ocr_line' id='line_1_40' title="bbox 2013 2123 3264 2194; baseline -0.006 -12"><span class='ocrx_word' id='word_1_280' title='bbox 2013 2123 2492 2194; x_wconf 77' lang='lat' dir='ltr'><strong>Constantinopoli,</strong></span> <span class='ocrx_word' id='word_1_281' title='bbox 2526 2129 2679 2180; x_wconf 86' lang='lat' dir='ltr'><strong>docto</strong></span> <span class='ocrx_word' id='word_1_282' title='bbox 2706 2123 2869 2180; x_wconf 74' lang='lat' dir='ltr'><strong>boatu</strong></span> <span class='ocrx_word' id='word_1_283' title='bbox 2903 2123 2988 2179; x_wconf 78' lang='lat' dir='ltr'><strong>ore</strong></span> <span class='ocrx_word' id='word_1_284' title='bbox 3018 2123 3264 2178; x_wconf 79' lang='lat' dir='ltr'><strong>sacerdos</strong></span> 
     </span>
    </p>
   </div>
   <div class='ocr_carea' id='block_1_41' title="bbox 2014 2197 3110 2268">
    <p class='ocr_par' dir='ltr' id='par_1_41' title="bbox 2014 2197 3110 2268">
     <span class='ocr_line' id='line_1_41' title="bbox 2014 2197 3110 2268; baseline -0.002 -18"><span class='ocrx_word' id='word_1_285' title='bbox 2014 2198 2240 2268; x_wconf 60' lang='lat' dir='ltr'><strong>Atticus,</strong></span> <span class='ocrx_word' id='word_1_286' title='bbox 2269 2199 2488 2268; x_wconf 81' lang='lat' dir='ltr'><strong>antiqua</strong></span> <span class='ocrx_word' id='word_1_287' title='bbox 2518 2198 2713 2268; x_wconf 85' lang='lat' dir='ltr'><strong>legatos</strong></span> <span class='ocrx_word' id='word_1_288' title='bbox 2743 2197 3110 2268; x_wconf 75' lang='lat' dir='ltr'><strong>ltwreticorum</strong></span> 
     </span>
    </p>
   </div>
   <div class='ocr_carea' id='block_1_42' title="bbox 2013 2264 3293 2335">
    <p class='ocr_par' dir='ltr' id='par_1_42' title="bbox 2013 2264 3293 2335">
     <span class='ocr_line' id='line_1_42' title="bbox 2013 2264 3293 2335; baseline -0.005 -15"><span class='ocrx_word' id='word_1_289' title='bbox 2013 2266 2348 2335; x_wconf 82' lang='lat' dir='ltr'><strong>Conftttando</strong></span> <span class='ocrx_word' id='word_1_290' title='bbox 2371 2264 2511 2334; x_wconf 79' lang='lat' dir='ltr'><strong>ﬁde?</strong></span> <span class='ocrx_word' id='word_1_291' title='bbox 2537 2264 2608 2319; x_wconf 83' lang='lat' dir='ltr'><strong>De</strong></span> <span class='ocrx_word' id='word_1_292' title='bbox 2633 2283 2737 2335; x_wconf 84' lang='lat' dir='ltr'><strong>qua</strong></span> <span class='ocrx_word' id='word_1_293' title='bbox 2763 2275 2884 2319; x_wconf 87' lang='lat' dir='ltr'><strong>tunc</strong></span> <span class='ocrx_word' id='word_1_294' title='bbox 2916 2266 3079 2334; x_wconf 83' lang='lat' dir='ltr'><strong>impia</strong></span> <span class='ocrx_word' id='word_1_295' title='bbox 3113 2264 3293 2335; x_wconf 78' lang='lat' dir='ltr'><strong>corda,</strong></span> 
     </span>
    </p>
   </div>
   <div class='ocr_carea' id='block_1_43' title="bbox 2017 2333 3355 2405">
    <p class='ocr_par' dir='ltr' id='par_1_43' title="bbox 2017 2333 3355 2405">
     <span class='ocr_line' id='line_1_43' title="bbox 2017 2333 3355 2405; baseline -0.003 -17"><span class='ocrx_word' id='word_1_296' title='bbox 2017 2333 2268 2405; x_wconf 80' lang='lat' dir='ltr'><strong>Quamvis</strong></span> <span class='ocrx_word' id='word_1_297' title='bbox 2299 2353 2352 2388; x_wconf 79' lang='lat' dir='ltr'><strong>se</strong></span> <span class='ocrx_word' id='word_1_298' title='bbox 2373 2333 2613 2389; x_wconf 76' lang='lat' dir='ltr'><strong>abducta</strong></span> <span class='ocrx_word' id='word_1_299' title='bbox 2645 2333 2871 2405; x_wconf 82' lang='lat' dir='ltr'><strong>tegerent</strong></span> <span class='ocrx_word' id='word_1_300' title='bbox 2900 2333 3150 2388; x_wconf 83' lang='lat' dir='ltr'><strong>velamine</strong></span> <span class='ocrx_word' id='word_1_301' title='bbox 3185 2333 3355 2405; x_wconf 69' lang='lat' dir='ltr'><strong>[arma</strong></span> 
     </span>
    </p>
   </div>
   <div class='ocr_carea' id='block_1_44' title="bbox 2015 2402 3363 2473">
    <p class='ocr_par' dir='ltr' id='par_1_44' title="bbox 2015 2402 3363 2473">
     <span class='ocr_line' id='line_1_44' title="bbox 2015 2402 3363 2473; baseline -0.004 -15"><span class='ocrx_word' id='word_1_302' title='bbox 2015 2404 2238 2472; x_wconf 83' lang='lat' dir='ltr'><strong>Juaicii,</strong></span> <span class='ocrx_word' id='word_1_303' title='bbox 2271 2415 2320 2458; x_wconf 89' lang='lat' dir='ltr'><strong>et</strong></span> <span class='ocrx_word' id='word_1_304' title='bbox 2355 2407 2533 2460; x_wconf 68' lang='lat' dir='ltr'><strong>tacita:</strong></span> <span class='ocrx_word' id='word_1_305' title='bbox 2563 2402 2795 2459; x_wconf 72' lang='lat' dir='ltr'><strong>tulerant</strong></span> <span class='ocrx_word' id='word_1_306' title='bbox 2827 2413 3088 2458; x_wconf 84' lang='lat' dir='ltr'><strong>tormenta</strong></span> <span class='ocrx_word' id='word_1_307' title='bbox 3122 2402 3363 2473; x_wconf 71' lang='lat' dir='ltr'><strong>repulsae.</strong></span> 
     </span>
    </p>
   </div>
   <div class='ocr_carea' id='block_1_45' title="bbox 223 2484 3507 2566">
    <p class='ocr_par' dir='ltr' id='par_1_45' title="bbox 223 2484 3507 2566">
     <span class='ocr_line' id='line_1_45' title="bbox 223 2484 3507 2566; baseline -0.001 -20"><span class='ocrx_word' id='word_1_308' title='bbox 223 2556 230 2562; x_wconf 86' lang='lat'><em>_</em></span> <span class='ocrx_word' id='word_1_309' title='bbox 283 2493 400 2558; x_wconf 80' lang='lat' dir='ltr'><strong>des,</strong></span> <span class='ocrx_word' id='word_1_310' title='bbox 425 2493 492 2547; x_wconf 88' lang='lat' dir='ltr'><strong>de</strong></span> <span class='ocrx_word' id='word_1_311' title='bbox 513 2493 657 2548; x_wconf 83' lang='lat' dir='ltr'><strong>illius</strong></span> <span class='ocrx_word' id='word_1_312' title='bbox 685 2508 997 2548; x_wconf 87' lang='lat' dir='ltr'><strong>successore</strong></span> <span class='ocrx_word' id='word_1_313' title='bbox 1028 2493 1099 2546; x_wconf 92' lang='lat' dir='ltr'><strong>ita</strong></span> <span class='ocrx_word' id='word_1_314' title='bbox 1133 2493 1371 2560; x_wconf 80' lang='lat' dir='ltr'><strong>loquitur</strong></span> <span class='ocrx_word' id='word_1_315' title='bbox 1399 2509 1411 2543; x_wconf 93' lang='lat'><strong>:</strong></span> <span class='ocrx_word' id='word_1_316' title='bbox 1456 2511 1473 2542; x_wconf 79' lang='grc' dir='ltr'><strong>ι</strong></span> <span class='ocrx_word' id='word_1_317' title='bbox 1515 2491 1670 2546; x_wconf 82' lang='lat' dir='ltr'><strong>Rexit</strong></span> <span class='ocrx_word' id='word_1_318' title='bbox 1699 2492 1842 2546; x_wconf 89' lang='lat' dir='ltr'><strong>enim</strong></span> <span class='ocrx_word' id='word_1_319' title='bbox 1864 2495 1889 2508; x_wconf 84' lang='lat'>&quot;</span> <span class='ocrx_word' id='word_1_320' title='bbox 1944 2496 2211 2552; x_wconf 72' lang='lat' dir='ltr'><strong>Praetereo</strong></span> <span class='ocrx_word' id='word_1_321' title='bbox 2241 2497 2331 2552; x_wconf 91' lang='lat' dir='ltr'><strong>hic</strong></span> <span class='ocrx_word' id='word_1_322' title='bbox 2358 2498 2604 2566; x_wconf 77' lang='lat' dir='ltr'><strong>quaedam</strong></span> <span class='ocrx_word' id='word_1_323' title='bbox 2638 2496 2876 2551; x_wconf 88' lang='lat' dir='ltr'><strong>Orientis</strong></span> <span class='ocrx_word' id='word_1_324' title='bbox 2905 2494 3159 2559; x_wconf 89' lang='lat' dir='ltr'><strong>concilia,</strong></span> <span class='ocrx_word' id='word_1_325' title='bbox 3205 2508 3324 2562; x_wconf 70' lang='lat' dir='ltr'><strong>quae</strong></span> <span class='ocrx_word' id='word_1_326' title='bbox 3361 2484 3507 2546; x_wconf 60' lang='lat' dir='ltr'><strong>anti¥</strong></span> 
     </span>
    </p>
   </div>
   <div class='ocr_carea' id='block_1_46' title="bbox 283 2584 1845 2654">
    <p class='ocr_par' dir='ltr' id='par_1_46' title="bbox 283 2584 1845 2654">
     <span class='ocr_line' id='line_1_46' title="bbox 283 2584 1845 2654; baseline 0.001 -18"><span class='ocrx_word' id='word_1_327' title='bbox 283 2593 487 2637; x_wconf 71' lang='lat' dir='ltr'><strong>sanctae</strong></span> <span class='ocrx_word' id='word_1_328' title='bbox 515 2585 790 2639; x_wconf 67' lang='lat' dir='ltr'><strong>memoria:</strong></span> <span class='ocrx_word' id='word_1_329' title='bbox 812 2585 1098 2654; x_wconf 89' lang='lat' dir='ltr'><strong>episcopus</strong></span> <span class='ocrx_word' id='word_1_330' title='bbox 1123 2585 1334 2638; x_wconf 86' lang='lat' dir='ltr'><strong>Atticus</strong></span> <span class='ocrx_word' id='word_1_331' title='bbox 1355 2584 1722 2639; x_wconf 88' lang='lat' dir='ltr'><strong>Christianum</strong></span> <span class='ocrx_word' id='word_1_332' title='bbox 1751 2599 1845 2653; x_wconf 84' lang='lat' dir='ltr'><strong>po-</strong></span> 
     </span>
    </p>
   </div>
   <div class='ocr_carea' id='block_1_47' title="bbox 281 2676 1847 2750">
    <p class='ocr_par' dir='ltr' id='par_1_47' title="bbox 281 2676 1847 2750">
     <span class='ocr_line' id='line_1_47' title="bbox 281 2676 1847 2750; baseline 0.001 -20"><span class='ocrx_word' id='word_1_333' title='bbox 281 2678 473 2746; x_wconf 82' lang='lat' dir='ltr'><strong>pulum</strong></span> <span class='ocrx_word' id='word_1_334' title='bbox 504 2676 805 2734; x_wconf 87' lang='lat' dir='ltr'><strong>decessoris</strong></span> <span class='ocrx_word' id='word_1_335' title='bbox 835 2681 1105 2750; x_wconf 82' lang='lat' dir='ltr'><strong>exemplo,</strong></span> <span class='ocrx_word' id='word_1_336' title='bbox 1131 2690 1184 2734; x_wconf 91' lang='lat' dir='ltr'><strong>et</strong></span> <span class='ocrx_word' id='word_1_337' title='bbox 1213 2679 1506 2750; x_wconf 80' lang='lat' dir='ltr'><strong>sacrilegos</strong></span> <span class='ocrx_word' id='word_1_338' title='bbox 1531 2685 1847 2746; x_wconf 86' lang='lat' dir='ltr'><strong>persecutus</strong></span> 
     </span>
    </p>
   </div>
   <div class='ocr_carea' id='block_1_48' title="bbox 283 2769 1848 2828">
    <p class='ocr_par' dir='ltr' id='par_1_48' title="bbox 283 2769 1848 2828">
     <span class='ocr_line' id='line_1_48' title="bbox 283 2769 1848 2828; baseline 0.003 -7"><span class='ocrx_word' id='word_1_339' title='bbox 283 2779 372 2823; x_wconf 88' lang='lat' dir='ltr'><strong>cst</strong></span> <span class='ocrx_word' id='word_1_340' title='bbox 400 2769 775 2824; x_wconf 72' lang='lat' dir='ltr'><strong>haereticorum</strong></span> <span class='ocrx_word' id='word_1_341' title='bbox 803 2770 1035 2828; x_wconf 86' lang='lat' dir='ltr'><strong>furores.</strong></span> <span class='ocrx_word' id='word_1_342' title='bbox 1071 2792 1089 2824; x_wconf 79' lang='grc' dir='ltr'><strong>ι</strong></span> <span class='ocrx_word' id='word_1_343' title='bbox 1118 2771 1380 2826; x_wconf 72' lang='lat' dir='ltr'><strong>Praeterea</strong></span> <span class='ocrx_word' id='word_1_344' title='bbox 1411 2771 1735 2826; x_wconf 70' lang='lat' dir='ltr'><strong>leestinus</strong></span> <span class='ocrx_word' id='word_1_345' title='bbox 1755 2785 1848 2825; x_wconf 85' lang='lat' dir='ltr'><strong>eo-</strong></span> 
     </span>
    </p>
   </div>
   <div class='ocr_carea' id='block_1_49' title="bbox 285 2857 1845 2930">
    <p class='ocr_par' dir='ltr' id='par_1_49' title="bbox 285 2857 1845 2930">
     <span class='ocr_line' id='line_1_49' title="bbox 285 2857 1845 2930; baseline 0.003 -20"><span class='ocrx_word' id='word_1_346' title='bbox 285 2857 411 2911; x_wconf 78' lang='lat' dir='ltr'><strong>dem</strong></span> <span class='ocrx_word' id='word_1_347' title='bbox 464 2865 630 2924; x_wconf 83' lang='lat' dir='ltr'><strong>tumo,</strong></span> <span class='ocrx_word' id='word_1_348' title='bbox 673 2860 777 2915; x_wconf 86' lang='lat' dir='ltr'><strong>col.</strong></span> <span class='ocrx_word' id='word_1_349' title='bbox 814 2861 969 2928; x_wconf 71' lang='lat'><strong>1073,</strong></span> <span class='ocrx_word' id='word_1_350' title='bbox 1007 2862 1062 2916; x_wconf 91' lang='lat' dir='ltr'><strong>S.</strong></span> <span class='ocrx_word' id='word_1_351' title='bbox 1099 2861 1480 2916; x_wconf 82' lang='lat' dir='ltr'><strong>Maximianum</strong></span> <span class='ocrx_word' id='word_1_352' title='bbox 1536 2862 1845 2930; x_wconf 86' lang='lat' dir='ltr'><strong>episcopum</strong></span> 
     </span>
    </p>
   </div>
   <div class='ocr_carea' id='block_1_50' title="bbox 285 2947 1851 3022">
    <p class='ocr_par' dir='ltr' id='par_1_50' title="bbox 285 2947 1851 3022">
     <span class='ocr_line' id='line_1_50' title="bbox 285 2947 1851 3022; baseline 0.005 -21"><span class='ocrx_word' id='word_1_353' title='bbox 285 2947 941 3020; x_wconf 81' lang='lat' dir='ltr'><strong>Constantinopolitanum</strong></span> <span class='ocrx_word' id='word_1_354' title='bbox 965 2991 980 3016; x_wconf 93' lang='lat'><strong>,</strong></span> <span class='ocrx_word' id='word_1_355' title='bbox 1024 2953 1151 3022; x_wconf 87' lang='lat' dir='ltr'><strong>quia</strong></span> <span class='ocrx_word' id='word_1_356' title='bbox 1179 2967 1303 3008; x_wconf 90' lang='lat' dir='ltr'><strong>cum</strong></span> <span class='ocrx_word' id='word_1_357' title='bbox 1336 2954 1394 3008; x_wconf 90' lang='lat' dir='ltr'><strong>S.</strong></span> <span class='ocrx_word' id='word_1_358' title='bbox 1423 2953 1601 3008; x_wconf 90' lang='lat' dir='ltr'><strong>Attico</strong></span> <span class='ocrx_word' id='word_1_359' title='bbox 1625 2953 1851 3022; x_wconf 84' lang='lat' dir='ltr'><strong>conjun-</strong></span> 
     </span>
    </p>
   </div>
   <div class='ocr_carea' id='block_1_51' title="bbox 288 3040 1848 3117">
    <p class='ocr_par' dir='ltr' id='par_1_51' title="bbox 288 3040 1848 3117">
     <span class='ocr_line' id='line_1_51' title="bbox 288 3040 1848 3117; baseline 0.005 -23"><span class='ocrx_word' id='word_1_360' title='bbox 288 3040 536 3097; x_wconf 85' lang='lat' dir='ltr'><strong>ctissime</strong></span> <span class='ocrx_word' id='word_1_361' title='bbox 571 3043 796 3108; x_wconf 78' lang='lat' dir='ltr'><strong>vixerat,</strong></span> <span class='ocrx_word' id='word_1_362' title='bbox 842 3045 945 3099; x_wconf 89' lang='lat' dir='ltr'><strong>hoc</strong></span> <span class='ocrx_word' id='word_1_363' title='bbox 986 3046 1158 3117; x_wconf 87' lang='lat' dir='ltr'><strong>elogio</strong></span> <span class='ocrx_word' id='word_1_364' title='bbox 1185 3057 1343 3101; x_wconf 89' lang='lat' dir='ltr'><strong>ornat</strong></span> <span class='ocrx_word' id='word_1_365' title='bbox 1373 3066 1385 3101; x_wconf 89' lang='lat'>:</span> <span class='ocrx_word' id='word_1_366' title='bbox 1421 3065 1440 3098; x_wconf 83' lang='lat' dir='ltr'><strong>t</strong></span> <span class='ocrx_word' id='word_1_367' title='bbox 1477 3048 1552 3101; x_wconf 90' lang='lat' dir='ltr'><strong>Ita</strong></span> <span class='ocrx_word' id='word_1_368' title='bbox 1592 3047 1736 3102; x_wconf 88' lang='lat' dir='ltr'><strong>enim</strong></span> <span class='ocrx_word' id='word_1_369' title='bbox 1763 3061 1848 3102; x_wconf 89' lang='lat' dir='ltr'><strong>re-</strong></span> 
     </span>
    </p>
   </div>
   <div class='ocr_carea' id='block_1_52' title="bbox 287 3134 1847 3204">
    <p class='ocr_par' dir='ltr' id='par_1_52' title="bbox 287 3134 1847 3204">
     <span class='ocr_line' id='line_1_52' title="bbox 287 3134 1847 3204; baseline 0.006 -18"><span class='ocrx_word' id='word_1_370' title='bbox 287 3134 696 3190; x_wconf 72' lang='lat' dir='ltr'><strong>verendissima:</strong></span> <span class='ocrx_word' id='word_1_371' title='bbox 725 3137 1000 3192; x_wconf 70' lang='lat' dir='ltr'><strong>memoria:</strong></span> <span class='ocrx_word' id='word_1_372' title='bbox 1031 3140 1144 3193; x_wconf 89' lang='lat' dir='ltr'><strong>viro</strong></span> <span class='ocrx_word' id='word_1_373' title='bbox 1190 3141 1388 3204; x_wconf 85' lang='lat' dir='ltr'><strong>Attico,</strong></span> <span class='ocrx_word' id='word_1_374' title='bbox 1421 3140 1699 3194; x_wconf 75' lang='lat' dir='ltr'><strong>catholicae</strong></span> <span class='ocrx_word' id='word_1_375' title='bbox 1727 3141 1847 3196; x_wconf 82' lang='lat' dir='ltr'><strong>fidei</strong></span> 
     </span>
    </p>
   </div>
   <div class='ocr_carea' id='block_1_53' title="bbox 287 3225 1854 3300">
    <p class='ocr_par' dir='ltr' id='par_1_53' title="bbox 287 3225 1854 3300">
     <span class='ocr_line' id='line_1_53' title="bbox 287 3225 1854 3300; baseline 0.006 -22"><span class='ocrx_word' id='word_1_376' title='bbox 287 3227 678 3294; x_wconf 82' lang='lat' dir='ltr'><strong>propugnatori</strong></span> <span class='ocrx_word' id='word_1_377' title='bbox 708 3225 1024 3293; x_wconf 85' lang='lat' dir='ltr'><strong>fortissimo,</strong></span> <span class='ocrx_word' id='word_1_378' title='bbox 1050 3239 1226 3285; x_wconf 87' lang='lat' dir='ltr'><strong>mente</strong></span> <span class='ocrx_word' id='word_1_379' title='bbox 1249 3231 1446 3300; x_wconf 88' lang='lat' dir='ltr'><strong>pariter</strong></span> <span class='ocrx_word' id='word_1_380' title='bbox 1473 3241 1525 3286; x_wconf 90' lang='lat' dir='ltr'><strong>et</strong></span> <span class='ocrx_word' id='word_1_381' title='bbox 1552 3232 1728 3288; x_wconf 85' lang='lat' dir='ltr'><strong>officio</strong></span> <span class='ocrx_word' id='word_1_382' title='bbox 1771 3250 1854 3288; x_wconf 88' lang='lat' dir='ltr'><strong>co-</strong></span> 
     </span>
    </p>
   </div>
   <div class='ocr_carea' id='block_1_54' title="bbox 284 3317 1856 3393">
    <p class='ocr_par' dir='ltr' id='par_1_54' title="bbox 284 3317 1856 3393">
     <span class='ocr_line' id='line_1_54' title="bbox 284 3317 1856 3393; baseline 0.006 -23"><span class='ocrx_word' id='word_1_383' title='bbox 284 3317 552 3383; x_wconf 68' lang='lat' dir='ltr'><strong>nterebat,</strong></span> <span class='ocrx_word' id='word_1_384' title='bbox 599 3327 656 3372; x_wconf 92' lang='lat' dir='ltr'><strong>ut</strong></span> <span class='ocrx_word' id='word_1_385' title='bbox 683 3318 794 3388; x_wconf 89' lang='lat' dir='ltr'><strong>jam</strong></span> <span class='ocrx_word' id='word_1_386' title='bbox 830 3328 956 3374; x_wconf 89' lang='lat' dir='ltr'><strong>tunc</strong></span> <span class='ocrx_word' id='word_1_387' title='bbox 1006 3320 1173 3375; x_wconf 87' lang='lat' dir='ltr'><strong>futuri</strong></span> <span class='ocrx_word' id='word_1_388' title='bbox 1206 3323 1259 3375; x_wconf 90' lang='lat' dir='ltr'><strong>in</strong></span> <span class='ocrx_word' id='word_1_389' title='bbox 1291 3323 1478 3377; x_wconf 86' lang='lat' dir='ltr'><strong>eodem</strong></span> <span class='ocrx_word' id='word_1_390' title='bbox 1513 3324 1856 3393; x_wconf 86' lang='lat' dir='ltr'><strong>episcopatus</strong></span> 
     </span>
    </p>
   </div>
   <div class='ocr_carea' id='block_1_55' title="bbox 285 3410 1854 3484">
    <p class='ocr_par' dir='ltr' id='par_1_55' title="bbox 285 3410 1854 3484">
     <span class='ocr_line' id='line_1_55' title="bbox 285 3410 1854 3484; baseline 0.005 -21"><span class='ocrx_word' id='word_1_391' title='bbox 285 3410 527 3478; x_wconf 83' lang='lat' dir='ltr'><strong>insignia</strong></span> <span class='ocrx_word' id='word_1_392' title='bbox 551 3412 928 3480; x_wconf 67' lang='lat' dir='ltr'><strong>praelucerent.</strong></span> <span class='ocrx_word' id='word_1_393' title='bbox 959 3432 976 3464; x_wconf 81' lang='grc' dir='ltr'><strong>ι</strong></span> <span class='ocrx_word' id='word_1_394' title='bbox 1005 3415 1071 3467; x_wconf 84' lang='lat' dir='ltr'><strong>At</strong></span> <span class='ocrx_word' id='word_1_395' title='bbox 1096 3429 1162 3468; x_wconf 82' lang='lat' dir='ltr'><strong>ex</strong></span> <span class='ocrx_word' id='word_1_396' title='bbox 1193 3414 1295 3468; x_wconf 89' lang='lat' dir='ltr'><strong>hac</strong></span> <span class='ocrx_word' id='word_1_397' title='bbox 1320 3415 1438 3484; x_wconf 89' lang='lat' dir='ltr'><strong>ipsa</strong></span> <span class='ocrx_word' id='word_1_398' title='bbox 1463 3415 1519 3469; x_wconf 85' lang='lat' dir='ltr'><strong>S.</strong></span> <span class='ocrx_word' id='word_1_399' title='bbox 1543 3415 1854 3471; x_wconf 79' lang='lat' dir='ltr'><strong>Maximiani</strong></span> 
     </span>
    </p>
   </div>
   <div class='ocr_carea' id='block_1_56' title="bbox 277 3500 1849 3575">
    <p class='ocr_par' dir='ltr' id='par_1_56' title="bbox 277 3500 1849 3575">
     <span class='ocr_line' id='line_1_56' title="bbox 277 3500 1849 3575; baseline 0.004 -22"><span class='ocrx_word' id='word_1_400' title='bbox 277 3514 419 3553; x_wconf 79' lang='lat' dir='ltr'><strong>cum</strong></span> <span class='ocrx_word' id='word_1_401' title='bbox 438 3500 618 3555; x_wconf 85' lang='lat' dir='ltr'><strong>Attico</strong></span> <span class='ocrx_word' id='word_1_402' title='bbox 644 3501 1028 3570; x_wconf 82' lang='lat' dir='ltr'><strong>conjunctione</strong></span> <span class='ocrx_word' id='word_1_403' title='bbox 1055 3505 1409 3558; x_wconf 84' lang='lat' dir='ltr'><strong>confirmatur</strong></span> <span class='ocrx_word' id='word_1_404' title='bbox 1433 3507 1614 3575; x_wconf 87' lang='lat' dir='ltr'><strong>opinio</strong></span> <span class='ocrx_word' id='word_1_405' title='bbox 1638 3517 1849 3561; x_wconf 85' lang='lat' dir='ltr'><strong>nostra:</strong></span> 
     </span>
    </p>
   </div>
   <div class='ocr_carea' id='block_1_57' title="bbox 1947 2586 3512 2655">
    <p class='ocr_par' dir='ltr' id='par_1_57' title="bbox 1947 2586 3512 2655">
     <span class='ocr_line' id='line_1_57' title="bbox 1947 2586 3512 2655; baseline -0.004 -11"><span class='ocrx_word' id='word_1_406' title='bbox 1947 2591 2126 2645; x_wconf 87' lang='lat' dir='ltr'><strong>stitem</strong></span> <span class='ocrx_word' id='word_1_407' title='bbox 2163 2590 2315 2644; x_wconf 88' lang='lat' dir='ltr'><strong>illttm</strong></span> <span class='ocrx_word' id='word_1_408' title='bbox 2354 2591 2488 2644; x_wconf 90' lang='lat' dir='ltr'><strong>tanti</strong></span> <span class='ocrx_word' id='word_1_409' title='bbox 2538 2588 2802 2655; x_wconf 89' lang='lat' dir='ltr'><strong>fecerunt,</strong></span> <span class='ocrx_word' id='word_1_410' title='bbox 2848 2596 2907 2643; x_wconf 90' lang='lat' dir='ltr'><strong>ut</strong></span> <span class='ocrx_word' id='word_1_411' title='bbox 2936 2588 3076 2642; x_wconf 88' lang='lat' dir='ltr'><strong>inter</strong></span> <span class='ocrx_word' id='word_1_412' title='bbox 3098 2586 3234 2641; x_wconf 90' lang='lat' dir='ltr'><strong>alios</strong></span> <span class='ocrx_word' id='word_1_413' title='bbox 3291 2593 3512 2639; x_wconf 86' lang='lat' dir='ltr'><strong>sanctos</strong></span> 
     </span>
    </p>
   </div>
   <div class='ocr_carea' id='block_1_58' title="bbox 1948 2676 3509 2753">
    <p class='ocr_par' dir='ltr' id='par_1_58' title="bbox 1948 2676 3509 2753">
     <span class='ocr_line' id='line_1_58' title="bbox 1948 2676 3509 2753; baseline -0.006 -17"><span class='ocrx_word' id='word_1_414' title='bbox 1948 2682 2136 2739; x_wconf 86' lang='lat' dir='ltr'><strong>Patres</strong></span> <span class='ocrx_word' id='word_1_415' title='bbox 2167 2683 2366 2753; x_wconf 89' lang='lat' dir='ltr'><strong>scripta</strong></span> <span class='ocrx_word' id='word_1_416' title='bbox 2400 2683 2544 2737; x_wconf 87' lang='lat' dir='ltr'><strong>beati</strong></span> <span class='ocrx_word' id='word_1_417' title='bbox 2578 2683 2743 2736; x_wconf 84' lang='lat' dir='ltr'><strong>Attici</strong></span> <span class='ocrx_word' id='word_1_418' title='bbox 2778 2682 3038 2736; x_wconf 82' lang='lat' dir='ltr'><strong>adversus</strong></span> <span class='ocrx_word' id='word_1_419' title='bbox 3067 2678 3348 2734; x_wconf 83' lang='lat' dir='ltr'><strong>haereticos</strong></span> <span class='ocrx_word' id='word_1_420' title='bbox 3382 2676 3509 2730; x_wconf 87' lang='lat' dir='ltr'><strong>cita-</strong></span> 
     </span>
    </p>
   </div>
   <div class='ocr_carea' id='block_1_59' title="bbox 1951 2767 3513 2839">
    <p class='ocr_par' dir='ltr' id='par_1_59' title="bbox 1951 2767 3513 2839">
     <span class='ocr_line' id='line_1_59' title="bbox 1951 2767 3513 2839; baseline -0.004 -8"><span class='ocrx_word' id='word_1_421' title='bbox 1951 2778 2079 2831; x_wconf 87' lang='lat' dir='ltr'><strong>rint.</strong></span> <span class='ocrx_word' id='word_1_422' title='bbox 2123 2779 2326 2833; x_wconf 83' lang='lat' dir='ltr'><strong>Omitto</strong></span> <span class='ocrx_word' id='word_1_423' title='bbox 2369 2777 2529 2833; x_wconf 88' lang='lat' dir='ltr'><strong>etiam</strong></span> <span class='ocrx_word' id='word_1_424' title='bbox 2564 2774 2964 2830; x_wconf 89' lang='lat' dir='ltr'><strong>Theodoretum</strong></span> <span class='ocrx_word' id='word_1_425' title='bbox 2991 2813 3007 2839; x_wconf 90' lang='lat'><strong>,</strong></span> <span class='ocrx_word' id='word_1_426' title='bbox 3046 2769 3346 2834; x_wconf 88' lang='lat' dir='ltr'><strong>Socratem,</strong></span> <span class='ocrx_word' id='word_1_427' title='bbox 3377 2767 3513 2824; x_wconf 90' lang='lat' dir='ltr'><strong>Leo-</strong></span> 
     </span>
    </p>
   </div>
   <div class='ocr_carea' id='block_1_60' title="bbox 1951 2862 3514 2943">
    <p class='ocr_par' dir='ltr' id='par_1_60' title="bbox 1951 2862 3514 2943">
     <span class='ocr_line' id='line_1_60' title="bbox 1951 2862 3514 2943; baseline -0.006 -19"><span class='ocrx_word' id='word_1_428' title='bbox 1951 2887 2076 2925; x_wconf 89' lang='lat' dir='ltr'><strong>nem</strong></span> <span class='ocrx_word' id='word_1_429' title='bbox 2115 2871 2366 2943; x_wconf 84' lang='lat' dir='ltr'><strong>Magnum</strong></span> <span class='ocrx_word' id='word_1_430' title='bbox 2414 2885 2632 2941; x_wconf 88' lang='lat' dir='ltr'><strong>papam,</strong></span> <span class='ocrx_word' id='word_1_431' title='bbox 2676 2868 2772 2939; x_wconf 90' lang='lat' dir='ltr'><strong>qui</strong></span> <span class='ocrx_word' id='word_1_432' title='bbox 2825 2880 3016 2922; x_wconf 87' lang='lat' dir='ltr'><strong>omnes</strong></span> <span class='ocrx_word' id='word_1_433' title='bbox 3041 2864 3276 2919; x_wconf 90' lang='lat' dir='ltr'><strong>Atticum</strong></span> <span class='ocrx_word' id='word_1_434' title='bbox 3303 2862 3514 2932; x_wconf 80' lang='lat' dir='ltr'><strong>magnis</strong></span> 
     </span>
    </p>
   </div>
   <div class='ocr_carea' id='block_1_61' title="bbox 1954 2956 3513 3030">
    <p class='ocr_par' dir='ltr' id='par_1_61' title="bbox 1954 2956 3513 3030">
     <span class='ocr_line' id='line_1_61' title="bbox 1954 2956 3513 3030; baseline -0.006 -15"><span class='ocrx_word' id='word_1_435' title='bbox 1954 2962 2204 3019; x_wconf 84' lang='lat' dir='ltr'><strong>laudibus</strong></span> <span class='ocrx_word' id='word_1_436' title='bbox 2258 2963 2596 3029; x_wconf 76' lang='lat' dir='ltr'><strong>extulerunt;</strong></span> <span class='ocrx_word' id='word_1_437' title='bbox 2628 2978 2752 3016; x_wconf 84' lang='lat' dir='ltr'><strong>nam</strong></span> <span class='ocrx_word' id='word_1_438' title='bbox 2775 2961 2888 3016; x_wconf 77' lang='lat' dir='ltr'><strong>haec</strong></span> <span class='ocrx_word' id='word_1_439' title='bbox 2904 2973 3076 3030; x_wconf 88' lang='lat' dir='ltr'><strong>pauca</strong></span> <span class='ocrx_word' id='word_1_440' title='bbox 3097 2967 3406 3012; x_wconf 89' lang='lat' dir='ltr'><strong>sanctorum</strong></span> <span class='ocrx_word' id='word_1_441' title='bbox 3430 2956 3513 3008; x_wconf 88' lang='lat' dir='ltr'><strong>vi-</strong></span> 
     </span>
    </p>
   </div>
   <div class='ocr_carea' id='block_1_62' title="bbox 1957 3045 3509 3125">
    <p class='ocr_par' dir='ltr' id='par_1_62' title="bbox 1957 3045 3509 3125">
     <span class='ocr_line' id='line_1_62' title="bbox 1957 3045 3509 3125; baseline -0.009 -13"><span class='ocrx_word' id='word_1_442' title='bbox 1957 3073 2144 3113; x_wconf 89' lang='lat' dir='ltr'><strong>rorum</strong></span> <span class='ocrx_word' id='word_1_443' title='bbox 2180 3057 2514 3121; x_wconf 88' lang='lat' dir='ltr'><strong>testimonia,</strong></span> <span class='ocrx_word' id='word_1_444' title='bbox 2541 3071 2662 3125; x_wconf 72' lang='lat' dir='ltr'><strong>qua:</strong></span> <span class='ocrx_word' id='word_1_445' title='bbox 2689 3053 2756 3108; x_wconf 91' lang='lat' dir='ltr'><strong>de</strong></span> <span class='ocrx_word' id='word_1_446' title='bbox 2784 3054 2904 3123; x_wconf 89' lang='lat' dir='ltr'><strong>ipso</strong></span> <span class='ocrx_word' id='word_1_447' title='bbox 2938 3048 3312 3121; x_wconf 81' lang='lat' dir='ltr'><strong>produximus,</strong></span> <span class='ocrx_word' id='word_1_448' title='bbox 3331 3045 3509 3101; x_wconf 84' lang='lat' dir='ltr'><strong>omni—</strong></span> 
     </span>
    </p>
   </div>
   <div class='ocr_carea' id='block_1_63' title="bbox 1955 3138 3512 3214">
    <p class='ocr_par' dir='ltr' id='par_1_63' title="bbox 1955 3138 3512 3214">
     <span class='ocr_line' id='line_1_63' title="bbox 1955 3138 3512 3214; baseline -0.008 -10"><span class='ocrx_word' id='word_1_449' title='bbox 1955 3149 2059 3204; x_wconf 86' lang='lat' dir='ltr'><strong>bus</strong></span> <span class='ocrx_word' id='word_1_450' title='bbox 2087 3146 2416 3202; x_wconf 88' lang='lat' dir='ltr'><strong>Tillemontii</strong></span> <span class='ocrx_word' id='word_1_451' title='bbox 2450 3146 2777 3214; x_wconf 73' lang='lat' dir='ltr'><strong>coniecturis</strong></span> <span class='ocrx_word' id='word_1_452' title='bbox 2806 3154 2858 3200; x_wconf 89' lang='lat' dir='ltr'><strong>et</strong></span> <span class='ocrx_word' id='word_1_453' title='bbox 2887 3141 3324 3199; x_wconf 85' lang='lat' dir='ltr'><strong>cavillationibus</strong></span> <span class='ocrx_word' id='word_1_454' title='bbox 3353 3138 3512 3208; x_wconf 86' lang='lat' dir='ltr'><strong>longe</strong></span> 
     </span>
    </p>
   </div>
   <div class='ocr_carea' id='block_1_64' title="bbox 1883 3236 3518 3332">
    <p class='ocr_par' dir='ltr' id='par_1_64' title="bbox 1883 3236 3518 3332">
     <span class='ocr_line' id='line_1_64' title="bbox 1883 3236 3518 3332; baseline -0.007 -38"><span class='ocrx_word' id='word_1_455' title='bbox 1883 3275 1924 3332; x_wconf 65' lang='grc' dir='ltr'>ο</span> <span class='ocrx_word' id='word_1_456' title='bbox 1958 3241 2287 3310; x_wconf 64' lang='lat' dir='ltr'><strong>praeferenda</strong></span> <span class='ocrx_word' id='word_1_457' title='bbox 2327 3253 2630 3296; x_wconf 88' lang='lat' dir='ltr'><strong>censemus.</strong></span> <span class='ocrx_word' id='word_1_458' title='bbox 2682 3236 2835 3292; x_wconf 83' lang='lat' dir='ltr'><strong>Nunc</strong></span> <span class='ocrx_word' id='word_1_459' title='bbox 2876 3246 3085 3306; x_wconf 88' lang='lat' dir='ltr'><strong>tempus</strong></span> <span class='ocrx_word' id='word_1_460' title='bbox 3133 3243 3234 3300; x_wconf 91' lang='lat' dir='ltr'><strong>est,</strong></span> <span class='ocrx_word' id='word_1_461' title='bbox 3284 3243 3342 3288; x_wconf 90' lang='lat' dir='ltr'><strong>ut</strong></span> <span class='ocrx_word' id='word_1_462' title='bbox 3394 3241 3518 3302; x_wconf 90' lang='lat' dir='ltr'><strong>post</strong></span> 
     </span>
    </p>
   </div>
   <div class='ocr_carea' id='block_1_65' title="bbox 1965 3327 3517 3386">
    <p class='ocr_par' dir='ltr' id='par_1_65' title="bbox 1965 3327 3517 3386">
     <span class='ocr_line' id='line_1_65' title="bbox 1965 3327 3517 3386; baseline -0.006 0"><span class='ocrx_word' id='word_1_463' title='bbox 1965 3334 2105 3386; x_wconf 89' lang='lat' dir='ltr'><strong>hanc</strong></span> <span class='ocrx_word' id='word_1_464' title='bbox 2138 3332 2503 3386; x_wconf 81' lang='lat' dir='ltr'><strong>velitationem</strong></span> <span class='ocrx_word' id='word_1_465' title='bbox 2536 3344 2729 3384; x_wconf 89' lang='lat' dir='ltr'><strong>rursus</strong></span> <span class='ocrx_word' id='word_1_466' title='bbox 2759 3328 2906 3382; x_wconf 87' lang='lat' dir='ltr'><strong>filum</strong></span> <span class='ocrx_word' id='word_1_467' title='bbox 2937 3327 3174 3384; x_wconf 68' lang='lat' dir='ltr'><strong>historiae</strong></span> <span class='ocrx_word' id='word_1_468' title='bbox 3206 3335 3402 3381; x_wconf 66' lang='lat' dir='ltr'><strong>uestrae</strong></span> <span class='ocrx_word' id='word_1_469' title='bbox 3430 3340 3517 3378; x_wconf 91' lang='lat' dir='ltr'><strong>ar-</strong></span> 
     </span>
    </p>
   </div>
   <div class='ocr_carea' id='block_1_66' title="bbox 1965 3417 3518 3492">
    <p class='ocr_par' dir='ltr' id='par_1_66' title="bbox 1965 3417 3518 3492">
     <span class='ocr_line' id='line_1_66' title="bbox 1965 3417 3518 3492; baseline -0.004 -16"><span class='ocrx_word' id='word_1_470' title='bbox 1965 3423 2191 3492; x_wconf 86' lang='lat' dir='ltr'><strong>repturi,</strong></span> <span class='ocrx_word' id='word_1_471' title='bbox 2251 3422 2499 3476; x_wconf 86' lang='lat' dir='ltr'><strong>finiamus</strong></span> <span class='ocrx_word' id='word_1_472' title='bbox 2532 3420 2794 3475; x_wconf 82' lang='lat' dir='ltr'><strong>vindicias</strong></span> <span class='ocrx_word' id='word_1_473' title='bbox 2830 3417 2886 3472; x_wconf 92' lang='lat' dir='ltr'><strong>S.</strong></span> <span class='ocrx_word' id='word_1_474' title='bbox 2919 3419 3103 3485; x_wconf 86' lang='lat' dir='ltr'><strong>Attici,</strong></span> <span class='ocrx_word' id='word_1_475' title='bbox 3137 3418 3226 3474; x_wconf 84' lang='lat' dir='ltr'><strong>cui</strong></span> <span class='ocrx_word' id='word_1_476' title='bbox 3252 3418 3518 3473; x_wconf 84' lang='lat' dir='ltr'><strong>successit</strong></span> 
     </span>
    </p>
   </div>
   <div class='ocr_carea' id='block_1_67' title="bbox 1965 3511 2393 3567">
    <p class='ocr_par' dir='ltr' id='par_1_67' title="bbox 1965 3511 2393 3567">
     <span class='ocr_line' id='line_1_67' title="bbox 1965 3511 2393 3567; baseline 0.005 -2"><span class='ocrx_word' id='word_1_477' title='bbox 1965 3511 2024 3565; x_wconf 89' lang='lat' dir='ltr'><strong>S.</strong></span> <span class='ocrx_word' id='word_1_478' title='bbox 2056 3513 2329 3567; x_wconf 89' lang='lat' dir='ltr'><strong>Sisinnius</strong></span> <span class='ocrx_word' id='word_1_479' title='bbox 2356 3512 2393 3567; x_wconf 90' lang='grc' dir='ltr'><strong>Ι.</strong></span> 
     </span>
    </p>
   </div>
   <div class='ocr_carea' id='block_1_68' title="bbox 284 3701 3093 3728">
    <p class='ocr_par' dir='ltr' id='par_1_68' title="bbox 284 3701 3093 3728">
     <span class='ocr_line' id='line_1_68' title="bbox 284 3701 3093 3728; baseline -0.004 -16"><span class='ocrx_word' id='word_1_480' title='bbox 284 3701 3093 3728; x_wconf 58' lang='lat' dir='ltr'><strong>Mm</strong></span> 
     </span>
    </p>
   </div>
   <div class='ocr_carea' id='block_1_69' title="bbox 1045 3867 2800 3985">
    <p class='ocr_par' dir='ltr' id='par_1_69' title="bbox 1045 3867 2800 3985">
     <span class='ocr_line' id='line_1_69' title="bbox 1045 3867 2800 3985; baseline 0.004 -7"><span class='ocrx_word' id='word_1_481' title='bbox 1045 3869 1160 3979; x_wconf 90' lang='lat' dir='ltr'><strong>S.</strong></span> <span class='ocrx_word' id='word_1_482' title='bbox 1260 3869 1759 3981; x_wconf 85' lang='lat' dir='ltr'><strong>ATTICI</strong></span> <span class='ocrx_word' id='word_1_483' title='bbox 1854 3867 2070 3982; x_wconf 64' lang='grc' dir='ltr'><strong>(ΞΡ.</strong></span> <span class='ocrx_word' id='word_1_484' title='bbox 2169 3871 2800 3985; x_wconf 84' lang='lat' dir='ltr'><strong>EPlSCOPl</strong></span> 
     </span>
    </p>
   </div>
   <div class='ocr_carea' id='block_1_70' title="bbox 595 4104 3209 4198">
    <p class='ocr_par' dir='ltr' id='par_1_70' title="bbox 595 4104 3209 4198">
     <span class='ocr_line' id='line_1_70' title="bbox 595 4104 3209 4198; baseline 0.001 -4"><span class='ocrx_word' id='word_1_485' title='bbox 595 4105 1180 4196; x_wconf 88' lang='lat' dir='ltr'><strong>EPISTOLA</strong></span> <span class='ocrx_word' id='word_1_486' title='bbox 1252 4108 1402 4195; x_wconf 87' lang='lat' dir='ltr'><strong>AD</strong></span> <span class='ocrx_word' id='word_1_487' title='bbox 1476 4106 1922 4195; x_wconf 83' lang='lat' dir='ltr'><strong>PATRES</strong></span> <span class='ocrx_word' id='word_1_488' title='bbox 1997 4104 2528 4197; x_wconf 84' lang='lat' dir='ltr'><strong>CONCILII</strong></span> <span class='ocrx_word' id='word_1_489' title='bbox 2605 4109 3209 4198; x_wconf 81' lang='lat' dir='ltr'><strong>AFRICANI.</strong></span> 
     </span>
    </p>
   </div>
   <div class='ocr_carea' id='block_1_71' title="bbox 898 4294 2936 4364">
    <p class='ocr_par' dir='ltr' id='par_1_71' title="bbox 898 4294 2936 4364">
     <span class='ocr_line' id='line_1_71' title="bbox 898 4294 2936 4364; baseline -0.001 -13"><span class='ocrx_word' id='word_1_490' title='bbox 898 4297 1216 4352; x_wconf 79' lang='lat' dir='ltr'><strong>Authcntica</strong></span> <span class='ocrx_word' id='word_1_491' title='bbox 1247 4299 1456 4351; x_wconf 85' lang='lat' dir='ltr'><strong>concilii</strong></span> <span class='ocrx_word' id='word_1_492' title='bbox 1490 4295 1698 4351; x_wconf 77' lang='lat' dir='ltr'><strong>Nictem&#39;</strong></span> <span class='ocrx_word' id='word_1_493' title='bbox 1729 4312 1820 4364; x_wconf 85' lang='lat' dir='ltr'><strong>per</strong></span> <span class='ocrx_word' id='word_1_494' title='bbox 1846 4294 2161 4350; x_wconf 79' lang='lat' dir='ltr'><strong>Marcellum</strong></span> <span class='ocrx_word' id='word_1_495' title='bbox 2194 4296 2570 4350; x_wconf 82' lang='lat' dir='ltr'><strong>subdiaconum</strong></span> <span class='ocrx_word' id='word_1_496' title='bbox 2608 4299 2936 4351; x_wconf 81' lang='lat' dir='ltr'><strong>transmittit.</strong></span> 
     </span>
    </p>
   </div>
   <div class='ocr_carea' id='block_1_72' title="bbox 1580 4446 2281 4512">
    <p class='ocr_par' dir='ltr' id='par_1_72' title="bbox 1580 4446 2281 4512">
     <span class='ocr_line' id='line_1_72' title="bbox 1580 4446 2281 4512; baseline 0.001 -15"><span class='ocrx_word' id='word_1_497' title='bbox 1580 4446 1996 4512; x_wconf 71' lang='lat' dir='ltr'><strong>(Lnns,Concil.,</strong></span> <span class='ocrx_word' id='word_1_498' title='bbox 2023 4447 2084 4508; x_wconf 87' lang='grc' dir='ltr'>ιι,</span> <span class='ocrx_word' id='word_1_499' title='bbox 2116 4448 2281 4510; x_wconf 82' lang='grc'><strong>1675.)</strong></span> 
     </span>
    </p>
   </div>
   <div class='ocr_carea' id='block_1_73' title="bbox 273 4668 3531 4748">
    <p class='ocr_par' dir='ltr' id='par_1_73' title="bbox 273 4668 3531 4748">
     <span class='ocr_line' id='line_1_73' title="bbox 273 4668 3531 4748; baseline 0.001 -20"><span class='ocrx_word' id='word_1_500' title='bbox 273 4674 552 4748; x_wconf 75' lang='lat' dir='ltr'><strong>Dominis</strong></span> <span class='ocrx_word' id='word_1_501' title='bbox 577 4671 796 4748; x_wconf 71' lang='lat' dir='ltr'><strong>sanctis,</strong></span> <span class='ocrx_word' id='word_1_502' title='bbox 829 4669 1014 4748; x_wconf 56' lang='lat' dir='ltr'><strong>merito</strong></span> <span class='ocrx_word' id='word_1_503' title='bbox 1046 4668 1373 4748; x_wconf 54' lang='lat' dir='ltr'><strong>beatissimus</strong></span> <span class='ocrx_word' id='word_1_504' title='bbox 1404 4669 1669 4748; x_wconf 60' lang='lat' dir='ltr'><strong>fratribus</strong></span> <span class='ocrx_word' id='word_1_505' title='bbox 1696 4675 1870 4748; x_wconf 74' lang='lat' dir='ltr'><strong>coepi-</strong></span> <span class='ocrx_word' id='word_1_506' title='bbox 1903 4675 1945 4728; x_wconf 90' lang='lat' dir='ltr'><strong>D</strong></span> <span class='ocrx_word' id='word_1_507' title='bbox 1976 4669 2240 4738; x_wconf 53' lang='lat' dir='ltr'><strong>Bithynia</strong></span> <span class='ocrx_word' id='word_1_508' title='bbox 2263 4685 2293 4723; x_wconf 87' lang='lat' dir='ltr'><strong>a</strong></span> <span class='ocrx_word' id='word_1_509' title='bbox 2329 4669 2584 4725; x_wconf 79' lang='lat' dir='ltr'><strong>Patribus</strong></span> <span class='ocrx_word' id='word_1_510' title='bbox 2611 4673 2960 4737; x_wconf 84' lang='lat' dir='ltr'><strong>constitutos,</strong></span> <span class='ocrx_word' id='word_1_511' title='bbox 2991 4674 3094 4727; x_wconf 89' lang='lat' dir='ltr'><strong>sub</strong></span> <span class='ocrx_word' id='word_1_512' title='bbox 3124 4674 3245 4729; x_wconf 84' lang='lat' dir='ltr'><strong>ﬁdei</strong></span> <span class='ocrx_word' id='word_1_513' title='bbox 3271 4676 3531 4746; x_wconf 85' lang='lat' dir='ltr'><strong>astipula-</strong></span> 
     </span>
    </p>
   </div>
   <div class='ocr_carea' id='block_1_74' title="bbox 372 4735 3507 4832">
    <p class='ocr_par' dir='ltr' id='par_1_74' title="bbox 372 4735 3507 4832">
     <span class='ocr_line' id='line_1_74' title="bbox 372 4735 3507 4832; baseline 0.003 -4"><span class='ocrx_word' id='word_1_514' title='bbox 372 4739 850 4832; x_wconf 57' lang='lat' dir='ltr'><strong>ecovis~_i_«rae;.</strong></span> <span class='ocrx_word' id='word_1_515' title='bbox 873 4735 1268 4832; x_wconf 50' lang='lat' dir='ltr'><strong>maxime!</strong></span> <span class='ocrx_word' id='word_1_516' title='bbox 1295 4740 1499 4832; x_wconf 60' lang='lat' dir='ltr'><strong>cessis</strong></span> <span class='ocrx_word' id='word_1_517' title='bbox 1523 4735 1870 4832; x_wconf 55' lang='grc' dir='ltr'><strong>ειειτξξξξηξξετ</strong></span> <span class='ocrx_word' id='word_1_518' title='bbox 1978 4735 2120 4814; x_wconf 62' lang='lat' dir='ltr'><strong>nam;</strong></span> <span class='ocrx_word' id='word_1_519' title='bbox 2153 4760 2400 4830; x_wconf 58' lang='lat' dir='ltr'><strong>dirigam.</strong></span> <span class='ocrx_word' id='word_1_520' title='bbox 2448 4760 2512 4813; x_wconf 72' lang='grc' dir='ltr'>ει</span> <span class='ocrx_word' id='word_1_521' title='bbox 2554 4764 2676 4830; x_wconf 57' lang='lat' dir='ltr'><strong>quis</strong></span> <span class='ocrx_word' id='word_1_522' title='bbox 2852 4735 2954 4832; x_wconf 60' lang='lat' dir='ltr'><strong>qur</strong></span> <span class='ocrx_word' id='word_1_523' title='bbox 2980 4779 3319 4820; x_wconf 72' lang='lat' dir='ltr'><strong>communem</strong></span> <span class='ocrx_word' id='word_1_524' title='bbox 3352 4735 3507 4821; x_wconf 62' lang='lat' dir='ltr'><strong>idem</strong></span> 
     </span>
    </p>
   </div>
   <div class='ocr_carea' id='block_1_75' title="bbox 373 4805 3535 4914">
    <p class='ocr_par' dir='ltr' id='par_1_75' title="bbox 373 4805 3535 4914">
     <span class='ocr_line' id='line_1_75' title="bbox 373 4805 3534 4880; baseline 0.003 -12"><span class='ocrx_word' id='word_1_525' title='bbox 373 4820 436 4868; x_wconf 79' lang='lat' dir='ltr'><strong>in</strong></span> <span class='ocrx_word' id='word_1_526' title='bbox 464 4805 661 4876; x_wconf 65' lang='lat' dir='ltr'><strong>simodo</strong></span> <span class='ocrx_word' id='word_1_527' title='bbox 712 4809 850 4877; x_wconf 85' lang='lat' dir='ltr'><strong>apud</strong></span> <span class='ocrx_word' id='word_1_528' title='bbox 899 4805 1268 4877; x_wconf 82' lang='lat' dir='ltr'><strong>Carthaginem</strong></span> <span class='ocrx_word' id='word_1_529' title='bbox 1317 4809 1500 4862; x_wconf 81' lang='lat' dir='ltr'><strong>habita</strong></span> <span class='ocrx_word' id='word_1_530' title='bbox 1549 4805 1871 4880; x_wconf 76' lang='lat' dir='ltr'><strong>constitutis,</strong></span> <span class='ocrx_word' id='word_1_531' title='bbox 1979 4805 2120 4814; x_wconf 52' lang='lat' dir='ltr'><strong>ww</strong></span> <span class='ocrx_word' id='word_1_532' title='bbox 2155 4805 2400 4830; x_wconf 49' lang='lat' dir='ltr'><strong>&quot;now&quot;</strong></span> <span class='ocrx_word' id='word_1_533' title='bbox 2448 4805 2529 4861; x_wconf 51' lang='grc' dir='ltr'><strong>ἠε</strong></span> <span class='ocrx_word' id='word_1_534' title='bbox 2555 4805 2676 4830; x_wconf 54' lang='lat' dir='ltr'><strong>Tw</strong></span> <span class='ocrx_word' id='word_1_535' title='bbox 2705 4805 2806 4828; x_wconf 51' lang='lat' dir='ltr'><strong>w&quot;</strong></span> <span class='ocrx_word' id='word_1_536' title='bbox 2853 4805 2945 4832; x_wconf 51' lang='grc' dir='ltr'><strong>Ψ.-</strong></span> <span class='ocrx_word' id='word_1_537' title='bbox 2981 4805 3319 4868; x_wconf 27' lang='lat' dir='ltr'><strong>“rm-&quot;uim&quot;</strong></span> <span class='ocrx_word' id='word_1_538' title='bbox 3352 4805 3534 4832; x_wconf 53' lang='lat' dir='ltr'><strong>&quot;um&quot;.</strong></span> 
     </span>
     <span class='ocr_line' id='line_1_76' title="bbox 387 4850 3535 4914; baseline 0 -1"><span class='ocrx_word' id='word_1_539' title='bbox 387 4889 418 4914; x_wconf 65' lang='grc' dir='ltr'><strong><em>Α</em></strong></span> <span class='ocrx_word' id='word_1_540' title='bbox 437 4870 588 4914; x_wconf 64' lang='grc' dir='ltr'><strong>ηερ...</strong></span> <span class='ocrx_word' id='word_1_541' title='bbox 623 4881 890 4914; x_wconf 68' lang='grc' dir='ltr'><strong>ρ..;.,.ηη.η</strong></span> <span class='ocrx_word' id='word_1_542' title='bbox 1976 4852 2061 4906; x_wconf 86' lang='lat' dir='ltr'><strong>vel</strong></span> <span class='ocrx_word' id='word_1_543' title='bbox 2093 4859 2294 4906; x_wconf 89' lang='lat' dir='ltr'><strong>statuta</strong></span> <span class='ocrx_word' id='word_1_544' title='bbox 2323 4867 2353 4904; x_wconf 90' lang='lat' dir='ltr'><strong>a</strong></span> <span class='ocrx_word' id='word_1_545' title='bbox 2386 4850 2640 4907; x_wconf 89' lang='lat' dir='ltr'><strong>Patrtbus</strong></span> <span class='ocrx_word' id='word_1_546' title='bbox 2670 4853 2900 4914; x_wconf 84' lang='lat' dir='ltr'><strong>ﬁrmata.</strong></span> <span class='ocrx_word' id='word_1_547' title='bbox 2938 4871 3057 4911; x_wconf 84' lang='lat' dir='ltr'><strong>suis</strong></span> <span class='ocrx_word' id='word_1_548' title='bbox 3085 4855 3346 4912; x_wconf 79' lang='lat' dir='ltr'><strong>fratribus</strong></span> <span class='ocrx_word' id='word_1_549' title='bbox 3371 4858 3535 4914; x_wconf 87' lang='lat' dir='ltr'><strong>dene-</strong></span> 
     </span>
    </p>
   </div>
   <div class='ocr_carea' id='block_1_76' title="bbox 374 4889 2900 4948">
    <p class='ocr_par' dir='ltr' id='par_1_76' title="bbox 374 4889 2900 4948">
     <span class='ocr_line' id='line_1_77' title="bbox 374 4889 2900 4948; baseline 0.005 -10"><span class='ocrx_word' id='word_1_550' title='bbox 374 4889 588 4938; x_wconf 78' lang='lat' dir='ltr'><strong>Atticus</strong></span> <span class='ocrx_word' id='word_1_551' title='bbox 622 4889 910 4948; x_wconf 71' lang='lat' dir='ltr'><strong>episeopus.</strong></span> <span class='ocrx_word' id='word_1_552' title='bbox 1985 4889 2061 4906; x_wconf 74' lang='lat'><strong>&quot;&quot;</strong></span> <span class='ocrx_word' id='word_1_553' title='bbox 2089 4889 2353 4948; x_wconf 64' lang='grc' dir='ltr'><strong>Ϊ“Ϊ’“’“.“</strong></span> <span class='ocrx_word' id='word_1_554' title='bbox 2386 4889 2409 4903; x_wconf 69' lang='grc'><strong><em>⁵</em></strong></span> <span class='ocrx_word' id='word_1_555' title='bbox 2432 4889 2640 4907; x_wconf 61' lang='lat' dir='ltr'><strong>&quot;&quot;w“</strong></span> <span class='ocrx_word' id='word_1_556' title='bbox 2670 4889 2900 4948; x_wconf 58' lang='grc' dir='ltr'><strong>“’³”ῗ““⁹</strong></span> 
     </span>
    </p>
   </div>
   <div class='ocr_carea' id='block_1_77' title="bbox 1979 4939 3536 5010">
    <p class='ocr_par' dir='ltr' id='par_1_77' title="bbox 1979 4939 3536 5010">
     <span class='ocr_line' id='line_1_78' title="bbox 1979 4939 3536 5010; baseline 0.004 -17"><span class='ocrx_word' id='word_1_557' title='bbox 1979 4942 2110 5010; x_wconf 81' lang='lat' dir='ltr'><strong>get?</strong></span> <span class='ocrx_word' id='word_1_558' title='bbox 2144 4939 2258 5004; x_wconf 82' lang='lat' dir='ltr'><strong>Qua</strong></span> <span class='ocrx_word' id='word_1_559' title='bbox 2294 4939 2361 4994; x_wconf 92' lang='lat' dir='ltr'><strong>de</strong></span> <span class='ocrx_word' id='word_1_560' title='bbox 2398 4955 2474 5006; x_wconf 91' lang='lat' dir='ltr'><strong>re,</strong></span> <span class='ocrx_word' id='word_1_561' title='bbox 2523 4957 2618 5010; x_wconf 89' lang='lat' dir='ltr'><strong>per</strong></span> <span class='ocrx_word' id='word_1_562' title='bbox 2647 4944 2894 4999; x_wconf 90' lang='lat' dir='ltr'><strong>eumdem</strong></span> <span class='ocrx_word' id='word_1_563' title='bbox 2939 4944 3103 4998; x_wconf 88' lang='lat' dir='ltr'><strong>filium</strong></span> <span class='ocrx_word' id='word_1_564' title='bbox 3161 4961 3341 5000; x_wconf 84' lang='lat' dir='ltr'><strong>meum</strong></span> <span class='ocrx_word' id='word_1_565' title='bbox 3394 4947 3536 5000; x_wconf 85' lang='lat' dir='ltr'><strong>Mar-</strong></span> 
     </span>
    </p>
   </div>
   <div class='ocr_carea' id='block_1_78' title="bbox 1981 5030 3542 5097">
    <p class='ocr_par' dir='ltr' id='par_1_78' title="bbox 1981 5030 3542 5097">
     <span class='ocr_line' id='line_1_79' title="bbox 1981 5030 3542 5097; baseline 0.004 -12"><span class='ocrx_word' id='word_1_566' title='bbox 1981 5031 2178 5085; x_wconf 88' lang='lat' dir='ltr'><strong>cellum</strong></span> <span class='ocrx_word' id='word_1_567' title='bbox 2233 5030 2625 5085; x_wconf 89' lang='lat' dir='ltr'><strong>subdiaconum</strong></span> <span class='ocrx_word' id='word_1_568' title='bbox 2679 5041 2943 5097; x_wconf 90' lang='lat' dir='ltr'><strong>vestrum,</strong></span> <span class='ocrx_word' id='word_1_569' title='bbox 2995 5036 3222 5089; x_wconf 89' lang='lat' dir='ltr'><strong>nimium</strong></span> <span class='ocrx_word' id='word_1_570' title='bbox 3283 5037 3542 5092; x_wconf 78' lang='lat' dir='ltr'><strong>festinati.—</strong></span> 
     </span>
    </p>
   </div>
   <div class='ocr_carea' id='block_1_79' title="bbox 1980 5122 3537 5185">
    <p class='ocr_par' dir='ltr' id='par_1_79' title="bbox 1980 5122 3537 5185">
     <span class='ocr_line' id='line_1_80' title="bbox 1980 5122 3537 5185; baseline 0.005 -11"><span class='ocrx_word' id='word_1_571' title='bbox 1980 5129 2108 5185; x_wconf 90' lang='lat' dir='ltr'><strong>tem,</strong></span> <span class='ocrx_word' id='word_1_572' title='bbox 2135 5122 2276 5175; x_wconf 90' lang='lat' dir='ltr'><strong>sicut</strong></span> <span class='ocrx_word' id='word_1_573' title='bbox 2311 5123 2499 5176; x_wconf 88' lang='lat' dir='ltr'><strong>statuti</strong></span> <span class='ocrx_word' id='word_1_574' title='bbox 2531 5132 2658 5178; x_wconf 93' lang='lat' dir='ltr'><strong>sunt</strong></span> <span class='ocrx_word' id='word_1_575' title='bbox 2688 5125 2742 5178; x_wconf 92' lang='lat' dir='ltr'><strong>in</strong></span> <span class='ocrx_word' id='word_1_576' title='bbox 2778 5123 2953 5180; x_wconf 64' lang='lat' dir='ltr'><strong>Nicaea</strong></span> <span class='ocrx_word' id='word_1_577' title='bbox 2979 5127 3197 5182; x_wconf 88' lang='lat' dir='ltr'><strong>civitate</strong></span> <span class='ocrx_word' id='word_1_578' title='bbox 3222 5142 3252 5179; x_wconf 86' lang='lat' dir='ltr'><strong>a</strong></span> <span class='ocrx_word' id='word_1_579' title='bbox 3282 5126 3537 5182; x_wconf 84' lang='lat' dir='ltr'><strong>Patribus</strong></span> 
     </span>
    </p>
   </div>
   <div class='ocr_carea' id='block_1_80' title="bbox 1979 5213 3538 5286">
    <p class='ocr_par' dir='ltr' id='par_1_80' title="bbox 1979 5213 3538 5286">
     <span class='ocr_line' id='line_1_81' title="bbox 1979 5213 3538 5286; baseline 0.004 -22"><span class='ocrx_word' id='word_1_580' title='bbox 1979 5226 2218 5266; x_wconf 87' lang='lat' dir='ltr'><strong>canones</strong></span> <span class='ocrx_word' id='word_1_581' title='bbox 2248 5213 2299 5265; x_wconf 86' lang='lat' dir='ltr'><strong>in</strong></span> <span class='ocrx_word' id='word_1_582' title='bbox 2332 5217 2560 5283; x_wconf 81' lang='lat' dir='ltr'><strong>integro,</strong></span> <span class='ocrx_word' id='word_1_583' title='bbox 2595 5223 2652 5268; x_wconf 90' lang='lat' dir='ltr'><strong>ut</strong></span> <span class='ocrx_word' id='word_1_584' title='bbox 2682 5216 2946 5285; x_wconf 73' lang='lat' dir='ltr'><strong>iussistis,</strong></span> <span class='ocrx_word' id='word_1_585' title='bbox 2987 5217 3198 5282; x_wconf 82' lang='lat' dir='ltr'><strong>direxi;</strong></span> <span class='ocrx_word' id='word_1_586' title='bbox 3225 5227 3431 5286; x_wconf 88' lang='lat' dir='ltr'><strong>petens,</strong></span> <span class='ocrx_word' id='word_1_587' title='bbox 3479 5227 3538 5271; x_wconf 84' lang='grc' dir='ltr'><strong>ιιι</strong></span> 
     </span>
    </p>
   </div>
   <div class='ocr_carea' id='block_1_81' title="bbox 1982 5308 3538 5380">
    <p class='ocr_par' dir='ltr' id='par_1_81' title="bbox 1982 5308 3538 5380">
     <span class='ocr_line' id='line_1_82' title="bbox 1982 5308 3538 5380; baseline 0.003 -20"><span class='ocrx_word' id='word_1_588' title='bbox 1982 5321 2078 5376; x_wconf 91' lang='lat' dir='ltr'><strong>pro</strong></span> <span class='ocrx_word' id='word_1_589' title='bbox 2109 5323 2192 5361; x_wconf 90' lang='lat' dir='ltr'><strong>me</strong></span> <span class='ocrx_word' id='word_1_590' title='bbox 2221 5308 2508 5376; x_wconf 90' lang='lat' dir='ltr'><strong>plurimum</strong></span> <span class='ocrx_word' id='word_1_591' title='bbox 2545 5317 2724 5364; x_wconf 88' lang='lat' dir='ltr'><strong>vestra</strong></span> <span class='ocrx_word' id='word_1_592' title='bbox 2770 5320 2957 5366; x_wconf 88' lang='lat' dir='ltr'><strong>sancta</strong></span> <span class='ocrx_word' id='word_1_593' title='bbox 2991 5311 3336 5380; x_wconf 82' lang='lat' dir='ltr'><strong>congregatio</strong></span> <span class='ocrx_word' id='word_1_594' title='bbox 3380 5325 3538 5364; x_wconf 88' lang='lat' dir='ltr'><strong>orare</strong></span> 
     </span>
    </p>
   </div>
   <div class='ocr_carea' id='block_1_82' title="bbox 1976 5398 3539 5468">
    <p class='ocr_par' dir='ltr' id='par_1_82' title="bbox 1976 5398 3539 5468">
     <span class='ocr_line' id='line_1_83' title="bbox 1976 5398 3539 5468; baseline 0.003 -17"><span class='ocrx_word' id='word_1_595' title='bbox 1976 5399 2180 5468; x_wconf 80' lang='lat' dir='ltr'><strong>jubeat.</strong></span> <span class='ocrx_word' id='word_1_596' title='bbox 2219 5398 2286 5450; x_wconf 88' lang='lat' dir='ltr'><strong>Et</strong></span> <span class='ocrx_word' id='word_1_597' title='bbox 2318 5400 2425 5455; x_wconf 91' lang='lat' dir='ltr'><strong>alia</strong></span> <span class='ocrx_word' id='word_1_598' title='bbox 2442 5417 2599 5453; x_wconf 86' lang='lat' dir='ltr'><strong>manu</strong></span> <span class='ocrx_word' id='word_1_599' title='bbox 2626 5417 2644 5455; x_wconf 90' lang='lat'><strong><em>:</em></strong></span> <span class='ocrx_word' id='word_1_600' title='bbox 2679 5401 2821 5456; x_wconf 81' lang='lat' dir='ltr'><strong>Deus</strong></span> <span class='ocrx_word' id='word_1_601' title='bbox 2851 5408 3034 5456; x_wconf 86' lang='lat' dir='ltr'><strong>noster</strong></span> <span class='ocrx_word' id='word_1_602' title='bbox 3076 5401 3420 5456; x_wconf 85' lang='lat' dir='ltr'><strong>sanctitatem</strong></span> <span class='ocrx_word' id='word_1_603' title='bbox 3445 5415 3539 5456; x_wconf 81' lang='lat' dir='ltr'><strong>ve-</strong></span> 
     </span>
    </p>
   </div>
   <div class='ocr_carea' id='block_1_83' title="bbox 1983 5490 3397 5561">
    <p class='ocr_par' dir='ltr' id='par_1_83' title="bbox 1983 5490 3397 5561">
     <span class='ocr_line' id='line_1_84' title="bbox 1983 5490 3397 5561; baseline 0.002 -15"><span class='ocrx_word' id='word_1_604' title='bbox 1983 5502 2149 5546; x_wconf 89' lang='lat' dir='ltr'><strong>stram</strong></span> <span class='ocrx_word' id='word_1_605' title='bbox 2180 5491 2469 5556; x_wconf 87' lang='lat' dir='ltr'><strong>custodiat,</strong></span> <span class='ocrx_word' id='word_1_606' title='bbox 2501 5491 2642 5561; x_wconf 88' lang='lat' dir='ltr'><strong>quod</strong></span> <span class='ocrx_word' id='word_1_607' title='bbox 2671 5501 2941 5561; x_wconf 87' lang='lat' dir='ltr'><strong>optamus,</strong></span> <span class='ocrx_word' id='word_1_608' title='bbox 2972 5494 3148 5546; x_wconf 88' lang='lat' dir='ltr'><strong>sancti</strong></span> <span class='ocrx_word' id='word_1_609' title='bbox 3181 5490 3397 5549; x_wconf 82' lang='lat' dir='ltr'><strong>fratres.</strong></span> 
     </span>
    </p>
   </div>
   <div class='ocr_carea' id='block_1_84' title="bbox 377 5027 1877 5089">
    <p class='ocr_par' dir='ltr' id='par_1_84' title="bbox 377 5027 1877 5089">
     <span class='ocr_line' id='line_1_85' title="bbox 377 5027 1877 5089; baseline -0.002 0"><span class='ocrx_word' id='word_1_610' title='bbox 377 5035 491 5089; x_wconf 86' lang='lat' dir='ltr'><strong>Per</strong></span> <span class='ocrx_word' id='word_1_611' title='bbox 528 5033 698 5088; x_wconf 84' lang='lat' dir='ltr'><strong>filium</strong></span> <span class='ocrx_word' id='word_1_612' title='bbox 725 5037 970 5084; x_wconf 90' lang='lat' dir='ltr'><strong>nostrum</strong></span> <span class='ocrx_word' id='word_1_613' title='bbox 1001 5027 1313 5082; x_wconf 79' lang='lat' dir='ltr'><strong>Marcellum</strong></span> <span class='ocrx_word' id='word_1_614' title='bbox 1347 5027 1740 5084; x_wconf 88' lang='lat' dir='ltr'><strong>subdiaconum</strong></span> <span class='ocrx_word' id='word_1_615' title='bbox 1788 5050 1877 5087; x_wconf 87' lang='lat' dir='ltr'><strong>ve-</strong></span> 
     </span>
    </p>
   </div>
   <div class='ocr_carea' id='block_1_85' title="bbox 284 5119 1876 5194">
    <p class='ocr_par' dir='ltr' id='par_1_85' title="bbox 284 5119 1876 5194">
     <span class='ocr_line' id='line_1_86' title="bbox 284 5119 1876 5194; baseline -0.007 -8"><span class='ocrx_word' id='word_1_616' title='bbox 284 5139 491 5186; x_wconf 80' lang='lat' dir='ltr'><strong>strum</strong></span> <span class='ocrx_word' id='word_1_617' title='bbox 525 5133 729 5194; x_wconf 85' lang='lat' dir='ltr'><strong>scripta</strong></span> <span class='ocrx_word' id='word_1_618' title='bbox 759 5130 952 5178; x_wconf 78' lang='lat' dir='ltr'><strong>vestras</strong></span> <span class='ocrx_word' id='word_1_619' title='bbox 998 5119 1306 5174; x_wconf 88' lang='lat' dir='ltr'><strong>dilectionis</strong></span> <span class='ocrx_word' id='word_1_620' title='bbox 1339 5133 1461 5172; x_wconf 90' lang='lat' dir='ltr'><strong>cum</strong></span> <span class='ocrx_word' id='word_1_621' title='bbox 1496 5121 1644 5173; x_wconf 93' lang='lat' dir='ltr'><strong>omni</strong></span> <span class='ocrx_word' id='word_1_622' title='bbox 1673 5125 1876 5190; x_wconf 84' lang='lat' dir='ltr'><strong>gratia-</strong></span> 
     </span>
    </p>
   </div>
   <div class='ocr_carea' id='block_1_86' title="bbox 289 5210 1872 5282">
    <p class='ocr_par' dir='ltr' id='par_1_86' title="bbox 289 5210 1872 5282">
     <span class='ocr_line' id='line_1_87' title="bbox 289 5210 1872 5282; baseline -0.006 -5"><span class='ocrx_word' id='word_1_623' title='bbox 289 5235 438 5277; x_wconf 79' lang='lat' dir='ltr'><strong>rum</strong></span> <span class='ocrx_word' id='word_1_624' title='bbox 470 5219 680 5272; x_wconf 82' lang='lat' dir='ltr'><strong>actione</strong></span> <span class='ocrx_word' id='word_1_625' title='bbox 721 5214 954 5282; x_wconf 85' lang='lat' dir='ltr'><strong>suscepi,</strong></span> <span class='ocrx_word' id='word_1_626' title='bbox 988 5210 1216 5264; x_wconf 90' lang='lat' dir='ltr'><strong>Domino</strong></span> <span class='ocrx_word' id='word_1_627' title='bbox 1261 5210 1464 5279; x_wconf 81' lang='lat' dir='ltr'><strong>gratias</strong></span> <span class='ocrx_word' id='word_1_628' title='bbox 1509 5226 1695 5280; x_wconf 81' lang='lat' dir='ltr'><strong>agens,</strong></span> <span class='ocrx_word' id='word_1_629' title='bbox 1728 5215 1872 5282; x_wconf 89' lang='lat' dir='ltr'><strong>quod</strong></span> 
     </span>
    </p>
   </div>
   <div class='ocr_carea' id='block_1_87' title="bbox 283 5299 1869 5370">
    <p class='ocr_par' dir='ltr' id='par_1_87' title="bbox 283 5299 1869 5370">
     <span class='ocr_line' id='line_1_88' title="bbox 283 5299 1869 5370; baseline -0.006 -5"><span class='ocrx_word' id='word_1_630' title='bbox 283 5323 494 5365; x_wconf 84' lang='lat' dir='ltr'><strong>nterut</strong></span> <span class='ocrx_word' id='word_1_631' title='bbox 528 5316 804 5361; x_wconf 89' lang='lat' dir='ltr'><strong>tantorum</strong></span> <span class='ocrx_word' id='word_1_632' title='bbox 851 5303 1080 5356; x_wconf 86' lang='lat' dir='ltr'><strong>fratrum</strong></span> <span class='ocrx_word' id='word_1_633' title='bbox 1111 5299 1486 5355; x_wconf 89' lang='lat' dir='ltr'><strong>benedictione</strong></span> <span class='ocrx_word' id='word_1_634' title='bbox 1517 5301 1742 5370; x_wconf 89' lang='lat' dir='ltr'><strong>perfrui,</strong></span> <span class='ocrx_word' id='word_1_635' title='bbox 1773 5303 1869 5359; x_wconf 87' lang='lat' dir='ltr'><strong>do-</strong></span> 
     </span>
    </p>
   </div>
   <div class='ocr_carea' id='block_1_88' title="bbox 282 5394 1876 5460">
    <p class='ocr_par' dir='ltr' id='par_1_88' title="bbox 282 5394 1876 5460">
     <span class='ocr_line' id='line_1_89' title="bbox 282 5394 1876 5460; baseline -0.006 -1"><span class='ocrx_word' id='word_1_636' title='bbox 282 5403 452 5460; x_wconf 79' lang='lat' dir='ltr'><strong>mini</strong></span> <span class='ocrx_word' id='word_1_637' title='bbox 491 5398 797 5457; x_wconf 87' lang='lat' dir='ltr'><strong>beatissimi</strong></span> <span class='ocrx_word' id='word_1_638' title='bbox 853 5397 1063 5451; x_wconf 85' lang='lat' dir='ltr'><strong>fratres.</strong></span> <span class='ocrx_word' id='word_1_639' title='bbox 1101 5394 1354 5448; x_wconf 87' lang='lat' dir='ltr'><strong>Scribitis</strong></span> <span class='ocrx_word' id='word_1_640' title='bbox 1395 5409 1523 5448; x_wconf 85' lang='lat' dir='ltr'><strong>sane</strong></span> <span class='ocrx_word' id='word_1_641' title='bbox 1555 5403 1612 5448; x_wconf 92' lang='lat' dir='ltr'><strong>ut</strong></span> <span class='ocrx_word' id='word_1_642' title='bbox 1643 5397 1876 5451; x_wconf 89' lang='lat' dir='ltr'><strong>verissi-</strong></span> 
     </span>
    </p>
   </div>
   <div class='ocr_carea' id='block_1_89' title="bbox 279 5486 1872 5560">
    <p class='ocr_par' dir='ltr' id='par_1_89' title="bbox 279 5486 1872 5560">
     <span class='ocr_line' id='line_1_90' title="bbox 279 5486 1872 5560; baseline -0.008 -6"><span class='ocrx_word' id='word_1_643' title='bbox 279 5513 430 5554; x_wconf 76' lang='lat' dir='ltr'><strong>Inos</strong></span> <span class='ocrx_word' id='word_1_644' title='bbox 465 5506 733 5556; x_wconf 85' lang='lat' dir='ltr'><strong>canones,</strong></span> <span class='ocrx_word' id='word_1_645' title='bbox 769 5489 913 5560; x_wconf 85' lang='lat' dir='ltr'><strong>apud</strong></span> <span class='ocrx_word' id='word_1_646' title='bbox 960 5487 1192 5542; x_wconf 66' lang='lat' dir='ltr'><strong>Nicaeam</strong></span> <span class='ocrx_word' id='word_1_647' title='bbox 1225 5486 1496 5541; x_wconf 87' lang='lat' dir='ltr'><strong>civitatem</strong></span> <span class='ocrx_word' id='word_1_648' title='bbox 1535 5491 1872 5558; x_wconf 81' lang='lat' dir='ltr'><strong>metropolim</strong></span> 
     </span>
    </p>
   </div>
   <div class='ocr_carea' id='block_1_90' title="bbox 698 5940 3286 6009">
    <p class='ocr_par' dir='ltr' id='par_1_90' title="bbox 698 5940 3286 6009">
     <span class='ocr_line' id='line_1_91' title="bbox 698 5940 3286 6009; baseline 0.007 -5"><span class='ocrx_word' id='word_1_649' title='bbox 698 5945 964 6006; x_wconf 68' lang='lat' dir='ltr'><strong>Parnm.</strong></span> <span class='ocrx_word' id='word_1_650' title='bbox 999 5949 1110 6007; x_wconf 71' lang='lat' dir='ltr'><strong>Gtt.</strong></span> <span class='ocrx_word' id='word_1_651' title='bbox 1153 5947 1334 6009; x_wconf 72' lang='lat' dir='ltr'><strong>LXV.</strong></span> <span class='ocrx_word' id='word_1_652' title='bbox 3210 5940 3286 6004; x_wconf 62' lang='lat'><strong>21</strong></span> 
     </span>
    </p>
   </div>
  </div>
