4028 6330
333 357 434 415 653

1741 358 2038 414 NOTITlA.

3420 370 3527 428 65L

391 468 458 526 ll.
486 466 742 522 Doctrina
765 476 818 522 et
841 466 1154 537 eloquentia
1182 469 1473 536 plurimum
1494 470 1737 526 valuisse
1763 486 1884 527 san-
1912 480 1958 534 Α
1983 475 2222 527 codicum
2265 474 2446 545 aliqua
2496 475 2771 530 collatione
2808 492 2868 530 ac
2906 492 3036 530 nova
3069 478 3298 533 tet-sione
3328 476 3533 543 (melio-

331 570 473 618 ctutn
505 558 777 623 Proclum,
810 559 864 613 id
895 574 1025 614 vero
1054 575 1118 615 ex
1144 569 1382 616 veterum
1413 563 1734 618 testimoniis
1760 578 1879 632 qua:

330 652 474 706 illius
513 650 771 720 operibus
800 648 1184 717 praemisimus,
1222 650 1381 720 plane
1410 659 1745 721 compertum
1780 651 1878 705 lia-

330 745 539 798 bemus.
566 741 860 812 Complura
892 740 1114 810 scripsit
1155 740 1347 797 beatus
1377 742 1595 812 praesul,
1629 757 1748 812 quae
1794 751 1878 796 ta-

330 851 451 890 men
488 834 555 889 ad
599 848 694 888 nos
736 848 907 902 usque
944 833 1090 887 haud
1123 833 1305 888 omnia
1358 848 1670 902 pervenere.
1709 833 1879 899 Quid-

304 926 456 998 quid
483 935 661 980 autem
684 940 749 978 ex
781 926 901 993 ejus
928 925 1229 980 litterarum
1256 925 1606 980 monimentis
1631 925 1879 996 detegere

330 1019 502 1081 licuit,
540 1016 812 1077 ltomilias,
835 1016 1115 1085 epistolas,
1156 1015 1479 1087 fragmenta,
1510 1025 1640 1078 etc.,
1670 1032 1731 1071 ea
1760 1025 1882 1086 post

331 1107 784 1163 Eltneultorsti‘um
824 1106 1114 1177 diligenter
1142 1106 1279 1163 satis
1317 1107 1532 1177 collegit
1571 1106 1881 1163 Vincentius

330 1199 649 1263 Biccardus,
699 1214 763 1254 ac
786 1198 974 1254 Latine
990 1199 1197 1254 reddita
1222 1206 1274 1254 et
1327 1198 1612 1256 uberrimis
1642 1200 1884 1254 animad-

329 1292 672 1348 versionibus
734 1290 995 1345 adornata
1049 1305 1191 1346 anno
1253 1290 1425 1352 1650,
1457 1289 1711 1345 Botuanis
1742 1290 1883 1360 typis

331 1382 624 1438 commisit.
674 1380 1023 1436 Postmodum
1060 1380 1239 1436 Procli
1287 1381 1550 1435 Homilias
1586 1382 1700 1436 sive
1751 1379 1885 1434 Ora-

1984 563 2110 634 res),
2139 565 2243 617 luci
2276 565 2465 619 iterum
2487 565 2709 633 publica:
2737 565 2864 619 dare
2889 581 2907 618 :
2940 565 3109 621 ualere
3146 567 3314 637 jussis
3345 570 3532 637 spissis

1984 655 2115 719 illis,
2153 672 2244 710 nec
2282 673 2405 711 raro
2438 659 2694 729 parergis,
2728 666 2819 711 aut
2843 658 3000 712 etiam
3030 660 3200 714 minus
3228 662 3535 731 quandoque
3607 706 3610 711 .

1986 748 2121 813 aptis
2159 745 2403 801 Riccardi
2445 750 2581 802 notis
2617 765 2635 802 :
2669 749 2747 801 uti
2790 765 2880 803 nec
2920 749 3150 803 instituti
3192 751 3359 804 nostri
3397 751 3535 803 ratio

1985 848 2167 893 nostra
2197 839 2279 891 hic
2310 840 2466 908 plura
2501 839 2771 908 praescribi
2794 840 2938 894 sinit.
2969 869 3040 880 ——
3065 840 3197 908 Quae
3235 842 3398 894 textui
3428 843 3538 895 elu-

1987 928 2211 984 cidando
2248 931 2542 983 necessaria
2566 929 2893 994 videbuntur,
2926 931 2981 984 in
3015 930 3234 1001 singulis
3262 928 3400 985 brevi
3425 947 3539 985 ora-

1990 1021 2216 1076 tionibus
2248 1020 2539 1091 expediam.
2584 1020 2709 1074 lltec
2735 1021 2823 1077 ille
2858 1041 2871 1075 :
2921 1021 3077 1091 cujus
3105 1030 3392 1092 propterea
3421 1022 3537 1077 edi-

1989 1113 2212 1178 tionem,
2250 1113 2316 1165 ad
2350 1112 2601 1167 homilias
2629 1111 2773 1182 quod
2813 1113 3023 1179 attinet,
3060 1121 3246 1183 utpote
3278 1122 3540 1185 praestan-

1990 1204 2202 1269 tiorem,
2241 1200 2618 1257 Riccardianae
2660 1201 3063 1257 antelerendam
3101 1205 3444 1268 censuimus;
3485 1210 3539 1258 et

1990 1291 2181 1346 breves
2206 1291 2590 1346 adnotationes
2621 1306 2758 1361 quas
2795 1290 2974 1345 editor
2994 1291 3063 1345 ad
3097 1290 3298 1348 calcem
3327 1292 3537 1363 rejecit,

1991 1382 2211 1437 lectoris
2250 1383 2536 1437 commodo
2564 1382 2934 1444 consulentes,
2969 1382 3034 1435 ad
3062 1398 3187 1438 oras
3218 1384 3538 1454 paginarum

332 1476 508 1531 tiones
550 1490 620 1529 xx
662 1474 728 1528 ad
773 1489 903 1530 mss.
920 1474 1146 1530 codices
1173 1473 1465 1534 recensuit.
1495 1473 1671 1527 denuo
1698 1471 1887 1527 Latine

331 1564 493 1619 vertit
570 1577 635 1617 ac
704 1561 958 1618 brevibus
1022 1563 1169 1619 notis
1239 1562 1495 1617 instruxit
1564 1560 1885 1617 Franciscus
1991 1567 2413 1637 desumpsimus.
2447 1565 2587 1633 Quid
2618 1575 2797 1623 autem
2830 1583 3008 1639 operae
3036 1568 3216 1622 studio
3247 1574 3455 1630 nostro,
3486 1569 3541 1621 in

333 1648 698 1711 Combélisius
736 1653 843 1726 (a),
877 1654 943 1709 de
973 1654 1279 1724 ltujusmodi
1311 1669 1410 1709 suo
1450 1655 1677 1708 consilio
1718 1653 1884 1707 lecto-
1991 1655 2167 1711 Procli
2193 1657 2443 1727 epistolis
2480 1656 2821 1727 potissimum
2854 1654 3211 1718 exeudendis,
3245 1654 3541 1726 praestitum

335 1764 448 1803 rem
498 1748 575 1802 ita
630 1747 895 1801 monitum
946 1747 1173 1801 reddens
1227 1746 1340 1815 (b):
1385 1745 1568 1821 Visum.
1598 1755 1674 1801 est
1719 1747 1888 1799 sancti
1994 1747 2085 1812 sit,
2116 1749 2317 1802 notulae
2347 1747 2584 1818 produnt
2623 1764 2759 1818 quas
2793 1747 2994 1819 ubique
3037 1746 3397 1803 subdidimus.
3433 1745 3547 1801 Ca:-

337 1840 517 1895 Procli
551 1839 850 1902 Orationes,
898 1838 1160 1893 Vincentio
1191 1838 1446 1893 Πέρσαι-(ιο
1484 1837 1663 1894 Roma:
1692 1840 1879 1902 editus,
1916 1850 1956 1905 Β
1986 1848 2160 1894 terum
2216 1838 2362 1893 haud
2421 1838 2583 1896 fuerit
2636 1839 2897 1903 otiosum,
2944 1838 3213 1919 judicium
3274 1837 3549 1908 perlegere

332 1932 458 1986 aliis
492 1932 689 2008 nostris
720 1930 904 2002 quibus
928 1932 1153 1985 maxime
1182 1931 1410 2001 Deipara
1443 1929 1597 2001 Virgo
1629 1931 1722 1986 hoc
1745 1942 1885 1985 tomo
1991 1929 2137 1998 quod
2178 1927 2246 1984 de
2288 1929 2511 2001 scriptis
2559 1940 2748 1985 sancto
2794 1929 2988 1986 Proclo
3038 1929 3260 1985 tributis
3300 1927 3423 1984 tulit
3475 1926 3543 1980 cI.

335 2023 646 2091 celebratur,
686 2022 1003 2093 adiungere;
1052 2022 1332 2093 multisque
1374 2022 1608 2091 partibus
1657 2033 1885 2088 nostras,
1990 2019 2371 2079 Tillemontius
2402 2023 2493 2095 (ε).

1990 1474 2357 1545 subjiciendas
2393 1475 2668 1532 duximus.
2706 1474 2933 1545 Reliqua
2994 1490 3156 1545 porro
3173 1492 3238 1530 ex
3274 1475 3543 1531 Riccardo

418 2197 496 2266 (a)
532 2194 775 2266 Conibel‘.
801 2196 1025 2266 AAuctar.
1056 2210 1182 2266 nov.
1216 2195 1282 2249 ad
1306 2194 1554 2249 Biblioth.
1591 2192 1727 2260 PP.,
1767 2204 1896 2251 Iom.

333 2262 377 2329 ι,
406 2262 558 2336 pagg.
585 2264 842 2321 501-496.
872 2267 1026 2320 Paris
1076 2265 1233 2320 1648.

404 2336 490 2407 .(b)
518 2336 599 2390 Id.
645 2338 776 2391 ibid.
808 2353 933 2409 pag.
963 2337 1086 2392 467.

2075 2194 2146 2264 (c)
2178 2192 2392 2267 Tillem.
2419 2203 2549 2267 tom.
2574 2188 2713 2260 XVI,
2745 2198 2901 2267 pagg.
2933 2194 3036 2250 718
3055 2201 3110 2250 et
3138 2192 3240 2250 800
3262 2207 3403 2265 seq.,
3433 2200 3545 2249 not.

2001 2265 2036 2318 5
2066 2263 2158 2318 sur
2185 2263 2244 2318 S.
2290 2264 2495 2319 Prode.

2182 2534 2405 2545 ..——.—

1399 2695 1907 2790 ΝΟΤΙΤΙΑ
1976 2694 2478 2786 ALTERA.

632 2889 925 2962 (Fessusn,
960 2887 1327 2943 Institutiones
1360 2887 1705 2960 Patrologica:
1718 2890 1853 2945 tomi
1888 2887 2019 2954 duo,
2051 2886 2354 2962 (Enipome
2383 2890 2542 2946 1851.
2580 2920 2649 2930 -—-
2675 2889 2827 2944 Tom.
2861 2887 2923 2955 ll,
2956 2905 3074 2963 pag.
3107 2891 3256 2963 577.)

2410 2534 2781 2546 ...ἡ-.-

401 3112 466 3171 S.
509 3114 766 3179 Proelus.
803 3112 983 3168 adhuc
1028 3112 1346 3169 adolescens
1388 3110 1446 3168 S.
1502 3111 1696 3169 Joanni
1729 3113 1901 3188 Cbry-
2001 3119 2136 3172 itum
2172 3116 2250 3188 (a.
2290 3114 2417 3187 4'54)
2450 3114 2505 3169 in
2550 3113 2697 3171 illius
2738 3111 2994 3169 Ecclesiae
3029 3110 3324 3184 pontiﬁcali
3359 3114 3556 3172 throno

336 3214 584 3262 munito
612 3204 888 3276 imprimis
916 3204 1138 3269 charus,
1175 3219 1273 3274 per
1294 3205 1435 3260 sacri
1470 3206 1759 3262 ministerii
1785 3222 1896 3278 gra-
2009 3209 2309 3265 collocatus
2344 3215 2428 3263 est
2469 3206 2566 3277 (1);
2603 3206 2897 3277 statimque
2938 3207 3252 3278 synodicam
3289 3207 3357 3261 ad
3388 3206 3557 3278 Cyril-

338 3297 442 3353 dns
476 3299 532 3351 in
578 3295 822 3352 Ecclesia
860 3295 1465 3365 Constantinopolitana
1499 3297 1567 3351 ad
1599 3300 1902 3371 presbyteri
2004 3302 2113 3354 lunt
2148 3298 2587 3362 Alexandrinum,
2619 3296 2877 3352 Joannem
2891 3297 3291 3361 Antiochenam,
3325 3298 3556 3371 aliosque

345 3389 667 3461 dignitatem
687 3387 953 3444 ascendit.
985 3387 1037 3444 Is
1064 3403 1185 3443 cum
1244 3401 1295 3442 a.
1315 3387 1419 3443 426
1468 3402 1497 3441 a
1527 3387 1764 3445 Sisinnio
1791 3393 1898 3462 epi-
1927 3437 1969 3462 η
2004 3389 2235 3446 Orientis
2267 3389 2533 3460 episcopos
2564 3388 2733 3452 misit,
2768 3402 2875 3459 qua
2903 3389 2970 3443 de
3005 3404 3105 3445 sua
3143 3388 3556 3446 conﬁrmatione

344 3496 513 3551 δεορο
559 3480 1158 3551 Constantinopolitano
1206 3478 1386 3550 cyzici
1423 3481 1711 3552 episcOpus
1750 3485 1899 3540 ordi-
1928 3476 1968 3494 ν
2000 3495 2096 3535 cos
2156 3480 2419 3536 certiores
2470 3478 2719 3535 redderet
2777 3477 2873 3550 (g).
2901 3476 3125 3535 Biennio
3161 3490 3282 3550 post
3319 3480 3391 3551 (a.
3429 3481 3556 3554 456)

338 3581 506 3627 natus
542 3579 707 3639 esset,
744 3573 890 3628 cives
928 3571 1048 3640 ejus
1090 3570 1296 3640 oppidi,
1328 3570 1638 3640 priusquam
1675 3570 1899 3629 Proclus
1999 3578 2202 3625 exortae
2256 3579 2384 3626 sunt
2425 3571 2547 3626 lites
2589 3570 2659 3626 de
2709 3569 2996 3627 Theodoro
3022 3610 3038 3635 ,
3099 3571 3443 3643 Mopsuestia!
3499 3574 3555 3629 in

345 3665 475 3719 illuc
507 3680 567 3720 se
598 3665 892 3727 conferret,
928 3665 1091 3719 alium
1120 3662 1222 3718 sibi
1251 3663 1563 3732 episcopum
1602 3664 1896 3734 elegerunt.

344 3755 467 3820 Quo
493 3764 795 3824 comperto,
829 3753 1054 3809 Proclus
1088 3752 1237 3822 pacis
1280 3767 1469 3806 amans
1512 3751 1899 3809 Constantino-

347 3847 454 3917 poli
488 3849 808 3917 permansit,
835 3846 1019 3915 ibique
1044 3844 1397 3899 concionibus
1428 3843 1494 3898 ad
1520 3845 1776 3914 populum
1808 3846 1901 3901 ba-

352 3937 480 3994 bitis
514 3938 810 4007 plurimum
842 3936 1098 3990 inclaruit
1140 3935 1241 4007 td).

417 4028 770 4085 Postmodum
802 4028 895 4083 ubi
921 4025 1204 4083 Nestorius
1228 4041 1445 4084 errores
1476 4043 1606 4085 suos
1634 4027 1904 4084 Constan-

352 4121 580 4192 tinopoli
611 4120 970 4176 disseminare
993 4120 1177 4190 cepit,
1207 4118 1433 4177 Proetus
1479 4120 1791 4176 adltucdum
1826 4121 1903 4177 ibi

345 4214 581 4286 degens,
631 4212 982 4268 celeberrima
1036 4212 1281 4268 oratione
1322 4212 1535 4283 publice
1579 4214 1633 4268 in
1676 4214 1906 4270 ecclesia

356 4306 563 4369 habita,
605 4317 825 4363 strenue
874 4319 969 4360 eos
1010 4303 1365 4375 impugnavit.
1418 4304 1513 4360 Vir
1559 4304 1661 4360 fuit
1696 4307 1907 4362 eximlae

353 4399 708 4470 benignitatis
734 4405 791 4452 et.
835 4397 1294 4460 mansuetudinis,
1328 4412 1429 4452 nec
1476 4397 1703 4453 minoris
1746 4398 1907 4452 indu-

350 4492 522 4554 striae,
567 4504 697 4560 qua,
749 4489 879 4544 licet
914 4488 1023 4542 vim
1068 4498 1344 4543 externam
1392 4497 1580 4542 contra
1625 4489 1906 4547 haereticos

351 4580 600 4636 adhiberi
624 4580 809 4642 nollet,
840 4586 1087 4634 errantes
1115 4589 1292 4633 tamen
1322 4578 1538 4634 assidue
1565 4594 1661 4650 pro
1679 4583 1908 4635 veritate

348 4672 642 4729 decertans
681 4673 1031 4740 victoriaeque
1086 4678 1340 4726 assuetus
1390 4672 1444 4725 in
1474 4672 1614 4726 viam
1663 4673 1906 4728 veritatis

1999 3660 2193 3716 Cilicia
2240 3661 2369 3716 olim
2397 3660 2672 3731 episcopo,
2712 3670 2839 3717 ante.
2875 3663 3058 3732 plures
3096 3661 3209 3733 jam
3256 3679 3428 3719 annos
3460 3661 3556 3719 de-

2005 3750 2211 3815 functo,
2247 3749 2339 3822 qui
2366 3751 2421 3805 in
2454 3750 2609 3807 libris
2657 3752 2774 3808 suis
2822 3753 2979 3824 longe
3018 3753 3235 3824 lateque
3267 3753 3559 3810 celebratis

2001 3843 2252 3900 Nestorio
2280 3844 2450 3899 facem
2477 3844 2806 3914 praetulerat.
2831 3843 3141 3899 Doctrinam
3165 3861 3228 3900 ex
3257 3846 3379 3900 istis
3404 3846 3558 3901 libris

2003 3944 2307 4007 excerptam
2359 3935 2685 4003 Nestoriani,
2720 3936 3019 4006 pressit-tim
3086 3935 3141 3989 in
3196 3936 3451 3992 Armenia
3505 3943 3560 3991 et

2003 4024 2224 4094 Persia,
2260 4028 2363 4084 sub
2406 4027 2878 4083 commendatione
2924 4026 3060 4081 tanti
3092 4028 3328 4083 nominis
3366 4043 3561 4099 propa-

2005 4134 2134 4189 gare
2178 4120 2357 4175 conati
2389 4126 2537 4175 sunt.
2587 4118 2784 4174 Verum
2826 4117 3059 4174 Aeacius
3104 4118 3461 4175 Melitinensis
3506 4128 3561 4175 et

2004 4209 2242 4265 Rabulas
2275 4206 2585 4265 Edessenus
2608 4209 2919 4279 episcopus,
2945 4224 3006 4263 re
3033 4209 3272 4280 cognita,
3293 4212 3560 4267 Armenos

2008 4307 2336 4356 monuerunt
2360 4299 2426 4355 de
2453 4299 2693 4356 cavendo
2715 4315 2904 4356 errore
2930 4301 3139 4372 magnis
3167 4314 3226 4356 se
3246 4300 3561 4358 nominibus

2007 4400 2254 4462 tegente;
2282 4391 2483 4448 Ciliciae
2512 4403 2692 4447 autem
2738 4392 3004 4463 episcOpi,
3047 4392 3351 4463 patrocinio
3378 4392 3560 4452 Theo-

2007 4484 2128 4539 dori
2164 4493 2440 4555 suscepto,
2472 4484 2666 4541 litteris
2696 4485 2751 4539 in
2781 4485 3093 4540 Armeniam
3115 4485 3342 4541 directis
3375 4487 3560 4542 Acacii

2008 4585 2060 4630 et
2102 4574 2323 4631 Rabnla:
2372 4579 2576 4633 monita
2610 4577 2827 4633 nonnisi
2859 4590 2926 4632 ex
2976 4577 3157 4634 studio
3199 4579 3564 4636 contentionis

2007 4668 2249 4737 profecta
2290 4672 2696 4726 asseverabant.
2748 4669 2934 4740 Itaque
2981 4670 3250 4740 oppositis
3308 4672 3563 4742 utrinque

350 4763 617 4820 reducere
665 4763 945 4833 satagebat
988 4762 1078 4832 (e).
1121 4761 1466 4831 Quapropter
1502 4764 1698 4818 iterum
1742 4771 1903 4836 atque
1937 4800 1980 4854 υ
2008 4762 2233 4817 vocibus
2281 4763 2336 4816 in
2391 4777 2589 4831 anceps
2637 4760 2843 4818 redacti
2891 4761 3162 4818 Armeniae
3209 4762 3448 4834 episcopi
3509 4764 3564 4818 in

348 4857 571 4918 lterum,
601 4861 661 4909 ut
691 4853 871 4910 sedem
899 4852 1554 4922 ConStantinopolitanam
1588 4864 1902 4925 occuparet,

349 4946 535 5018 populi
568 4946 707 5001 rotis
732 4944 1025 5014 expetitus,
1068 4943 1282 4998 tandem
1312 4951 1436 5013 post
1463 4943 1777 4999 Maximiani
1808 4945 1906 5000 ob—

420 5125 501 5197 (d)
520 5122 744 5197 Sacra}.
782 5121 988 5197 Hister.
1014 5121 1194 5197 eccles.
1224 5118 1317 5172 lib.
1350 5136 1444 5197 vn,
1473 5136 1528 5197 cr.
1554 5120 1642 5186 28,
1675 5121 1775 5197 tl,
1798 5122 1898 5197 55;

353 5191 637 5264 Nicephori
662 5192 863 5264 Histor.
881 5191 1063 5264 eccles.
1085 5192 1296 5264 lib.xrv,
1317 5191 1470 5264 c._58;
1490 5191 1777 5264 Epltt'aamij
1797 5191 1899 5261 By-

357 5258 555 5320 zantini
580 5262 865 5332 Catalogus
887 5260 1310 5332 patriarcharum
1340 5258 1821 5328 Constantinopol.,
1840 5258 1897 5314 ἢ.

358 5333 587 5388 9714-19
622 5335 675 5387 in
706 5326 806 5396 Af;
843 5326 969 5384 Maii
998 5327 1161 5400 iNoua
1191 5326 1394 5400 collect.
1438 5340 1658 5382 veterum
1688 5326 1897 5400 script.,

360 5414 400 5458 t.
438 5405 521 5461 Ill.
556 5418 608 5474 ρ.
662 5420 701 5465 ι,
744 5416 797 5471 p.
826 5401 951 5474 ᾖξε).
982 5399 1066 5453 Cl‘.
1099 5397 1389 5474 Tillemont
1424 5400 1458 5452 ι.
1493 5415 1565 5465 c.,
1593 5415 1643 5465 p.
1670 5397 1861 5474 olli-:6:

445 5468 798 5545 (e)'§_ocr:{t.
834 5470 1038 5545 Hister.
1069 5468 1251 5545 cedes.
1272 5468 1546 5545 _lib._.vu_,_
1577 5485 1625 5522 c.
1657 5471 1756 5545 il,
1789 5470 1893 5533 ης

365 5538 416 5596 S.
437 5537 545 5599 Leo
582 5540 984 5611 M.epist.‘155,
1014 5554 1065 5592 c.
1102 5537 1452 5611 l;S.Cyril!.
1487 5539 1777 5611 Alexaudr.
1811 5553 1896 5609 ep.

365 5611 422 5666 51
475 5607 819 5684 (θηλῇ-Χ.
849 5626 904 5679 p.
939 5626 997 5671 tt,
1034 5626 1086 5684 p.
1131 5607 1653 5684 l95);_‘__b_‘y_nodicon
1714 5607 1897 5666 Casia.

366 5695 413 5735 c.
442 5680 560 5738 157.
584 5680 682 5738 'Cl'.
720 5681 1010 5734 'l'illemont
1046 5681 1081 5732 I.
1114 5696 1160 5734 c.
1196 5695 1248 5747 p.
1283 5680 1463 5735 706-9.

430 5753 487 5824 (fl
541 5755 754 5809 Socrat.
793 5750 949 5824 Hist.
985 5749 1293 5824 eccles.li_b.
1335 5767 1427 5815 vn,
1462 5764 1511 5804 c.
1544 5748 1633 5815 26,
1678 5750 1779 5815 29,
1813 5751 1899 5813 55,

368 5818 794 5897 iOiVSynodicon
825 5821 1029 5885 Casin.,
1063 5838 1110 5873 υ.
1148 5818 1264 5873 123.

2011 4854 2241 4908 concilio
2293 4859 2629 4919 statuerunt,
2669 4851 2922 4910 Proclum
2967 4868 3031 4910 ea
3058 4853 3125 4911 de
3166 4869 3227 4910 re
3259 4856 3565 4923 consulere,

2013 4945 2080 4999 ad
2108 4960 2267 5015 quem
2307 4945 2447 5001 duos
2489 4946 2835 5018 presbyteros
2874 4947 3081 5017 legatos
3126 4947 3393 5002 miserunt
3440 4962 3562 5002 cum

2078 5120 2149 5190 (g)
2196 5120 2516 5175 Prommium
2545 5121 2698 5190 hujus
2727 5120 3010 5190 synodica’,
3057 5119 3126 5174 de
3161 5135 3264 5190 qua
3301 5119 3442 5190 haud
3474 5120 3562 5174 in-

2006 5187 2263 5261 frequens
2290 5193 2428 5260 apud
2451 5187 2660 5261 veteres
2689 5187 2783 5261 est
2818 5189 3040 5261 mentio,
3088 5187 3352 5261 exstatAin
3386 5187 3559 5261 Syno-

2006 5258 2122 5315 dico
2158 5258 2456 5320 Casinensi,
2489 5276 2537 5313 c.
2572 5260 2673 5313 150
2701 5258 2808 5329 (ed.
2835 5258 3064 5329 Schulze
3097 5275 3194 5329 ει).
3230 5258 3373 5329 129),
3418 5258 3473 5329 et
3506 5258 3561 5313 in

2006 5331 2143 5398 Opp.
2184 5330 2357 5385 Procli
2401 5329 2506 5398 ed.
2543 5328 2933 5398 Gallandqicp.
2973 5328 3070 5398 17.
3097 5326 3218 5381 Vid.
3266 5326 3561 5398 §ynodicon

2007 5396 2188 5453 Casia.
2219 5416 2270 5453 c.
2303 5399 2437 5460 1M,
2488 5397 2610 5462 M5,
2664 5398 2783 5456 148,
2821 5396 2941 5454 149.
2984 5396 3104 5450 158.
3138 5398 3222 5451 Cl.
3271 5396 3563 5452 Tillentont

2005 5477 2043 5522 t.
2077 5468 2215 5543 xlv,
2251 5469 2316 5543 δ.
2356 5468 2574 5543 omne,
2628 5464 3124 5543 art.”121(p._572,
3164 5464 3309 5543 57s).
3334 5495 3419 5543 _—.—_
3442 5468 3562 5522 Alia

2002 5541 2248 5608 quaedam
2285 5537 2342 5593 S.
2374 5534 2549 5590 Procli
2582 5534 2863 5605 synodica.
2909 5534 3066 5601 cujus
3097 5536 3301 5589 mentio
3334 5534 3563 5591 habetur

2002 5611 2057 5653 in
2092 5607 2415 5653 Theodoreti
2449 5606 2607 5653 enist.
2644 5603 2730 5653 86.
2763 5604 3050 5653 posteriori
3087 5613 3329 5653 temnere
3358 5606 3559 5653 set-ima

2003 5605 2058 5664 in
2092 5607 2415 5662 Theodoreti
2449 5606 2607 5674 epist.
2644 5605 2730 5663 86,
2763 5605 3050 5669 posteriori
3087 5613 3329 5674 tempore
3358 5606 3463 5660 seri
3508 5618 3560 5661 ta

2005 5681 2250 5750 videtur,_
2279 5676 2361 5750 Cl.
2413 5675 2472 5726 P.
2504 5673 2779 5750 Constant
2812 5674 3154 5750 in__epistolis
3210 5673 3419 5748 ponliﬂ‘.
3451 5621 3560 5733 £0—

2009 5766 2177 5812 ιιιειιι.ἱ
2209 5748 2466 5801 Monilum
2504 5745 2555 5796 in
2591 5741 2646 5797 S.
2685 5740 2831 5810 Κεδῑί
2866 5739 3043 5815 111⁷69.
3076 5745 3163 5801 10.
