4028 6330
537 391 640 449 659

1610 394 1663 445 S.
1710 391 2023 448 PliOCLUS
2061 393 2163 449 CP.
2204 393 2598 449 EPISCOPUS.

3625 395 3723 452 660

532 505 671 572 cius,
717 505 801 560 vir
849 506 992 574 pius,
1036 513 1090 561 et
1131 503 1198 560 ad
1246 514 1516 560 certamen
1565 507 1824 564 adversus
1861 525 1954 564 eos
1986 511 2075 579 qui

2191 512 2439 580 Πρόκλος,
2463 514 2597 582 ἀνὴρ
2619 513 2864 582 εὐσεϐὴς,
2887 515 2974 566 καὶ
2999 515 3107 575 τοῖς
3128 512 3194 565 τὰ
3214 511 3348 582 ὀρθὰ
3379 509 3726 578 διαστρέφω-

533 613 652 666 qua:
683 606 825 652 recta
864 607 1008 661 sunt,
1041 605 1373 667 pervertunt,
1400 600 1746 664 exercitatus,
1771 610 1823 655 ct
1845 617 1907 656 cx
1936 604 2075 656 veri-

531 688 660 743 tatis
694 687 991 744 assertione
1029 688 1304 742 victoriam
1335 697 1610 757 reportare
1637 705 1902 746 assuetus.

2088 809 2163 866 II.

2183 621 2265 657 σιν
2297 603 2718 658 ἁνταποδύεσθαι
2755 603 3155 675 μεμελετηκὼς,
3194 605 3274 656 ὅτι
3308 603 3400 654 καὶ
3441 602 3594 670 νικᾷν
3617 599 3732 664 έθος

2183 695 2326 764 αὐτῷ
2360 692 2707 765 πρεσϐεύοντι
2731 693 2828 764 τὴν
2860 694 3132 764 ἀλήθειαν.

1556 931 1832 985 Socnnes
1864 929 2002 985 Hist.
2035 933 2168 986 eccl.
2210 933 2299 984 tib.
2334 946 2429 995 vn,
2464 948 2580 998 cap.
2609 931 2698 985 26.

598 1038 728 1094 Orta
761 1049 843 1096 est
876 1052 1054 1098 autem
1100 1052 1224 1114 post
1257 1045 1464 1100 obitum
1511 1045 1674 1100 Attici
1723 1047 1888 1100 multa
1933 1047 2077 1103 circa

529 1129 921 1187 ordinationem
966 1135 1209 1204 episcopi
1256 1137 1551 1201 contentio,
1619 1138 1745 1192 dum
1803 1139 1892 1191 alii
1941 1139 2077 1193 alios

529 1222 870 1290 qurerebant:
915 1242 1038 1280 nam
1085 1228 1299 1296 quidam
1347 1230 1647 1300 Philippum
1683 1232 2076 1302 presbyterum,

530 1317 772 1370 nonnulli
826 1333 951 1372 vero
1001 1317 1248 1372 Proclum
1302 1320 1540 1375 ordinari
1597 1323 1912 1390 cupiebant:
1964 1332 2078 1376 erat

530 1415 705 1462 autem
735 1417 788 1463 et
833 1411 886 1465 is
922 1412 1217 1481 presbyter.
1278 1413 1647 1469 Communiter
1690 1430 1818 1468 vero
1849 1426 2077 1470 cunctus

531 1500 764 1568 populus
787 1499 1082 1556 Sisinnium
1122 1503 1360 1558 ordinari
1394 1505 1630 1573 optabat.

2265 1049 2506 1117 Ἐγένετο
2529 1049 2584 1112 δέ
2609 1048 2746 1118 μετὰ
2765 1049 2863 1118 τὴν
2894 1048 3145 1119 τελευτὴν
3186 1047 3428 1102 Ἀττικοῦ
3459 1047 3625 1120 πολλὴ
3650 1067 3736 1119 φι-

2182 1143 2414 1196 λονεικία
2458 1143 2583 1213 περὶ
2637 1140 2962 1213 χειροτονίας
3003 1141 3320 1205 ἐπισκόπου,
3367 1141 3540 1195 ἄλλων
3583 1141 3744 1195 ἅλλον-

2181 1234 2508 1305 ζητούντων·
2561 1234 2702 1296 τινὲς
2733 1233 2829 1304 μὲν
2867 1232 2995 1303 γάρ,
3028 1233 3176 1302 φησὶ,
3203 1231 3466 1285 Φίλιππον
3491 1231 3581 1285 τὸν
3612 1249 3743 1303 πρε-

2180 1322 2435 1391 σϐύτερον
2481 1321 2722 1390 ἐζήτουν,
2767 1321 2906 1383 τινές
2941 1319 2998 1372 δὲ
3029 1319 3300 1390 Πρόκλον
3353 1318 3446 1372 καὶ
3487 1315 3637 1382 οὗτος
3683 1317 3740 1371 δὲ

2179 1412 2538 1482 πρεσϐύτερος
2557 1408 2643 1482 ἦν.
2688 1413 2852 1482 Κοινῇ
2874 1412 2929 1464 δέ
2958 1413 3063 1474 πᾶς
3089 1413 3118 1463 ό
3142 1409 3262 1474 λαδς
3290 1410 3471 1464 ἐπόθει
3498 1408 3740 1478 γίνεσθαι

2180 1502 2459 1554 Σισίννιον.

1856 1619 1982 1673 los:
2010 1617 2162 1683 ibid.,
2204 1633 2319 1685 cap.
2347 1615 2436 1669 ‘28.

599 1727 809 1783 Mortuo
828 1728 1208 1801 Cyzicenorum
1236 1736 1508 1806 episcopo,
1531 1736 1672 1792 Sisin
1682 1739 1802 1794 nius
1819 1737 2066 1794 Proclum

2244 1735 2350 1789 Τοῦ
2376 1733 2696 1806 Κυζικηνῶν
2733 1735 3026 1789 ἐπισκόπου
3056 1732 3492 1804 τελευτήσαντος,
3513 1733 3542 1785 ό
3570 1732 3740 1786 Σισίν-

528 1817 708 1890 Cyzici
753 1821 1020 1876 ordinavit
1073 1824 1406 1894 episcopum.
1461 1825 1594 1881 Cum
1647 1828 1824 1898 itaque
1852 1827 2076 1884 Proclus

2191 1844 2284 1889 no;
2320 1825 2558 1896 Πρόκλον
2587 1825 2954 1896 ἐχειροτόνησε
2987 1825 3123 1895 πρὸς
3172 1825 3479 1895 ἐπισκοπὴν
3503 1824 3604 1895 τῆς
3631 1823 3740 1875 Κυ-

527 1908 788 1980 Cyzieum
831 1922 973 1968 esset
1018 1914 1378 1984 profecturus,
1409 1928 1784 1988 praevenerunt
1814 1936 1936 1974 eum
1975 1919 2103 1992 (ΞΥ-ρ

528 2003 722 2065 ziceni.
776 2018 840 2060 ac
878 2007 1050 2062 virum
1091 2010 1416 2081 religiosum,
1472 2015 1689 2067 nomine
1732 2012 2076 2076 Dalmatium,

531 2095 934 2153 ordinaverunt.
989 2099 1056 2153 Et
1085 2101 1188 2157 hoc
1220 2101 1462 2158 fecerunt
1499 2105 1741 2174 neglecta
1798 2105 1912 2175 lege
1963 2120 2082 2174 qua:

527 2187 718 2256 jubet,
764 2206 831 2244 ne
885 2203 1078 2261 praeter
1127 2197 1446 2250 sententiam
1495 2195 2080 2266 Constantiuopolitani

529 2281 787 2351 episcopi,
820 2283 924 2336 ulla
958 2284 1306 2356 ﬁatepiSCOpi
1345 2287 1632 2342 ordinatio.
1675 2287 1869 2358 Legem
1903 2297 2080 2342 autem

531 2369 688 2424 istaut
735 2371 854 2427 ideo
899 2375 1268 2445 neglexerunt,
1305 2377 1447 2448 quod
1498 2393 1562 2432 ea
1605 2378 1670 2432 ad
1720 2377 1890 2432 solius
1923 2375 2084 2431 Attici

533 2475 815 2529 personam
861 2465 964 2518 lata
1020 2470 1325 2536 pertineret.
1393 2468 1590 2525 Mansit
1638 2471 1818 2539 itaque
1864 2467 2087 2523 Proclus

531 2551 1019 2625 Constantinopoli,
1053 2566 1105 2612 et
1147 2559 1270 2614 licet
1306 2559 1556 2617 Ecclesia:
1603 2576 1713 2616 sua:
1750 2569 1858 2615 non
1891 2576 2087 2629 praees-

532 2651 633 2706 set,
669 2645 722 2698 in
752 2648 1001 2703 ecclesiis
1028 2657 1203 2705 tamen
1233 2649 1850 2720 ConstantinOpolitanis
1883 2649 2086 2705 docen-

534 2731 602 2786 do
628 2731 828 2789 ﬂoruit.

2181 1917 2353 1981 ζίκου,
2401 1917 2698 1981 Μέλλοντος
2743 1913 2834 1972 οῦν
2873 1917 3076 1986 διάγειν
3109 1917 3196 1969 ἐπ’
3229 1917 3422 1988 αὐτὴν,
3457 1917 3748 1986 φθάνουσιν

2181 2011 2227 2062 οἱ
2251 2006 2547 2079 Κυζικηνοὶ
2591 2010 2682 2061 καὶ
2713 2006 3106 2080 χειροτονοῦσιν
3140 2007 3307 2078 ἄνδρα
3337 2007 3650 2077 ἀσκητικὸν,
3701 2000 3749 2074 ᾧ

2183 2104 2352 2174 ὄνομα
2381 2099 2447 2173 ἦν
2473 2101 2794 2172 Δαλμάτιος.
2827 2103 2936 2154 Καὶ
2963 2100 3108 2153 τοῦτ’
3141 2100 3421 2170 ἐποίησαν,
3446 2098 3743 2170 ἀμελήσαν-

2183 2212 2274 2258 τες
2309 2194 2400 2247 τοῦ
2451 2195 2613 2264 νόμου
2657 2193 2752 2247 τοῦ
2804 2193 3133 2257 κελεύοντος,
3188 2193 3339 2262 παρὰ
3379 2190 3607 2261 γνώμην
3647 2190 3740 2243 τοῦ

2186 2288 2480 2340 ἐπισκόπου
2509 2286 3140 2348 Κωνσταντινουπόλεως,
3170 2283 3499 2356 χειροτονίαν
3529 2283 3745 2336 ἐπισκό-

2186 2397 2288 2433 που
2352 2379 2424 2450 μὴ
2464 2379 2725 2448 γίνεσθαι.
2771 2378 3077 2448 Ἢμέλησαν
3123 2377 3177 2428 δέ
3218 2375 3310 2428 τοῦ
3344 2377 3508 2445 νόμου
3537 2375 3741 2438 τούτου,

2185 2472 2259 2535 ὡς
2287 2471 2514 2541 Ἀττικῷ
2534 2473 2676 2541 μόνῳ
2699 2473 2779 2534 εἰς
2804 2471 3089 2542 πρόσωπον
3116 2467 3570 2540 παρασχεθέντος.
3593 2468 3746 2537 Ἔμε-

2186 2580 2273 2615 νεν
2307 2559 2397 2616 οὖν
2425 2565 2452 2616 ό
2481 2563 2757 2633 Ι]ρόκλος,,
2788 2563 2991 2626 οἰκείας
3025 2560 3125 2633 μὲν
3151 2559 3471 2629 Ἐκκλησίας
3506 2561 3582 2630 μὴ
3616 2575 3748 2628 προ-

2185 2655 2375 2716 εστὼς,
2406 2655 2460 2706 ἐν
2482 2653 2538 2706 δέ
2555 2657 2674 2716 ταῖς
2695 2653 3006 2723 ἐκκλησίαις
3026 2651 3124 2721 τῆς
3137 2647 3749 2711 Κωνσταντινουπόλεως

2191 2743 2328 2812 μετὰ.
2348 2744 2446 2813 τὰς
2474 2744 2814 2808 διδασκαλίας
2837 2742 3032 2798 ἀνθῶν.

1847 2884 1975 2941 los!
2007 2885 2156 2954 ibid.,
2187 2904 2301 2957 cap.
2338 2889 2426 2944 35.

603 2989 733 3047 Post
761 2992 1154 3064 depositionem
1181 3013 1310 3052 vero
1330 2997 1579 3064 Nestorii,
1601 3016 1794 3057 rursus
1821 3002 2094 3074 discepta-

537 3082 613 3137 tio
643 3092 761 3138 erat
781 3085 846 3140 de
871 3087 1118 3157 eligendo
1146 3091 1418 3161 episcopo.
1456 3092 1520 3146 Et
1545 3093 1698 3148 multi
1725 3095 1941 3163 quidem
1964 3095 2093 3150 Phi-

2259 3007 2411 3060 Μετὰ
2457 3007 2512 3060 δὲ
2555 3009 2654 3077 τὴν
2678 3009 2969 3078 Νεπορίου
3019 3007 3354 3077 καθαίρεσιν,
3412 3005 3575 3058 πάλιν
3626 3004 3754 3076 περὶ

2189 3099 2444 3169 ἐπιλογῆς
2472 3099 2765 3152 ἐπισκόπου
2807 3101 3030 3169 ζήτησις
3060 3095 3147 3170 ἦν.
3191 3099 3300 3150 Καὶ
3335 3097 3516 3150 πολλοὶ
3543 3097 3640 3168 μὲν
3663 3096 3749 3148 Φί-

538 3173 761 3244 lippum,
793 3177 975 3246 plures
1002 3195 1128 3234 vero
1149 3179 1396 3236 Proclum
1424 3184 1727 3255 eligebant;
1755 3194 1808 3240 et
1831 3187 2089 3244 obtinuis-

2191 3185 2406 3251 λιππον,
2458 3187 2669 3250 πλείους
2711 3187 2768 3239 δὲ
2820 3187 2909 3238 τὸν
2962 3188 3200 3258 Πρόκλον
3253 3187 3606 3256 ἐπελέγοντο·
3659 3187 3748 3240 καὶ

538 3275 620 3320 set
654 3283 784 3324 sane
810 3269 984 3326 Procli
1009 3273 1221 3338 electio,
1268 3276 1370 3332 nisi
1403 3285 1679 3346 potentum
1710 3279 1956 3332 nonnulli
1986 3281 2085 3334 ob-

538 3358 822 3427 stitissenl,
861 3378 1067 3419 canone
1111 3366 1476 3422 ecclesiastico
1507 3369 1777 3437 prohiberi
1803 3369 2084 3425 dicentes:

536 3449 612 3504 Ne
643 3452 925 3522 quisquam
978 3457 1261 3526 episc0pus
1318 3459 1409 3512 uni
1455 3459 1702 3515 addictus
1748 3463 1990 3517 ecclesia:
2021 3462 2089 3516 ad

539 3539 699 3594 aliam
729 3543 1002 3599 civitatem
1028 3546 1408 3602 transferatur.
1444 3547 1555 3604 Hoc
1588 3550 1733 3605 dicto
1758 3567 1822 3606 ac
1859 3553 2086 3616 credito,

539 3639 760 3696 coactus
781 3642 864 3692 est
897 3638 1130 3709 papulas
1146 3640 1508 3710 acquiescere.

2187 3276 2487 3346 ἐκράτησεν
2519 3277 2584 3329 ἂν
2635 3277 2940 3348 ἠΠρόκλου
2994 3277 3206 3348 γνώμη,
3253 3280 3299 3330 εί
3342 3278 3414 3348 μή
3466 3293 3611 3340 τινες
3646 3275 3752 3329 τῶν

2193 3369 2399 3439 μεγάλα
2429 3369 2738 3440 δυναμένων
2783 3370 3080 3434 ἐκώλυσαν,
3113 3373 3399 3442 φήσαντες,
3429 3371 3629 3424 κανόνα
3663 3371 3748 3422 ἐκ·

2186 3459 2566 3529 κλησιαστικὸν
2600 3458 2846 3521 κωλύειν,
2863 3459 2952 3512 τὸν
2985 3459 3346 3528 ὀνομασθέντα
3379 3458 3522 3521 τινὸς
3551 3458 3748 3517 πόλεως

2189 3553 2481 3605 ἐπίσκοπον
2525 3553 2603 3614 εἰς
2655 3551 2846 3622 ἐτέραν
2906 3551 3298 3624 μεταφέρεσθαι
3350 3550 3522 3604 πόλιν.
3585 3547 3748 3600 Τοῦτο

2191 3644 2372 3713 λεχθὲν
2393 3645 2486 3698 καὶ
2512 3645 2816 3711 πιστευθὲν,
2844 3645 2934 3698 τὸν
2959 3646 3085 3698 λαὸν
3105 3644 3394 3715 ἡσυχάζειν
3415 3641 3736 3713 ἠνάγκαζεν.

1837 3776 1964 3831 IDEM
1999 3776 2154 3840 ibid,
2185 3795 2297 3847 cap.
2332 3780 2418 3833 56.

609 3887 715 3955 Qui
742 3896 868 3942 tunc
893 3888 994 3942 ista
1024 3885 1204 3942 dicere
1242 3891 1418 3942 conati
1453 3899 1599 3955 sunt,
1631 3891 1712 3944 vel
1747 3891 1944 3946 invidia
1975 3891 2088 3945 fue-

543 3987 669 4033 runt
711 3993 836 4048 erga
868 3976 1114 4032 Proclum
1155 3977 1360 4044 infecti,
1410 3982 1492 4034 vel
1536 3989 1588 4035 et
1635 3996 1893 4046 canones,
1943 3998 2091 4050 qua:-

540 4087 604 4127 ve
651 4085 1018 4140 saepenumero
1063 4071 1263 4125 utiliter
1317 4072 1368 4126 in
1421 4074 1668 4129 ecclesiis
1711 4083 1859 4145 gesta
1919 4074 2088 4140 fuere,

541 4160 878 4231 ignorabant.

2265 3894 2328 3946 Οἱ
2357 3893 2473 3945 τότε
2496 3894 2666 3947 ταῦτα
2699 3894 2877 3961 λέγειν
2927 3895 3378 3965 ἐπιχειρήσαντες,
3426 3892 3540 3946 ἀλλ’
3584 3893 3616 3962 ἢ
3649 3907 3744 3943 κα-

2197 3985 2630 4038 τασκευάσασθαι
2669 3985 2845 4055 φθόνῳ
2887 3983 2962 4055 τῷ
3017 3986 3151 4056 πρὸς
3202 3987 3292 4038 τὸν
3319 3983 3640 4056 Πρόκλον,ῆ
3691 3983 3744 4033 ἁ-

2196 4079 2368 4143 γνοεῖν
2401 4077 2494 4128 καὶ
2526 4077 2648 4137 τοὺς
2682 4076 2928 4138 κανόνας,
2963 4077 3055 4128 καὶ
3101 4076 3168 4128 τὰ
3199 4075 3452 4137 πολλάκις
3484 4071 3748 4145 maneat};

2198 4170 2256 4220 ἐν
2269 4171 2385 4233 ταῖς
2410 4166 2753 4236 Ἐκκλησίαις
2781 4167 3062 4236 γενόμενα.

1857 4305 1982 4359 locu
2018 4305 2162 4368 ibid.,
2189 4321 2302 4374 cap.
2334 4306 2423 4360 40.

613 4417 968 4474 Maximianus
991 4433 1120 4474 vero
1148 4433 1271 4474 cum
1303 4419 1572 4474 biennium
1604 4434 1666 4473 ac
1696 4434 1910 4475 menses
1933 4420 2092 4489 quin-

2270 4420 2606 4491 Μαξιμιανὺς
2632 4421 2687 4473 δὲ
2720 4420 2812 4473 δύο
2836 4420 3111 4481 ἐνιαυτοὺς
3140 4432 3274 4488 προς
3315 4418 3426 4479 τοῖς
3454 4415 3614 4468 πέντε
3646 4433 3746 4486 μη-

543 4527 646 4580 que
677 4509 928 4565 Ecclesiae
962 4517 1147 4578 pacate
1179 4509 1501 4578 praefuisset,
1544 4518 1790 4565 mortuus
1832 4521 1934 4574 est,
1963 4526 2089 4564 con-

2202 4514 2283 4565 σὶν
2315 4513 2530 4582 ἡσύχως
2551 4513 2649 4582 τῆς
2689 4511 3012 4581 Ἐκκλησίας
3043 4507 3300 4580 προστὰς,
3327 4504 3669 4576 ἐτελεύτησεν
3693 4508 3752 4558 ἐν·

544 4605 752 4658 sulibus
778 4603 1085 4658 Areobindo
1113 4613 1166 4657 et
1197 4607 1423 4672 Aspare,
1467 4603 1784 4658 duodecima
1819 4603 1904 4656 die
1933 4602 2096 4671 Apri-

544 4697 630 4749 lis.
657 4695 863 4749 Accidit
887 4704 1086 4755 autem,
1125 4705 1184 4749 ut
1215 4695 1548 4750 ltehdomada
1574 4703 1718 4750 esset
1741 4695 2095 4763 jejuniorum,

547 4784 824 4840 Pascbatis
854 4785 991 4839 festo
1024 4785 1231 4840 vicina:
1295 4793 1409 4840 erat
1443 4794 1619 4840 autem
1653 4785 1770 4839 dies
1793 4785 1881 4838 illa
1909 4785 2096 4854 quinta

546 4884 754 4929 vocata.
781 4876 933 4930 Tunc
958 4884 1136 4930 autem
1166 4888 1212 4930 et
1239 4875 1576 4931 Theodosius
1597 4877 1888 4946 imperator
1920 4891 2097 4929 causae

549 4965 674 5020 huic
707 4967 976 5034 sapienter
1017 4966 1288 5036 providit:
1343 4967 1539 5022 etenim
1574 4983 1641 5022 ne
1683 4967 1861 5020 denuo
1902 4967 1957 5020 in
1985 4968 2097 5020 ele-

547 5057 722 5112 ctione
748 5056 982 5125 episcOpi
1006 5056 1328 5126 disceptatio
1348 5056 1602 5120 oriretur,
1630 5065 1684 5110 et
1712 5056 1951 5110 Ecclesia
1979 5072 2099 5124 per-

549 5147 878 5213 turbaretur,
927 5147 1323 5209 incunctanter,
1377 5147 1616 5201 nondum
1669 5147 1887 5200 humato
1924 5144 2100 5199 Maxi-

547 5238 712 5292 miani
744 5251 992 5307 corpore,
1036 5237 1390 5304 prasentibus
1419 5237 1687 5306 episcopis
1716 5237 1987 5305 prmcepit,
2040 5245 2099 5288 ut

550 5330 800 5385 Proclum
830 5329 1176 5383 ordinarent:
1210 5343 1335 5382 nam
1361 5327 1426 5381 ad
1456 5342 1576 5383 eam
1602 5343 1714 5382 rem
1743 5334 1796 5380 et
1818 5325 2096 5380 Ctelestini

546 5422 782 5491 episcopi
815 5419 1042 5475 Romani
1092 5420 1284 5474 littera:
1328 5434 1449 5488 qua:
1485 5419 1660 5473 allata:
1698 5418 1786 5472 lue
1819 5425 1931 5480 aut,
1968 5431 2097 5470 con-

547 5515 866 5577 scntiebant,
888 5529 1025 5584 quas
1043 5513 1131 5568 ille
1158 5523 1209 5567 et
1225 5512 1424 5584 Cyrillo
1447 5513 1829 5575 Alexandrino,
1852 5521 1906 5566 et
1930 5510 2097 5565 Joan—

555 5606 605 5657 ui
635 5605 946 5670 Antiochiae,
976 5613 1030 5661 et
1055 5605 1192 5660 Rufo
1205 5605 1674 5660 Thessalonicensi
1704 5605 1943 5668 miserat,
1963 5604 2096 5657 nihil

550 5693 804 5760 impedire
833 5697 1054 5758 docens,
1087 5713 1208 5750 cum
1249 5698 1338 5766 qui
1377 5699 1466 5751 alii
1496 5706 1638 5752 esset
1671 5695 1924 5750 Ecclesia:
1957 5712 2095 5749 nun-

545 5793 796 5852 cupatus,
818 5786 898 5839 vel
931 5786 1089 5840 ctiam
1119 5789 1400 5858 episcopus
1430 5799 1594 5853 esset,
1633 5788 1696 5842 ad
1735 5789 1894 5842 aliam
1915 5797 2092 5842 tranas-

2203 4605 2434 4675 ὑπατείᾳ
2463 4604 2790 4675 Ἀρεοϐίνδου
2820 4605 2912 4655 καὶ
2938 4603 3235 4672 ΙἈσιτταρος,
3267 4601 3329 4668 τῇ
3355 4599 3630 4670 δωδεκάτῃ
3659 4594 3750 4649 τοῦ

2213 4697 2517 4768 Ἀπριλλίου
2547 4697 2731 4766 μηνός.
2774 4692 2976 4763 Συνέϐη
3005 4693 3060 4745 δὲ
3082 4695 3142 4744 ἐν
3181 4691 3316 4760 αὑτῇ
3355 4691 3453 4760 τὴν
3487 4686 3747 4758 ἑϐδομάδα

2200 4785 2334 4841 εἶναι
2365 4788 2470 4839 τῶν
2495 4787 2776 4857 νηστειῶν,
2808 4786 2904 4856 τὴν
2929 4783 3332 4853 γειτνιάζουσαν
3356 4785 3422 4852 τῇ
3450 4780 3544 4834 τοῦ
3569 4781 3748 4850 Πάσχα

2200 4882 2356 4951 ἑορτῇ
2382 4896 2394 4909 ⁸
2428 4880 2604 4950 ἡμέρα
2627 4879 2682 4932 δὲ
2708 4875 2774 4948 ἦν
2796 4878 2956 4931 καλου
2966 4877 3098 4948 μένῃ
3129 4876 3370 4946 πέμπτη.
3407 4874 3538 4926 Τότε
3573 4873 3636 4943 δὴ
3661 4871 3749 4925 καὶ

2198 4973 2226 5024 ό
2282 4971 2529 5039 βασιλεὺς
2560 4969 2833 5030 Θεοδόσιος
2882 4967 3058 5035 σοφῶς
3115 4964 3204 5019 τοῦ
3258 4964 3577 5036 πράγματος
3623 4978 3748 5032 προ-

2199 5057 2416 5126 ενόησεν
2441 5073 2454 5086 ο
2489 5057 2576 5110 ἵνα
2599 5056 2705 5128 γὰρ
2734 5056 2805 5126 μὴ
2829 5055 2988 5110 πάλιν
3023 5054 3150 5124 περὶ
3175 5053 3430 5122 ἐπιλογῆς
3459 5051 3748 5104 ἐπισκόπου

2201 5147 2425 5218 ζήτησις
2464 5144 2519 5219 ᾗ,
2579 5148 2671 5200 καὶ
2719 5147 2929 5216 ταραχὴ
2971 5148 3036 5216 τῇ
3077 5144 3368 5215 Ἐκκλησία
3397 5144 3614 5213 κινήσῃ,
3679 5140 3746 5210 μὴ

2203 5239 2488 5310 μελλήσας,
2533 5237 2646 5290 ἀλλ’
2686 5237 2767 5289 ἔτι
2797 5237 3044 5307 κειμένου
3081 5235 3174 5288 τοῦ
3205 5235 3452 5305 σώματος
3482 5233 3748 5300 Μαξιμια-

2198 5331 2288 5385 νοῦ
2313 5334 2422 5394 τοῖς
2450 5330 2710 5400 παροῦσιν
2729 5329 3043 5392 ἐπισκόποις
3066 5327 3363 5399 ἐνθρονίσαι
3390 5326 3481 5379 τὸν
3512 5321 3744 5396 Πρόκλον

2198 5421 2492 5493 ἐπέτρεψεν
2522 5438 2536 5452 ο
2567 5421 2722 5476 τοῦτο
2751 5420 2857 5490 γάρ
2896 5419 2988 5472 καὶ
3011 5418 3105 5471 τοῦ
3147 5417 3444 5470 ἐπισκόπου
3485 5414 3585 5484 τῆς
3624 5412 3742 5465 Ῥω·

2201 5516 2370 5584 μαίων
2401 5513 2717 5568 Κελεστίνου
2746 5509 3022 5563 ἐπιστολαῖ⁷
3052 5508 3320 5579 παροῦσαι
3344 5507 3580 5574 ἐγίνοντο
3617 5503 3743 5572 σύμ-

2195 5605 2382 5672 ψηφοι,
2415 5601 2476 5664 ἃς
2507 5603 2707 5664 ἐκεῖνος
2756 5599 3081 5653 ἀπεστάλκει
3113 5598 3364 5669 Κυρίλλῳ
3394 5615 3450 5650 τε
3483 5596 3560 5666 τῷ
3609 5595 3744 5647 Ἀλε-

2199 5694 2493 5765 ξανδρείας,
2528 5694 2620 5746 καὶ
2663 5692 2880 5764 Ἰωάννῃ
2915 5691 2992 5760 τῷ
3033 5690 3375 5760 Ἀντιοχείας,
3412 5690 3505 5742 καὶ
3544 5685 3741 5752 Ῥούφῳ

2197 5787 2272 5856 τῷ
2296 5785 2701 5854 Θεσσαλονίκης,
2734 5785 2994 5838 διδάσκων
3037 5783 3108 5846 ὡς
3136 5782 3285 5835 οὐδὲν
3329 5781 3541 5846 κωλύει,
3564 5779 3647 5834 τόν
3685 5791 3736 5828 τι
