4028 6330
267 381 366 439 661
729 396 761 431 ἰι
805 366 832 385 “’

1474 383 1898 443 TESTlMONIA
1941 387 2289 445 VETERUM.

3401 397 3505 455 662

260 500 461 570 ἐτέρας
510 497 713 562 πόλεως
748 497 1132 568 ὀνομασθέντα,
1161 501 1194 570 ἦ
1236 500 1329 555 καὶ
1359 501 1486 555 ὄντα
1514 504 1831 569 ἐπίσκοπον,

1936 505 2069 561 ferri
2093 506 2411 563 Ecclesiam.
2473 506 2766 566 Ordinatus
2804 508 2986 581 itaque
3034 508 3282 575 Procles,
3338 512 3505 571 {unus

258 594 340 656 είς
372 590 539 662 ἄλλην
571 588 972 661 μετατίθεσθαι.
1003 588 1392 659 Ἐνθρονισθεὶς
1416 591 1509 648 οὖν
1541 596 1570 648 ὁ
1592 596 1832 665 Πρόκλος

255 684 358 756 τὴν
389 681 685 754 ἐκκομιδὴν
724 680 816 734 τοῦ
848 679 1189 752 Μαξιμιανοῢ
1224 681 1473 754 σώματος
1514 678 1826 756 ἐποιῆσατο.

1931 600 2177 670 corporis
2206 599 2519 656 Maximiani
2558 603 2890 672 procuravit.

1586 799 1715 856 lucu
1748 801 1903 869 ibid.,
1935 820 2053 873 cap.
2084 806 2173 860 41.

328 911 568 981 Πρόκλος
593 912 658 965 ἐκ
688 911 908 983 πρώτης
928 911 1142 983 ἡλικίας
1167 913 1516 985 ἀναγνώστης
1545 914 1837 986 ἐτύγχανεν

258 1006 355 1071 ὢν,
380 1005 570 1075 ἐφοίτα
596 1022 656 1058 τε
684 1007 763 1069 είς
786 1004 1158 1069 διδασκάλους,
1185 1006 1276 1058 καί
1308 1005 1600 1077 ῥητορικῆς
1629 1005 1836 1074 ἐγίνετο

258 1096 527 1169 ζηλωτής.
564 1096 797 1160 Τελέσας
829 1096 886 1149 δὲ
920 1100 999 1162 εἰς
1029 1098 1217 1168 ἄνδρα,
1243 1098 1310 1152 τὰ
1340 1098 1508 1152 πολλὰ
1551 1099 1729 1171 παρῆν
1757 1099 1835 1169 τῷ

254 1189 542 1260 ἐπισκὸπῳ
567 1188 814 1259 Ἀττικῷ,
841 1187 1191 1261 ὑπογραφεὺς
1209 1190 1370 1243 αὑτοῦ
1401 1191 1508 1244 τῶν
1538 1191 1709 1260 λόγων
1739 1208 1832 1261 γε-

258 1284 500 1355 νόμενος.
539 1282 897 1354 Προκόψαντα
924 1283 981 1336 δέ
1015 1284 1176 1337 αὑτὸν
1217 1285 1311 1336 καὶ
1359 1286 1416 1336 ἐν
1447 1286 1514 1355 τῇ
1552 1283 1702 1351 τάξει
1736 1286 1834 1355 τῆς

256 1376 527 1440 διακονίαςι
551 1375 793 1439 Ἀττικὸς
818 1377 1192 1448 προηγάγετο·
1221 1377 1474 1443 ἀξιωθεὶς
1502 1379 1558 1432 δὲ
1587 1379 1678 1432 καὶ
1707 1396 1836 1450 πρε-

261 1469 595 1540 σϐυτερείου,
649 1469 729 1532 ὡςΔ
770 1461 1051 1541 προεῖπον,
1102 1471 1207 1523 ὑπὸ
1254 1472 1519 1524 Σισιννίου
1555 1471 1691 1542 πρὸς
1736 1471 1836 1542 τὴν

258 1559 501 1625 Κυζίκου
528 1559 832 1631 ἐπισκοπῆν
860 1561 1191 1634 προεϐλήθη.
1225 1561 1358 1616 Τότε
1389 1564 1453 1634 δὴ
1475 1563 1573 1633 τῆς
1595 1566 1652 1616 ἐν
1682 1564 1837 1617 Κων-

260 1654 696 1710 σταντινουπόλει
754 1654 1085 1726 Ἐκκλησίας
1138 1657 1230 1710 τὸν
1284 1656 1470 1727 θρόνον
1528 1653 1835 1727 ἐκληρώθη.

258 1728 363 1796 Ἠν
387 1744 444 1797 δὲ
494 1744 633 1816 ἀνὴρ
665 1744 870 1813 ἀγαθὸς
913 1747 974 1801 τὸ
1007 1744 1160 1818 ἦθος,
1189 1751 1239 1803 εί
1269 1751 1362 1805 καί
1392 1768 1477 1814 τις
1508 1750 1692 1814 ἄλλος’
1733 1750 1839 1804 ὑπὸ

2008 918 2235 974 Proclus
2268 934 2332 975 ex
2367 921 2625 989 primaeva
2651 929 2808 977 aetate
2843 922 3013 977 lector
3043 921 3238 1002 fuerat,
3263 930 3318 980 et
3352 926 3515 982 audio.

1933 1011 2005 1065 tis
2036 1011 2459 1082 praeceptoribus
2491 1012 2775 1067 rhetorica:
2806 1028 3028 1083 operam
3057 1014 3303 1070 dederat.
3368 1018 3506 1074 Cum

1933 1108 2113 1155 autem
2146 1101 2201 1155 in
2231 1101 2407 1155 virum
2438 1101 2722 1166 evasisset,
2746 1102 3005 1172 episcopo
3036 1088 3219 1159 Attico
3254 1100 3508 1175 frequen-

1932 1193 2258 1256 teraderat,
2320 1207 2383 1247 ac
2431 1192 2694 1247 librorum
2746 1192 2901 1249 illius
2961 1194 3310 1251 amanuensis
3367 1202 3505 1252 erat.

1930 1280 2287 1354 Progressum
2310 1290 2513 1346 autem,
2544 1283 2760 1338 AttiCus
2788 1283 2856 1338 ad
2886 1282 3209 1339 diaconatus
3233 1286 3396 1339 etiam
3421 1301 3512 1340 or—

1929 1374 2111 1429 dinem
2143 1375 2430 1431 subvexit:
2479 1374 2675 1431 deinde
2718 1383 2774 1431 et
2818 1375 3217 1447 presbyterium
3258 1378 3507 1440 sortitus,

1929 1478 1958 1516 θ
1996 1462 2258 1531 Sisinnio,
2295 1465 2437 1519 sicut
2468 1472 2628 1520 antea
2663 1464 2796 1533 dixi,
2850 1464 2919 1519 ad
2950 1465 3325 1536 episcopatum
3353 1466 3511 1539 Cyzi-

1930 1569 2122 1609 cenum
2156 1555 2443 1612 ordinatus
2468 1564 2574 1612 est.
2608 1555 2962 1613 Postmodum
2994 1573 3123 1612 vero
3153 1565 3206 1612 et
3238 1557 3513 1614 Constarh

1928 1646 2304 1715 tinopolitanaa
2335 1640 2591 1704 Ecclesia).
2638 1649 2823 1705 sedem
2866 1657 2951 1704 est
2983 1660 3332 1708 consecutus.
3382 1653 3514 1707 Erat

1932 1745 2111 1793 autem
2137 1739 2225 1793 hic
2253 1740 2356 1804 vir,
2392 1740 2441 1796 si
2470 1741 2760 1814 quisquam
2795 1742 2958 1808 alius,
2991 1744 3208 1815 ingenio
3248 1760 3311 1800 ac
3341 1746 3512 1801 mori-

264 1835 375 1907 γὰρ.
393 1834 472 1905 τῷ
518 1836 748 1908 Ἀττικῷ
774 1838 1105 1906 παιδευθεὶς,
1137 1841 1316 1896 πάντα
1346 1841 1509 1895 αὐτοῦ
1530 1841 1599 1895 τὰ
1625 1841 1835 1913 χρηστὰ

1933 1830 2036 1886 bus
2075 1832 2274 1894 bonus,
2306 1832 2467 1887 etiam
2500 1835 2569 1887 ab
2610 1832 2792 1889 Attico
2822 1834 3128 1897 institutus.
3173 1851 3511 1907 quaecunque

258 1927 592 1998 ἐμιμήσατο⁶
645 1927 743 2000 τὴν
799 1929 855 1982 δὲ
908 1929 1275 1995 ἀνεξικακίαν,
1329 1932 1488 1986 πλέον
1531 1934 1598 2003 ἢν
1628 1934 1834 1996 ἐκεῖνος

259 2013 421 2089 εἶχεν,
453 2018 772 2092 ἐξήσκησεν.
830 2020 890 2076 Ὁ
925 2023 1023 2094 μὲν
1066 2023 1176 2094 γὰρ
1202 2025 1312 2087 τοῖς
1337 2023 1686 2097 αἱρεσιὼταις
1740 2041 1835 2094 φο-

259 2111 414 2182 ϐερὸν
442 2113 500 2167 ἐν
525 2112 703 2185 καιρῷ
731 2113 920 2168 ἑαυτὸν
940 2116 1346 2171 ἐπεδείκνυσεν⁹
1379 2112 1533 2182 οὗτος
1549 2117 1605 2172 δὲ
1632 2135 1836 2190 προση-

260 2206 353 2279 vi];
376 2208 491 2272 τοῖς
517 2208 682 2262 πᾶσιν
711 2208 919 2277 ἐγίνετο
940 2225 955 2240 ο
1006 2208 1179 2280 τούτῳ
1208 2208 1265 2263 δὲ
1311 2208 1510 2279 μᾶλλον
1548 2210 1761 2274 αὐτοὺς,
1797 2209 1831 2280 ἢ

260 2298 351 2370 βίᾳ
400 2298 769 2371 προσάγεσθαι
814 2300 1091 2374 προνοῶν·
1151 2302 1360 2373 αἵρεσιν
1420 2301 1528 2371 γὰρ
1578 2301 1833 2372 οὐδεμίαν

263 2387 510 2442 σκύλλειν
537 2388 876 2460 αἱρούμενος,
928 2389 989 2443 τὺ
1029 2389 1246 2460 ἀξίωμα
1287 2390 1387 2460 τῆς
1430 2390 1735 2460 πραότητος
1766 2393 1832 2461 τῇ

262 2478 560 2556 Ἐκκλησία
593 2479 836 2552 φυλάξας
867 2481 1147 2535 ἀπέδωκε·
1216 2480 1356 2535 κατὰ
1385 2481 1543 2534 τοῦτο
1576 2480 1636 2534 τὸ
1671 2480 1835 2551 μέρος

264 2574 348 2630 τὸν
375 2575 596 2646 βασιλέα
626 2575 958 2647 μιμούμενος
985 2574 1279 2629 Θεοδόσιον.

1932 1922 1989 1977 in
2021 1923 2115 1977 illo
2144 1922 2285 1978 bona
2328 1922 2569 1990 fuerant,
2612 1924 2861 1981 imitatus
2889 1933 3014 1995 est;
3073 1927 3362 1983 clementia
3384 1943 3512 1983 vero

1934 2029 2068 2070 usus
2093 2022 2174 2070 est
2201 2016 2430 2086 majore,
2477 2031 2640 2088 quam
2695 2018 2749 2071 in
2781 2017 2962 2073 Attico
2991 2016 3184 2074 fuerat.
3240 2020 3334 2075 ille
3360 2035 3514 2075 nam-

1935 2125 2042 2180 que
2096 2109 2371 2166 haereticis
2420 2111 2720 2166 terribilem
2773 2127 2834 2169 se
2885 2127 2984 2183 pro
3037 2122 3282 2185 tempore
3330 2127 3514 2171 Men-

1934 2201 2121 2269 derat;
2178 2201 2271 2257 hic
2319 2217 2450 2258 vero
2495 2203 2754 2260 omnibus
2797 2202 3044 2274 placidus
3072 2204 3199 2271 fuit,
3240 2205 3421 2261 ethoc
3453 2222 3514 2262 se

1934 2300 2094 2362 pacto
2124 2307 2219 2347 eos
2264 2293 2435 2365 magis
2483 2308 2647 2364 quam
2680 2293 2940 2350 violentia
2971 2302 3336 2351 attracturum
3370 2312 3512 2368 pra:—

1933 2385 2223 2456 cogitavit:
2264 2387 2466 2442 etenim
2498 2386 2703 2440 nullam
2744 2377 2993 2442 haeresim
3017 2389 3271 2445 divexare
3296 2391 3503 2455 volens,

1934 2477 2351 2534 mansuetudine
2371 2478 2686 2548 dignitatem
2714 2477 2971 2535 Ecclesiae
2998 2480 3204 2534 salvam
3231 2481 3506 2545 restituit;

1912 2578 2098 2655 atque
2141 2585 2207 2627 ea
2254 2572 2311 2626 in
2351 2586 2410 2626 re
2459 2570 2825 2628 Theodosium
2885 2571 3272 2643 imperatorem
3323 2572 3507 2627 imita-

1812 2700 1821 2709 α
1937 2672 2029 2717 tus
2055 2670 2159 2719 est.

1590 2777 1718 2830 lucu
1753 2774 1908 2839 ibid.,

330 2897 453 2950 Ἐπὶ
487 2895 696 2958 τούτοις
737 2894 836 2966 μὲν
870 2889 964 2947 οὖν
997 2894 1089 2947 καὶ
1128 2893 1155 2945 ὁ
1184 2892 1436 2964 βασιλεὺς
1500 2892 1662 2946 αὑτὸν
1694 2893 1833 2947 ἀπε-

261 2988 439 3058 δέχετο
472 3004 487 3018 ⁸
525 2986 750 3058 καὶγὰρ
778 2988 888 3049 τοῖς
919 2984 1131 3058 ἀληθῶς
1160 2985 1480 3058 ἱερωμένοις
1512 2983 1833 3056 ἐφάμιλλος,

267 3082 355 3134 καὶ
378 3078 611 3151 οὐδαμοῦ
641 3081 765 3142 τοὺς
792 3077 1006 3132 διώκειν
1041 3076 1321 3139 ἐθέλοντας
1355 3076 1665 3147 ἀπεδέχετο.

1594 3280 1723 3337 locu
1756 3281 1910 3349 ibid.,

330 3404 562 3476 Θνήσκει
606 3403 704 3472 μὲν
745 3402 1040 3475 Βαρϐάρων
1098 3405 1127 3454 ό
1160 3403 1415 3475 ἔπαρχος,
1467 3394 1512 3470 ᾧ
1545 3403 1719 3474 ὄνομα
1753 3398 1823 3475 ἦν
1848 3410 1892 3467 C

276 3498 519 3566 Ῥούγας,
550 3496 763 3568 βληθεὶς
807 3494 1055 3567 κεραυνῷ
1076 3513 1090 3527 ο
1135 3495 1318 3565 λοιμός
1357 3513 1415 3548 τε
1444 3496 1835 3568 ἐπιλαϐόμενος

264 3593 322 3645 τὸ
349 3592 594 3645 πλεῖστον
618 3590 724 3642 τῶν
748 3590 839 3642 ὑπ’
866 3587 1015 3659 αὐτῷ
1039 3586 1338 3657 ἀνθρώπων
1367 3587 1694 3659 διέφθειρεν.
1725 3588 1835 3642 Καὶ

263 3684 321 3736 οὐ
347 3682 505 3736 τοῦτο
537 3681 694 3752 μόνον
752 3679 1076 3751 ἐξήρκεσενο
1131 3678 1267 3732 ἀλλὰ
1324 3678 1433 3750 γὰρ
1487 3679 1578 3731 καὶ
1612 3677 1724 3750 πῦρ
1776 3677 1835 3743 ἐξ

264 3773 487 3843 οὐρανοῦ
524 3771 800 3835 κατελθὸν,
836 3769 1061 3834 πολλοὺς
1102 3771 1208 3824 τῶν
1249 3768 1679 3837 ὑπολειφθέντων
1706 3769 1839 3823 ἀνά-

264 3864 449 3918 λωσεν.
483 3862 615 3915 Τότε
669 3860 732 3933 δὴ
785 3861 879 3915 καὶ
936 3863 965 3913 ὁ
1018 3859 1312 3923 ἐπίσκοπος
1346 3858 1606 3929 Πρόκλος,
1642 3859 1706 3911 ἐκ
1740 3856 1832 3910 τοῦ

276 3956 531 4029 Ἰεζεκιὴλ
565 3954 894 4026 προφητείαν
921 3954 1006 4005 ἐπ’
1027 3952 1319 4023 ἐκκλησίας
1341 3950 1624 4014 διδάσκων,
1652 3952 1718 4021 τῇ
1752 3965 1835 4017 γε-

265 4053 458 4124 νομένῃ
485 4054 550 4105 ἐκ
578 4050 710 4104 Θεοῦ
741 4049 982 4121 σωτηρία
1009 4046 1418 4120 προσαρμόσας,
1450 4044 1647 4108 ἱκανῶς
1676 4044 1836 4097 ἐθαυ-

269 4144 464 4217 μάσθη.
512 4144 575 4197 Ἦ
607 4143 663 4196 δὲ
711 4141 1014 4213 προφητεία
1049 4143 1195 4195 ἐστὶν
1224 4140 1362 4211 αὕτη
1388 4157 1402 4170 ·
1462 4138 1575 4193 Καὶ
1606 4138 1708 4202 σὺ,
1741 4136 1838 4191 υἱὲ

266 4237 597 4306 ἀνθρώπου,
626 4236 1050 4304 προφήτευσον
1076 4235 1174 4288 ἐπὶ
1197 4234 1334 4305 Γὼγ
1363 4234 1647 4303 ἄρχοντα,
1667 4235 1831 4300 Ῥὼς,

267 4327 464 4398 Μλισὸχ
494 4327 593 4381 καὶ
623 4325 808 4380 Θοϐέλ
828 4341 844 4356 ·
876 4324 1057 4394 κρινῷ
1093 4326 1203 4395 γὰρ
1232 4326 1418 4380 αὑτὸν
1448 4322 1701 4389 θανάτῳ.
1733 4322 1833 4376 καὶ

266 4422 481 4491 αἵματι,
509 4418 609 4473 καὶ
635 4417 787 4483 ὐετῷ
827 4415 1278 4477 κατακλύζοντι,
1306 4416 1405 4470 καὶ
1426 4417 1620 4482 λίθοις
1648 4414 1833 4484 χαλά-

268 4509 395 4578 ζης⁶
454 4509 555 4562 καὶ
607 4508 748 4576 πῦρ.
783 4507 881 4559 καὶ
922 4506 1085 4560 θεῖον
1115 4506 1315 4575 βρέξω
1366 4506 1458 4559 ἐπ’
1488 4505 1693 4569 αὑτὸν,
1733 4505 1832 4559 καὶ

266 4601 361 4653 ἐπὶ
395 4600 624 4664 πάντας
648 4598 790 4664 τοὺς
812 4598 937 4666 μετ’
963 4597 1171 4660 αὐτοῦ,
1207 4597 1303 4650 καὶ
1330 4599 1416 4662 είς
1442 4597 1589 4666 ἔθνη
1631 4597 1833 4651 πολλὰ

268 4693 382 4759 μετ’
403 4689 608 4745 αὑτοῦ.
632 4688 741 4743 Καὶ
765 4686 1315 4757 μεταλυνθήσομαι,
1340 4688 1435 4741 καὶ
1465 4686 1831 4755 ἐνδοξασθῆ-

1945 2790 2064 2843 cap.
2102 2772 2192 2827 42.

2011 2890 2124 2946 Hac
2155 2892 2337 2962 itaque
2370 2890 2583 2947 ratione
2616 2891 2911 2962 imperator
2932 2889 3183 2947 Proclum
3213 2892 3507 2955 laudabat:

1939 3000 2065 3040 nam
2102 2992 2155 3040 et
2192 2984 2307 3054 ipse
2345 2999 2505 3040 veros
2546 2984 2862 3041 imitabatur
2890 2986 3223 3051 sacerdotes,
3267 3002 3369 3043 nec
3398 2988 3512 3043 ullo

1938 3086 2099 3147 pacto
2125 3092 2220 3132 eos
2241 3076 2577 3147 approbabat
2628 3076 2723 3146 qui
2771 3076 2838 3131 ad
2888 3078 3327 3148 persequendum
3352 3088 3508 3134 erant

1936 3168 2135 3239 parati.

1946 3298 2061 3352 cap.
2094 3283 2183 3337 45.

1993 3406 2351 3461 Barbarorum
2400 3408 2532 3474 dux,
2586 3409 2804 3464 nomine
2854 3407 3059 3480 Rugas,
3100 3408 3328 3465 fulmine
3364 3409 3506 3464 ietus

1934 3499 2179 3564 interiit;
2236 3509 2289 3554 et
2318 3501 2487 3568 pestis
2535 3501 2824 3557 subsecuta
2865 3502 3157 3555 maximam
3193 3516 3382 3558 eorum
3406 3503 3505 3556 ho-

1936 3592 2141 3645 minum
2166 3591 2260 3661 qui
2290 3592 2393 3646 sub
2431 3593 2524 3646 illo
2557 3592 2796 3658 fuerant,
2829 3600 3037 3664 partem
3069 3578 3361 3650 interemit.
3398 3594 3507 3649 Ne-

1934 3698 2039 3751 que
2066 3685 2144 3739 sic
2174 3685 2329 3762 plaga
2364 3684 2569 3754 quievit
2594 3702 2608 3752 ;
2641 3686 2737 3741 sed
2770 3692 2822 3741 et
2846 3685 2989 3756 ignis
3009 3701 3039 3741 e
3060 3687 3201 3741 ctelu
3229 3682 3507 3756 delapsus,

1935 3775 2197 3851 plurimos
2219 3791 2285 3828 ex
2313 3776 2379 3829 iis
2409 3767 2503 3845 Qui
2536 3786 2939 3842 remanserunt,
2971 3777 3330 3849 consumpsit.
3355 3776 3511 3832 Tunc

1935 3876 2065 3921 sane
2094 3866 2384 3936 episcopus
2417 3866 2666 3932 Proclus,
2701 3884 2825 3922 cum
2861 3869 2917 3922 in
2947 3866 3275 3924 ecclesia'de
3306 3868 3504 3923 collata

1934 3958 2108 4012 salute
2131 3957 2432 4013 Ezechielis
2456 3968 2752 4029 exponeret
2772 3960 3132 4031 prophetiam,
3160 3959 3506 4015 admirationi

1934 4048 2037 4102 fuit
2067 4048 2302 4104 abunde.
2350 4048 2521 4102 Erant
2548 4059 2729 4104 autem
2769 4049 2932 4104 verba
2960 4047 3288 4118 pr0phetiaa:
3331 4046 3400 4098 Et
3427 4057 3502 4112 tu,

1933 4141 2015 4207 [ili
2054 4139 2302 4203 heminis,
2351 4141 2639 4194 vaticinare
2666 4149 2850 4194 contra
2873 4136 2982 4209 Gog
3006 4139 3315 4209 principem,
3342 4136 3502 4201 Rhos.

1934 4232 2140 4287 Misoch
2171 4212 2235 4286 eti
2254 4232 2414 4286 Tobel
2429 4248 2448 4297 ;
2480 4231 2737 4300 judicabo
2762 4232 2901 4285 enim
2931 4245 3050 4286 eum
3085 4240 3272 4294 morte,
3306 4240 3357 4285 ct
3380 4247 3507 4286 san-

1932 4325 2087 4395 guine
2111 4334 2158 4377 et
2185 4324 2349 4377 imbre
2375 4323 2676 4388 uehementi,
2725 4333 2775 4378 et
2815 4321 3078 4392 lapidibus
3099 4322 3408 4395 grandinis;
3453 4332 3506 4378 et

1932 4417 2122 4486 ignem,
2162 4424 2212 4471 et
2244 4416 2465 4484 sulphur
2492 4416 2674 4484 ptuam
2708 4431 2865 4484 super
2888 4431 3028 4480 eum,
3056 4426 3107 4471 et
3144 4431 3297 4485 super
3318 4432 3504 4470 omnes

1932 4510 2022 4579 qui
2059 4525 2178 4562 cum
2201 4524 2283 4572 eo,
2324 4519 2375 4562 et
2422 4523 2578 4577 super
2594 4517 2770 4578 gentes
2797 4507 2994 4561 multa:
3027 4522 3145 4561 cum
3173 4523 3254 4561 eo.
3287 4505 3363 4560 Et
3390 4522 3506 4560 ma-

1931 4599 2224 4671 gniﬁcabor
2249 4608 2299 4655 et
2343 4599 2704 4671 gloriﬁcabor,
2756 4607 2806 4654 et
2831 4609 2984 4654 notus
3009 4616 3099 4654 cro
3138 4601 3192 4653 in
3230 4584 3507 4669 conspectu

1933 4691 2225 4745 multarum
2271 4694 2534 4763 gentium:
2578 4700 2626 4745 et
2650 4698 2959 4762 cognoscent
2993 4692 3122 4762 quia
3147 4704 3239 4762 ego
3259 4706 3377 4745 sum
3400 4688 3505 4744 Do-

268 4797 464 4849 σομαι,
492 4780 590 4834 καὶ
610 4779 1034 4849 γνωσθήσομαι
1050 4779 1330 4853 ἑνςαντίον
1344 4779 1589 4832 πολλῶν
1613 4779 1802 4833 ἐθνῶν
1817 4796 1830 4809 ·

1935 4783 2109 4835 minus
2135 4783 2173 4835 ¹.
2210 4780 2570 4837 Vehementer
2599 4782 2805 4851 itaque,
2845 4782 2986 4838 sicut
3016 4781 3255 4848 dixi,'ob‘
3280 4780 3383 4837 ista
3410 4778 3508 4835 ad;

268 4874 364 4928 καὶ
386 4871 717 4944 γνώσονται
745 4870 834 4924 ὅτι
862 4868 976 4939 ἐγώ
1006 4871 1123 4938 εἰμι
1152 4871 1184 4922 ό
1209 4870 1442 4936 Κύριος.
1490 4870 1701 4941 Σφόδρα
1734 4871 1831 4941 μὲν

268 4964 375 5035 οὗν,
412 4966 488 5031 ὡς
515 4965 670 5037 ἔφην,
703 4960 1018 5034 ἐθαυμάσθη
1047 4961 1142 5014 ἐπὶ
1170 4960 1378 5025 τούτοις
1408 4962 1436 5013 ὁ
1471 4961 1728 5033 Πρόκλος.

1937 4872 2211 4927 mirationi
2239 4871 2341 4927 fuit
2366 4871 2614 4930 Proclus.

1846 5055 1954 5115 ΙΙΙ.

288 5192 295 5197 υ
341 5155 431 5216 Ea:
447 5159 681 5217 concilio
733 5158 1073 5214 Antiocheno
1112 5156 1214 5211 sub
1243 5154 1835 5294 Ποιηηοάὲιεπιοῶσέξ

1548 5244 1663 5294 agg.

2065 5160 2283 5285 cioggzi’lii
2317 5160 2601 5228 Cbalced.,
2632 5161 2759 5215 edit.
2816 5159 2939 5215 Ven.
2973 5146 3138 5216 Βοιώ.
3178 5160 3304 5215 to'm.
3335 5156 3427 5227 IV,

1548 5244 1663 5297 agg.
1694 5244 1853 5293 mea,
1888 5244 2044 5296 Iwz,
2083 5244 2246 5285 aeuo.

337 5344 538 5414 Δόμνος
567 5340 864 5402 ἐπίσκοπος
890 5338 1325 5410 τῆςἈντιοχείας
1351 5333 1531 5391 εἶπενο
1575 5333 1704 5393 Οἶδα
1732 5342 1831 5394 κὰ-

268 5432 347 5502 γὼ
379 5430 808 5503 ἐπιδεδημηκέναι
848 5429 939 5483 τὸν
990 5429 1287 5482 ἐπίσκοπον
1329 5426 1642 5482 Ἀθανάσιον
1664 5445 1678 5460 ο
1739 5430 1833 5483 καὶ

269 5525 372 5598 γὰρ
414 5521 638 5595 ἐκόμισὲ
674 5538 763 5593 μοι
806 5521 1105 5592 γράμματα
1155 5518 1260 5572 τῶν
1293 5519 1713 5589 θεοφιλεστάτων
1738 5522 1832 5574 καὶ

272 5616 582 5684 ἁγιωτάτων
606 5614 938 5679 ἐπισκόπων,
964 5612 1058 5666 τοῦ
1085 5611 1272 5682 κυρίου
1302 5611 1830 5685 Πρόκλου,φημὶ,καὶ

268 5705 356 5758 τοῦ
381 5705 574 5780 κυρίου
608 5703 902 5775 Κυρίλλου.

340 5852 354 5883 ¹
394 5851 589 5910 Ezech.
628 5864 853 5912 xxan,
890 5850 957 5902 22
995 5866 1108 5920 scq.

2000 5341 2242 5399 Domnus
2269 5343 2561 5414 episcopus
2587 5342 2890 5397 Antiochiae
2917 5342 3087 5397 dixit:
3133 5340 3270 5397 Novi
3307 5349 3363 5395 et
3397 5356 3498 5409 ego

1929 5432 2252 5491 formidasse
2312 5430 2824 5491 reverendiSSimum
2884 5434 3199 5504 episcopum
3255 5431 3497 5486 Athana-

1928 5528 2068 5583 sium
2092 5545 2103 5579 :
2129 5541 2251 5581 nam
2274 5528 2466 5582 detulit
2489 5528 2620 5580 mihi
2644 5527 2851 5582 litteras
2880 5524 2972 5580 Dei
2996 5523 3496 5578 amantissimorum

1927 5622 1980 5669 et
2006 5616 2475 5670 sanctissimorum
2519 5616 2920 5686 episcoporum,
2970 5612 3154 5668 domni
3185 5611 3363 5669 Procli
3387 5612 3497 5670 sci-

1927 5707 2054 5763 licet
2084 5712 2138 5761 ct
2165 5706 2348 5761 domui
2379 5705 2587 5777 Cyriili.
