4028 6330
503 368 610 433 6.63

1595 358 1651 416 s.
1692 356 2012 418 PROCLUS
2049 356 2154 414 cp.
2197 353 2592 412 msceres.
3279 333 3333 407 l

3617 338 3710 396 664

565 485 887 544 Theodorus
930 483 1218 554 episcopus
1257 480 1417 534 dixit:
1475 478 1676 533 Divina:
1725 478 1917 534 litterae
1963 491 2059 547 per
2087 489 2127 543 Α

2231 474 2501 545 Θεόδωρος
2545 471 2838 530 ἐπίσκοπος
2885 465 3063 521 εἶπεν·
3100 466 3263 519 Ὅσια
3292 461 3598 532 γράμματα
3641 456 3721 512 διὰ
3796 434 3803 454 ⁸

501 581 595 639 Dei
627 551 1058 634 amantissimum
1101 551 1413 642 episcopum
1443 570 1803 626 Athanasium
1836 568 2061 640 prolatas

2201 566 2254 619 οὗ
2279 563 2687 633 θεοφιλεστάτου
2729 559 3024 614 ἐπισκόπου
3065 555 3380 611 Ἀθανασίου
3408 551 3724 621 κεκόμισται

497 683 625 731 sunt
654 679 967 729 sanctorum
999 665 1555 736 archiepiscoporum.
1584 661 1779 717 lubeat
1811 670 1904 716 tua
1935 675 2062 714 san-

500 768 662 823 ctitas
692 766 795 820 has
824 760 988 832 relegi
1021 774 1211 815 coram
1231 766 1422 813 saneto
1454 755 1706 811 concilio.

531 955 535 959 '
575 937 918 993 Theoctistus
948 933 1238 1005 episcopus
1279 930 1550 985 Berrhoeae
1578 929 1752 984 dixit:
1800 925 1923 982 Haec
1949 925 2064 996 ipsa

500 1038 555 1084 et
599 1042 699 1099 ego
742 1024 1013 1097 perspexi,
1063 1024 1194 1094 quia
1238 1021 1374 1076 falsa
1411 1019 1655 1074 docuerit
1688 1015 2064 1072 sanctissimos

412 1112 419 1117 ’
500 1128 553 1174 et
578 1114 1077 1172 venerabilissimos
1106 1112 1414 1183 episcopos,
1447 1109 1696 1164 Proclum
1729 1106 1977 1162 videlicet
2009 1113 2064 1159 et

497 1209 782 1280 Cyrillum,
819 1205 1305 1261 revereudissimus
1328 1203 1619 1273 episcopus
1647 1200 1998 1254 Athanasius.

569 1297 780 1352 Sabbas
813 1297 1101 1366 episcopus
1132 1294 1301 1348 dixit:
1347 1293 1405 1347 Si
1431 1293 1666 1363 quietem
1700 1292 1946 1362 diligeret
1977 1304 2065 1345 re-

501 1388 930 1444 verendissimus
949 1385 1239 1457 episcopus
1258 1385 1609 1447 Athanasius,
1639 1398 1745 1438 non
1766 1398 1888 1438 eum
1910 1396 2070 1452 Opor-

502 1486 684 1534 tuerat
713 1487 838 1550 post
863 1477 1150 1548 repudium
1182 1485 1234 1532 et
1259 1476 1667 1547 jusjurandum,
1697 1476 2067 1544 importunum

500 1572 765 1626 exsistere
815 1569 1181 1625 sanctissimis
1231 1566 1484 1622 Patribus
1541 1575 1595 1622 et
1648 1563 2071 1634 archiepiscopis

455 1731 460 1735 .
504 1663 696 1718 Proeto
723 1670 779 1719 et
807 1662 1028 1734 Cyrillo.

2161 655 2269 708 τῶν
2305 653 2623 723 ἁγιωτάτων
2663 650 2755 704 καὶ
2792 646 3215 718 θεοφιλεστὰτων
3256 643 3588 699 ἐπισκόπων.
3626 641 3726 693 Κε-

2163 742 2409 796 λευσάτω
2436 757 2526 794 σου
2553 742 2585 810 ἡ
2617 738 2862 808 ἁγιότης,
2887 735 3059 791 ταῦτα
3087 730 3500 803 ἀναγνωσθῆναι
3523 726 3618 781 ἐπὶ⁵
3635 726 3726 798 τῆς

2168 832 2328 900 ἁγίας
2357 829 2592 883 συνόδου.

2235 922 2553 984 Θεόκτιστος
2608 918 2902 982 ἐπίσκοπος
2942 915 3202 989 Βερῤοίας
3245 907 3364 965 εἷπε
3387 927 3402 940 ⁸
3460 906 3542 962 Τὰ
3598 907 3733 962 αὖτὰ

2171 1013 2403 1067 συνεῖδον
2435 1009 2588 1081 κὰγὼ
2613 1009 2689 1072 ὡς
2712 1009 2879 1080 ψευδῆ
2909 1007 3114 1073 ἐδίδαξε
3138 1005 3263 1066 τοὺς
3284 1000 3614 1071 ἁγιωτάτους
3643 994 3734 1048 καὶ

2168 1103 2495 1165 ὁσιωτάτους
2533 1101 3013 1173 ἁρχιεπισκόπους,
3046 1095 3288 1168 Πρόκλον
3328 1092 3470 1163 φημὶ
3504 1088 3600 1142 καὶ
3626 1085 3735 1140 Κύ-

2174 1197 2347 1269 ριλλον
2381 1198 2409 1249 6
2432 1194 2823 1255 εὐλαϐέστατος
2857 1190 3148 1252 ἐπίσκοπος
3186 1185 3523 1245 Ἀθανάσιος.

2239 1284 2448 1348 Σάϐϐας
2477 1283 2772 1346 ἐπίσκοπος
2796 1277 2982 1335 εἶπεν·
3035 1279 3098 1332 Ei
3144 1275 3241 1348 τὴν
3285 1270 3515 1344 ἡσυχίαν
3552 1268 3741 1339 ἠγάπα

2175 1381 2203 1433 ό
2248 1376 2637 1438 εὐλαϐέστατος
2696 1373 2992 1434 ἐπίσκοπος
3051 1366 3365 1427 Ἀθανάσιος
3395 1402 3410 1424 ,
3483 1359 3584 1413 οὐκ
3638 1356 3742 1410 ἔδει

2176 1471 2335 1524 αὐτὸν
2390 1469 2524 1539 μετὰ
2576 1465 2904 1537 παραίτησιν
2933 1460 3026 1516 καὶ
3078 1460 3272 1531 ὅρκους
3315 1452 3600 1525 ἐνοχλῆσαι
3633 1455 3746 1509 τοῖς

2179 1564 2351 1632 ἁγίοις
2380 1560 2628 1631 Πατράσι
2658 1558 2751 1611 καὶ
2774 1552 3220 1628 ἁρχιεπισκόποις
3250 1546 3477 1621 Πρόκλῳ
3508 1543 3604 1597 καὶ
3629 1540 3746 1595 Κυ-

2184 1654 2362 1727 ρίλλῳ.

2106 1767 2207 1828 IV.

1121 1901 1501 1958 Tuscoontrus
1524 1900 1684 1970 epist.
1719 1914 1937 1962 unm,
1971 1896 2035 1950 ad
2070 1893 2408 1960 Flavianum,
2438 1892 2569 1963 Opp.
2604 1887 2824 1956 tom.lll,
2850 1905 2971 1960 pag.
3003 1883 3128 1942 964.

582 2014 750 2080 Scito,
775 2012 1015 2075 domine,
1048 2011 1194 2082 quod
1215 2012 1453 2067 demisso
1476 2025 1602 2080 erga
1627 2023 1725 2063 nos
1748 2007 1928 2061 animo
1953 1986 2076 2068 fuit,
2109 2019 2148 2073 Β

510 2120 578 2160 ex
606 2120 715 2173 quo
769 2104 824 2158 in
865 2104 1000 2158 urbe
1032 2110 1235 2167 vestra,
1293 2109 1535 2171 tempore
1591 2100 1761 2154 beatas
1807 2096 2081 2151 memoria:

511 2193 711 2262 Procli,
736 2194 996 2266 synodica
1042 2202 1162 2248 aeta
1191 2192 1620 2263 composuimus,
1670 2197 1958 2260 sequentes
1988 2202 2080 2243 ca-

514 2302 688 2343 nones
711 2294 1026 2343 sauetorum
1065 2285 1305 2341 Patrum.

2249 2004 2409 2069 Ἴσθι,
2459 2004 2715 2066 δέσποτα,
2766 1992 2842 2063 ὧς
2884 1998 2984 2070 τὴν
3017 1994 3153 2068 πρὸς
3202 1990 3358 2065 ἡμῶν
3406 1988 3532 2060 ἔσχε
3569 2003 3751 2060 μικρο-

2183 2095 2400 2166 ψυχίαν,
2452 2095 2512 2159 ἐξ
2539 2085 2601 2147 οὗ
2648 2094 2761 2155 τοῖς
2802 2090 2929 2161 παρ’
2960 2089 3090 2160 ὑμῖν
3116 2079 3504 2155 γεγενημένοις
3556 2075 3756 2132 συναδι-

2184 2190 2318 2252 κοῖς,
2372 2188 2467 2242 ἐπὶ
2494 2185 2589 2239 τοῦ
2638 2185 2735 2256 τῆς
2767 2181 3039 2254 μακαρίας
3073 2179 3291 2249 μνήμης
3325 2169 3600 2244 Πρόκλου,
3632 2183 3760 2220 συν-

2183 2278 2436 2350 εθέμεθα,
2483 2279 2598 2340 τοῖς
2644 2274 2753 2328 τῶν
2789 2272 2956 2342 ἁγίων
2995 2268 3253 2340 Πατέρων
3290 2262 3511 2319 κανόσιν
3536 2257 3760 2313 ἁκολου-

2185 2367 2469 2438 ϐήσαντες.

1470 2486 1603 2540 locu
1627 2484 1794 2555 epist.
1830 2500 1919 2549 cx,
1947 2484 2013 2539 ad
2045 2483 2336 2551 Domuum,
2364 2483 2495 2537 ibid.
2531 2497 2651 2551 pag.
2677 2478 2802 2536 980.

587 2608 1049 2666 Consuetudinem
1110 2607 1292 2676 itaque
1338 2606 1506 2661 secuti
1549 2621 1759 2668 sumus,
1819 2617 1872 2661 et
1917 2605 2092 2660 homi-

519 2715 620 2755 nes
649 2701 912 2773 insignes,
943 2708 1058 2755 tum
1135 2698 1407 2764 doctrina,
1469 2708 1584 2752 tum
1646 2699 1757 2752 vita
1817 2697 2081 2752 celebres.

522 2789 688 2846 Multa
718 2794 881 2848 etiam
930 2794 1034 2847 alla
1091 2791 1404 2862 huiusmodi
1439 2791 1611 2846 beatae
1651 2791 1925 2845 memoria:
1958 2789 2088 2844 Pro-

523 2885 640 2937 elus
677 2881 1317 2954 Constantinopolitanus
1380 2884 1669 2952 episc0pus
1718 2882 1980 2945 edoctus,
2034 2888 2090 2935 et

524 2976 642 3044 ipse
679 2977 1076 3031 ordinationem
1128 2975 1369 3045 suscepit
1391 2983 1445 3030 et
1474 2973 1712 3027 laudavit
1735 3011 1750 3038 ,
1790 2972 2090 3042 litterisque

527 3069 867 3138 approbavit.

2242 2604 2421 2678 _'E05:
2452 2603 2628 2656 τοίνυν
2653 2597 3118 2671 ὴκολουθήσαμεν,
3154 2592 3247 2646 καὶ
3276 2586 3531 2660 ἀνδράσιν
3566 2584 3763 2678 ἐπισήῖο

2190 2674 2329 2768 μοις,
2351 2694 2443 2748 καὶ
2468 2693 2559 2747 ἐπὶ
2591 2689 2786 2761 γνώσει
2811 2689 2905 2742 καὶ
2928 2687 3026 2758 βίῳ
3078 2680 3557 2753 πολυθρυλλήτοις.
3587 2674 3765 2768 nam;

2186 2767 2242 2841 δὲ
2292 2787 2383 2841 καὶ
2432 2785 2568 2839 ἄλλα
2627 2783 2851 2835 τοιαῦτα
2877 2776 3255 2847 δεδιδαγμένος
3296 2775 3326 2827 ὁ
3353 2772 3453 2842 τῆς
3486 2767 3763 2840 μακαρίας

2193 2878 2409 2948 μνήμης
2422 2871 2664 2945 Πρόκλος
2690 2872 2718 2924 ό
2737 2870 2838 2939 τῆς
2863 2859 3507 2922 Κωνσταντινουπολιτῶν
3531 2858 3756 2948 ἐπίσκο-

2191 2947 2311 3031 πος,
2340 2967 2434 3020 καὶ
2464 2963 2625 3027 αὐτὸς
2647 2963 2744 3034 τὴν
2771 2958 3103 3032 χειροτονίαν
3130 2954 3368 3020 ἐδέξατο,
3400 2951 3496 3007 καὶ
3532 2947 3767 3021 ἔγραψεν

2194 3059 2428 3115 ἐπαινῶν
2453 3057 2545 3112 καὶ
2564 3054 2876 3124 θαυμάζων.

2113 3176 2185 3236 ν.

672 3307 757 3361 Ex
779 3305 955 3361 libello
984 3304 1199 3360 Eusebii
1238 3304 1462 3374 episcopi
1492 3304 1725 3374 Dorylwi
1755 3305 1810 3356 in
1837 3311 1943 3357 act.
1976 3317 1993 3356 ι
2033 3315 2188 3357 eone.
2230 3296 2512 3360 Chalced.,
2536 3292 2664 3348 edit.
2699 3291 2827 3346 Ven.
2869 3285 3034 3341 Labb.
3073 3296 3199 3340 tom.
3230 3281 3319 3348 IV,
3351 3297 3470 3352 pag.
3502 3279 3627 3336 951.

605 3426 663 3479 In
694 3424 797 3478 (ide
821 3433 1132 3479 sanctorum
1156 3419 1377 3475 Patrum
1410 3426 1774 3475 trecentorum
1823 3418 2012 3472 decem
2038 3423 2092 3470 et
2123 3440 2127 3463 ι

2268 3414 2345 3484 Τῇ
2382 3405 2561 3464 πίστει
2601 3408 2709 3461 τῶν
2753 3406 2921 3475 ἁγίων
2963 3401 3245 3473 Πατέρων,
3296 3396 3405 3452 τῶν
3448 3394 3776 3468 τριακοσίων

535 3525 660 3573 octo
691 3516 747 3571 in
773 3514 952 3571 Νίσαια
978 3521 1447 3584 congregatorum,
1476 3518 1530 3567 et
1562 3512 1615 3566 in
1647 3511 1734 3566 his
1763 3524 1885 3580 qua:
1915 3507 2096 3578 sapuit

537 3616 593 3661 et
632 3605 882 3675 exposuit
919 3604 1267 3660 beatissimus
1304 3603 1542 3675 Cyrillus
1577 3600 1958 3658 Alexandrinae
1994 3614 2101 3654 ma-

540 3711 660 3765 gna:
708 3695 944 3752 civitatis
993 3694 1267 3767 quondam
1328 3695 1663 3764 epise0pus.,
1747 3699 1802 3747 et
1872 3706 2102 3762 magnus

541 3787 894 3855 Athanasius,
932 3792 986 3843 et
1021 3783 1338 3856 Gregorius,
1375 3793 1430 3839 et
1466 3783 1715 3850 Proelus,
1767 3784 1943 3839 sancti
1989 3782 2106 3853 epi-

545 3894 715 3950 εεορι.

2189 3507 2321 3561 δέκα
2351 3506 2445 3559 καὶ⁸
2467 3502 2632 3565 ὀκτὼ,
2660 3501 2767 3555 τῶν
2804 3502 2861 3553 ἐν
2895 3498 3096 3568 Νικαίᾳ
3125 3490 3643 3563 συναγηγερμένων,
3686 3487 3776 3542 καὶ

2190 3601 2304 3662 τοῖς
2328 3595 2640 3670 φρονηθεῖσι
2668 3593 2760 3648 καὶ
2779 3591 3045 3646 ἐκτεθεῖσι
3071 3587 3222 3660 παρὰ
3250 3585 3344 3639 τοῦ
3378 3583 3654 3656 μακαρίου
3678 3584 3776 3636 Ku-

2201 3690 2377 3762 ρίλλου
2407 3687 2501 3742 τοῦ
2536 3688 2633 3759 τῆς
2677 3682 3070 3753 Ἀλεξανδρέων
3106 3677 3521 3751 μεγαλοπόλεως
3553 3670 3777 3743 γεγονό-

2197 3800 2289 3847 τος
2319 3781 2638 3844 ἐπισκόπου,
2664 3780 2757 3834 καὶ
2780 3774 3094 3830 Ἀθανασίου
3120 3772 3213 3828 τοῦ
3243 3770 3502 3843 μεγάλου,
3526 3768 3618 3822 καὶ
3638 3767 3779 3838 Γρη-

2203 3874 2411 3945 γορίου,
2445 3874 2540 3928 καὶ
2564 3871 2808 3943 Πρόκλου
2836 3867 2944 3921 τῶν
2977 3865 3146 3936 ἁγίων
3179 3864 3511 3919 ἐπισκόπων.

1334 3991 1415 4047 Ea:
1443 4001 1548 4048 act.
1575 4008 1631 4048 ιι
1659 3992 1894 4063 ejusdem
1918 4006 2076 4049 conc.
2103 3989 2385 4057 Chalced.,
2417 3989 2547 4044 ibid.
2594 3986 2725 4043 1611
2753 3993 2808 4041 et
2841 3982 3005 4039 1614.

620 4104 891 4161 Lucianus
918 4105 1405 4163 reverendissimus
1433 4106 1723 4177 episcopus
1746 4105 1920 4178 Byzia:
1950 4106 2106 4161 dixit:

549 4197 800 4270 Suscepit
844 4214 968 4255 eum
1013 4198 1341 4255 beatissima:
1380 4198 1655 4253 memoria:
1685 4197 1934 4253 Proelus.
1978 4195 2109 4251 Glo-

550 4293 839 4349 riosissimi
856 4292 1070 4363 judices
1097 4292 1383 4348 dixerunt:
1428 4292 1484 4348 Si
1514 4291 1740 4348 Proelus
1765 4301 1967 4347 sancta:
1995 4307 2111 4346 me-

550 4385 767 4450 moriae,
802 4385 895 4455 qui
922 4384 1023 4438 fuit
1061 4385 1503 4456 archiepiscopus
1542 4384 1702 4454 regiae
1729 4384 2114 4439 Constantino-

551 4481 711 4550 polis,
767 4480 1009 4551 suscepit
1061 4478 1380 4536 Bassianum
1437 4477 1952 4535 t'everendissimum
1998 4477 2113 4547 epi-

553 4588 817 4643 scopum,
872 4581 929 4627 et
982 4572 1402 4627 communicavit
1455 4570 1506 4625 ei
1564 4578 1824 4640 tauquam
1859 4569 2114 4639 episcopo

554 4665 908 4735 Ephesiorum
933 4664 1246 4732 metropolis
1288 4661 1776 4717 reverendissimus
1796 4660 1976 4714 clerus
2000 4675 2118 4713 san.

2283 4105 2577 4168 Λουκιανὸς
2599 4106 2628 4157 ό
2652 4100 3043 4162 εὐλαϐέστατος
3062 4097 3355 4159 ἐπίσκοπος
3368 4094 3569 4163 Βύζης,
3600 4088 3773 4147 εἶπεν·

2214 4196 2461 4264 Ἐδέξατο
2487 4195 2648 4251 αὐτὸν
2673 4197 2702 4248 6
2733 4192 3042 4266 μακαρίτης
3071 4189 3325 4262 Πρόκλος.
3360 4187 3424 4241 οι
3454 4183 3778 4251 ἐνδοξότατα

2215 4288 2470 4360 ἄρχοντες
2499 4282 2647 4341 εἷπον
2667 4303 2681 4317 ·
2735 4286 2796 4338 Εἰ
2821 4281 3061 4355 Πρόκλος
3099 4283 3129 4335 6
3168 4279 3268 4351 τῆς
3295 4278 3446 4341 ὁσίας
3483 4277 3726 4348 μνήμης,
3750 4275 3779 4327 6

2216 4381 2450 4455 γεγονὼς
2468 4379 2892 4452 ἁρχιεπίσκοπος
2906 4369 3544 4435 Κωνσταντινουπόλεως,
3562 4368 3776 4432 ἐδέξατο

2216 4475 2376 4529 αὑτὸν
2404 4472 2698 4529 Βασσιανδν
2747 4471 2838 4525 τὸν
2866 4467 3257 4523 εὑλαὸέστατον
3302 4463 3601 4517 ἐπίσκοπον
3624 4501 3640 4527 ,
3688 4460 3775 4514 καὶ

2219 4565 2570 4636 ἐκοινώνησεν
2596 4561 2742 4633 αὐτῷ
2768 4562 2843 4625 ὼς
2870 4557 3153 4628 ἐπισκόπῳ
3179 4556 3277 4627 τῆς
3288 4552 3551 4622 Ἐφεσίων
3578 4567 3775 4624 μητροο

2221 4658 2487 4723 πόλεως,ό
2513 4653 2901 4714 εὐλαϐέστατος
2927 4649 3123 4719 κλῆρος
3142 4649 3240 4718 τῆς
3263 4645 3421 4714 ἁγίας
3438 4645 3777 4697 Κωνσταντι-

553 4764 657 4811 cta:
704 4754 1323 4824 Constantinopolitanae
1371 4751 1627 4807 Ecclesia:
1698 4766 1799 4806 nos
1869 4749 2111 4805 edoceat.

2218 4748 2516 4812 νουπόλεως
2537 4745 2862 4817 Ἐκκλησίας
2880 4741 3294 4797 διδασκέτωσαν.
3308 4737 3560 4807 Θεόφιλος
3575 4738 3605 4790 6
3623 4735 3778 4789 ιιίιλα⁴

554 4846 889 4918 Theophilus
912 4844 1401 4902 reverendissimus
1431 4843 1715 4914 presbyter
1732 4840 2118 4898 Constantino-

555 4935 695 5009 polis
721 4943 923 4992 sanctre
952 4934 1209 4991 Ecclesiae
1234 4935 1399 4990 dixit:
1440 4933 1510 4988 Ut
1539 4949 1723 4989 coram
1758 4933 1889 4998 Deo,
1916 4941 1969 4989 et
1999 4949 2122 4989 sus-

557 5029 705 5100 cepit
747 5043 873 5084 eum
910 5035 1114 5084 sancta:
1148 5026 1424 5082 memoria:
1460 5025 1690 5083 Proelus
1716 5028 2121 5082 communican-

558 5130 688 5184 tem,
723 5133 778 5176 et
814 5118 1169 5192 synodalibus
1198 5118 1396 5175 litteris
1441 5120 1740 5183 honoratis,
1765 5117 1974 5174 dimisit
2000 5133 2124 5174 eum

559 5215 627 5271 ad
660 5213 976 5285 Ephesum;
1030 5218 1086 5265 et
1123 5210 1180 5264 in
1217 5209 1490 5282 diptychis
1539 5211 1722 5280 posuit
1753 5209 1875 5278 ejus
1899 5209 2131 5274 nomen,‘

559 5316 614 5363 et
646 5304 980 5361 recitabatur
1018 5317 1195 5372 usque
1240 5299 1307 5354 ad
1360 5299 1631 5354 modicum
1663 5298 1861 5353 abhinc
1888 5306 2121 5366 tempus.

560 5400 762 5455 Omnes
786 5392 1225 5453 reverendissimi
1258 5391 1441 5448 clerici
1466 5390 1830 5446 sanctissima:
1855 5386 2127 5442 Constan-

470 5556 473 5557 ν
560 5490 932 5561 ῑίιιοροιίιεηιε
956 5486 1214 5542 Ecclesiae
1250 5484 1535 5540 dixerunt:
1592 5482 1657 5536 Et
1697 5496 1797 5536 nos
1841 5481 1956 5536 hate
2007 5480 2126 5550 ipsa

564 5577 872 5636 didicimus.
906 5577 1155 5646 Suscepit
1177 5576 1321 5633 enim
1358 5590 1503 5644 eum,
1534 5581 1589 5630 et
1617 5571 2035 5631 communicavit
2075 5571 2127 5626 ei

565 5669 734 5723 beata:
759 5670 1033 5725 memoriae
1055 5667 1304 5733 Proelus,
1339 5675 1392 5722 et
1424 5666 1550 5724 fecit
1580 5664 1869 5740 synodicas
1894 5666 2125 5730 litteras.

568 5766 621 5813 et
650 5759 703 5813 in
724 5760 995 5830 diptychis
1027 5776 1149 5816 eum
1187 5760 1385 5830 posuit.

2215 4843 2469 4904 6ἐστατος
2498 4839 2863 4912 πρεσϐύτερος
2900 4836 2999 4907 τῆς
3039 4834 3182 4889 κατὰ
3223 4826 3780 4887 Κωνσταντινούπολιν

2218 4932 2524 5003 ἁγιωτάτης
2554 4929 2877 4999 Ἐκκλησίας
2906 4922 3089 4980 εἶπεν⁹
3127 4926 3216 4989 Ὠς
3240 4924 3333 4977 ἐπὶ
3363 4920 3521 4985 Θεοῦ,
3558 4921 3653 4975 καὶ
3676 4917 3782 4972 ἐδέ-

2220 5027 2350 5093 ξατο
2373 5023 2532 5077 αὐτὺν
2577 5024 2605 5075 ό
2655 5024 2711 5075 ἐν
2759 5018 2933 5088 ἁγίοις
2966 5017 3206 5088 Πρόκλος
3256 5011 3660 5074 κοινωνίκοντα,
3692 5005 3782 5062 καὶ

2223 5114 2516 5176 συνοδικοϊς
2548 5111 2837 5183 γράμμασι
2889 5110 3127 5181 τιμήσας
3169 5105 3351 5169 αὐτὸν,
3401 5102 3669 5158 ἀπέλυσεν
3694 5098 3780 5152 ἐπὶ

2225 5207 2323 5279 τὴν
2357 5206 2588 5273 Ἔφεσον
2607 5222 2619 5235 ο
2659 5202 2751 5254 καὶ
2779 5201 2837 5252 ἐν
2862 5201 2973 5262 τοῖς
3013 5197 3290 5268 διπτύχοις
3316 5194 3501 5259 ἔταξεν
3532 5188 3694 5247 αὑτοῦ
3723 5186 3778 5240 τὺ

2225 5297 2413 5368 ὄνομα,
2448 5296 2539 5349 καὶ
2579 5292 2792 5361 ἐλέγετο
2816 5291 2923 5354 ἐως
2951 5290 3057 5363 πρὸ
3086 5288 3269 5358 ὀλίγου
3303 5284 3519 5359 καιροῦ.
3580 5282 3779 5341 Πάντες

2224 5387 2274 5439 οἰ
2304 5384 2681 5440 εὐλαϐέστατοι
2720 5381 2969 5452 κληρικοὶ
3005 5378 3105 5449 τῆς
3145 5368 3778 5433 Κωνσταντινουπολιτῶν

2228 5473 2533 5545 ἁγιωτάτης
2574 5469 2895 5542 Ἐκκλησίας
2944 5464 3129 5522 εἷπον·
3185 5467 3296 5522 Καὶ
3344 5465 3506 5537 ἡμεῖς
3553 5462 3622 5517 τὰ
3646 5456 3779 5515 αὐτὰ

2228 5567 2479 5638 λέγομεν.
2522 5562 2766 5629 Ἐδέξατο
2792 5561 2901 5633 γὰρ
2928 5562 3110 5627 αὐτὸν,
3135 5559 3229 5613 καὶ
3258 5556 3612 5630 ἐκοινώνησεν
3637 5546 3779 5617 αὐτῷ

2229 5664 2259 5715 6
2281 5660 2545 5733 μακάριος
2562 5656 2820 5730 Πρόκλος,
2837 5655 2930 5710 καὶ
2954 5650 3178 5723 ἐποίησε
3198 5647 3778 5720 συνοδικὰ,γράμματα,

2233 5755 2325 5809 καὶ
2352 5755 2430 5819 εἰς
2462 5752 2529 5807 τὰ
2558 5750 2790 5822 δίπτυχα
2818 5747 2975 5802 αὑτὸν
3006 5743 3214 5813 ἔταξεν.
