4028 6330
333 344 426 399 εδδ
1538 363 1956 425 TESTIMONIA
1997 367 2349 425 versuum.
3445 370 3554 427 est:

1102 498 1182 553 Ea:
1220 513 1324 558 act.
1361 521 1446 559 xw
1479 495 1711 575 ejusdem
1733 509 1951 564 concilii
1981 508 2263 569 Chalced.,
2298 509 2428 562 ibid.
2459 525 2581 580 pag.
2617 509 2769 565 1646.

411 606 718 672 Ἀθανάσιος
767 613 794 664 ό
842 610 1227 678 εύλαΰὲστατος
1276 619 1570 682 ἐπίσκοπος
1615 617 1768 674 εἷπε·
1822 622 1895 675 Τὸ
1925 646 1943 696 Α

2065 623 2396 680 Athanasius
2418 623 2902 680 reverendissimus
2925 621 3212 692 episcopus
3239 620 3377 676 dixit
3400 641 3413 674 :
3438 617 3556 674 Mea

333 695 459 787 ὲμδν
495 699 726 770 πρᾶγμα
764 701 872 754 ἀπὸ
925 704 1136 776 μακροῦ
1167 707 1358 776 χρόνου
1407 711 1737 781 κατῆρκται·
1801 713 1894 766 καὶ
1929 695 1938 696 ί

2012 731 2157 771 :ausa
2182 733 2212 770 a
2247 718 2408 787 longo
2438 723 2680 784 tempore
2699 715 2951 770 inchoata
2980 721 3085 776 est,
3125 721 3179 767 et
3203 713 3340 768 hanc
3369 712 3559 767 audie-

332 785 515 840 τούτου
542 788 778 859 ἥκουσαν
815 793 862 844 οί
908 792 1007 862 τῆς
1051 795 1323 866 μακαρίας
1365 799 1581 870 μνήμης
1629 799 1893 870 Κύριλλός

2012 817 2118 860 ἰιηι
2150 809 2320 863 beatae
2349 785 2629 862 memoriae
2656 808 2891 878 Cyrillus
2928 815 2982 861 et
3007 805 3252 869 Proclus,
3290 814 3345 860 et
3376 815 3554 859 certas

333 894 386 931 τε
413 880 507 932 καὶ
531 880 790 950 Πρόκλος,
848 883 941 936 καὶ
980 887 1246 956 φανεροὺς
1296 887 1496 953 τύπους
1541 890 1785 961 ἔγραψαν
1816 891 1892 961 τῷ

2012 899 2197 955 itteras
2255 899 2592 968 scripserunt
2638 897 2844 952 Domno
2903 898 2994 966 qui
3041 897 3142 950 fuit
3185 895 3555 950 Antiocltenus

341 970 667 1043 Ἀντιοχείας
717 975 986 1046 γενομένῳ
1044 979 1326 1049 ἐπισκόπῳ
1356 981 1580 1052 Δόμνῳ·
1643 984 1893 1038 συνέθετο

2012 991 2297 1060 episcopus,
2323 989 2682 1060 promisitque
2715 989 2804 1043 ille
2833 1004 2925 1044 eas
2959 989 3248 1059 complere.
3273 988 3424 1058 Rogo
3449 987 3554 1039 ita-

329 1061 532 1124 ἐκεῖνος
554 1061 791 1134 πληροῦν
821 1064 1006 1118 ταῦτα.
1026 1066 1204 1132 Ἀξιῶ,
1233 1071 1281 1122 εί
1307 1072 1630 1139 παρίσταται
1662 1077 1728 1144 τῇ
1761 1075 1893 1146 ὑμε-

2012 1097 2114 1150 lue,
2157 1082 2204 1136 si
2236 1081 2449 1135 videtur
2481 1088 2678 1136 vestrm
2707 1079 2984 1148 potestati,
3022 1078 3554 1149 archiepiscOporum

327 1150 459 1222 τέρᾳ
520 1150 769 1224 ἐξουσίᾳ,
829 1155 895 1208 τὰ
945 1157 1246 1228 γράμματα
1296 1160 1404 1214 τῶν
1453 1163 1894 1234 ἀρχιεπισκόπων

2014 1171 2190 1225 itterse
2221 1172 2552 1240 relegantur.
2585 1169 2977 1226 Gloriosissimi
3022 1169 3234 1239 judices
3256 1169 3513 1224 dixerunt
3539 1185 3553 1220 :

329 1242 756 1318 ἀναγνωσθῆναι.
808 1249 870 1301 Ol.
918 1249 1246 1316 ἐνδοξότατοι
1285 1253 1542 1326 ἄρχοντες
1572 1251 1725 1309 εἷπον
1745 1274 1760 1288 ⁸
1814 1258 1897 1312 Τὰ

2012 1262 2206 1317 .itterae
2234 1262 2414 1319 Procli
2469 1272 2524 1319 et
2549 1262 2738 1333 Cyrilli
2789 1261 3256 1318 reverendissima
3284 1261 3560 1319 memoriae

328 1336 628 1407 γράμματα
657 1340 899 1411 Πρόκλου
929 1343 1023 1396 καὶ
1051 1343 1319 1414 Κυρίλλου
1358 1346 1464 1400 τῶν
1508 1347 1607 1415 τῆς
1639 1348 1898 1414 εύλαϐοῦς

2012 1356 2304 1424 'elegantur
2315 1393 2329 1408 .

332 1429 548 1500 μνήμης
581 1431 1159 1499 ἀναγινωσκέσθωσαν.

1903 1555 2003 1615 VI.

401 1662 484 1716 Ea:
504 1666 725 1734 epistola
755 1667 1032 1734 Quintiani
1059 1671 1284 1738 episcopi
1311 1672 1567 1727 Asculani
1600 1674 1670 1752 ad
1706 1674 1923 1752 Petrum
1961 1677 2241 1752 Eullonem
2269 1684 2567 1752 episcopum
2591 1682 2906 1742 Antiochiae.
2935 1697 3000 1736 ea:
3025 1691 3154 1736 tom.
3186 1679 3226 1735 V
3265 1680 3474 1736 Concil.

1548 1744 1674 1800 edit.
1719 1743 1839 1800 Ven.
1873 1746 2061 1815 Labb.,
2087 1767 2209 1822 pag.
2239 1743 2363 1808 29:6.

400 1849 613 1913 Ταύτας
638 1850 737 1913 τὰς
761 1850 966 1905 δώδεκα
995 1853 1341 1924 καθαιρέσεις
1365 1855 1657 1910 ἀπέστειλά
1683 1874 1784 1922 σοι,
1816 1859 1892 1910 εί-

2065 1862 2176 1921 Has
2229 1865 2516 1921 duodecim
2562 1864 2933 1934 depositiones
2973 1864 3042 1920 ad
3085 1872 3137 1920 te
3189 1864 3335 1929 misi,
3384 1867 3566 1921 sciens

331 1940 432 2006 δὼς
461 1944 540 1995 ὄτι
567 1943 672 2014 χρὴ
693 1943 1057 2008 ὲξακολουθεῖν
1079 1949 1143 2017 τῇ
1172 1947 1512 2016 ἀποκαλύψει
1545 1949 1637 2003 τοῦ
1666 1949 1899 2004 ὁσιωτά-
1927 1955 1943 2010 1

2012 1956 2141 2027 ιυοά
2171 1965 2385 2026 oportet
2427 1958 2586 2029 sequi
2616 1959 3002 2014 revelationem
3031 1955 3364 2013 sanctissimi
3389 1954 3566 2012 Procli

331 2050 424 2087 του
453 2037 547 2102 τῆς
576 2038 1219 2093 Κωνσταντινουπολιτῶν
1245 2041 1565 2113 Ἑκκλησίας
1599 2044 1900 2097 ἐπισκόπου

2012 2047 2617 2120 Constantinopolitanae
2646 2049 2903 2106 Ecclesia:
2932 2048 3208 2118 episcOpi;
3256 2048 3474 2116 quando
3509 2049 3567 2103 in

333 2129 574 2199 Πρόκλου
595 2147 607 2160 ⁸
648 2130 764 2194 πῶς
796 2135 853 2184 ἐν
894 2131 971 2202 τῷ
995 2132 1198 2203 κὰμπῳ
1229 2133 1588 2205 καταδραμὼν
1610 2137 1706 2190 σὺν
1738 2137 1901 2190 παντὶ

2012 2155 2254 2210 campum
2276 2158 2400 2196 cum
2428 2143 2683 2198 universo
2712 2144 2910 2213 p0pulo
2941 2142 3214 2205 cucurrit,
3270 2141 3571 2196 ﬂuctuante

333 2222 408 2292 τῷ
432 2223 565 2296 λαῷ,
599 2225 1035 2295 κυματιζομένης
1062 2226 1166 2279 ὑπὸ
1199 2226 1436 2297 σεισμῶν
1465 2229 1563 2298 τῆς
1597 2226 1764 2297 αὐτῆς
1799 2230 1900 2282 πόο

2012 2233 2120 2303 ipsa
2153 2232 2371 2289 civitate
2423 2233 2526 2289 sub
2570 2244 2731 2289 terrm
2785 2243 2956 2299 motu,
2991 2240 3046 2288 et
3091 2232 3346 2287 omnibus
3384 2231 3568 2286 fletum

333 2315 495 2379 λεωςο
526 2317 618 2369 καὶ
647 2317 842 2390 θρήνου
870 2319 975 2372 ὑπὸ
1000 2319 1216 2372 πάντων
1245 2321 1724 2390 ἀναπεμπομένου,
1747 2322 1901 2390 ἄφνω

335 2409 498 2462 παῖδα
537 2411 616 2473 είς
640 2410 728 2464 τὸν
766 2412 992 2483 οὐρανὸν
1022 2412 1256 2483 ἀρθῆναι
1286 2413 1391 2466 ὑπό
1433 2431 1576 2477 τινος
1602 2413 1899 2483 δυνάμεως,

334 2502 428 2554 καὶ
453 2503 626 2573 τούτῳ
658 2503 901 2558 ἐνθέσθαι
931 2504 1026 2558 τοῦ
1054 2505 1355 2558 λιτανεύειν
1387 2505 1447 2558 τὸ
1479 2505 1772 2576 Τρισὰγιον
1804 2506 1899 2557 καὶ

335 2594 516 2663 λέγειν
535 2613 548 2626 ο
589 2597 780 2664 Ἄγιος
806 2601 838 2651 ό
871 2600 1015 2662 Θεός
1033 2615 1044 2628 ·
1078 2597 1243 2666 ἅγιος
1272 2597 1540 2666 ἰσχυρὸς,
1565 2597 1732 2666 ἅγιος
1757 2597 1870 2650 ἀθά
1887 2627 1900 2636 -

335 2709 531 2757 νατος,
572 2693 833 2760 ἐλέησον
869 2691 1046 2762 ἡμᾶς.
1099 2692 1209 2746 Καὶ
1240 2691 1410 2745 ταῦτα
1451 2692 1545 2745 τοῦ
1580 2693 1901 2761 ἐπαγγείλαι

337 2785 411 2852 τῷ
437 2785 718 2855 ὲπισκόπῳ
745 2785 1106 2856 προσετάχθη.
1135 2786 1229 2848 Ὀς
1249 2785 1340 2837 καὶ
1364 2783 1498 2854 μετὰ
1522 2783 1750 2855 τρίωρον
1772 2782 1902 2854 ἔστη

339 2876 395 2926 ἐν
424 2874 502 2944 τῷ
535 2875 885 2946 τριϐουναλίῳ
911 2875 1059 2946 παρὰ
1092 2875 1216 2937 τοὺς
1262 2875 1428 2933 πόδας
1467 2877 1560 2929 τοῦ
1578 2872 1741 2927 αὐτοῦ
1759 2872 1894 2946 [τοῦ]

341 2967 658 3026 ἐπισκόπου.
689 2968 782 3020 καὶ
798 2967 970 3019 ταῦτα
996 2968 1309 3038 διηγήσατο.
1338 2967 1444 3020 Καὶ
1467 2966 1638 3030 οὕτως
1664 2964 1906 3019 λιτανευ-

343 3061 566 3125 σάντων,
604 3060 838 3131 ἔστησαν
868 3061 916 3112 οἱ
941 3059 1168 3129 σεισμοί.

2005 2323 2394 2388 emittentibus,
2413 2331 2636 2395 repente
2665 2339 2893 2394 puerum
2925 2323 2982 2378 in
3008 2338 3133 2378 aera
3168 2324 3334 2377 levari
3370 2337 3400 2375 a
3435 2337 3571 2392 qua.

2007 2416 2130 2470 dam
2175 2417 2394 2480 virtute,
2441 2424 2496 2472 et
2547 2415 2675 2471 huic
2718 2415 2922 2488 imponi
2976 2415 3293 2485 suppliciter
3318 2415 3571 2469 occinere

2003 2509 2331 2580 Trisagium.
2362 2523 2425 2562 ac
2451 2509 2671 2563 dicere:
2710 2509 2936 2563 Sanctus
2968 2507 3128 2572 Deus,
3151 2515 3362 2561 sanctus
3393 2507 3569 2576 fortis,

2005 2610 2218 2654 sanctus
2256 2602 2596 2666 immortalis,
2620 2602 2866 2656 miserere
2903 2600 3082 2665 nobis;
3122 2608 3175 2654 et
3208 2601 3319 2654 haec
3357 2614 3573 2653 annun-

2007 2693 2144 2748 tiare
2169 2694 2422 2764 episcopo
2443 2694 2634 2764 jussus
2657 2703 2762 2751 est.
2791 2694 2892 2760 Qui
2912 2701 2964 2748 et
2981 2709 3076 2764 per
3105 2704 3213 2748 tres
3236 2695 3396 2747 horas
3422 2691 3572 2746 stetit

2007 2785 2062 2839 in
2103 2786 2382 2848 tribunali,
2419 2802 2577 2842 secus
2627 2787 2790 2857 pedes
2838 2786 3009 2856 ipsius
3060 2785 3318 2856 episcopi,
3365 2793 3418 2838 et
3457 2785 3571 2838 haec

2009 2877 2272 2932 narravit.
2311 2876 2376 2931 Et
2406 2878 2494 2933 hic
2551 2859 2868 2950 suppliciter
2905 2877 3193 2933 orantibus
3229 2877 3378 2934 stetit
3415 2885 3572 2932 terra:

2012 2977 2214 3026 motus.

1913 3177 2040 3237 VII.

765 3301 849 3354 Ea:
869 3302 1095 3372 epistola
1122 3302 1301 3357 Acacii
1329 3304 1552 3373 episcopi
1581 3302 1695 3358 ΟΡ.
1737 3301 1804 3357 ad
1842 3303 2077 3356 eumdem
2119 3301 2337 3356 Petrum
2371 3296 2682 3363 Fullonem,
2712 3298 2844 3353 ibid.
2873 3315 2993 3370 pag.
3026 3298 3152 3352 251.

411 3418 485 3469 Οὐ
527 3417 686 3487 μόνον
711 3417 819 3487 γὰρ
848 3418 939 3487 τὴν
971 3417 1286 3495 χερουδικὸν
1311 3419 1476 3490 ὕμνον
1505 3422 1812 3487 ὲνόθευσας,
1839 3423 1906 3475 δι’
1934 3456 1943 3498 ε

2078 3419 2196 3474 Non
2229 3420 2404 3474 solum
2437 3419 2580 3473 enim
2609 3417 2963 3472 cherubicum
2987 3417 3136 3472 illum
3167 3415 3423 3487 hymnum
3453 3427 3574 3467 cor-

345 3504 404 3561 οῦ
437 3507 530 3561 καὶ
561 3511 594 3578 ή
635 3510 875 3580 ἡμετέρα
902 3510 1055 3572 πόλις
1083 3510 1388 3582 ὲστερεὼθη
1421 3514 1744 3586 σαλευομένη
1776 3515 1906 3568 ποτὲ

347 3602 449 3654 ὑπὸ
474 3601 765 3654 ἁνενδότων
804 3601 1061 3672 σεισμῶν,
1092 3603 1278 3665 παιδὸς
1306 3604 1500 3673 νηπίου
1534 3607 1660 3677 περὶ
1692 3608 1782 3660 τῦν
1816 3609 1904 3660 αἰ-

347 3695 477 3766 θέρα
497 3694 834 3766 ἁρπαγέντος
864 3695 947 3747 ἐπ’
977 3694 1131 3763 ὕψεσι
1153 3695 1331 3765 πάσης
1351 3695 1449 3764 τῆς
1471 3697 1677 3761 πόλεως
1698 3699 1773 3762 ὼς
1804 3700 1907 3764 ἕως

345 3787 524 3858 τρίτου
553 3785 781 3857 οὐρανοῦ
830 3785 972 3839 κατὰ
1015 3785 1107 3840 τὸν
1135 3786 1420 3840 θεσπέσιον
1448 3789 1678 3843 Παῦλον.
1735 3789 1909 3843 Κάκεῖ

346 3879 642 3947 ἀκηκοότος
674 3876 772 3947 τὴν
794 3878 1027 3947 ἄρρητον
1059 3876 1260 3947 ταύτην
1290 3877 1608 3947 ὑμνολογίαν
1630 3895 1646 3910 ο
1698 3879 1818 3931 καθ’
1843 3881 1909 3950 ἢν

348 3970 494 4039 ὥραν
516 3972 573 4022 ὲν
603 3969 681 4039 τῷ
701 3971 902 4040 κάμπῳ
927 3970 993 4023 τὰ
1014 3968 1190 4040 πλήθη
1223 3969 1360 4039 μετὰ
1384 3969 1632 4042 δακρύων
1657 3971 1890 4025 ἀνεϐόων

348 4061 426 4120 τὸ.
445 4059 641 4128 Κύριε,
658 4057 938 4126 ἐλέησον.
955 4058 1089 4130 πρὸς
1110 4058 1200 4111 τὸν
1219 4059 1370 4122 Θεὸν,
1398 4059 1513 4129 ἅμα
1533 4059 1626 4112 τοῦ
1649 4062 1705 4112 ὲν
1736 4059 1910 4127 ἁγίοις

351 4151 591 4220 Πρόκλου
633 4148 727 4202 τοῦ
767 4150 1050 4218 γεγονότος
1085 4149 1294 4220 [ἰατρὸς
1319 4149 1495 4219 ἡμῶν,
1532 4150 1623 4202 καλ⁸
1664 4151 1912 4221 ἀρχιεπι-

354 4242 553 4296 σκόπου
582 4242 784 4312 ταύτης
798 4242 896 4312 τῆς
917 4240 1181 4312 βασιλίδος
1203 4241 1296 4294 καὶ
1318 4240 1654 4312 φιλοχρίστου
1687 4241 1907 4304 πόλεως.

2012 3511 2232 3581 rupisti,
2263 3527 2359 3581 per
2384 3527 2542 3580 quem
2572 3520 2623 3565 et
2650 3517 2834 3564 nostra
2869 3509 3064 3564 civitas
3097 3509 3303 3563 ﬁrmata
3326 3514 3430 3565 est.
3450 3520 3574 3559 cum

2010 3603 2139 3657 olim
2195 3610 2500 3657 moveretur
2558 3602 2626 3656 ab
2682 3602 3036 3657 interioribus
3105 3611 3264 3656 terrae
3313 3598 3574 3661 motibus.

2011 3709 2183 3764 puero
2219 3695 2423 3748 infante
2456 3695 2522 3748 ad
2550 3695 2751 3749 aethera
2782 3704 2936 3763 rapto
2982 3695 3037 3748 in
3081 3700 3378 3762 conspectu
3410 3691 3578 3745 totius

2013 3783 2248 3839 civitatis
2282 3799 2455 3854 usque
2503 3783 2567 3837 ad
2616 3783 2836 3838 tertium
2868 3783 3086 3846 caelum,
3121 3778 3577 3850 quemadmodum

2012 3877 2227 3933 divinus
2252 3875 2453 3932 Paulus
2479 3878 2518 3932 ί.
2579 3876 2780 3931 Ibidem
2811 3876 2950 3930 hanc
2985 3874 3311 3930 ineﬂ'abilem
3353 3873 3571 3944 hymno-

2017 3969 2209 4039 logiam
2242 3969 2550 4036 obaudivit;
2589 3969 2646 4023 in
2683 3983 2790 4038 qua
2817 3969 2948 4022 hora
2979 3968 3033 4021 in
3068 3981 3262 4035 campo
3292 3964 3579 4018 multitudo

2015 4077 2138 4116 cum
2181 4062 2471 4134 lacrymis:
2521 4062 2760 4128 Domine,
2815 4062 3075 4124 miserere,
3120 4057 3460 4114 exclamabat
3511 4056 3576 4109 ad

2017 4153 2204 4215 Deum,
2232 4154 2392 4210 simul
2415 4170 2538 4209 cum
2565 4163 2755 4211 sancto
2779 4153 2938 4208 Patre
2960 4161 3149 4208 nostro
3178 4151 3371 4206 Proclo
3399 4149 3576 4204 archi-

2014 4245 2268 4315 episcopo
2300 4246 2460 4315 hujus
2491 4248 2686 4318 regalis
2716 4255 2769 4301 et
2793 4262 2820 4300 a
2857 4245 2968 4302 Deo
2997 4254 3189 4300 amata:
3220 4242 3484 4300 civitatis.

1912 4360 2067 4421 VIII.

706 4485 789 4540 Ea:
818 4486 1037 4555 epistola
1062 4484 1262 4539 Justini
1289 4484 1513 4553 episcopi
1539 4483 1594 4537 in
1616 4481 1804 4538 Sicilia
1836 4482 1902 4538 ad
1943 4484 2177 4538 enuidem
2211 4484 2430 4541 Petrum
2459 4485 2761 4552 Fullonem,
2788 4487 2915 4541 ibid.
2938 4501 3060 4557 pag.
3079 4485 3207 4540 227.

423 4604 578 4669 Δέξαι
616 4597 707 4655 οῦν
741 4601 816 4663 ὡς
864 4597 1090 4667 ἀδελφοῦ
1125 4615 1217 4651 σου
1244 4596 1560 4668 παραίνεσιν
1583 4611 1597 4626 ο
1638 4593 1733 4647 καὶ
1756 4591 1915 4661 γενοῦ

356 4698 556 4767 ποιμὴν
587 4694 696 4747 τῶν
721 4691 1028 4763 προϐάτων,
1063 4690 1155 4743 καὶ
1190 4691 1249 4742 οὐ
1279 4688 1469 4751 λύκοςο
1505 4687 1596 4740 καὶ
1625 4685 1701 4756 τῷ
1737 4701 1913 4755 μακα-

361 4788 457 4858 ρίῳ
503 4785 730 4859 Πρόκλῳ
761 4783 1048 4846 ἀκόλουθος
1095 4781 1274 4850 γενοῦ,
1320 4781 1412 4833 καὶ
1445 4782 1510 4850 τῇ
1560 4777 1723 4832 αὐτοῦ
1753 4779 1809 4830 ἐν
1839 4775 1916 4846 τῷ

361 4880 561 4950 κάμπῳ
590 4875 951 4946 ἀποκαλύψει.

2090 4595 2317 4667 Suscipe
2345 4613 2475 4669 ergo
2503 4606 2760 4668 tanquam
2791 4597 2974 4653 fratris
3007 4597 3084 4651 tui
3120 4597 3578 4662 admonitionem;

2017 4696 2072 4741 et
2099 4689 2195 4744 ﬁas
2224 4699 2409 4760 pastor
2440 4691 2646 4753 ovium,
2682 4698 2735 4744 et
2768 4706 2876 4744 non
2907 4691 3100 4760 lupus;
3134 4698 3188 4744 et
3220 4691 3318 4745 tias
3348 4699 3577 4745 sectator

2021 4782 2161 4836 beati
2189 4780 2366 4838 Procli
2397 4790 2450 4837 et
2481 4782 2825 4838 rcvelationis
2858 4782 2977 4851 ejus
3005 4782 3057 4835 in
3091 4797 3301 4851 campo.

1943 4995 2055 5054 IX.

707 5120 790 5175 Ea:
817 5119 955 5174 Hist.
987 5117 1122 5172 eccl.
1152 5114 1464 5184 Tripartita,
1503 5112 1594 5167 lib.
1621 5129 1716 5178 κη,
1746 5129 1860 5182 cap.
1893 5116 1947 5178 3,
1979 5116 2120 5183 apud
2150 5115 2549 5177 Cassiodorum.
2580 5116 2712 5184 Opp.
2743 5124 2869 5167 tom.
2901 5112 2945 5176 l,
2983 5128 3105 5184 pag.
3138 5113 3262 5168 548.

430 5240 708 5298 Sisinnius
753 5237 1003 5292 Proclum
1049 5234 1103 5288 in
1141 5232 1341 5304 Cyzico
1394 5229 1768 5295 consecravit;
1825 5231 1920 5301 qui

361 5347 645 5406 antequam
675 5330 1110 5400 proﬁcisceretur
1142 5324 1209 5378 ad
1238 5323 1491 5393 Cyzicum
1513 5361 1528 5385 ,
1567 5321 1714 5377 cives
1776 5337 1918 5391 prte-

365 5428 616 5482 cedentes
645 5421 966 5476 Dalmatium
992 5416 1315 5472 monachum
1357 5414 1668 5483 episcopum
1700 5413 1918 5469 sibimet

367 5519 774 5576 ordinaverunt,
803 5513 949 5584 parvi
975 5512 1264 5582 pendentes
1288 5507 1525 5577 regulam
1553 5521 1657 5576 qua
1676 5505 1914 5574 iubetur,

2019 5248 2143 5288 nem
2185 5233 2259 5288 ibi
2300 5232 2414 5288 ﬁeri
2449 5248 2556 5286 non
2591 5232 2805 5288 debere.
2839 5228 2994 5296 Quod
3030 5230 3152 5285 ideo
3191 5227 3440 5300 Cyziceni
3488 5242 3586 5282 ne-

2017 5324 2332 5393 glexerunt,
2380 5323 2508 5392 quia
2561 5322 2742 5376 Attico
2791 5321 2891 5375 soli
2936 5319 3049 5373 haec
3093 5320 3175 5372 lex
3226 5317 3579 5387 personaliter

2021 5415 2259 5485 praestita
2284 5415 2582 5470 videbatur.
2609 5411 2807 5467 Mansit
2830 5427 2959 5482 ergo
2993 5411 3216 5465 Proclus
3241 5425 3348 5464 non
3377 5409 3580 5469 habens

2020 5504 2315 5560 Ecclesiam
2345 5506 2662 5574 propriam:
2703 5503 2795 5572 qui
2819 5510 2997 5555 tamen
3024 5501 3079 5553 in
3109 5501 3354 5556 doctrina
3403 5501 3580 5558 eccle-

374 5619 556 5677 praeter
588 5605 1242 5676 Constantimpolitanum
1275 5601 1586 5672 episcopum
1615 5596 1916 5654 ordiuatio-
2020 5600 2223 5654 siarum
2253 5596 2800 5668 Constantinopoleos
2833 5594 2987 5650 valde
3016 5593 3261 5650 ﬂorebat.

449 5760 529 5818 'll
558 5761 686 5820 Cor.
719 5776 807 5844 xu,
839 5762 895 5814 ‘2.
