4028 6330
510 377 615 441 867

1612 378 1667 433 S.
1712 373 2029 434 PROCLUS
2066 374 2171 430 CP.
2212 372 2608 431 El’lSCOPUS.
3632 363 3725 421 668

1764 513 1907 569 Ibid.
1947 529 2062 583 cap.
2094 511 2178 579 10,
2211 528 2329 582 pag.
2367 510 2464 565 551

577 629 940 685 Maximianus
969 644 1094 684 cum
1131 629 1268 685 duos
1312 644 1491 685 annos
1522 637 1577 684 et
1607 645 1700 685 sex
1731 644 1945 685 menses
1975 627 2078 683 Ec-
2107 636 2150 693 Α
2180 626 2324 695 cepit
2367 624 2737 679 intlironizare
2769 620 3041 677 Proclnm.
3091 616 3248 684 Quod
3293 616 3457 671 etiam
3508 610 3732 670 Romani

505 725 729 780 clesiam
761 723 1144 792 gubernasset,
1171 721 1460 777 defunctus
1486 731 1569 777 est
1593 722 1885 776 consulatu
1915 720 2074 774 Ario-

506 815 687 870 bindae
720 824 777 870 et
801 812 1047 884 Asparis,
1079 814 1165 868 die
1192 829 1269 869 xit
1325 816 1532 869 mensis
1561 814 1783 883 Aprilis,
1820 813 1873 866 in
1909 812 2076 881 septi~

506 920 667 959 mana
690 904 895 974 majore
910 905 1266 975 jejuniorum,
1294 904 1429 960 feria
1458 923 1508 957 ν.
1532 905 1689 958 Tunc
1719 904 1882 974 igitur
1904 901 2079 957 Theo-

506 996 694 1052 dosius
744 997 1038 1065 imperator
1084 997 1359 1071 sapienter
1415 1010 1638 1050 causam
1666 994 1965 1065 prospexit,
2006 1008 2081 1048 ne

508 1104 702 1145 rursus
734 1089 805 1144 de
826 1088 1146 1160 episcopatu
1179 1088 1467 1145 seditionis
1488 1088 1720 1158 quaestio
1755 1094 1850 1141 aut
1876 1086 2077 1141 tumul-

506 1188 601 1234 tus
635 1179 692 1233 in
731 1178 971 1234 Ecclesia
1006 1186 1345 1234 nasceretur.
1381 1176 1516 1231 Cum
1557 1177 1738 1231 adhuc
1772 1191 1902 1246 ergo
1945 1188 2078 1230 cor-

507 1286 612 1340 pus
643 1270 957 1326 Maximiani
982 1271 1216 1340 jacet-et,
1244 1268 1606 1339 praesentibus
1638 1267 1910 1338 episcopis
1937 1280 2079 1338 prae-

2176 715 2417 784 episcopi
2448 713 2728 768 C(elestini
2756 711 2947 765 littera:
2972 710 3343 771 firmaverunt,
3367 720 3507 776 quas
3536 703 3604 758 ad
3636 703 3735 775 Cy-

2174 808 2355 861 rillum
2385 806 2726 860 Alexandriae
2745 804 3034 859 destinavit
3060 801 3375 869 episcopum
3407 805 3461 852 et
3486 797 3551 852 ad
3581 794 3737 851 Joan-

2178 914 2299 953 nem
2323 899 2723 952 Antiochenum
2758 907 2811 950 et
2837 893 3035 949 Rufum
3057 892 3632 955 Thessalonicensem,
3662 889 3737 944 di-

2179 1006 2309 1047 cens
2350 992 2478 1061 quia
2524 991 2657 1045 nihil
2698 989 3008 1061 prohiberet
3040 987 3267 1041 alterius
3310 986 3550 1040 civitatis
3590 983 3734 1038 exsi-

2179 1091 2409 1139 stentem
2438 1084 2752 1155 episc0pum
2786 1084 2841 1138 in
2872 1082 3031 1149 aliam
3064 1080 3381 1150 demigrari.
3413 1078 3742 1131 luthroniza-

2177 1183 2266 1231 tus
2320 1176 2487 1245 igitur
2530 1174 2755 1231 Proclus
2800 1176 3091 1244 exsequias
3134 1168 3446 1227 Maximiani
3494 1167 3767 1239 corporis.

2178 1267 2495 1324 celebravit.

1797 1403 1938 1459 Ibid.
1971 1420 2091 1473 cap.
2122 1404 2204 1467 ll,
2230 1421 2348 1475 pag.
2379 1403 2502 1460 552.

578 1524 808 1579 Proclus
840 1524 908 1578 ab
947 1530 1105 1578 aetate
1142 1524 1315 1593 prima
1350 1523 1522 1578 lector
1548 1521 1672 1588 fuit,
1707 1522 1850 1593 apud
1886 1522 2077 1577 docto-

508 1633 598 1672 res
626 1626 804 1670 tamen
839 1616 1139 1670 observans
1171 1616 1374 1670 zelator
1407 1630 1624 1685 quoque
1668 1615 1724 1669 in
1754 1614 2025 1669 rhetorica
2058 1629 2072 1665 :

509 1705 604 1776 qui
631 1704 760 1759 dum
788 1706 854 1758 ad
890 1704 1184 1775 perfectam
1212 1706 1449 1760 venisset
1472 1712 1685 1760 aetatem
1706 1745 1721 1770 ,
1760 1706 2079 1775 plerumque

509 1814 633 1851 cum
664 1798 842 1851 Attico
873 1805 989 1851 erat
1017 1798 1277 1867 episcopo
1308 1807 1565 1866 exceptor
1593 1811 1906 1851 sermonum
1936 1798 2077 1867 cjus.

2182 1536 2242 1576 se
2296 1521 2595 1577 terribilem
2655 1531 2959 1592 opportune
3010 1519 3392 1587 monstrabat;
3457 1518 3563 1573 iste
3618 1531 3745 1572 vero

2183 1614 2436 1666 omnibus
2464 1613 2611 1666 mitis
2642 1623 2757 1665 erat
2781 1628 2795 1677 ;
2823 1619 2876 1666 et
2901 1613 2980 1666 sic
3009 1627 3105 1667 eos
3140 1611 3323 1681 potius
3352 1624 3515 1679 quam
3552 1608 3748 1664 violen-

2184 1712 2267 1758 ter
2294 1702 2509 1759 llectere
2539 1704 2830 1768 nitebatur,
2868 1705 3070 1758 nullam
3108 1704 3355 1759 haeresim
3392 1702 3625 1769 fatigare
3652 1715 3745 1755 vo-

2186 1794 2302 1850 lens
2337 1816 2347 1850 :
2382 1798 2435 1849 in
2477 1796 2577 1851 hac
2615 1806 2766 1865 parte
2802 1794 3166 1850 Theodosium
3210 1795 3450 1850 imitatus
3503 1795 3749 1863 impera-

511 1886 578 1940 Et
606 1886 734 1942 dum
772 1888 1095 1956 proliceret,
1142 1887 1212 1940 ab
1237 1887 1418 1940 Attico
1455 1885 1723 1941 diaconus
1768 1887 2077 1951 ordinatur,
2110 1882 2151 1940 Β
2181 1895 2373 1943 torem.
2407 1888 2499 1943 llle
2520 1904 2753 1957 namque
2777 1886 3080 1957 judicabat,
3105 1896 3295 1941 contra
3324 1884 3627 1956 culpabiles
3650 1887 3747 1939 im-

511 1985 700 2047 postea
731 1976 1035 2048 presbyter.
1066 1975 1110 2030 Α
1147 1977 1394 2033 Sisinnio
1420 1991 1559 2031 vero
1581 1977 1763 2048 Cyzici
1793 1975 2083 2032 ordinatur

508 2070 824 2138 episcopus.
866 2067 989 2123 Haec
1016 2069 1267 2139 equidem
1298 2069 1347 2124 ei
1380 2069 1636 2139 primitus
1674 2080 2081 2139 provenerunt;

512 2166 705 2229 postea
748 2161 1005 2215 thronum
1052 2160 1675 2230 Constantinopoiitanae
1716 2162 1945 2227 sortitur
1974 2161 2079 2218 Ec-

511 2252 709 2307 clesiae.
743 2251 874 2306 Erat
898 2253 1150 2307 enim-vir.
1176 2253 1419 2309 moribus
1446 2253 1702 2322 optimis;
1733 2260 1784 2307 et
1814 2254 1883 2309 ab
1903 2255 2081 2309 Attico

515 2343 717 2397 utiliter
740 2342 1009 2409 eruditus,
1042 2344 1225 2398 omnia
1247 2344 1368 2413 ejus
1392 2344 1729 2399 innitebatur.
1765 2344 1869 2399 Sed
1895 2348 1949 2401 in
1972 2347 2081 2401 isto

513 2434 777 2502 patientia
797 2435 978 2505 potior
1003 2436 1322 2506 apparebat.
1351 2434 1413 2491 Et
1444 2437 1779 2507 ille'quidem
1813 2438 2083 2494 haereticis

2185 1979 2373 2051 periali
2407 1994 2515 2034 non
2545 1981 2620 2033 uti
2653 1987 2921 2052 potestate
2959 1997 2972 2032 ε
3006 1979 3096 2033 hic
3140 1984 3320 2033 autem
3355 1978 3508 2048 parvi
3549 1975 3749 2047 pende-

2187 2073 2301 2138 bat,
2334 2074 2378 2128 si
2417 2074 2542 2144 quis
2572 2074 2639 2129 de
2682 2073 2792 2127 Deo
2820 2088 2928 2127 non
2965 2072 3038 2126 ita
3063 2078 3310 2142 saperet,
3347 2071 3492 2126 sicut
3524 2069 3661 2139 ipse.
3695 2066 3749 2121 In

2187 2164 2273 2221 his
2303 2166 2466 2236 igitur
2493 2167 2657 2221 etiam
2702 2166 3000 2235 imperator
3034 2164 3293 2218 laudabat
3331 2177 3495 2226 eum;
3528 2176 3656 2215 cum
3699 2167 3754 2213 et

2185 2257 2302 2327 ipse
2343 2273 2502 2313 veros
2559 2257 2874 2313 sacerdotes
2926 2256 3267 2322 imitaretur,
3316 2264 3370 2310 et
3411 2264 3753 2324 nequaquam

2186 2351 2437 2421 persequi
2469 2352 2709 2407 volentes
2743 2349 3074 2405 admitteret.

2120 2574 2194 2635 X.

777 2697 863 2751 Ea:
886 2696 1241 2755 Confessione
1269 2697 1395 2755 ﬁdei
1420 2699 1649 2754 Joannis
1679 2699 1962 2765 Maxentii,
1990 2701 2043 2754 in
2066 2700 2323 2756 Biblioth.
2357 2698 2460 2756 PP.
2483 2700 2661 2756 Paris.
2694 2709 2821 2755 tam.
2847 2697 2938 2764 IV,
2969 2709 3109 2769 part.
3142 2715 3182 2766 ι,
3214 2716 3335 2772 pag.
3368 2699 3492 2755 457.

586 2806 695 2864 Sed
729 2809 815 2866 his
858 2810 1017 2881 paulo
1061 2811 1408 2868 manifestius
1435 2813 1626 2869 beatus
1661 2813 1886 2870 Proclus
1915 2814 2081 2884 hujus

516 2904 668 2961 urbis
697 2905 1008 2974 episcopus,
1035 2921 1198 2976 quem
1233 2904 1745 2964 eti’amveneranda'
1761 2909 1965 2979 recepit
1995 2924 2082 2982 sy-

515 2996 694 3052 nodus
726 2996 1188 3053 Chalcedonensis
1208 3037 1223 3061 ,
1265 3000 1331 3054 ad
1363 2999 1648 3055 Armenios
1677 3019 1690 3055 :
1727 3015 1851 3055 cum
1892 3011 2079 3055 contra

516 3085 793 3143 Theodori
833 3089 1222 3159 blasphemiae,
1256 3091 1347 3161 qui
1378 3094 1797 3161 quaternitatem
1826 3108 1923 3164 pro
1965 3091 2086 3147 Tri-

518 3182 691 3236 nitate
730 3182 895 3252 impie
924 3182 1327 3253 dogmatizavit,
1360 3192 1636 3255 peteretur
1663 3185 1730 3238 ab
1758 3186 1874 3254 ipsa
1904 3195 2081 3254 gente,

521 3284 579 3329 ut
607 3275 893 3341 scriberet,
929 3275 1284 3346 ejusdemque
1308 3275 1676 3346 blasphemias
1710 3275 1989 3341 refutaret,
2024 3277 2088 3331 de

2191 2813 2293 2869 hac
2328 2814 2597 2870 sententia
2627 2822 2707 2870 est
2733 2814 2982 2879 locutus,
3020 2812 3238 2877 dicens,
3266 2821 3372 2868 etc.
3416 2812 3753 2884 Quapropter

2191 2908 2236 2963 si
2274 2910 2398 2978 quis
2439 2907 2581 2962 hanc
2620 2905 2784 2976 hujus
2816 2906 3111 2961 beatissimi
3157 2902 3335 2960 Patris
3371 2921 3537 2975 super
3574 2906 3790 2977 spleu-'

2190 3001 2375 3057 dorem
2405 2999 2536 3055 solis
2564 2999 2834 3053 lucentem
2876 2997 3198 3053 sententiam
3228 2996 3634 3066 reprehendere
3662 3013 3753 3050 an-

2190 3091 2301 3156 det,
2346 3104 2508 3144 unam
2543 3089 2709 3143 totius
2746 3085 3034 3142 Trinitatis
3075 3086 3525 3149 subsistentiam,
3558 3085 3617 3140 id
3656 3091 3756 3149 est,

2190 3182 2370 3237 Patris
2394 3189 2447 3236 et
2480 3180 2600 3235 Filii
2623 3191 2674 3234 et
2703 3179 2942 3249 Spiritus
2967 3178 3164 3242 sancti,
3195 3177 3486 3234 manifeste
3507 3193 3638 3232 cum
3665 3175 3755 3232 Sa-

2189 3276 2351 3332 bellio
2385 3274 2607 3331 credere
2642 3269 3085 3342 deprehenditur.

2121 3410 2220 3469 XI.

593 3558 677 3614 Ex
709 3558 845 3612 libro
874 3575 924 3611 iv
954 3557 1241 3627 Ephrwmii
1265 3559 1493 3628 episcopi
1522 3557 1887 3628 Thcopolitani
1915 3556 1980 3612 ad
2011 3557 2307 3681 orienstglles
2335 3555 2653 3619 monachos,
2692 3553 2833 3624 apud
2864 3551 3116 3609 Pliolium
3150 3552 3290 3609 Bibl.
3327 3555 3445 3609 cod.
3473 3570 3692 3622 ccxxis,

1997 3644 2119 3681 υασ.
2263 3665 2276 3679 .

1997 3644 2119 3698 pag.
2151 3644 2276 3681 om.

598 3766 660 3821 Et
697 3783 829 3822 sane
878 3766 1106 3821 Proclus
1165 3763 1826 3833 Constantinopolitanus,
1872 3772 1927 3822 et
1975 3763 2083 3835 Cy-

527 3860 706 3912 riacns
733 3857 898 3927 Paphi
926 3857 1217 3927 cpiscopus
1237 3896 1250 3918 ,
1287 3872 1430 3910 unus
1459 3872 1489 3911 e
1529 3857 1785 3911 trecentis
1821 3855 2007 3911 decem
2032 3864 2087 3911 et

525 3956 649 4001 octo
684 3945 971 4011 Patribus,
1015 3946 1127 4000 haec
1169 3946 1356 4000 eadem
1394 3946 1615 4000 habent.
1652 3943 1744 4000 llle
1786 3945 2004 4014 quidem
2032 3946 2086 3999 in

525 4039 907 4095 Pulcherianis
948 4046 1071 4109 post
1110 4036 1392 4104 Natalem;
1434 4047 1488 4092 et
1535 4036 1623 4091 hic
1667 4039 1720 4091 in
1777 4037 2089 4108 Epiphaniae

2264 3762 2375 3815 Kal.
2401 3762 2506 3832 μὴν
2536 3761 2629 3814 καὶ
2660 3759 2903 3832 Πρόκλος
2934 3762 2964 3815 6
2994 3760 3643 3827 Κωνσταντινουπόὶεως,
3675 3761 3758 3815 καὶ

2193 3854 2528 3926 κυριακὸςὸ
2569 3853 2668 3924 τῆς
2698 3853 2885 3922 Πάφου
2924 3852 3240 3917 ἐπίσκοπος,
3276 3848 3357 3916 εἷς
3389 3852 3466 3907 ὢν
3509 3856 3624 3909 τῶν
3660 3858 3756 3925 τιη’

2194 3946 2362 4015 ἁγίων
2387 3944 2677 4015 Πατέρων,
2706 3943 2774 3998 τὰ
2800 3944 2941 3999 αὐτά
2970 3958 3134 4015 φησιν
3153 3984 3167 3998 .
3213 3945 3271 3999 ’0
3300 3946 3398 4016 μὲν
3428 3947 3489 3999 ἐν
3526 3946 3755 4019 Πουλχε·

2195 4040 2403 4109 ριανατς
2435 4037 2571 4108 μετὰ
2604 4036 2663 4089 τὸ
2707 4036 3017 4090 Γενέθλιονθ
3054 4039 3083 4091 6
3121 4037 3179 4089 δὲ
3209 4038 3265 4089 ὲν
3292 4037 3372 4107 τῷ
3406 4039 3508 4101 El;
3530 4037 3604 4091 τὰ
3628 4039 3753 4090 Θευ-

525 4132 772 4186 oratione
809 4150 822 4185 :
865 4131 958 4201 qui
993 4130 1157 4186 etiam
1204 4130 1260 4183 in
1299 4129 1546 4185 oratione
1590 4127 1666 4184 De
1718 4127 2083 4184 Incarnatiom

2196 4128 2568 4199 φάνιαλόγῳ·
2607 4130 2635 4181 6
2663 4129 2823 4192 αὐτὸς
2854 4128 2910 4181 δὲ
2947 4130 3038 4182 καὶ
3077 4131 3134 4182 ὲν
3172 4127 3251 4199 τῷ
3289 4128 3430 4199 Περὶ
3469 4130 3754 4198 erm-Opur-

525 4223 713 4280 cadem
756 4223 936 4279 habet.

2198 4222 2439 4291 πήσεως
2470 4221 2613 4292 λόγῳ
2643 4221 2712 4274 τὰ
2742 4221 2881 4274 αὐτὰ
2910 4221 3075 4291 λέγει.

899 4364 982 4419 Ex
1008 4365 1250 4420 oratione
1279 4379 1342 4418 ιιι
1363 4362 1597 4433 ejusdem
1626 4360 1693 4417 ad
1723 4360 1991 4416 Domuum
2022 4368 2076 4415 et
2097 4359 2359 4417 Joannem
2389 4363 2706 4427 monachos,
2742 4360 2870 4416 ibid.
2896 4377 3046 4433 pagg.
3082 4361 3208 4429 806,
3237 4362 3361 4417 807.

602 4505 679 4560 Ad
704 4505 820 4559 hzec
846 4504 1371 4575 llierosolymitauus
1392 4503 1649 4572 Cyrillus,
1682 4504 1840 4556 lconii
1872 4503 2085 4572 Amphio

2281 4505 2402 4557 Ἐπὶ
2435 4506 2644 4568 τούτοις
2686 4505 2779 4559 καὶ
2820 4507 2849 4558 6
2886 4505 2992 4559 τῶν
3049 4504 3431 4576 Ἱεροσολύμων
3477 4508 3753 4580 Κύριλλος,

530 4597 762 4659 lochius,
798 4595 1025 4651 Proclus
1081 4596 1627 4664 Constantiimpoleos
1673 4596 1949 4665 episcopi;
1999 4595 2083 4665 qui

2198 4597 2293 4651 καὶ
2335 4598 2676 4669 Ἀμφιλόχιος
2702 4603 2731 4653 ό
2759 4600 2852 4653 τοῦ
2892 4600 3109 4653 Ἰκονίου
3132 4640 3146 4664 ,
3173 4601 3267 4653 καὶ
3288 4600 3532 4672 Πρόκλος
3562 4605 3590 4655 6
3618 4603 3750 4654 Κων-

531 4686 588 4739 in
613 4683 1043 4753 Quadragesima
1068 4686 1149 4741 sic
1172 4686 1331 4740 habet
1356 4705 1368 4741 :
1400 4684 1592 4738 Divina
1619 4695 1815 4739 natura
1838 4688 2083 4751 increata,

2201 4690 2687 4755 σταντινουπόλεως
2705 4710 2718 4723 ·
2749 4691 2807 4757 ὃς
2824 4692 2916 4746 καί
2942 4710 3105 4763 φησιν
3133 4694 3191 4745 ὲν
3213 4696 3278 4765 τῇ
3311 4692 3754 4767 Τεσσαρακοστῇ*

529 4787 581 4832 et
608 4786 802 4830 nostra:
828 4778 1002 4831 carnis
1030 4777 1270 4848 legitima
1298 4778 1587 4845 assumptio
1608 4817 1623 4840 ,
1648 4787 1700 4830 et
1729 4793 1864 4832 unus
1891 4787 1970 4833 est
2002 4777 2098 4832 Fi-

534 4868 638 4920 lius
676 4906 691 4921 .
731 4909 745 4924 .
783 4906 798 4920 .
842 4909 856 4923 .
898 4908 912 4922 .
954 4907 968 4922 .
1006 4866 1112 4924 Sed
1163 4877 1217 4923 et
1261 4867 1458 4923 Petrus
1503 4878 1706 4939 martyr
1757 4869 2083 4924 Alexandria

2193 4871 2533 4937 ἁνόθευτος’
2568 4876 2664 4928 καὶ
2693 4877 2866 4930 ἐστιν
2897 4873 2986 4944 εἷς
3023 4880 3176 4944 Υἱός.
3210 4920 3224 4934 .

535 4959 734 5028 ιιι-ςιξειιι
764 4959 960 5014 similia
993 4968 1243 5016 testatur.
1286 4960 1511 5015 Proclus
1543 4977 1761 5032 quoque
1788 4960 2098 5017 Constantio

534 5049 884 5118 nopolitanus
909 5050 1201 5119 episcopus
1227 5052 1279 5105 in
1311 5066 1562 5108 sermone
1594 5051 1670 5107 De
1691 5054 1963 5107 nativitate
1988 5053 2100 5108 Do-

534 5142 682 5196 mini.

2204 4777 2273 4831 Ἠ
2321 4780 2451 4834 θεία
2491 4782 2677 4850 φύσις
2709 4782 3010 4849 ἇκτιστος,
3042 4786 3076 4853 ἠ
3117 4784 3184 4849 ἐξ
3229 4785 3373 4855 ἐμοῦ
3419 4786 3753 4853 πρόσληψις

3259 4919 3272 4932 .
3327 4877 3488 4932 Ἀλλὰ
3527 4880 3621 4933 καὶ
3663 4875 3750 4930 Πέ-

2195 4980 2320 5035 τρος
2346 4966 2374 5017 6
2407 4965 2807 5038 Ἀλεξανδρείας
2828 4968 2923 5023 καὶ
2951 4969 3178 5040 μάρτυς.
3204 4969 3273 5023 τὰ
3293 4969 3454 5039 ὃμοια
3479 4969 3753 5042 μαρτυρεῖς

2196 5058 2287 5110 καὶ
2314 5058 2553 5129 Πρόκλος
2575 5062 2604 5113 6
2630 5061 3264 5125 Κωνσταντινουπόλεως,
3298 5061 3355 5115 ἐν
3382 5078 3441 5115 τε
3469 5061 3548 5133 τῷ
3573 5064 3673 5125 Εἰς
3694 5055 3752 5111 τό

2200 5150 2523 5205 Γενέθλιον
2554 5150 2716 5222 λόγῳ.

1211 5283 1297 5338 Ea:
1326 5284 1462 5340 libro
1491 5302 1506 5339 ι
1540 5287 1771 5356 ejusdem
1811 5287 2098 5359 Epitramtii
2126 5291 2197 5346 l‘c
2225 5290 2405 5346 verbis
2441 5291 2648 5362 Cyrilli,
2678 5289 2810 5346 ibid.
2840 5308 2961 5362 pag.
2999 5291 3125 5350 794.

606 5398 833 5472 Magnus
875 5415 1093 5471 quoque
1121 5401 1357 5458 Basilius
1394 5402 1718 5472 Cappadox,
1760 5404 1918 5475 cujus
1957 5404 2099 5461 fama

2280 5406 2336 5461 '0
2367 5406 2667 5479 θαυμάσιος
2684 5406 2749 5459 δὲ
2779 5406 3057 5472 Βασίλειος
3082 5409 3110 5461 6
3135 5409 3198 5461 ὲκ
3219 5409 3629 5472 Καππαδοκίας.
3660 5407 3754 5462 πᾶ·

538 5493 855 5548 uuiversum
886 5501 1210 5565 pervagatur
1238 5494 1448 5558 orbem,
1480 5494 1711 5563 formam
1741 5504 1795 5551 et
1819 5498 2083 5552 essentia»

2201 5516 2298 5553 σαν
2329 5500 2568 5569 φωτίσας
2596 5500 2693 5571 τὴν
2722 5500 3065 5571 οἰκουμένην,
3093 5500 3206 5568 τὴν
3232 5501 3473 5571 μορφὴν
3529 5503 3624 5556 καὶ
3650 5498 3755 5567 τὴν

543 5583 683 5637 idem
720 5600 840 5639 esse
869 5583 1044 5639 docet.
1094 5582 1321 5642 Proclus
1352 5602 1568 5657 quoque
1600 5587 2101 5660 Constantinopoli-

1424 5679 1584 5733 mallo
1624 5680 1889 5749 siquidem
1927 5698 2102 5736 essen-

544 5679 705 5727 tanus
742 5673 1033 5742 episcopus
1064 5673 1315 5729 similiter
1363 5695 1374 5729 :

549 5761 675 5815 tiam
703 5766 986 5831 appellavit
1020 5768 1264 5835 formam,
1303 5773 1461 5826 modo
1502 5789 1625 5827 vero
1663 5784 1923 5827 naturam.

2201 5592 2419 5646 οὐσίαν
2442 5591 2636 5645 ταυτὸν
2665 5592 2999 5669 δογματίζειἶ
3032 5592 3144 5645 Καὶ
3171 5592 3411 5663 Πρόκλος
3447 5591 3504 5645 δὲ
3543 5593 3573 5645 6
3613 5593 3754 5644 an-

2204 5683 2691 5745 σταντινουπό).εως
2736 5682 3061 5745 ἐπίσκοπος,
3103 5681 3390 5745 ὠδαύτως·
3436 5684 3463 5735 6
3517 5682 3615 5753 μὲν
3658 5677 3755 5749 γὰρ

2202 5776 2299 5846 τὴν
2324 5775 2563 5845 μορφὴν
2586 5776 2801 5829 οὐσίαν
2829 5775 3137 5846 ὡνόμαςεψ
3168 5777 3195 5827 6
3222 5774 3277 5826 δὲ
3312 5774 3519 5842 φύσιν.
