  <div class='ocr_page' id='page_1' title='image "/cluster/home/n/w/nwhite01/storage/ocr_20150623/65/mdp.39015008972203/340.png"; bbox 0 0 4028 6330; ppageno 0'>
   <div class='ocr_carea' id='block_1_1' title="bbox 316 380 1907 448">
    <p class='ocr_par' dir='ltr' id='par_1_1' title="bbox 316 383 1900 448">
     <span class='ocr_line' id='line_1_1' title="bbox 316 383 1900 448; baseline 0.001 -5"><span class='ocrx_word' id='word_1_1' title='bbox 316 383 420 443; x_wconf 74' lang='grc'><strong>669</strong></span> <span class='ocrx_word' id='word_1_2' title='bbox 1488 390 1900 448; x_wconf 74' lang='lat' dir='ltr'><strong>TESTIMONIA</strong></span> 
     </span>
    </p>
   </div>
   <div class='ocr_carea' id='block_1_2' title="bbox 1933 380 3524 448">
    <p class='ocr_par' dir='ltr' id='par_1_2' title="bbox 1939 380 3524 447">
     <span class='ocr_line' id='line_1_2' title="bbox 1939 380 3524 447; baseline 0.003 -3"><span class='ocrx_word' id='word_1_3' title='bbox 1939 390 2287 447; x_wconf 65' lang='lat' dir='ltr'><strong>VETERUM.</strong></span> <span class='ocrx_word' id='word_1_4' title='bbox 3415 380 3524 437; x_wconf 67' lang='grc' dir='ltr'><strong>θ’ῗθ</strong></span> 
     </span>
    </p>
   </div>
   <div class='ocr_carea' id='block_1_3' title="bbox 1150 528 1988 591">
    <p class='ocr_par' dir='ltr' id='par_1_3' title="bbox 1150 528 1988 591">
     <span class='ocr_line' id='line_1_3' title="bbox 1150 528 1988 591; baseline -0.007 0"><span class='ocrx_word' id='word_1_5' title='bbox 1150 583 1155 591; x_wconf 92' lang='grc'><em>.</em></span> <span class='ocrx_word' id='word_1_6' title='bbox 1859 528 1988 586; x_wconf 80' lang='grc' dir='ltr'><strong>ΧΠ.</strong></span> 
     </span>
    </p>
   </div>
   <div class='ocr_carea' id='block_1_4' title="bbox 801 621 2981 702">
    <p class='ocr_par' dir='ltr' id='par_1_4' title="bbox 801 621 2981 702">
     <span class='ocr_line' id='line_1_4' title="bbox 801 621 2981 702; baseline 0.005 -26"><span class='ocrx_word' id='word_1_7' title='bbox 801 621 878 677; x_wconf 80' lang='lat' dir='ltr'><strong>Ea:</strong></span> <span class='ocrx_word' id='word_1_8' title='bbox 904 624 1210 682; x_wconf 85' lang='lat' dir='ltr'><strong>Constituto</strong></span> <span class='ocrx_word' id='word_1_9' title='bbox 1251 627 1427 699; x_wconf 72' lang='lat' dir='ltr'><strong>Vigiiii</strong></span> <span class='ocrx_word' id='word_1_10' title='bbox 1457 646 1607 698; x_wconf 77' lang='lat' dir='ltr'><strong>papa:</strong></span> <span class='ocrx_word' id='word_1_11' title='bbox 1643 632 1784 698; x_wconf 85' lang='lat' dir='ltr'><strong>apud</strong></span> <span class='ocrx_word' id='word_1_12' title='bbox 1808 631 2101 686; x_wconf 77' lang='lat' dir='ltr'><strong>Baronium</strong></span> <span class='ocrx_word' id='word_1_13' title='bbox 2135 632 2203 685; x_wconf 89' lang='lat' dir='ltr'><strong>ad</strong></span> <span class='ocrx_word' id='word_1_14' title='bbox 2236 647 2430 684; x_wconf 81' lang='lat' dir='ltr'><strong>annum</strong></span> <span class='ocrx_word' id='word_1_15' title='bbox 2459 631 2579 698; x_wconf 80' lang='grc'><strong>555,</strong></span> <span class='ocrx_word' id='word_1_16' title='bbox 2610 629 2639 702; x_wconf 78' lang='lat'><strong>§</strong></span> <span class='ocrx_word' id='word_1_17' title='bbox 2670 631 2765 685; x_wconf 70' lang='lat' dir='ltr'><strong>I74</strong></span> <span class='ocrx_word' id='word_1_18' title='bbox 2799 640 2845 684; x_wconf 84' lang='lat' dir='ltr'><strong>et</strong></span> <span class='ocrx_word' id='word_1_19' title='bbox 2875 648 2981 701; x_wconf 75' lang='lat' dir='ltr'><strong>seq.</strong></span> 
     </span>
    </p>
   </div>
   <div class='ocr_carea' id='block_1_5' title="bbox 383 739 3519 822">
    <p class='ocr_par' dir='ltr' id='par_1_5' title="bbox 383 739 3519 822">
     <span class='ocr_line' id='line_1_5' title="bbox 383 739 3519 822; baseline 0 -25"><span class='ocrx_word' id='word_1_20' title='bbox 383 739 606 799; x_wconf 72' lang='lat' dir='ltr'><strong>Beatum</strong></span> <span class='ocrx_word' id='word_1_21' title='bbox 636 744 881 801; x_wconf 87' lang='lat' dir='ltr'><strong>Proclum</strong></span> <span class='ocrx_word' id='word_1_22' title='bbox 915 743 1075 810; x_wconf 85' lang='lat' dir='ltr'><strong>hujus</strong></span> <span class='ocrx_word' id='word_1_23' title='bbox 1109 745 1267 813; x_wconf 78' lang='lat' dir='ltr'><strong>regia:</strong></span> <span class='ocrx_word' id='word_1_24' title='bbox 1298 744 1534 798; x_wconf 88' lang='lat' dir='ltr'><strong>civitatis</strong></span> <span class='ocrx_word' id='word_1_25' title='bbox 1567 746 1859 799; x_wconf 82' lang='lat' dir='ltr'><strong>antistitem</strong></span> <span class='ocrx_word' id='word_1_26' title='bbox 1892 769 1932 822; x_wconf 67' lang='grc' dir='ltr'>Α</span> <span class='ocrx_word' id='word_1_27' title='bbox 1960 743 2366 799; x_wconf 84' lang='lat' dir='ltr'><strong>eruditissimus</strong></span> <span class='ocrx_word' id='word_1_28' title='bbox 2397 743 2761 808; x_wconf 82' lang='lat' dir='ltr'><strong>sacerdotum,</strong></span> <span class='ocrx_word' id='word_1_29' title='bbox 2790 752 2843 797; x_wconf 90' lang='lat' dir='ltr'><strong>et</strong></span> <span class='ocrx_word' id='word_1_30' title='bbox 2864 760 2966 797; x_wconf 91' lang='lat' dir='ltr'><strong>non</strong></span> <span class='ocrx_word' id='word_1_31' title='bbox 2996 744 3153 812; x_wconf 67' lang='lat' dir='ltr'><strong>longe</strong></span> <span class='ocrx_word' id='word_1_32' title='bbox 3183 759 3211 797; x_wconf 90' lang='lat' dir='ltr'><strong>a</strong></span> <span class='ocrx_word' id='word_1_33' title='bbox 3241 742 3519 799; x_wconf 77' lang='lat' dir='ltr'><strong>Theodori</strong></span> 
     </span>
    </p>
   </div>
   <div class='ocr_carea' id='block_1_6' title="bbox 314 828 3516 906">
    <p class='ocr_par' dir='ltr' id='par_1_6' title="bbox 314 828 3516 906">
     <span class='ocr_line' id='line_1_6' title="bbox 314 828 3516 906; baseline 0.001 -19"><span class='ocrx_word' id='word_1_34' title='bbox 314 828 696 891; x_wconf 77' lang='lat' dir='ltr'><strong>itamemorati</strong></span> <span class='ocrx_word' id='word_1_35' title='bbox 734 835 956 891; x_wconf 77' lang='lat' dir='ltr'><strong>Joannis</strong></span> <span class='ocrx_word' id='word_1_36' title='bbox 989 836 1307 890; x_wconf 89' lang='lat' dir='ltr'><strong>Antiochcni</strong></span> <span class='ocrx_word' id='word_1_37' title='bbox 1339 836 1575 905; x_wconf 88' lang='lat' dir='ltr'><strong>cpisc0pi</strong></span> <span class='ocrx_word' id='word_1_38' title='bbox 1609 836 1860 892; x_wconf 83' lang='lat' dir='ltr'><strong>similiter</strong></span> <span class='ocrx_word' id='word_1_39' title='bbox 1962 835 2327 906; x_wconf 85' lang='lat' dir='ltr'><strong>Mopsuesteni</strong></span> <span class='ocrx_word' id='word_1_40' title='bbox 2406 836 2508 889; x_wconf 89' lang='lat' dir='ltr'><strong>vita</strong></span> <span class='ocrx_word' id='word_1_41' title='bbox 2570 845 2851 904; x_wconf 87' lang='lat' dir='ltr'><strong>repertus,</strong></span> <span class='ocrx_word' id='word_1_42' title='bbox 2915 838 3055 891; x_wconf 85' lang='lat' dir='ltr'><strong>mala</strong></span> <span class='ocrx_word' id='word_1_43' title='bbox 3106 851 3235 905; x_wconf 67' lang='lat' dir='ltr'><strong>quae</strong></span> <span class='ocrx_word' id='word_1_44' title='bbox 3287 837 3516 892; x_wconf 87' lang='lat' dir='ltr'><strong>libenter</strong></span> 
     </span>
    </p>
   </div>
   <div class='ocr_carea' id='block_1_7' title="bbox 315 925 3529 1000">
    <p class='ocr_par' dir='ltr' id='par_1_7' title="bbox 315 925 3529 1000">
     <span class='ocr_line' id='line_1_7' title="bbox 315 925 3529 1000; baseline 0.002 -24"><span class='ocrx_word' id='word_1_45' title='bbox 315 931 529 979; x_wconf 85' lang='lat' dir='ltr'><strong>constat</strong></span> <span class='ocrx_word' id='word_1_46' title='bbox 560 926 900 996; x_wconf 85' lang='lat' dir='ltr'><strong>respondisse</strong></span> <span class='ocrx_word' id='word_1_47' title='bbox 933 927 1235 994; x_wconf 83' lang='lat' dir='ltr'><strong>rescriptis,</strong></span> <span class='ocrx_word' id='word_1_48' title='bbox 1264 936 1367 981; x_wconf 87' lang='lat' dir='ltr'><strong>etc.</strong></span> <span class='ocrx_word' id='word_1_49' title='bbox 1402 925 1701 998; x_wconf 84' lang='lat' dir='ltr'><strong>Perpendat</strong></span> <span class='ocrx_word' id='word_1_50' title='bbox 1729 943 1858 998; x_wconf 76' lang='lat' dir='ltr'><strong>ergo</strong></span> <span class='ocrx_word' id='word_1_51' title='bbox 1961 928 2344 994; x_wconf 83' lang='lat' dir='ltr'><strong>damnaverat,</strong></span> <span class='ocrx_word' id='word_1_52' title='bbox 2378 928 2539 993; x_wconf 86' lang='lat' dir='ltr'><strong>cuius</strong></span> <span class='ocrx_word' id='word_1_53' title='bbox 2572 940 2757 983; x_wconf 88' lang='lat' dir='ltr'><strong>essent</strong></span> <span class='ocrx_word' id='word_1_54' title='bbox 2779 967 2795 992; x_wconf 93' lang='lat'><strong>,</strong></span> <span class='ocrx_word' id='word_1_55' title='bbox 2826 943 2885 984; x_wconf 88' lang='lat' dir='ltr'><strong>se</strong></span> <span class='ocrx_word' id='word_1_56' title='bbox 2908 928 3018 998; x_wconf 85' lang='lat' dir='ltr'><strong>jam</strong></span> <span class='ocrx_word' id='word_1_57' title='bbox 3066 936 3195 984; x_wconf 90' lang='lat' dir='ltr'><strong>tunc</strong></span> <span class='ocrx_word' id='word_1_58' title='bbox 3235 927 3529 1000; x_wconf 74' lang='lat' dir='ltr'><strong>professus</strong></span> 
     </span>
    </p>
   </div>
   <div class='ocr_carea' id='block_1_8' title="bbox 317 1015 2349 1092">
    <p class='ocr_par' dir='ltr' id='par_1_8' title="bbox 317 1015 2349 1092">
     <span class='ocr_line' id='line_1_8' title="bbox 317 1015 2349 1092; baseline 0.001 -22"><span class='ocrx_word' id='word_1_59' title='bbox 317 1015 531 1083; x_wconf 82' lang='lat' dir='ltr'><strong>pietatis</strong></span> <span class='ocrx_word' id='word_1_60' title='bbox 570 1026 767 1073; x_wconf 73' lang='lat' dir='ltr'><strong>vestrze</strong></span> <span class='ocrx_word' id='word_1_61' title='bbox 809 1018 1070 1090; x_wconf 88' lang='lat' dir='ltr'><strong>sapientia</strong></span> <span class='ocrx_word' id='word_1_62' title='bbox 1118 1018 1415 1088; x_wconf 78' lang='lat' dir='ltr'><strong>singularis</strong></span> <span class='ocrx_word' id='word_1_63' title='bbox 1460 1019 1588 1089; x_wconf 86' lang='lat' dir='ltr'><strong>quia</strong></span> <span class='ocrx_word' id='word_1_64' title='bbox 1630 1017 1856 1076; x_wconf 84' lang='lat' dir='ltr'><strong>Proetus</strong></span> <span class='ocrx_word' id='word_1_65' title='bbox 1961 1029 2044 1076; x_wconf 89' lang='lat' dir='ltr'><strong>est</strong></span> <span class='ocrx_word' id='word_1_66' title='bbox 2075 1022 2349 1092; x_wconf 82' lang='lat' dir='ltr'><strong>ignorare.</strong></span> 
     </span>
    </p>
   </div>
   <div class='ocr_carea' id='block_1_9' title="bbox 1847 1138 2007 1201">
    <p class='ocr_par' dir='ltr' id='par_1_9' title="bbox 1847 1138 2007 1201">
     <span class='ocr_line' id='line_1_9' title="bbox 1847 1138 2007 1201; baseline -0.025 1"><span class='ocrx_word' id='word_1_67' title='bbox 1847 1138 2007 1201; x_wconf 80' lang='grc' dir='ltr'>ΧΠΙ.</span> 
     </span>
    </p>
   </div>
   <div class='ocr_carea' id='block_1_10' title="bbox 569 1234 3247 1314">
    <p class='ocr_par' dir='ltr' id='par_1_10' title="bbox 569 1234 3247 1314">
     <span class='ocr_line' id='line_1_10' title="bbox 569 1234 3247 1314; baseline 0.004 -26"><span class='ocrx_word' id='word_1_68' title='bbox 569 1234 654 1289; x_wconf 75' lang='lat' dir='ltr'><strong>Ea:</strong></span> <span class='ocrx_word' id='word_1_69' title='bbox 685 1250 839 1292; x_wconf 87' lang='lat' dir='ltr'><strong>conc.</strong></span> <span class='ocrx_word' id='word_1_70' title='bbox 865 1236 1464 1312; x_wconf 86' lang='lat' dir='ltr'><strong>Constantinopolitano</strong></span> <span class='ocrx_word' id='word_1_71' title='bbox 1493 1258 1552 1307; x_wconf 79' lang='grc' dir='ltr'>ιι,</span> <span class='ocrx_word' id='word_1_72' title='bbox 1581 1257 1765 1314; x_wconf 82' lang='lat' dir='ltr'><strong>gener.</strong></span> <span class='ocrx_word' id='word_1_73' title='bbox 1793 1244 1858 1309; x_wconf 84' lang='lat' dir='ltr'><strong>V,</strong></span> <span class='ocrx_word' id='word_1_74' title='bbox 1892 1244 2073 1299; x_wconf 79' lang='lat' dir='ltr'><strong>cottat.</strong></span> <span class='ocrx_word' id='word_1_75' title='bbox 2110 1259 2194 1311; x_wconf 79' lang='grc' dir='ltr'>ιιι,</span> <span class='ocrx_word' id='word_1_76' title='bbox 2215 1243 2340 1299; x_wconf 79' lang='lat' dir='ltr'><strong>edit.</strong></span> <span class='ocrx_word' id='word_1_77' title='bbox 2385 1242 2510 1298; x_wconf 85' lang='lat' dir='ltr'><strong>Ven.</strong></span> <span class='ocrx_word' id='word_1_78' title='bbox 2543 1241 2706 1297; x_wconf 84' lang='lat' dir='ltr'><strong>Labb.</strong></span> <span class='ocrx_word' id='word_1_79' title='bbox 2735 1252 2860 1297; x_wconf 82' lang='lat' dir='ltr'><strong>tom.</strong></span> <span class='ocrx_word' id='word_1_80' title='bbox 2893 1241 2983 1309; x_wconf 76' lang='lat' dir='ltr'><strong>Vl,</strong></span> <span class='ocrx_word' id='word_1_81' title='bbox 3015 1259 3135 1314; x_wconf 85' lang='lat' dir='ltr'><strong>pag.</strong></span> <span class='ocrx_word' id='word_1_82' title='bbox 3158 1245 3247 1299; x_wconf 71' lang='grc'><strong>42.</strong></span> 
     </span>
    </p>
   </div>
   <div class='ocr_carea' id='block_1_11' title="bbox 380 1347 3519 1429">
    <p class='ocr_par' dir='ltr' id='par_1_11' title="bbox 380 1347 3519 1429">
     <span class='ocr_line' id='line_1_11' title="bbox 380 1347 3519 1429; baseline 0.004 -28"><span class='ocrx_word' id='word_1_83' title='bbox 380 1347 670 1420; x_wconf 89' lang='lat' dir='ltr'><strong>Sequimur</strong></span> <span class='ocrx_word' id='word_1_84' title='bbox 700 1368 794 1422; x_wconf 83' lang='lat' dir='ltr'><strong>per</strong></span> <span class='ocrx_word' id='word_1_85' title='bbox 818 1356 996 1409; x_wconf 89' lang='lat' dir='ltr'><strong>omnia</strong></span> <span class='ocrx_word' id='word_1_86' title='bbox 1023 1365 1075 1411; x_wconf 87' lang='lat' dir='ltr'><strong>et</strong></span> <span class='ocrx_word' id='word_1_87' title='bbox 1102 1366 1318 1412; x_wconf 86' lang='lat' dir='ltr'><strong>sanctos</strong></span> <span class='ocrx_word' id='word_1_88' title='bbox 1362 1358 1548 1415; x_wconf 84' lang='lat' dir='ltr'><strong>Patres</strong></span> <span class='ocrx_word' id='word_1_89' title='bbox 1581 1367 1634 1412; x_wconf 83' lang='lat' dir='ltr'><strong>et</strong></span> <span class='ocrx_word' id='word_1_90' title='bbox 1670 1360 1859 1415; x_wconf 86' lang='lat' dir='ltr'><strong>docto-</strong></span> <span class='ocrx_word' id='word_1_91' title='bbox 1965 1359 2247 1424; x_wconf 76' lang='lat' dir='ltr'><strong>Proclum;</strong></span> <span class='ocrx_word' id='word_1_92' title='bbox 2278 1369 2332 1414; x_wconf 89' lang='lat' dir='ltr'><strong>et</strong></span> <span class='ocrx_word' id='word_1_93' title='bbox 2368 1360 2698 1428; x_wconf 87' lang='lat' dir='ltr'><strong>suscipimus</strong></span> <span class='ocrx_word' id='word_1_94' title='bbox 2730 1360 2913 1414; x_wconf 88' lang='lat' dir='ltr'><strong>omnia</strong></span> <span class='ocrx_word' id='word_1_95' title='bbox 2954 1374 3073 1429; x_wconf 64' lang='lat' dir='ltr'><strong>quae</strong></span> <span class='ocrx_word' id='word_1_96' title='bbox 3104 1358 3172 1413; x_wconf 84' lang='lat' dir='ltr'><strong>de</strong></span> <span class='ocrx_word' id='word_1_97' title='bbox 3212 1369 3354 1413; x_wconf 87' lang='lat' dir='ltr'><strong>recta</strong></span> <span class='ocrx_word' id='word_1_98' title='bbox 3390 1360 3519 1423; x_wconf 78' lang='lat' dir='ltr'><strong>(ide,</strong></span> 
     </span>
    </p>
   </div>
   <div class='ocr_carea' id='block_1_12' title="bbox 310 1436 3445 1519">
    <p class='ocr_par' dir='ltr' id='par_1_12' title="bbox 310 1436 3445 1519">
     <span class='ocr_line' id='line_1_12' title="bbox 310 1436 3445 1519; baseline 0.003 -27"><span class='ocrx_word' id='word_1_99' title='bbox 310 1450 398 1492; x_wconf 77' lang='lat' dir='ltr'><strong>res</strong></span> <span class='ocrx_word' id='word_1_100' title='bbox 430 1436 699 1505; x_wconf 74' lang='lat' dir='ltr'><strong>Ecclesiae,</strong></span> <span class='ocrx_word' id='word_1_101' title='bbox 720 1443 1089 1512; x_wconf 82' lang='lat' dir='ltr'><strong>Athanasium,</strong></span> <span class='ocrx_word' id='word_1_102' title='bbox 1128 1445 1409 1514; x_wconf 87' lang='lat' dir='ltr'><strong>Hilarium,</strong></span> <span class='ocrx_word' id='word_1_103' title='bbox 1440 1459 1569 1515; x_wconf 86' lang='lat' dir='ltr'><strong>etc.,</strong></span> <span class='ocrx_word' id='word_1_104' title='bbox 1598 1449 1851 1514; x_wconf 86' lang='lat' dir='ltr'><strong>Leonem,</strong></span> <span class='ocrx_word' id='word_1_105' title='bbox 1964 1458 2018 1505; x_wconf 89' lang='lat' dir='ltr'><strong>et</strong></span> <span class='ocrx_word' id='word_1_106' title='bbox 2056 1449 2502 1505; x_wconf 87' lang='lat' dir='ltr'><strong>condcmnatione</strong></span> <span class='ocrx_word' id='word_1_107' title='bbox 2537 1448 2915 1504; x_wconf 65' lang='lat' dir='ltr'><strong>haereticorum</strong></span> <span class='ocrx_word' id='word_1_108' title='bbox 2948 1456 3315 1517; x_wconf 79' lang='lat' dir='ltr'><strong>exposuerunt</strong></span> <span class='ocrx_word' id='word_1_109' title='bbox 3345 1446 3445 1519; x_wconf 89' lang='lat' dir='ltr'><strong>(a).</strong></span> 
     </span>
    </p>
   </div>
   <div class='ocr_carea' id='block_1_13' title="bbox 1163 1561 2649 1637">
    <p class='ocr_par' dir='ltr' id='par_1_13' title="bbox 1163 1561 2649 1637">
     <span class='ocr_line' id='line_1_13' title="bbox 1163 1561 2649 1637; baseline 0.001 -22"><span class='ocrx_word' id='word_1_110' title='bbox 1163 1561 1246 1616; x_wconf 78' lang='lat' dir='ltr'><strong>Ea:</strong></span> <span class='ocrx_word' id='word_1_111' title='bbox 1265 1563 1442 1617; x_wconf 87' lang='lat' dir='ltr'><strong>eodem</strong></span> <span class='ocrx_word' id='word_1_112' title='bbox 1472 1566 1703 1637; x_wconf 80' lang='lat' dir='ltr'><strong>concilio</strong></span> <span class='ocrx_word' id='word_1_113' title='bbox 1734 1564 1867 1631; x_wconf 84' lang='lat' dir='ltr'><strong>CP.,</strong></span> <span class='ocrx_word' id='word_1_114' title='bbox 1899 1566 2079 1619; x_wconf 79' lang='lat' dir='ltr'><strong>collat.</strong></span> <span class='ocrx_word' id='word_1_115' title='bbox 2104 1581 2176 1626; x_wconf 77' lang='lat' dir='ltr'><strong>vi.</strong></span> <span class='ocrx_word' id='word_1_116' title='bbox 2218 1564 2343 1619; x_wconf 90' lang='lat' dir='ltr'><strong>ibid.</strong></span> <span class='ocrx_word' id='word_1_117' title='bbox 2381 1579 2500 1633; x_wconf 85' lang='lat' dir='ltr'><strong>pag.</strong></span> <span class='ocrx_word' id='word_1_118' title='bbox 2530 1562 2649 1617; x_wconf 74' lang='grc'><strong>1⁸56.</strong></span> 
     </span>
    </p>
   </div>
   <div class='ocr_carea' id='block_1_14' title="bbox 377 1671 3522 1751">
    <p class='ocr_par' dir='ltr' id='par_1_14' title="bbox 377 1671 3522 1751">
     <span class='ocr_line' id='line_1_14' title="bbox 377 1671 3522 1751; baseline 0.001 -25"><span class='ocrx_word' id='word_1_119' title='bbox 377 1671 571 1728; x_wconf 89' lang='lat' dir='ltr'><strong>Sancta</strong></span> <span class='ocrx_word' id='word_1_120' title='bbox 600 1678 841 1748; x_wconf 81' lang='lat' dir='ltr'><strong>synodus</strong></span> <span class='ocrx_word' id='word_1_121' title='bbox 869 1680 1004 1735; x_wconf 81' lang='lat' dir='ltr'><strong>dixit</strong></span> <span class='ocrx_word' id='word_1_122' title='bbox 1035 1683 1335 1738; x_wconf 88' lang='lat' dir='ltr'><strong>:Omnibus</strong></span> <span class='ocrx_word' id='word_1_123' title='bbox 1361 1684 1703 1741; x_wconf 81' lang='lat' dir='ltr'><strong>manifestum</strong></span> <span class='ocrx_word' id='word_1_124' title='bbox 1734 1701 1854 1742; x_wconf 88' lang='lat' dir='ltr'><strong>esse</strong></span> <span class='ocrx_word' id='word_1_125' title='bbox 1955 1684 2269 1741; x_wconf 85' lang='lat' dir='ltr'><strong>Nestorium</strong></span> <span class='ocrx_word' id='word_1_126' title='bbox 2303 1683 2561 1745; x_wconf 80' lang='lat' dir='ltr'><strong>vindicat,</strong></span> <span class='ocrx_word' id='word_1_127' title='bbox 2592 1692 2643 1735; x_wconf 89' lang='lat' dir='ltr'><strong>et</strong></span> <span class='ocrx_word' id='word_1_128' title='bbox 2677 1680 2830 1751; x_wconf 88' lang='lat' dir='ltr'><strong>impii</strong></span> <span class='ocrx_word' id='word_1_129' title='bbox 2864 1679 3132 1735; x_wconf 86' lang='lat' dir='ltr'><strong>Theodori</strong></span> <span class='ocrx_word' id='word_1_130' title='bbox 3174 1680 3377 1748; x_wconf 87' lang='lat' dir='ltr'><strong>scripta</strong></span> <span class='ocrx_word' id='word_1_131' title='bbox 3422 1692 3522 1748; x_wconf 88' lang='lat' dir='ltr'><strong>per</strong></span> 
     </span>
    </p>
   </div>
   <div class='ocr_carea' id='block_1_15' title="bbox 306 1767 3530 1844">
    <p class='ocr_par' dir='ltr' id='par_1_15' title="bbox 306 1767 3530 1844">
     <span class='ocr_line' id='line_1_15' title="bbox 306 1767 3530 1844; baseline 0.001 -24"><span class='ocrx_word' id='word_1_132' title='bbox 306 1771 560 1832; x_wconf 79' lang='lat' dir='ltr'><strong>putamus</strong></span> <span class='ocrx_word' id='word_1_133' title='bbox 596 1781 661 1822; x_wconf 77' lang='lat' dir='ltr'><strong>ex</strong></span> <span class='ocrx_word' id='word_1_134' title='bbox 703 1769 930 1838; x_wconf 91' lang='lat' dir='ltr'><strong>epistola</strong></span> <span class='ocrx_word' id='word_1_135' title='bbox 970 1785 1000 1825; x_wconf 92' lang='lat' dir='ltr'><strong>a</strong></span> <span class='ocrx_word' id='word_1_136' title='bbox 1041 1770 1233 1828; x_wconf 86' lang='lat' dir='ltr'><strong>Proeto</strong></span> <span class='ocrx_word' id='word_1_137' title='bbox 1271 1774 1539 1843; x_wconf 67' lang='lat' dir='ltr'><strong>religiosa:</strong></span> <span class='ocrx_word' id='word_1_138' title='bbox 1583 1778 1855 1831; x_wconf 67' lang='lat' dir='ltr'><strong>memoria:</strong></span> <span class='ocrx_word' id='word_1_139' title='bbox 1956 1777 2140 1833; x_wconf 89' lang='lat' dir='ltr'><strong>omnia</strong></span> <span class='ocrx_word' id='word_1_140' title='bbox 2180 1775 2531 1844; x_wconf 86' lang='lat' dir='ltr'><strong>comprobat,</strong></span> <span class='ocrx_word' id='word_1_141' title='bbox 2574 1788 2694 1843; x_wconf 63' lang='lat' dir='ltr'><strong>quae</strong></span> <span class='ocrx_word' id='word_1_142' title='bbox 2743 1782 2944 1826; x_wconf 68' lang='lat' dir='ltr'><strong>sanctae</strong></span> <span class='ocrx_word' id='word_1_143' title='bbox 2979 1769 3252 1826; x_wconf 67' lang='lat' dir='ltr'><strong>memoriae</strong></span> <span class='ocrx_word' id='word_1_144' title='bbox 3293 1767 3530 1823; x_wconf 65' lang='lat' dir='ltr'><strong>Proetus?</strong></span> 
     </span>
    </p>
   </div>
   <div class='ocr_carea' id='block_1_16' title="bbox 306 1851 2891 1938">
    <p class='ocr_par' dir='ltr' id='par_1_16' title="bbox 306 1851 2891 1938">
     <span class='ocr_line' id='line_1_16' title="bbox 306 1851 2891 1938; baseline 0.006 -35"><span class='ocrx_word' id='word_1_145' title='bbox 306 1851 530 1923; x_wconf 77' lang='lat' dir='ltr'><strong>scripta,</strong></span> <span class='ocrx_word' id='word_1_146' title='bbox 564 1854 709 1923; x_wconf 88' lang='lat' dir='ltr'><strong>quod</strong></span> <span class='ocrx_word' id='word_1_147' title='bbox 750 1874 858 1912; x_wconf 90' lang='lat' dir='ltr'><strong>non</strong></span> <span class='ocrx_word' id='word_1_148' title='bbox 892 1859 1059 1915; x_wconf 84' lang='lat' dir='ltr'><strong>libera</strong></span> <span class='ocrx_word' id='word_1_149' title='bbox 1091 1869 1171 1917; x_wconf 81' lang='lat' dir='ltr'><strong>est</strong></span> <span class='ocrx_word' id='word_1_150' title='bbox 1219 1862 1288 1916; x_wconf 85' lang='lat' dir='ltr'><strong>ab</strong></span> <span class='ocrx_word' id='word_1_151' title='bbox 1322 1865 1669 1920; x_wconf 86' lang='lat' dir='ltr'><strong>accusatione</strong></span> <span class='ocrx_word' id='word_1_152' title='bbox 1713 1866 1861 1935; x_wconf 78' lang='lat' dir='ltr'><strong>apud</strong></span> <span class='ocrx_word' id='word_1_153' title='bbox 1958 1867 2216 1938; x_wconf 74' lang='lat' dir='ltr'><strong>pmcepit</strong></span> <span class='ocrx_word' id='word_1_154' title='bbox 2251 1880 2374 1922; x_wconf 86' lang='lat' dir='ltr'><strong>eum</strong></span> <span class='ocrx_word' id='word_1_155' title='bbox 2408 1862 2891 1920; x_wconf 77' lang='lat' dir='ltr'><strong>anatbentatizare.</strong></span> 
     </span>
    </p>
   </div>
   <div class='ocr_carea' id='block_1_17' title="bbox 304 1948 1963 2023">
    <p class='ocr_par' dir='ltr' id='par_1_17' title="bbox 304 1948 1963 2023">
     <span class='ocr_line' id='line_1_17' title="bbox 304 1948 1963 2023; baseline 0.011 -27"><span class='ocrx_word' id='word_1_156' title='bbox 304 1955 429 1997; x_wconf 87' lang='lat' dir='ltr'><strong>eum</strong></span> <span class='ocrx_word' id='word_1_157' title='bbox 472 1948 751 2017; x_wconf 77' lang='lat' dir='ltr'><strong>pr0posita</strong></span> <span class='ocrx_word' id='word_1_158' title='bbox 790 1949 859 2004; x_wconf 88' lang='lat' dir='ltr'><strong>ad</strong></span> <span class='ocrx_word' id='word_1_159' title='bbox 909 1949 1104 2006; x_wconf 74' lang='lat' dir='ltr'><strong>Marini</strong></span> <span class='ocrx_word' id='word_1_160' title='bbox 1156 1950 1370 2008; x_wconf 69' lang='lat' dir='ltr'><strong>Persam</strong></span> <span class='ocrx_word' id='word_1_161' title='bbox 1416 1956 1671 2023; x_wconf 80' lang='lat' dir='ltr'><strong>epistola;</strong></span> <span class='ocrx_word' id='word_1_162' title='bbox 1723 1973 1850 2013; x_wconf 80' lang='lat' dir='ltr'><strong>nam</strong></span> <span class='ocrx_word' id='word_1_163' title='bbox 1955 1961 1963 1969; x_wconf 77' lang='lat'><em>‘</em></span> 
     </span>
    </p>
   </div>
   <div class='ocr_carea' id='block_1_18' title="bbox 790 2046 3040 2138">
    <p class='ocr_par' dir='ltr' id='par_1_18' title="bbox 790 2046 3040 2138">
     <span class='ocr_line' id='line_1_18' title="bbox 790 2046 3040 2138; baseline 0.002 -21"><span class='ocrx_word' id='word_1_164' title='bbox 790 2058 875 2117; x_wconf 74' lang='lat' dir='ltr'><strong>Ea:</strong></span> <span class='ocrx_word' id='word_1_165' title='bbox 896 2061 1074 2117; x_wconf 76' lang='lat' dir='ltr'><strong>eodem</strong></span> <span class='ocrx_word' id='word_1_166' title='bbox 1104 2065 1339 2121; x_wconf 82' lang='lat' dir='ltr'><strong>concilio</strong></span> <span class='ocrx_word' id='word_1_167' title='bbox 1365 2064 1497 2131; x_wconf 85' lang='lat' dir='ltr'><strong>CP.,</strong></span> <span class='ocrx_word' id='word_1_168' title='bbox 1518 2067 1700 2121; x_wconf 79' lang='lat' dir='ltr'><strong>cottat.</strong></span> <span class='ocrx_word' id='word_1_169' title='bbox 1730 2085 1784 2133; x_wconf 88' lang='lat' dir='ltr'><strong>v,</strong></span> <span class='ocrx_word' id='word_1_170' title='bbox 1811 2066 2002 2137; x_wconf 79' lang='lat' dir='ltr'><strong>Cyritti</strong></span> <span class='ocrx_word' id='word_1_171' title='bbox 2021 2070 2177 2138; x_wconf 69' lang='lat' dir='ltr'><strong>epist.</strong></span> <span class='ocrx_word' id='word_1_172' title='bbox 2208 2066 2285 2123; x_wconf 59' lang='lat' dir='ltr'><strong>ad!</strong></span> <span class='ocrx_word' id='word_1_173' title='bbox 2311 2046 2593 2128; x_wconf 72' lang='lat' dir='ltr'><strong>Acacium,</strong></span> <span class='ocrx_word' id='word_1_174' title='bbox 2619 2064 2750 2120; x_wconf 71' lang='lat' dir='ltr'><strong>ibid.</strong></span> <span class='ocrx_word' id='word_1_175' title='bbox 2781 2079 2905 2135; x_wconf 76' lang='lat' dir='ltr'><strong>pag.</strong></span> <span class='ocrx_word' id='word_1_176' title='bbox 2941 2061 3040 2122; x_wconf 70' lang='grc' dir='ltr'><strong>Ἴθι.</strong></span> 
     </span>
    </p>
   </div>
   <div class='ocr_carea' id='block_1_19' title="bbox 371 2165 3524 2253">
    <p class='ocr_par' dir='ltr' id='par_1_19' title="bbox 371 2165 3524 2253">
     <span class='ocr_line' id='line_1_19' title="bbox 371 2165 3524 2253; baseline 0.004 -33"><span class='ocrx_word' id='word_1_177' title='bbox 371 2165 489 2222; x_wconf 84' lang='lat' dir='ltr'><strong>Non</strong></span> <span class='ocrx_word' id='word_1_178' title='bbox 523 2170 805 2239; x_wconf 75' lang='lat' dir='ltr'><strong>oportebat</strong></span> <span class='ocrx_word' id='word_1_179' title='bbox 832 2172 999 2229; x_wconf 87' lang='lat' dir='ltr'><strong>latere</strong></span> <span class='ocrx_word' id='word_1_180' title='bbox 1027 2176 1379 2232; x_wconf 75' lang='lat' dir='ltr'><strong>sanctitatem</strong></span> <span class='ocrx_word' id='word_1_181' title='bbox 1399 2187 1542 2233; x_wconf 81' lang='lat' dir='ltr'><strong>tuam</strong></span> <span class='ocrx_word' id='word_1_182' title='bbox 1571 2199 1585 2234; x_wconf 75' lang='grc' dir='ltr'><strong>ι</strong></span> <span class='ocrx_word' id='word_1_183' title='bbox 1616 2191 1710 2235; x_wconf 89' lang='lat' dir='ltr'><strong>aut</strong></span> <span class='ocrx_word' id='word_1_184' title='bbox 1747 2181 1855 2235; x_wconf 83' lang='lat' dir='ltr'><strong>for-</strong></span> <span class='ocrx_word' id='word_1_185' title='bbox 1885 2190 1926 2245; x_wconf 75' lang='grc' dir='ltr'>Β</span> <span class='ocrx_word' id='word_1_186' title='bbox 1956 2184 2113 2253; x_wconf 71' lang='lat' dir='ltr'><strong>longa</strong></span> <span class='ocrx_word' id='word_1_187' title='bbox 2157 2182 2224 2238; x_wconf 83' lang='lat' dir='ltr'><strong>de.</strong></span> <span class='ocrx_word' id='word_1_188' title='bbox 2261 2183 2663 2252; x_wconf 80' lang='lat' dir='ltr'><strong>dispensatione</strong></span> <span class='ocrx_word' id='word_1_189' title='bbox 2697 2178 2906 2234; x_wconf 87' lang='lat' dir='ltr'><strong>Domini</strong></span> <span class='ocrx_word' id='word_1_190' title='bbox 2937 2178 3107 2233; x_wconf 83' lang='lat' dir='ltr'><strong>nostri</strong></span> <span class='ocrx_word' id='word_1_191' title='bbox 3136 2176 3263 2233; x_wconf 78' lang='lat' dir='ltr'><strong>Jesu</strong></span> <span class='ocrx_word' id='word_1_192' title='bbox 3293 2174 3524 2232; x_wconf 84' lang='lat' dir='ltr'><strong>Christi.</strong></span> 
     </span>
    </p>
   </div>
   <div class='ocr_carea' id='block_1_20' title="bbox 319 2259 3517 2346">
    <p class='ocr_par' dir='ltr' id='par_1_20' title="bbox 319 2259 3517 2346">
     <span class='ocr_line' id='line_1_20' title="bbox 319 2259 3517 2346; baseline 0.003 -33"><span class='ocrx_word' id='word_1_193' title='bbox 319 2259 460 2314; x_wconf 85' lang='lat' dir='ltr'><strong>sitan</strong></span> <span class='ocrx_word' id='word_1_194' title='bbox 489 2268 542 2316; x_wconf 85' lang='lat' dir='ltr'><strong>et</strong></span> <span class='ocrx_word' id='word_1_195' title='bbox 573 2266 841 2333; x_wconf 79' lang='lat' dir='ltr'><strong>cognovit,</strong></span> <span class='ocrx_word' id='word_1_196' title='bbox 870 2266 1013 2336; x_wconf 91' lang='lat' dir='ltr'><strong>quod</strong></span> <span class='ocrx_word' id='word_1_197' title='bbox 1038 2283 1233 2323; x_wconf 84' lang='lat' dir='ltr'><strong>omnes</strong></span> <span class='ocrx_word' id='word_1_198' title='bbox 1248 2268 1548 2327; x_wconf 80' lang='lat' dir='ltr'><strong>Orientales</strong></span> <span class='ocrx_word' id='word_1_199' title='bbox 1574 2274 1863 2343; x_wconf 83' lang='lat' dir='ltr'><strong>religiosis-</strong></span> <span class='ocrx_word' id='word_1_200' title='bbox 1957 2274 2255 2346; x_wconf 86' lang='lat' dir='ltr'><strong>Supposuit</strong></span> <span class='ocrx_word' id='word_1_201' title='bbox 2286 2275 2447 2330; x_wconf 88' lang='lat' dir='ltr'><strong>etiam</strong></span> <span class='ocrx_word' id='word_1_202' title='bbox 2479 2273 2714 2341; x_wconf 86' lang='lat' dir='ltr'><strong>capitula</strong></span> <span class='ocrx_word' id='word_1_203' title='bbox 2742 2271 2987 2341; x_wconf 64' lang='lat' dir='ltr'><strong>quaedam</strong></span> <span class='ocrx_word' id='word_1_204' title='bbox 3021 2270 3248 2324; x_wconf 88' lang='lat' dir='ltr'><strong>collecta</strong></span> <span class='ocrx_word' id='word_1_205' title='bbox 3279 2283 3307 2321; x_wconf 92' lang='lat' dir='ltr'><strong>a</strong></span> <span class='ocrx_word' id='word_1_206' title='bbox 3334 2266 3517 2323; x_wconf 89' lang='lat' dir='ltr'><strong>Theo-</strong></span> 
     </span>
    </p>
   </div>
   <div class='ocr_carea' id='block_1_21' title="bbox 308 2351 3521 2434">
    <p class='ocr_par' dir='ltr' id='par_1_21' title="bbox 308 2351 3521 2434">
     <span class='ocr_line' id='line_1_21' title="bbox 308 2351 3521 2434; baseline 0.002 -29"><span class='ocrx_word' id='word_1_207' title='bbox 308 2351 429 2405; x_wconf 89' lang='lat' dir='ltr'><strong>simi</strong></span> <span class='ocrx_word' id='word_1_208' title='bbox 453 2353 686 2424; x_wconf 87' lang='lat' dir='ltr'><strong>episcopi</strong></span> <span class='ocrx_word' id='word_1_209' title='bbox 719 2354 771 2409; x_wconf 89' lang='lat' dir='ltr'><strong>in</strong></span> <span class='ocrx_word' id='word_1_210' title='bbox 796 2355 1078 2413; x_wconf 82' lang='lat' dir='ltr'><strong>Antiochia</strong></span> <span class='ocrx_word' id='word_1_211' title='bbox 1107 2370 1494 2425; x_wconf 84' lang='lat' dir='ltr'><strong>convenerunt,</strong></span> <span class='ocrx_word' id='word_1_212' title='bbox 1527 2378 1649 2416; x_wconf 89' lang='lat' dir='ltr'><strong>cum</strong></span> <span class='ocrx_word' id='word_1_213' title='bbox 1683 2373 1862 2420; x_wconf 86' lang='lat' dir='ltr'><strong>trans-</strong></span> <span class='ocrx_word' id='word_1_214' title='bbox 1958 2367 2081 2422; x_wconf 88' lang='lat' dir='ltr'><strong>dori</strong></span> <span class='ocrx_word' id='word_1_215' title='bbox 2114 2367 2418 2427; x_wconf 80' lang='lat' dir='ltr'><strong>codicibus,</strong></span> <span class='ocrx_word' id='word_1_216' title='bbox 2446 2380 2568 2434; x_wconf 70' lang='lat' dir='ltr'><strong>qua:</strong></span> <span class='ocrx_word' id='word_1_217' title='bbox 2602 2370 2993 2418; x_wconf 89' lang='lat' dir='ltr'><strong>consonantem</strong></span> <span class='ocrx_word' id='word_1_218' title='bbox 3016 2359 3250 2415; x_wconf 84' lang='lat' dir='ltr'><strong>Nestorii</strong></span> <span class='ocrx_word' id='word_1_219' title='bbox 3279 2357 3521 2426; x_wconf 80' lang='lat' dir='ltr'><strong>perﬁdiis</strong></span> 
     </span>
    </p>
   </div>
   <div class='ocr_carea' id='block_1_22' title="bbox 308 2442 3518 2519">
    <p class='ocr_par' dir='ltr' id='par_1_22' title="bbox 308 2442 3518 2519">
     <span class='ocr_line' id='line_1_22' title="bbox 308 2442 3518 2519; baseline 0.003 -26"><span class='ocrx_word' id='word_1_220' title='bbox 308 2442 545 2498; x_wconf 84' lang='lat' dir='ltr'><strong>misisset</strong></span> <span class='ocrx_word' id='word_1_221' title='bbox 592 2446 671 2501; x_wconf 89' lang='lat' dir='ltr'><strong>eis</strong></span> <span class='ocrx_word' id='word_1_222' title='bbox 713 2454 917 2502; x_wconf 85' lang='lat' dir='ltr'><strong>tomum</strong></span> <span class='ocrx_word' id='word_1_223' title='bbox 966 2449 1221 2506; x_wconf 89' lang='lat' dir='ltr'><strong>dominus</strong></span> <span class='ocrx_word' id='word_1_224' title='bbox 1275 2467 1426 2508; x_wconf 88' lang='lat' dir='ltr'><strong>meus</strong></span> <span class='ocrx_word' id='word_1_225' title='bbox 1478 2456 1862 2512; x_wconf 87' lang='lat' dir='ltr'><strong>sanctissimus</strong></span> <span class='ocrx_word' id='word_1_226' title='bbox 1957 2457 2292 2512; x_wconf 82' lang='lat' dir='ltr'><strong>intellectum</strong></span> <span class='ocrx_word' id='word_1_227' title='bbox 2341 2456 2562 2519; x_wconf 85' lang='lat' dir='ltr'><strong>habent,</strong></span> <span class='ocrx_word' id='word_1_228' title='bbox 2601 2466 2655 2510; x_wconf 91' lang='lat' dir='ltr'><strong>et</strong></span> <span class='ocrx_word' id='word_1_229' title='bbox 2708 2452 3030 2508; x_wconf 88' lang='lat' dir='ltr'><strong>adhortatus</strong></span> <span class='ocrx_word' id='word_1_230' title='bbox 3080 2458 3165 2505; x_wconf 88' lang='lat' dir='ltr'><strong>est</strong></span> <span class='ocrx_word' id='word_1_231' title='bbox 3214 2450 3379 2505; x_wconf 84' lang='lat' dir='ltr'><strong>etiam</strong></span> <span class='ocrx_word' id='word_1_232' title='bbox 3425 2449 3518 2503; x_wconf 84' lang='lat' dir='ltr'><strong>illa</strong></span> 
     </span>
    </p>
   </div>
   <div class='ocr_carea' id='block_1_23' title="bbox 308 2533 2438 2614">
    <p class='ocr_par' dir='ltr' id='par_1_23' title="bbox 308 2533 2438 2614">
     <span class='ocr_line' id='line_1_23' title="bbox 308 2533 2438 2614; baseline 0.005 -28"><span class='ocrx_word' id='word_1_233' title='bbox 308 2533 594 2605; x_wconf 87' lang='lat' dir='ltr'><strong>episcopus</strong></span> <span class='ocrx_word' id='word_1_234' title='bbox 626 2537 869 2606; x_wconf 87' lang='lat' dir='ltr'><strong>Proclus,</strong></span> <span class='ocrx_word' id='word_1_235' title='bbox 910 2542 1178 2596; x_wconf 89' lang='lat' dir='ltr'><strong>bonorum</strong></span> <span class='ocrx_word' id='word_1_236' title='bbox 1216 2544 1435 2614; x_wconf 83' lang='lat' dir='ltr'><strong>plenum</strong></span> <span class='ocrx_word' id='word_1_237' title='bbox 1478 2546 1856 2603; x_wconf 83' lang='lat' dir='ltr'><strong>intellectuum</strong></span> <span class='ocrx_word' id='word_1_238' title='bbox 1959 2547 2438 2605; x_wconf 86' lang='lat' dir='ltr'><strong>anathematizare.</strong></span> 
     </span>
    </p>
   </div>
   <div class='ocr_carea' id='block_1_24' title="bbox 308 2633 1865 2705">
    <p class='ocr_par' dir='ltr' id='par_1_24' title="bbox 308 2633 1865 2705">
     <span class='ocr_line' id='line_1_24' title="bbox 308 2633 1865 2705; baseline 0.011 -25"><span class='ocrx_word' id='word_1_239' title='bbox 308 2635 360 2681; x_wconf 84' lang='lat' dir='ltr'><strong>et</strong></span> <span class='ocrx_word' id='word_1_240' title='bbox 394 2638 666 2686; x_wconf 88' lang='lat' dir='ltr'><strong>rectorum</strong></span> <span class='ocrx_word' id='word_1_241' title='bbox 705 2633 1058 2705; x_wconf 74' lang='lat' dir='ltr'><strong>d’ogmatum;</strong></span> <span class='ocrx_word' id='word_1_242' title='bbox 1099 2645 1215 2691; x_wconf 87' lang='lat' dir='ltr'><strong>erat</strong></span> <span class='ocrx_word' id='word_1_243' title='bbox 1261 2639 1403 2694; x_wconf 89' lang='lat' dir='ltr'><strong>enim</strong></span> <span class='ocrx_word' id='word_1_244' title='bbox 1433 2642 1571 2697; x_wconf 89' lang='lat' dir='ltr'><strong>ratio</strong></span> <span class='ocrx_word' id='word_1_245' title='bbox 1601 2642 1769 2696; x_wconf 88' lang='lat' dir='ltr'><strong>multa</strong></span> <span class='ocrx_word' id='word_1_246' title='bbox 1809 2650 1865 2697; x_wconf 95' lang='lat' dir='ltr'><strong>et</strong></span> 
     </span>
    </p>
   </div>
   <div class='ocr_carea' id='block_1_25' title="bbox 1829 2759 1985 2819">
    <p class='ocr_par' dir='ltr' id='par_1_25' title="bbox 1829 2759 1985 2819">
     <span class='ocr_line' id='line_1_25' title="bbox 1829 2759 1985 2819; baseline 0 0"><span class='ocrx_word' id='word_1_247' title='bbox 1829 2759 1985 2819; x_wconf 79' lang='lat' dir='ltr'><strong>XIV.</strong></span> 
     </span>
    </p>
   </div>
   <div class='ocr_carea' id='block_1_26' title="bbox 591 2868 3236 2949">
    <p class='ocr_par' dir='ltr' id='par_1_26' title="bbox 591 2868 3236 2949">
     <span class='ocr_line' id='line_1_26' title="bbox 591 2868 3236 2949; baseline 0.002 -28"><span class='ocrx_word' id='word_1_248' title='bbox 591 2868 920 2925; x_wconf 67' lang='lat' dir='ltr'><strong>ANASTASIUS</strong></span> <span class='ocrx_word' id='word_1_249' title='bbox 951 2870 1175 2929; x_wconf 74' lang='lat' dir='ltr'><strong>Sumu-</strong></span> <span class='ocrx_word' id='word_1_250' title='bbox 1197 2874 1288 2930; x_wconf 78' lang='lat' dir='ltr'><strong>lib.</strong></span> <span class='ocrx_word' id='word_1_251' title='bbox 1339 2877 1587 2949; x_wconf 83' lang='grc' dir='ltr'><strong>⁹οδηγοῦ,</strong></span> <span class='ocrx_word' id='word_1_252' title='bbox 1617 2894 1730 2948; x_wconf 72' lang='lat' dir='ltr'><strong>cap.</strong></span> <span class='ocrx_word' id='word_1_253' title='bbox 1756 2881 1809 2944; x_wconf 77' lang='lat'><strong>&#39;5,</strong></span> <span class='ocrx_word' id='word_1_254' title='bbox 1837 2896 1901 2934; x_wconf 75' lang='lat' dir='ltr'><strong>ea:</strong></span> <span class='ocrx_word' id='word_1_255' title='bbox 1929 2880 2063 2935; x_wconf 71' lang='lat' dir='ltr'><strong>edit.</strong></span> <span class='ocrx_word' id='word_1_256' title='bbox 2086 2878 2220 2948; x_wconf 76' lang='lat' dir='ltr'><strong>Opp.</strong></span> <span class='ocrx_word' id='word_1_257' title='bbox 2247 2874 2478 2931; x_wconf 61' lang='grc' dir='ltr'><strong>στειβονί</strong></span> <span class='ocrx_word' id='word_1_258' title='bbox 2500 2874 2658 2940; x_wconf 71' lang='lat' dir='ltr'><strong>17M),</strong></span> <span class='ocrx_word' id='word_1_259' title='bbox 2683 2883 2810 2929; x_wconf 88' lang='lat' dir='ltr'><strong>tom.</strong></span> <span class='ocrx_word' id='word_1_260' title='bbox 2833 2870 2977 2940; x_wconf 72' lang='lat' dir='ltr'><strong>XIV,</strong></span> <span class='ocrx_word' id='word_1_261' title='bbox 2996 2887 3117 2942; x_wconf 69' lang='lat' dir='ltr'><strong>pag.</strong></span> <span class='ocrx_word' id='word_1_262' title='bbox 3146 2871 3236 2926; x_wconf 73' lang='lat'><strong>&#39;59-.</strong></span> 
     </span>
    </p>
   </div>
   <div class='ocr_carea' id='block_1_27' title="bbox 378 2975 1969 3062">
    <p class='ocr_par' dir='ltr' id='par_1_27' title="bbox 378 2975 1862 3062">
     <span class='ocr_line' id='line_1_27' title="bbox 378 2975 1862 3062; baseline 0.011 -34"><span class='ocrx_word' id='word_1_263' title='bbox 378 2975 561 3046; x_wconf 86' lang='grc' dir='ltr'>Πολλῷ</span> <span class='ocrx_word' id='word_1_264' title='bbox 585 2977 743 3033; x_wconf 83' lang='grc' dir='ltr'>πλέον</span> <span class='ocrx_word' id='word_1_265' title='bbox 766 2979 821 3032; x_wconf 81' lang='grc' dir='ltr'>δὲ</span> <span class='ocrx_word' id='word_1_266' title='bbox 845 2980 1079 3047; x_wconf 79' lang='grc' dir='ltr'>πάντων,</span> <span class='ocrx_word' id='word_1_267' title='bbox 1105 2987 1201 3039; x_wconf 77' lang='grc' dir='ltr'>καὶ</span> <span class='ocrx_word' id='word_1_268' title='bbox 1229 2988 1334 3059; x_wconf 85' lang='grc' dir='ltr'>πρὸ</span> <span class='ocrx_word' id='word_1_269' title='bbox 1356 2988 1571 3043; x_wconf 82' lang='grc' dir='ltr'>πάντων</span> <span class='ocrx_word' id='word_1_270' title='bbox 1600 2991 1703 3062; x_wconf 85' lang='grc' dir='ltr'><strong>χρὴ</strong></span> <span class='ocrx_word' id='word_1_271' title='bbox 1732 2994 1862 3046; x_wconf 88' lang='grc' dir='ltr'>ἁνα-</span> 
     </span>
    </p>
   </div>
   <div class='ocr_carea' id='block_1_28' title="bbox 1928 2975 3519 3062">
    <p class='ocr_par' dir='ltr' id='par_1_28' title="bbox 2030 2980 3519 3045">
     <span class='ocr_line' id='line_1_28' title="bbox 2030 2980 3519 3045; baseline -0.006 -2"><span class='ocrx_word' id='word_1_272' title='bbox 2030 2990 2144 3045; x_wconf 67' lang='grc' dir='ltr'><strong>Ρνω</strong></span> <span class='ocrx_word' id='word_1_273' title='bbox 2181 2988 2445 3043; x_wconf 89' lang='lat' dir='ltr'><strong>omnibus</strong></span> <span class='ocrx_word' id='word_1_274' title='bbox 2478 3003 2607 3042; x_wconf 89' lang='lat' dir='ltr'><strong>vero</strong></span> <span class='ocrx_word' id='word_1_275' title='bbox 2653 2994 2706 3042; x_wconf 88' lang='lat' dir='ltr'><strong>et</strong></span> <span class='ocrx_word' id='word_1_276' title='bbox 2740 2994 2865 3041; x_wconf 88' lang='lat' dir='ltr'><strong>ante</strong></span> <span class='ocrx_word' id='word_1_277' title='bbox 2909 2983 3091 3039; x_wconf 85' lang='lat' dir='ltr'><strong>omnia</strong></span> <span class='ocrx_word' id='word_1_278' title='bbox 3144 2980 3519 3037; x_wconf 79' lang='lat' dir='ltr'><strong>exsecrandns</strong></span> 
     </span>
    </p>
   </div>
   <div class='ocr_carea' id='block_1_29' title="bbox 310 3066 1901 3155">
    <p class='ocr_par' dir='ltr' id='par_1_29' title="bbox 310 3066 1862 3155">
     <span class='ocr_line' id='line_1_29' title="bbox 310 3066 1862 3155; baseline 0.014 -37"><span class='ocrx_word' id='word_1_279' title='bbox 310 3066 615 3137; x_wconf 80' lang='grc' dir='ltr'>θεματίζειν</span> <span class='ocrx_word' id='word_1_280' title='bbox 644 3070 734 3123; x_wconf 82' lang='grc' dir='ltr'><strong>τὸν</strong></span> <span class='ocrx_word' id='word_1_281' title='bbox 762 3072 1116 3142; x_wconf 83' lang='grc' dir='ltr'>κηρύττοντα,</span> <span class='ocrx_word' id='word_1_282' title='bbox 1148 3077 1179 3149; x_wconf 83' lang='grc' dir='ltr'>ἢ</span> <span class='ocrx_word' id='word_1_283' title='bbox 1220 3078 1407 3150; x_wconf 78' lang='grc' dir='ltr'>ἔχοντα</span> <span class='ocrx_word' id='word_1_284' title='bbox 1436 3082 1561 3136; x_wconf 88' lang='grc' dir='ltr'>νέαν</span> <span class='ocrx_word' id='word_1_285' title='bbox 1598 3084 1798 3146; x_wconf 83' lang='grc' dir='ltr'>πίστιν,</span> <span class='ocrx_word' id='word_1_286' title='bbox 1827 3083 1862 3155; x_wconf 82' lang='grc' dir='ltr'>ἢ</span> 
     </span>
    </p>
   </div>
   <div class='ocr_carea' id='block_1_30' title="bbox 1929 3066 3520 3155">
    <p class='ocr_par' dir='ltr' id='par_1_30' title="bbox 1959 3071 3520 3152">
     <span class='ocr_line' id='line_1_30' title="bbox 1959 3071 3520 3152; baseline -0.007 -16"><span class='ocrx_word' id='word_1_287' title='bbox 1959 3093 2045 3138; x_wconf 85' lang='lat' dir='ltr'><strong>est</strong></span> <span class='ocrx_word' id='word_1_288' title='bbox 2066 3125 2081 3147; x_wconf 93' lang='lat'><strong>,</strong></span> <span class='ocrx_word' id='word_1_289' title='bbox 2116 3082 2208 3152; x_wconf 86' lang='lat' dir='ltr'><strong>qui</strong></span> <span class='ocrx_word' id='word_1_290' title='bbox 2245 3095 2441 3135; x_wconf 81' lang='lat' dir='ltr'><strong>novam</strong></span> <span class='ocrx_word' id='word_1_291' title='bbox 2475 3080 2631 3133; x_wconf 85' lang='lat' dir='ltr'><strong>ﬁdem</strong></span> <span class='ocrx_word' id='word_1_292' title='bbox 2664 3087 2756 3133; x_wconf 91' lang='lat' dir='ltr'><strong>aut</strong></span> <span class='ocrx_word' id='word_1_293' title='bbox 2795 3076 3118 3133; x_wconf 89' lang='lat' dir='ltr'><strong>sententiam</strong></span> <span class='ocrx_word' id='word_1_294' title='bbox 3146 3071 3406 3145; x_wconf 67' lang='lat' dir='ltr'><strong>praedicat</strong></span> <span class='ocrx_word' id='word_1_295' title='bbox 3437 3073 3520 3125; x_wconf 82' lang='lat' dir='ltr'><strong>vel</strong></span> 
     </span>
    </p>
   </div>
   <div class='ocr_carea' id='block_1_31' title="bbox 309 3160 1900 3246">
    <p class='ocr_par' dir='ltr' id='par_1_31' title="bbox 309 3160 1864 3242">
     <span class='ocr_line' id='line_1_31' title="bbox 309 3160 1864 3242; baseline 0.012 -31"><span class='ocrx_word' id='word_1_296' title='bbox 309 3161 423 3213; x_wconf 86' lang='grc' dir='ltr'>νέον</span> <span class='ocrx_word' id='word_1_297' title='bbox 451 3160 642 3231; x_wconf 79' lang='grc' dir='ltr'>δόγμα,</span> <span class='ocrx_word' id='word_1_298' title='bbox 681 3164 1126 3236; x_wconf 81' lang='grc' dir='ltr'><strong>παρηλλαγμένον</strong></span> <span class='ocrx_word' id='word_1_299' title='bbox 1153 3170 1253 3242; x_wconf 84' lang='grc' dir='ltr'><strong>τῆς</strong></span> <span class='ocrx_word' id='word_1_300' title='bbox 1280 3173 1512 3238; x_wconf 83' lang='grc' dir='ltr'>πίστεως</span> <span class='ocrx_word' id='word_1_301' title='bbox 1544 3174 1650 3228; x_wconf 84' lang='grc' dir='ltr'>τῶν</span> <span class='ocrx_word' id='word_1_302' title='bbox 1677 3177 1736 3229; x_wconf 85' lang='grc' dir='ltr'><strong>έν</strong></span> <span class='ocrx_word' id='word_1_303' title='bbox 1765 3177 1864 3229; x_wconf 89' lang='grc' dir='ltr'><strong>Νι-</strong></span> 
     </span>
    </p>
   </div>
   <div class='ocr_carea' id='block_1_32' title="bbox 1931 3160 3522 3246">
    <p class='ocr_par' dir='ltr' id='par_1_32' title="bbox 1963 3161 3522 3246">
     <span class='ocr_line' id='line_1_32' title="bbox 1963 3161 3522 3246; baseline -0.006 -20"><span class='ocrx_word' id='word_1_304' title='bbox 1963 3181 2107 3228; x_wconf 88' lang='lat' dir='ltr'><strong>tenet</strong></span> <span class='ocrx_word' id='word_1_305' title='bbox 2148 3173 2417 3227; x_wconf 87' lang='lat' dir='ltr'><strong>diversam</strong></span> <span class='ocrx_word' id='word_1_306' title='bbox 2463 3185 2493 3225; x_wconf 92' lang='lat' dir='ltr'><strong>a</strong></span> <span class='ocrx_word' id='word_1_307' title='bbox 2544 3171 2802 3246; x_wconf 78' lang='lat' dir='ltr'><strong>trecentis</strong></span> <span class='ocrx_word' id='word_1_308' title='bbox 2840 3168 3023 3223; x_wconf 87' lang='lat' dir='ltr'><strong>decem</strong></span> <span class='ocrx_word' id='word_1_309' title='bbox 3065 3173 3118 3221; x_wconf 89' lang='lat' dir='ltr'><strong>et</strong></span> <span class='ocrx_word' id='word_1_310' title='bbox 3163 3171 3287 3220; x_wconf 79' lang='lat' dir='ltr'><strong>octo</strong></span> <span class='ocrx_word' id='word_1_311' title='bbox 3333 3161 3522 3217; x_wconf 65' lang='lat' dir='ltr'><strong>Nicaeae</strong></span> 
     </span>
    </p>
   </div>
   <div class='ocr_carea' id='block_1_33' title="bbox 311 3252 1902 3337">
    <p class='ocr_par' dir='ltr' id='par_1_33' title="bbox 311 3252 1864 3337">
     <span class='ocr_line' id='line_1_33' title="bbox 311 3252 1864 3337; baseline 0.012 -33"><span class='ocrx_word' id='word_1_312' title='bbox 311 3252 437 3324; x_wconf 74' lang='grc' dir='ltr'>καία</span> <span class='ocrx_word' id='word_1_313' title='bbox 468 3260 572 3323; x_wconf 84' lang='grc' dir='ltr'><strong>τιη¹</strong></span> <span class='ocrx_word' id='word_1_314' title='bbox 621 3255 895 3326; x_wconf 83' lang='grc' dir='ltr'>Πατέρων.</span> <span class='ocrx_word' id='word_1_315' title='bbox 954 3258 1223 3324; x_wconf 82' lang='grc' dir='ltr'><strong>Ὡσαύτως</strong></span> <span class='ocrx_word' id='word_1_316' title='bbox 1267 3264 1359 3317; x_wconf 81' lang='grc' dir='ltr'>καὶ</span> <span class='ocrx_word' id='word_1_317' title='bbox 1408 3265 1496 3318; x_wconf 86' lang='grc' dir='ltr'>τδν</span> <span class='ocrx_word' id='word_1_318' title='bbox 1538 3263 1789 3335; x_wconf 67' lang='grc' dir='ltr'>εὑρόνεὶα,</span> <span class='ocrx_word' id='word_1_319' title='bbox 1832 3267 1864 3337; x_wconf 80' lang='grc' dir='ltr'>ἢ</span> 
     </span>
    </p>
   </div>
   <div class='ocr_carea' id='block_1_34' title="bbox 1931 3252 3522 3337">
    <p class='ocr_par' dir='ltr' id='par_1_34' title="bbox 1966 3255 3522 3332">
     <span class='ocr_line' id='line_1_34' title="bbox 1966 3255 3522 3332; baseline -0.008 -13"><span class='ocrx_word' id='word_1_320' title='bbox 1966 3266 2237 3320; x_wconf 81' lang='lat' dir='ltr'><strong>Patribus.</strong></span> <span class='ocrx_word' id='word_1_321' title='bbox 2281 3263 2540 3318; x_wconf 88' lang='lat' dir='ltr'><strong>Similiter</strong></span> <span class='ocrx_word' id='word_1_322' title='bbox 2577 3270 2630 3316; x_wconf 90' lang='lat' dir='ltr'><strong>et</strong></span> <span class='ocrx_word' id='word_1_323' title='bbox 2668 3261 2761 3332; x_wconf 87' lang='lat' dir='ltr'><strong>qui</strong></span> <span class='ocrx_word' id='word_1_324' title='bbox 2802 3260 3067 3315; x_wconf 84' lang='lat' dir='ltr'><strong>invenerit</strong></span> <span class='ocrx_word' id='word_1_325' title='bbox 3097 3265 3190 3311; x_wconf 90' lang='lat' dir='ltr'><strong>aut</strong></span> <span class='ocrx_word' id='word_1_326' title='bbox 3220 3255 3522 3324; x_wconf 79' lang='lat' dir='ltr'><strong>susceperit</strong></span> 
     </span>
    </p>
   </div>
   <div class='ocr_carea' id='block_1_35' title="bbox 309 3340 1900 3421">
    <p class='ocr_par' dir='ltr' id='par_1_35' title="bbox 309 3340 1869 3421">
     <span class='ocr_line' id='line_1_35' title="bbox 309 3340 1869 3421; baseline 0.008 -27"><span class='ocrx_word' id='word_1_327' title='bbox 309 3340 688 3413; x_wconf 77' lang='grc' dir='ltr'>παραλαϐόντα</span> <span class='ocrx_word' id='word_1_328' title='bbox 715 3345 779 3397; x_wconf 80' lang='grc' dir='ltr'>ἐκ</span> <span class='ocrx_word' id='word_1_329' title='bbox 809 3346 904 3416; x_wconf 85' lang='grc' dir='ltr'><strong>τῆς</strong></span> <span class='ocrx_word' id='word_1_330' title='bbox 936 3347 1147 3402; x_wconf 80' lang='grc' dir='ltr'><strong>συνόδου</strong></span> <span class='ocrx_word' id='word_1_331' title='bbox 1179 3350 1515 3421; x_wconf 83' lang='grc' dir='ltr'><strong>Χαλκηδόνος</strong></span> <span class='ocrx_word' id='word_1_332' title='bbox 1540 3354 1662 3407; x_wconf 83' lang='grc' dir='ltr'>νέαν</span> <span class='ocrx_word' id='word_1_333' title='bbox 1689 3354 1869 3408; x_wconf 86' lang='grc' dir='ltr'>πίστιν</span> 
     </span>
    </p>
   </div>
   <div class='ocr_carea' id='block_1_36' title="bbox 1925 3340 3516 3421">
    <p class='ocr_par' dir='ltr' id='par_1_36' title="bbox 1965 3353 3516 3421">
     <span class='ocr_line' id='line_1_36' title="bbox 1965 3353 3516 3421; baseline -0.01 -9"><span class='ocrx_word' id='word_1_334' title='bbox 1965 3374 2029 3412; x_wconf 75' lang='lat' dir='ltr'><strong>ex</strong></span> <span class='ocrx_word' id='word_1_335' title='bbox 2068 3358 2302 3413; x_wconf 85' lang='lat' dir='ltr'><strong>concilio</strong></span> <span class='ocrx_word' id='word_1_336' title='bbox 2322 3353 2747 3411; x_wconf 88' lang='lat' dir='ltr'><strong>Chalcedonensi</strong></span> <span class='ocrx_word' id='word_1_337' title='bbox 2769 3366 2962 3406; x_wconf 86' lang='lat' dir='ltr'><strong>novam</strong></span> <span class='ocrx_word' id='word_1_338' title='bbox 2986 3359 3180 3421; x_wconf 70' lang='lat' dir='ltr'><strong>praeter</strong></span> <span class='ocrx_word' id='word_1_339' title='bbox 3205 3355 3516 3401; x_wconf 89' lang='lat' dir='ltr'><strong>sanctorum</strong></span> 
     </span>
    </p>
   </div>
   <div class='ocr_carea' id='block_1_37' title="bbox 310 3434 1901 3515">
    <p class='ocr_par' dir='ltr' id='par_1_37' title="bbox 310 3434 1901 3515">
     <span class='ocr_line' id='line_1_37' title="bbox 310 3434 1901 3515; baseline 0.009 -30"><span class='ocrx_word' id='word_1_340' title='bbox 310 3434 576 3504; x_wconf 82' lang='grc' dir='ltr'><strong>παρεκτὸς</strong></span> <span class='ocrx_word' id='word_1_341' title='bbox 598 3436 689 3489; x_wconf 84' lang='grc' dir='ltr'>τοῦ</span> <span class='ocrx_word' id='word_1_342' title='bbox 721 3441 1061 3510; x_wconf 82' lang='grc' dir='ltr'>φρονήματος</span> <span class='ocrx_word' id='word_1_343' title='bbox 1079 3439 1189 3493; x_wconf 85' lang='grc' dir='ltr'>τῶν</span> <span class='ocrx_word' id='word_1_344' title='bbox 1211 3442 1379 3509; x_wconf 81' lang='grc' dir='ltr'>ἁγίων</span> <span class='ocrx_word' id='word_1_345' title='bbox 1401 3445 1655 3514; x_wconf 73' lang='grc' dir='ltr'>Πατέρων</span> <span class='ocrx_word' id='word_1_346' title='bbox 1680 3449 1863 3499; x_wconf 90' lang='grc' dir='ltr'>Διονυ-</span> <span class='ocrx_word' id='word_1_347' title='bbox 1893 3503 1901 3515; x_wconf 33' lang='grc' dir='ltr'><strong><em>Α</em></strong></span> 
     </span>
    </p>
   </div>
   <div class='ocr_carea' id='block_1_38' title="bbox 1927 3434 3518 3515">
    <p class='ocr_par' dir='ltr' id='par_1_38' title="bbox 1927 3434 3518 3515">
     <span class='ocr_line' id='line_1_38' title="bbox 1927 3434 3518 3515; baseline -0.008 -14"><span class='ocrx_word' id='word_1_348' title='bbox 1927 3501 1931 3515; x_wconf 71' lang='grc'><em>,</em></span> <span class='ocrx_word' id='word_1_349' title='bbox 1966 3447 2185 3502; x_wconf 86' lang='lat' dir='ltr'><strong>Patrum</strong></span> <span class='ocrx_word' id='word_1_350' title='bbox 2214 3456 2472 3510; x_wconf 86' lang='lat' dir='ltr'><strong>mentem,</strong></span> <span class='ocrx_word' id='word_1_351' title='bbox 2501 3444 2766 3515; x_wconf 85' lang='lat' dir='ltr'><strong>Dionysii,</strong></span> <span class='ocrx_word' id='word_1_352' title='bbox 2798 3442 3004 3506; x_wconf 52' lang='lat' dir='ltr'><strong>Irena’i,</strong></span> <span class='ocrx_word' id='word_1_353' title='bbox 3030 3437 3334 3501; x_wconf 78' lang='lat' dir='ltr'><strong>Athanasii,</strong></span> <span class='ocrx_word' id='word_1_354' title='bbox 3367 3434 3518 3490; x_wconf 81' lang='lat' dir='ltr'><strong>Basi-</strong></span> 
     </span>
    </p>
   </div>
   <div class='ocr_carea' id='block_1_39' title="bbox 313 3498 1904 3623">
    <p class='ocr_par' dir='ltr' id='par_1_39' title="bbox 313 3498 1904 3608">
     <span class='ocr_line' id='line_1_39' title="bbox 313 3498 1904 3608; baseline 0.009 -33"><span class='ocrx_word' id='word_1_355' title='bbox 313 3498 447 3587; x_wconf 72' lang='grc' dir='ltr'>σίου,</span> <span class='ocrx_word' id='word_1_356' title='bbox 486 3498 795 3598; x_wconf 72' lang='grc' dir='ltr'>Εἰρην-ιίόυ,</span> <span class='ocrx_word' id='word_1_357' title='bbox 842 3498 1178 3594; x_wconf 43' lang='grc' dir='ltr'>’ᾸΙΘανασίοψ</span> <span class='ocrx_word' id='word_1_358' title='bbox 1218 3498 1515 3599; x_wconf 72' lang='grc' dir='ltr'>Βασιλείου,</span> <span class='ocrx_word' id='word_1_359' title='bbox 1548 3498 1904 3608; x_wconf 61' lang='grc' dir='ltr'><strong>ί¹ρηγορίου,⁴</strong></span> 
     </span>
    </p>
   </div>
   <div class='ocr_carea' id='block_1_40' title="bbox 1928 3498 3519 3623">
    <p class='ocr_par' dir='ltr' id='par_1_40' title="bbox 1928 3531 3519 3623">
     <span class='ocr_line' id='line_1_40' title="bbox 1928 3531 3519 3623; baseline -0.007 -33"><span class='ocrx_word' id='word_1_360' title='bbox 1928 3531 1932 3554; x_wconf 97' lang='grc'>¹</span> <span class='ocrx_word' id='word_1_361' title='bbox 1968 3538 2042 3604; x_wconf 90' lang='lat' dir='ltr'><strong>lii,</strong></span> <span class='ocrx_word' id='word_1_362' title='bbox 2069 3537 2335 3623; x_wconf 57' lang='lat' dir='ltr'><strong>Gregorii,</strong></span> <span class='ocrx_word' id='word_1_363' title='bbox 2369 3535 2810 3599; x_wconf 81' lang='lat' dir='ltr'><strong>Joannis,Procli</strong></span> <span class='ocrx_word' id='word_1_364' title='bbox 2847 3532 3289 3603; x_wconf 88' lang='lat' dir='ltr'><strong>reliquorumque</strong></span> <span class='ocrx_word' id='word_1_365' title='bbox 3311 3534 3519 3582; x_wconf 79' lang='lat' dir='ltr'><strong>sancto-</strong></span> 
     </span>
    </p>
   </div>
   <div class='ocr_carea' id='block_1_41' title="bbox 323 3615 1914 3700">
    <p class='ocr_par' dir='ltr' id='par_1_41' title="bbox 323 3615 1869 3700">
     <span class='ocr_line' id='line_1_41' title="bbox 323 3615 1869 3700; baseline 0.009 -32"><span class='ocrx_word' id='word_1_366' title='bbox 323 3615 591 3684; x_wconf 75' lang='grc' dir='ltr'>Ἰωάννου,</span> <span class='ocrx_word' id='word_1_367' title='bbox 633 3620 900 3691; x_wconf 79' lang='grc' dir='ltr'>Πρόκλου’</span> <span class='ocrx_word' id='word_1_368' title='bbox 935 3622 1156 3676; x_wconf 76' lang='grc' dir='ltr'>καὶτῶν</span> <span class='ocrx_word' id='word_1_369' title='bbox 1182 3623 1386 3678; x_wconf 79' lang='grc' dir='ltr'>λοιπῶν</span> <span class='ocrx_word' id='word_1_370' title='bbox 1417 3627 1584 3693; x_wconf 82' lang='grc' dir='ltr'><strong>ἁγίων</strong></span> <span class='ocrx_word' id='word_1_371' title='bbox 1610 3628 1869 3700; x_wconf 84' lang='grc' dir='ltr'>Πατέρων</span> 
     </span>
    </p>
   </div>
   <div class='ocr_carea' id='block_1_42' title="bbox 1927 3615 3518 3700">
    <p class='ocr_par' dir='ltr' id='par_1_42' title="bbox 1964 3615 3518 3692">
     <span class='ocr_line' id='line_1_42' title="bbox 1964 3615 3518 3692; baseline -0.008 -9"><span class='ocrx_word' id='word_1_372' title='bbox 1964 3645 2083 3683; x_wconf 87' lang='lat' dir='ltr'><strong>rum</strong></span> <span class='ocrx_word' id='word_1_373' title='bbox 2105 3615 2327 3683; x_wconf 69' lang='lat' dir='ltr'><strong>Patrum</strong></span> <span class='ocrx_word' id='word_1_374' title='bbox 2352 3642 2476 3684; x_wconf 88' lang='lat' dir='ltr'><strong>cum</strong></span> <span class='ocrx_word' id='word_1_375' title='bbox 2506 3627 2592 3682; x_wconf 89' lang='lat' dir='ltr'><strong>his</strong></span> <span class='ocrx_word' id='word_1_376' title='bbox 2614 3625 2988 3681; x_wconf 88' lang='lat' dir='ltr'><strong>concordium.</strong></span> <span class='ocrx_word' id='word_1_377' title='bbox 3020 3620 3157 3677; x_wconf 79' lang='lat' dir='ltr'><strong>Nam</strong></span> <span class='ocrx_word' id='word_1_378' title='bbox 3182 3621 3274 3692; x_wconf 88' lang='lat' dir='ltr'><strong>qui</strong></span> <span class='ocrx_word' id='word_1_379' title='bbox 3295 3627 3518 3676; x_wconf 89' lang='lat' dir='ltr'><strong>sanctos</strong></span> 
     </span>
    </p>
   </div>
   <div class='ocr_carea' id='block_1_43' title="bbox 314 3704 1905 3789">
    <p class='ocr_par' dir='ltr' id='par_1_43' title="bbox 314 3704 1869 3783">
     <span class='ocr_line' id='line_1_43' title="bbox 314 3704 1869 3783; baseline 0.007 -27"><span class='ocrx_word' id='word_1_380' title='bbox 314 3704 418 3759; x_wconf 88' lang='grc' dir='ltr'>τῶν</span> <span class='ocrx_word' id='word_1_381' title='bbox 444 3708 758 3779; x_wconf 83' lang='grc' dir='ltr'>όμοφρόνων</span> <span class='ocrx_word' id='word_1_382' title='bbox 791 3709 990 3764; x_wconf 81' lang='grc' dir='ltr'>αὐτῶν.</span> <span class='ocrx_word' id='word_1_383' title='bbox 1029 3710 1166 3774; x_wconf 80' lang='grc' dir='ltr'>Τοὺς</span> <span class='ocrx_word' id='word_1_384' title='bbox 1201 3711 1310 3782; x_wconf 84' lang='grc' dir='ltr'>γὰρ</span> <span class='ocrx_word' id='word_1_385' title='bbox 1344 3711 1417 3783; x_wconf 81' lang='grc' dir='ltr'>μὴ</span> <span class='ocrx_word' id='word_1_386' title='bbox 1451 3713 1869 3777; x_wconf 76' lang='grc' dir='ltr'>ἀκολουθοῦντας</span> 
     </span>
    </p>
   </div>
   <div class='ocr_carea' id='block_1_44' title="bbox 1931 3704 3522 3789">
    <p class='ocr_par' dir='ltr' id='par_1_44' title="bbox 1965 3714 3522 3789">
     <span class='ocr_line' id='line_1_44' title="bbox 1965 3714 3522 3789; baseline -0.007 -13"><span class='ocrx_word' id='word_1_387' title='bbox 1965 3723 2065 3777; x_wconf 88' lang='lat' dir='ltr'><strong>hos</strong></span> <span class='ocrx_word' id='word_1_388' title='bbox 2100 3722 2352 3776; x_wconf 88' lang='lat' dir='ltr'><strong>doctores</strong></span> <span class='ocrx_word' id='word_1_389' title='bbox 2391 3735 2501 3774; x_wconf 87' lang='lat' dir='ltr'><strong>non</strong></span> <span class='ocrx_word' id='word_1_390' title='bbox 2538 3729 2862 3789; x_wconf 86' lang='lat' dir='ltr'><strong>sequuntur,</strong></span> <span class='ocrx_word' id='word_1_391' title='bbox 2895 3718 3183 3773; x_wconf 81' lang='lat' dir='ltr'><strong>damnatos</strong></span> <span class='ocrx_word' id='word_1_392' title='bbox 3208 3714 3458 3771; x_wconf 88' lang='lat' dir='ltr'><strong>ducimus</strong></span> <span class='ocrx_word' id='word_1_393' title='bbox 3490 3724 3522 3763; x_wconf 87' lang='lat' dir='ltr'><strong>a</strong></span> 
     </span>
    </p>
   </div>
   <div class='ocr_carea' id='block_1_45' title="bbox 314 3795 1905 3882">
    <p class='ocr_par' dir='ltr' id='par_1_45' title="bbox 314 3795 1871 3877">
     <span class='ocr_line' id='line_1_45' title="bbox 314 3795 1871 3877; baseline 0.007 -30"><span class='ocrx_word' id='word_1_394' title='bbox 314 3795 517 3861; x_wconf 77' lang='grc' dir='ltr'><strong>τούτοις</strong></span> <span class='ocrx_word' id='word_1_395' title='bbox 547 3801 656 3863; x_wconf 83' lang='grc' dir='ltr'>τοῖς</span> <span class='ocrx_word' id='word_1_396' title='bbox 686 3801 859 3869; x_wconf 83' lang='grc' dir='ltr'>ἁγίοις</span> <span class='ocrx_word' id='word_1_397' title='bbox 894 3801 1232 3866; x_wconf 81' lang='grc' dir='ltr'><strong>διδασκάλοις</strong></span> <span class='ocrx_word' id='word_1_398' title='bbox 1251 3842 1265 3865; x_wconf 91' lang='grc'><strong><em>,</em></strong></span> <span class='ocrx_word' id='word_1_399' title='bbox 1306 3805 1666 3876; x_wconf 79' lang='grc' dir='ltr'>κατακρίτους</span> <span class='ocrx_word' id='word_1_400' title='bbox 1705 3805 1871 3877; x_wconf 80' lang='grc' dir='ltr'>ἡγού-</span> 
     </span>
    </p>
   </div>
   <div class='ocr_carea' id='block_1_46' title="bbox 961 3795 2552 3882">
    <p class='ocr_par' dir='ltr' id='par_1_46' title="bbox 961 3802 2552 3882">
     <span class='ocr_line' id='line_1_46' title="bbox 961 3802 2552 3882; baseline 0.006 -28"><span class='ocrx_word' id='word_1_401' title='bbox 961 3802 1265 3866; x_wconf 73' lang='grc' dir='ltr'>Ξασκάλοις,</span> <span class='ocrx_word' id='word_1_402' title='bbox 1306 3805 1666 3876; x_wconf 79' lang='grc' dir='ltr'>κατακρίτους</span> <span class='ocrx_word' id='word_1_403' title='bbox 1705 3805 1871 3877; x_wconf 80' lang='grc' dir='ltr'>ἡγού-</span> <span class='ocrx_word' id='word_1_404' title='bbox 1966 3812 2293 3882; x_wconf 79' lang='lat' dir='ltr'><strong>Christoque</strong></span> <span class='ocrx_word' id='word_1_405' title='bbox 2324 3812 2552 3866; x_wconf 87' lang='lat' dir='ltr'><strong>alienos.</strong></span> 
     </span>
    </p>
   </div>
   <div class='ocr_carea' id='block_1_47' title="bbox 320 3886 1312 3964">
    <p class='ocr_par' dir='ltr' id='par_1_47' title="bbox 320 3886 1312 3964">
     <span class='ocr_line' id='line_1_47' title="bbox 320 3886 1312 3964; baseline 0.007 -25"><span class='ocrx_word' id='word_1_406' title='bbox 320 3886 455 3956; x_wconf 75' lang='grc' dir='ltr'>μεθα</span> <span class='ocrx_word' id='word_1_407' title='bbox 488 3889 583 3943; x_wconf 82' lang='grc' dir='ltr'>καὶ</span> <span class='ocrx_word' id='word_1_408' title='bbox 607 3890 916 3964; x_wconf 79' lang='grc' dir='ltr'>ἀλλοτρίους</span> <span class='ocrx_word' id='word_1_409' title='bbox 942 3891 1035 3944; x_wconf 81' lang='grc' dir='ltr'><strong>τοῦ</strong></span> <span class='ocrx_word' id='word_1_410' title='bbox 1058 3892 1312 3963; x_wconf 82' lang='grc' dir='ltr'><strong>Χριστοῦ.</strong></span> 
     </span>
    </p>
   </div>
   <div class='ocr_carea' id='block_1_48' title="bbox 1511 4008 2318 4082">
    <p class='ocr_par' dir='ltr' id='par_1_48' title="bbox 1511 4008 2318 4082">
     <span class='ocr_line' id='line_1_48' title="bbox 1511 4008 2318 4082; baseline 0.004 -21"><span class='ocrx_word' id='word_1_411' title='bbox 1511 4008 1644 4064; x_wconf 68' lang='lat' dir='ltr'><strong>locu</strong></span> <span class='ocrx_word' id='word_1_412' title='bbox 1676 4009 1804 4063; x_wconf 82' lang='lat' dir='ltr'><strong>ibid.</strong></span> <span class='ocrx_word' id='word_1_413' title='bbox 1839 4027 1954 4080; x_wconf 87' lang='lat' dir='ltr'><strong>cap.</strong></span> <span class='ocrx_word' id='word_1_414' title='bbox 1987 4010 2041 4071; x_wconf 84' lang='lat'><strong>6.</strong></span> <span class='ocrx_word' id='word_1_415' title='bbox 2082 4028 2202 4082; x_wconf 86' lang='lat' dir='ltr'><strong>pag.</strong></span> <span class='ocrx_word' id='word_1_416' title='bbox 2228 4011 2318 4066; x_wconf 69' lang='lat'><strong>46.</strong></span> 
     </span>
    </p>
   </div>
   <div class='ocr_carea' id='block_1_49' title="bbox 389 4114 1980 4191">
    <p class='ocr_par' dir='ltr' id='par_1_49' title="bbox 389 4114 1867 4191">
     <span class='ocr_line' id='line_1_49' title="bbox 389 4114 1867 4191; baseline 0.005 -22"><span class='ocrx_word' id='word_1_417' title='bbox 389 4117 558 4178; x_wconf 88' lang='grc' dir='ltr'>Ὅσας</span> <span class='ocrx_word' id='word_1_418' title='bbox 592 4114 646 4167; x_wconf 82' lang='grc' dir='ltr'>δὲ</span> <span class='ocrx_word' id='word_1_419' title='bbox 680 4116 838 4168; x_wconf 83' lang='grc' dir='ltr'>πάλιν</span> <span class='ocrx_word' id='word_1_420' title='bbox 877 4119 1093 4188; x_wconf 83' lang='grc' dir='ltr'>χρήσεις</span> <span class='ocrx_word' id='word_1_421' title='bbox 1131 4118 1391 4187; x_wconf 79' lang='grc' dir='ltr'>λεγούσας</span> <span class='ocrx_word' id='word_1_422' title='bbox 1420 4119 1517 4184; x_wconf 75' lang='grc' dir='ltr'>τὰς</span> <span class='ocrx_word' id='word_1_423' title='bbox 1551 4121 1643 4174; x_wconf 78' lang='grc' dir='ltr'><strong>δύο</strong></span> <span class='ocrx_word' id='word_1_424' title='bbox 1677 4122 1867 4191; x_wconf 76' lang='grc' dir='ltr'>φύσεις</span> 
     </span>
    </p>
   </div>
   <div class='ocr_carea' id='block_1_50' title="bbox 1930 4114 3521 4191">
    <p class='ocr_par' dir='ltr' id='par_1_50' title="bbox 2042 4114 3521 4191">
     <span class='ocr_line' id='line_1_50' title="bbox 2042 4114 3521 4191; baseline -0.005 -15"><span class='ocrx_word' id='word_1_425' title='bbox 2042 4122 2275 4177; x_wconf 80' lang='lat' dir='ltr'><strong>Rursum</strong></span> <span class='ocrx_word' id='word_1_426' title='bbox 2310 4136 2430 4191; x_wconf 70' lang='lat' dir='ltr'><strong>qua:</strong></span> <span class='ocrx_word' id='word_1_427' title='bbox 2458 4118 2768 4176; x_wconf 86' lang='lat' dir='ltr'><strong>testimonia</strong></span> <span class='ocrx_word' id='word_1_428' title='bbox 2804 4114 3025 4172; x_wconf 79' lang='lat' dir='ltr'><strong>otl’endit</strong></span> <span class='ocrx_word' id='word_1_429' title='bbox 3053 4115 3190 4169; x_wconf 90' lang='lat' dir='ltr'><strong>duas</strong></span> <span class='ocrx_word' id='word_1_430' title='bbox 3224 4115 3521 4169; x_wconf 87' lang='lat' dir='ltr'><strong>asserentia</strong></span> 
     </span>
    </p>
   </div>
   <div class='ocr_carea' id='block_1_51' title="bbox 318 4200 1909 4282">
    <p class='ocr_par' dir='ltr' id='par_1_51' title="bbox 318 4200 1867 4282">
     <span class='ocr_line' id='line_1_51' title="bbox 318 4200 1867 4282; baseline 0.003 -22"><span class='ocrx_word' id='word_1_431' title='bbox 318 4200 441 4278; x_wconf 76' lang='grc' dir='ltr'>εὗρε</span> <span class='ocrx_word' id='word_1_432' title='bbox 467 4205 762 4277; x_wconf 81' lang='grc' dir='ltr'>Γρηγορίου</span> <span class='ocrx_word' id='word_1_433' title='bbox 792 4223 851 4259; x_wconf 84' lang='grc' dir='ltr'><strong>τε</strong></span> <span class='ocrx_word' id='word_1_434' title='bbox 880 4209 973 4260; x_wconf 81' lang='grc' dir='ltr'>καὶ</span> <span class='ocrx_word' id='word_1_435' title='bbox 1014 4209 1258 4263; x_wconf 79' lang='grc' dir='ltr'>Ἰωάννου</span> <span class='ocrx_word' id='word_1_436' title='bbox 1277 4249 1292 4272; x_wconf 94' lang='lat'><strong>,</strong></span> <span class='ocrx_word' id='word_1_437' title='bbox 1322 4212 1413 4263; x_wconf 74' lang='grc' dir='ltr'>καὶ</span> <span class='ocrx_word' id='word_1_438' title='bbox 1441 4213 1732 4282; x_wconf 82' lang='grc' dir='ltr'>Κυρίλλου,</span> <span class='ocrx_word' id='word_1_439' title='bbox 1772 4214 1867 4266; x_wconf 64' lang='grc' dir='ltr'><strong>καὶ⁸</strong></span> 
     </span>
    </p>
   </div>
   <div class='ocr_carea' id='block_1_52' title="bbox 1929 4200 3520 4282">
    <p class='ocr_par' dir='ltr' id='par_1_52' title="bbox 1972 4206 3520 4281">
     <span class='ocr_line' id='line_1_52' title="bbox 1972 4206 3520 4281; baseline -0.005 -15"><span class='ocrx_word' id='word_1_440' title='bbox 1972 4224 2193 4268; x_wconf 85' lang='lat' dir='ltr'><strong>naturas</strong></span> <span class='ocrx_word' id='word_1_441' title='bbox 2229 4214 2280 4267; x_wconf 93' lang='lat' dir='ltr'><strong>in</strong></span> <span class='ocrx_word' id='word_1_442' title='bbox 2320 4212 2611 4281; x_wconf 81' lang='lat' dir='ltr'><strong>Gregorio,</strong></span> <span class='ocrx_word' id='word_1_443' title='bbox 2655 4209 2896 4270; x_wconf 81' lang='lat' dir='ltr'><strong>Joanne,</strong></span> <span class='ocrx_word' id='word_1_444' title='bbox 2931 4207 3153 4279; x_wconf 90' lang='lat' dir='ltr'><strong>Cyrillo,</strong></span> <span class='ocrx_word' id='word_1_445' title='bbox 3205 4206 3520 4270; x_wconf 86' lang='lat' dir='ltr'><strong>Athanasio,</strong></span> 
     </span>
    </p>
   </div>
   <div class='ocr_carea' id='block_1_53' title="bbox 333 4296 1924 4374">
    <p class='ocr_par' dir='ltr' id='par_1_53' title="bbox 333 4298 1867 4374">
     <span class='ocr_line' id='line_1_53' title="bbox 333 4298 1867 4374; baseline 0.005 -24"><span class='ocrx_word' id='word_1_446' title='bbox 333 4298 663 4360; x_wconf 76' lang='grc' dir='ltr'>Ἀθανασίου,</span> <span class='ocrx_word' id='word_1_447' title='bbox 690 4298 783 4350; x_wconf 73' lang='grc' dir='ltr'>καὶ</span> <span class='ocrx_word' id='word_1_448' title='bbox 802 4298 1064 4370; x_wconf 81' lang='grc' dir='ltr'>Πρόκλου,</span> <span class='ocrx_word' id='word_1_449' title='bbox 1092 4300 1183 4353; x_wconf 83' lang='grc' dir='ltr'><strong>καί</strong></span> <span class='ocrx_word' id='word_1_450' title='bbox 1205 4300 1310 4354; x_wconf 86' lang='grc' dir='ltr'>τῶν</span> <span class='ocrx_word' id='word_1_451' title='bbox 1335 4302 1531 4355; x_wconf 85' lang='grc' dir='ltr'>λοιπῶν</span> <span class='ocrx_word' id='word_1_452' title='bbox 1557 4304 1867 4374; x_wconf 82' lang='grc' dir='ltr'>περιφανῶν</span> 
     </span>
    </p>
   </div>
   <div class='ocr_carea' id='block_1_54' title="bbox 1930 4296 3521 4374">
    <p class='ocr_par' dir='ltr' id='par_1_54' title="bbox 1973 4296 3521 4369">
     <span class='ocr_line' id='line_1_54' title="bbox 1973 4296 3521 4369; baseline -0.003 -12"><span class='ocrx_word' id='word_1_453' title='bbox 1973 4304 2284 4366; x_wconf 78' lang='lat' dir='ltr'><strong>Ambrosio,</strong></span> <span class='ocrx_word' id='word_1_454' title='bbox 2314 4302 2504 4356; x_wconf 84' lang='lat' dir='ltr'><strong>Proclo</strong></span> <span class='ocrx_word' id='word_1_455' title='bbox 2532 4302 2851 4369; x_wconf 55' lang='lat' dir='ltr'><strong>exterisque</strong></span> <span class='ocrx_word' id='word_1_456' title='bbox 2872 4300 3147 4369; x_wconf 64' lang='lat' dir='ltr'><strong>praeclaris</strong></span> <span class='ocrx_word' id='word_1_457' title='bbox 3184 4296 3521 4362; x_wconf 86' lang='lat' dir='ltr'><strong>doctoribus,</strong></span> 
     </span>
    </p>
   </div>
   <div class='ocr_carea' id='block_1_55' title="bbox 319 4382 1910 4468">
    <p class='ocr_par' dir='ltr' id='par_1_55' title="bbox 319 4382 1868 4468">
     <span class='ocr_line' id='line_1_55' title="bbox 319 4382 1868 4468; baseline 0.005 -27"><span class='ocrx_word' id='word_1_458' title='bbox 319 4389 665 4454; x_wconf 83' lang='grc' dir='ltr'>διδασκάλων,</span> <span class='ocrx_word' id='word_1_459' title='bbox 700 4382 773 4441; x_wconf 82' lang='grc' dir='ltr'>ὧν</span> <span class='ocrx_word' id='word_1_460' title='bbox 804 4391 861 4442; x_wconf 77' lang='grc' dir='ltr'>αἱ</span> <span class='ocrx_word' id='word_1_461' title='bbox 900 4390 1066 4460; x_wconf 77' lang='grc' dir='ltr'>βίϐλοι</span> <span class='ocrx_word' id='word_1_462' title='bbox 1095 4393 1189 4445; x_wconf 76' lang='grc' dir='ltr'>καὶ</span> <span class='ocrx_word' id='word_1_463' title='bbox 1218 4394 1274 4446; x_wconf 86' lang='grc' dir='ltr'>αἱ</span> <span class='ocrx_word' id='word_1_464' title='bbox 1302 4396 1525 4465; x_wconf 88' lang='grc' dir='ltr'>χρήσεις</span> <span class='ocrx_word' id='word_1_465' title='bbox 1561 4396 1868 4468; x_wconf 83' lang='grc' dir='ltr'>ἀπαραίτη-</span> 
     </span>
    </p>
   </div>
   <div class='ocr_carea' id='block_1_56' title="bbox 1927 4382 3518 4468">
    <p class='ocr_par' dir='ltr' id='par_1_56' title="bbox 1976 4388 3518 4465">
     <span class='ocr_line' id='line_1_56' title="bbox 1976 4388 3518 4465; baseline -0.005 -18"><span class='ocrx_word' id='word_1_466' title='bbox 1976 4411 2203 4465; x_wconf 91' lang='lat' dir='ltr'><strong>quorum</strong></span> <span class='ocrx_word' id='word_1_467' title='bbox 2258 4393 2411 4448; x_wconf 89' lang='lat' dir='ltr'><strong>libris</strong></span> <span class='ocrx_word' id='word_1_468' title='bbox 2462 4400 2517 4447; x_wconf 91' lang='lat' dir='ltr'><strong>et</strong></span> <span class='ocrx_word' id='word_1_469' title='bbox 2574 4391 2858 4446; x_wconf 90' lang='lat' dir='ltr'><strong>sententiis</strong></span> <span class='ocrx_word' id='word_1_470' title='bbox 2910 4388 3170 4458; x_wconf 78' lang='lat' dir='ltr'><strong>refragari</strong></span> <span class='ocrx_word' id='word_1_471' title='bbox 3239 4388 3518 4457; x_wconf 89' lang='lat' dir='ltr'><strong>nequiret,</strong></span> 
     </span>
    </p>
   </div>
   <div class='ocr_carea' id='block_1_57' title="bbox 318 4474 1909 4557">
    <p class='ocr_par' dir='ltr' id='par_1_57' title="bbox 318 4480 1867 4557">
     <span class='ocr_line' id='line_1_57' title="bbox 318 4480 1867 4557; baseline 0.005 -24"><span class='ocrx_word' id='word_1_472' title='bbox 318 4480 399 4534; x_wconf 81' lang='grc' dir='ltr'>τοί</span> <span class='ocrx_word' id='word_1_473' title='bbox 429 4481 555 4546; x_wconf 80' lang='grc' dir='ltr'>εἱσι,</span> <span class='ocrx_word' id='word_1_474' title='bbox 578 4481 664 4535; x_wconf 72' lang='grc' dir='ltr'><strong>διὰ</strong></span> <span class='ocrx_word' id='word_1_475' title='bbox 694 4480 755 4534; x_wconf 77' lang='grc' dir='ltr'><strong>τὸ</strong></span> <span class='ocrx_word' id='word_1_476' title='bbox 809 4483 945 4536; x_wconf 68' lang='grc' dir='ltr'>κατὰ</span> <span class='ocrx_word' id='word_1_477' title='bbox 988 4485 1165 4536; x_wconf 81' lang='grc' dir='ltr'>πᾶσαν</span> <span class='ocrx_word' id='word_1_478' title='bbox 1202 4484 1301 4557; x_wconf 81' lang='grc' dir='ltr'><strong>τὴν</strong></span> <span class='ocrx_word' id='word_1_479' title='bbox 1347 4486 1665 4557; x_wconf 75' lang='grc' dir='ltr'>οἰκουμένην</span> <span class='ocrx_word' id='word_1_480' title='bbox 1702 4488 1867 4551; x_wconf 83' lang='grc' dir='ltr'>αὐτὰς</span> 
     </span>
    </p>
   </div>
   <div class='ocr_carea' id='block_1_58' title="bbox 1932 4474 3523 4557">
    <p class='ocr_par' dir='ltr' id='par_1_58' title="bbox 1976 4474 3523 4556">
     <span class='ocr_line' id='line_1_58' title="bbox 1976 4474 3523 4556; baseline -0.005 -17"><span class='ocrx_word' id='word_1_481' title='bbox 1976 4493 2262 4556; x_wconf 85' lang='lat' dir='ltr'><strong>postquam</strong></span> <span class='ocrx_word' id='word_1_482' title='bbox 2298 4492 2409 4539; x_wconf 92' lang='lat' dir='ltr'><strong>toto</strong></span> <span class='ocrx_word' id='word_1_483' title='bbox 2449 4492 2715 4538; x_wconf 88' lang='lat' dir='ltr'><strong>terrarum</strong></span> <span class='ocrx_word' id='word_1_484' title='bbox 2744 4474 2860 4536; x_wconf 87' lang='lat' dir='ltr'><strong>orbi</strong></span> <span class='ocrx_word' id='word_1_485' title='bbox 2889 4488 3101 4535; x_wconf 86' lang='lat' dir='ltr'><strong>constat</strong></span> <span class='ocrx_word' id='word_1_486' title='bbox 3126 4480 3261 4535; x_wconf 89' lang='lat' dir='ltr'><strong>duas</strong></span> <span class='ocrx_word' id='word_1_487' title='bbox 3291 4480 3441 4548; x_wconf 82' lang='lat' dir='ltr'><strong>ipsos</strong></span> <span class='ocrx_word' id='word_1_488' title='bbox 3468 4478 3523 4532; x_wconf 84' lang='lat' dir='ltr'><strong>in</strong></span> 
     </span>
    </p>
   </div>
   <div class='ocr_carea' id='block_1_59' title="bbox 321 4572 1912 4643">
    <p class='ocr_par' dir='ltr' id='par_1_59' title="bbox 321 4572 656 4643">
     <span class='ocr_line' id='line_1_59' title="bbox 321 4572 656 4643; baseline 0.006 -18"><span class='ocrx_word' id='word_1_489' title='bbox 321 4572 656 4643; x_wconf 77' lang='grc' dir='ltr'>προκεῖσθαι.</span> 
     </span>
    </p>
   </div>
   <div class='ocr_carea' id='block_1_60' title="bbox 1168 4572 2759 4643">
    <p class='ocr_par' dir='ltr' id='par_1_60' title="bbox 1977 4574 2759 4632">
     <span class='ocr_line' id='line_1_60' title="bbox 1977 4574 2759 4632; baseline -0.003 -1"><span class='ocrx_word' id='word_1_490' title='bbox 1977 4576 2194 4631; x_wconf 86' lang='lat' dir='ltr'><strong>Christo</strong></span> <span class='ocrx_word' id='word_1_491' title='bbox 2223 4584 2447 4632; x_wconf 90' lang='lat' dir='ltr'><strong>naturas</strong></span> <span class='ocrx_word' id='word_1_492' title='bbox 2477 4574 2759 4629; x_wconf 81' lang='lat' dir='ltr'><strong>aﬂirmare.</strong></span> 
     </span>
    </p>
   </div>
   <div class='ocr_carea' id='block_1_61' title="bbox 1456 4691 2406 4764">
    <p class='ocr_par' dir='ltr' id='par_1_61' title="bbox 1456 4691 2406 4764">
     <span class='ocr_line' id='line_1_61' title="bbox 1456 4691 2406 4764; baseline -0.005 -14"><span class='ocrx_word' id='word_1_493' title='bbox 1456 4696 1589 4752; x_wconf 68' lang='lat' dir='ltr'><strong>lnam</strong></span> <span class='ocrx_word' id='word_1_494' title='bbox 1626 4695 1753 4752; x_wconf 88' lang='lat' dir='ltr'><strong>ibid.</strong></span> <span class='ocrx_word' id='word_1_495' title='bbox 1781 4711 1895 4764; x_wconf 84' lang='lat' dir='ltr'><strong>cap.</strong></span> <span class='ocrx_word' id='word_1_496' title='bbox 1928 4696 1980 4757; x_wconf 85' lang='grc'><strong>7,</strong></span> <span class='ocrx_word' id='word_1_497' title='bbox 2021 4706 2175 4762; x_wconf 84' lang='lat' dir='ltr'><strong>pagg.</strong></span> <span class='ocrx_word' id='word_1_498' title='bbox 2204 4691 2294 4758; x_wconf 74' lang='lat'><strong>59.,</strong></span> <span class='ocrx_word' id='word_1_499' title='bbox 2318 4691 2406 4746; x_wconf 77' lang='grc'><strong>55.</strong></span> 
     </span>
    </p>
   </div>
   <div class='ocr_carea' id='block_1_62' title="bbox 389 4798 1980 4909">
    <p class='ocr_par' dir='ltr' id='par_1_62' title="bbox 389 4798 1949 4909">
     <span class='ocr_line' id='line_1_62' title="bbox 389 4798 1949 4909; baseline 0.001 -51"><span class='ocrx_word' id='word_1_500' title='bbox 389 4798 523 4856; x_wconf 80' lang='grc' dir='ltr'><strong>Εἶτα</strong></span> <span class='ocrx_word' id='word_1_501' title='bbox 550 4801 688 4872; x_wconf 83' lang='grc' dir='ltr'>μετὰ</span> <span class='ocrx_word' id='word_1_502' title='bbox 722 4803 811 4857; x_wconf 82' lang='grc' dir='ltr'><strong>τὸν</strong></span> <span class='ocrx_word' id='word_1_503' title='bbox 849 4804 1181 4875; x_wconf 84' lang='grc' dir='ltr'>Ἀρτέμωνα,</span> <span class='ocrx_word' id='word_1_504' title='bbox 1210 4806 1414 4870; x_wconf 80' lang='grc' dir='ltr'>Παῦλος</span> <span class='ocrx_word' id='word_1_505' title='bbox 1437 4811 1465 4862; x_wconf 84' lang='grc' dir='ltr'><strong>ό</strong></span> <span class='ocrx_word' id='word_1_506' title='bbox 1501 4808 1868 4879; x_wconf 77' lang='grc' dir='ltr'>Σαμοσατεὺς,</span> <span class='ocrx_word' id='word_1_507' title='bbox 1903 4853 1949 4909; x_wconf 67' lang='lat'><strong>0</strong></span> 
     </span>
    </p>
   </div>
   <div class='ocr_carea' id='block_1_63' title="bbox 1933 4798 3524 4909">
    <p class='ocr_par' dir='ltr' id='par_1_63' title="bbox 1933 4800 3524 4909">
     <span class='ocr_line' id='line_1_63' title="bbox 1933 4800 3524 4909; baseline -0.002 -53"><span class='ocrx_word' id='word_1_508' title='bbox 1933 4856 1949 4906; x_wconf 55' lang='lat'><strong>’</strong></span> <span class='ocrx_word' id='word_1_509' title='bbox 2042 4803 2172 4858; x_wconf 90' lang='lat' dir='ltr'><strong>Post</strong></span> <span class='ocrx_word' id='word_1_510' title='bbox 2199 4803 2745 4909; x_wconf 41' lang='lat' dir='ltr'><strong>Artemonemvexorti</strong></span> <span class='ocrx_word' id='word_1_511' title='bbox 2777 4810 2905 4858; x_wconf 87' lang='lat' dir='ltr'><strong>sunt</strong></span> <span class='ocrx_word' id='word_1_512' title='bbox 2935 4800 3136 4856; x_wconf 80' lang='lat' dir='ltr'><strong>Paulus</strong></span> <span class='ocrx_word' id='word_1_513' title='bbox 3172 4800 3524 4902; x_wconf 71' lang='lat' dir='ltr'><strong>Samosaten-</strong></span> 
     </span>
    </p>
   </div>
   <div class='ocr_carea' id='block_1_64' title="bbox 326 4890 1917 4971">
    <p class='ocr_par' dir='ltr' id='par_1_64' title="bbox 326 4890 1917 4971">
     <span class='ocr_line' id='line_1_64' title="bbox 326 4890 1917 4971; baseline 0.004 -23"><span class='ocrx_word' id='word_1_514' title='bbox 326 4896 411 4948; x_wconf 70' lang='grc' dir='ltr'>καὶ</span> <span class='ocrx_word' id='word_1_515' title='bbox 436 4894 696 4964; x_wconf 85' lang='grc' dir='ltr'>Διόδωρος</span> <span class='ocrx_word' id='word_1_516' title='bbox 731 4895 786 4948; x_wconf 78' lang='grc' dir='ltr'>δὲ</span> <span class='ocrx_word' id='word_1_517' title='bbox 824 4897 917 4949; x_wconf 74' lang='grc' dir='ltr'>καὶ</span> <span class='ocrx_word' id='word_1_518' title='bbox 944 4896 1214 4967; x_wconf 83' lang='grc' dir='ltr'>Θεόδωρος</span> <span class='ocrx_word' id='word_1_519' title='bbox 1237 4899 1267 4950; x_wconf 82' lang='grc' dir='ltr'><strong>ὁ</strong></span> <span class='ocrx_word' id='word_1_520' title='bbox 1314 4900 1612 4971; x_wconf 80' lang='grc' dir='ltr'>Ἀντιοχείις</span> <span class='ocrx_word' id='word_1_521' title='bbox 1644 4900 1870 4969; x_wconf 85' lang='grc' dir='ltr'>γεγόνα-</span> <span class='ocrx_word' id='word_1_522' title='bbox 1906 4890 1917 4909; x_wconf 80' lang='grc'>¹</span> 
     </span>
    </p>
   </div>
   <div class='ocr_carea' id='block_1_65' title="bbox 1933 4890 3524 4971">
    <p class='ocr_par' dir='ltr' id='par_1_65' title="bbox 1933 4890 3524 4960">
     <span class='ocr_line' id='line_1_65' title="bbox 1933 4890 3524 4960; baseline -0.004 -8"><span class='ocrx_word' id='word_1_523' title='bbox 1933 4890 1948 4906; x_wconf 84' lang='grc'><em>’</em></span> <span class='ocrx_word' id='word_1_524' title='bbox 1975 4896 2071 4959; x_wconf 79' lang='lat' dir='ltr'><strong>sis,</strong></span> <span class='ocrx_word' id='word_1_525' title='bbox 2111 4894 2375 4950; x_wconf 88' lang='lat' dir='ltr'><strong>Diodorus</strong></span> <span class='ocrx_word' id='word_1_526' title='bbox 2417 4905 2471 4948; x_wconf 89' lang='lat' dir='ltr'><strong>et</strong></span> <span class='ocrx_word' id='word_1_527' title='bbox 2501 4891 3235 4956; x_wconf 79' lang='lat' dir='ltr'><strong>TheodorusAntiochenus,</strong></span> <span class='ocrx_word' id='word_1_528' title='bbox 3272 4906 3301 4943; x_wconf 92' lang='lat' dir='ltr'><strong>a</strong></span> <span class='ocrx_word' id='word_1_529' title='bbox 3327 4890 3524 4960; x_wconf 83' lang='lat' dir='ltr'><strong>quibus</strong></span> 
     </span>
    </p>
   </div>
   <div class='ocr_carea' id='block_1_66' title="bbox 326 4980 1917 5061">
    <p class='ocr_par' dir='ltr' id='par_1_66' title="bbox 326 4980 1869 5061">
     <span class='ocr_line' id='line_1_66' title="bbox 326 4980 1869 5061; baseline 0.005 -27"><span class='ocrx_word' id='word_1_530' title='bbox 326 4998 426 5052; x_wconf 68' lang='grc' dir='ltr'>σιν,</span> <span class='ocrx_word' id='word_1_531' title='bbox 448 4985 507 5050; x_wconf 74' lang='grc' dir='ltr'><strong>ἐξ</strong></span> <span class='ocrx_word' id='word_1_532' title='bbox 531 4980 604 5039; x_wconf 84' lang='grc' dir='ltr'>ὧν</span> <span class='ocrx_word' id='word_1_533' title='bbox 629 4986 698 5040; x_wconf 78' lang='grc' dir='ltr'><strong>τὰ</strong></span> <span class='ocrx_word' id='word_1_534' title='bbox 722 4987 889 5058; x_wconf 73' lang='grc' dir='ltr'>μυρία</span> <span class='ocrx_word' id='word_1_535' title='bbox 911 4988 1153 5057; x_wconf 80' lang='grc' dir='ltr'>δόγματα</span> <span class='ocrx_word' id='word_1_536' title='bbox 1178 4988 1275 5057; x_wconf 82' lang='grc' dir='ltr'><strong>τῆς</strong></span> <span class='ocrx_word' id='word_1_537' title='bbox 1301 4989 1614 5059; x_wconf 86' lang='grc' dir='ltr'>διαιρέσεως</span> <span class='ocrx_word' id='word_1_538' title='bbox 1643 4991 1869 5061; x_wconf 77' lang='grc' dir='ltr'>ἤντλησε</span> 
     </span>
    </p>
   </div>
   <div class='ocr_carea' id='block_1_67' title="bbox 1931 4980 3522 5061">
    <p class='ocr_par' dir='ltr' id='par_1_67' title="bbox 1972 4981 3522 5057">
     <span class='ocr_line' id='line_1_67' title="bbox 1972 4981 3522 5057; baseline -0.004 -17"><span class='ocrx_word' id='word_1_539' title='bbox 1972 4988 2255 5042; x_wconf 87' lang='lat' dir='ltr'><strong>innumera</strong></span> <span class='ocrx_word' id='word_1_540' title='bbox 2295 4987 2361 5040; x_wconf 90' lang='lat' dir='ltr'><strong>de</strong></span> <span class='ocrx_word' id='word_1_541' title='bbox 2400 4987 2664 5042; x_wconf 84' lang='lat' dir='ltr'><strong>divisione</strong></span> <span class='ocrx_word' id='word_1_542' title='bbox 2706 4987 2955 5057; x_wconf 81' lang='lat' dir='ltr'><strong>dogmata</strong></span> <span class='ocrx_word' id='word_1_543' title='bbox 2994 4984 3276 5040; x_wconf 86' lang='lat' dir='ltr'><strong>Nestorius</strong></span> <span class='ocrx_word' id='word_1_544' title='bbox 3322 4981 3522 5041; x_wconf 91' lang='lat' dir='ltr'><strong>hausit,</strong></span> 
     </span>
    </p>
   </div>
   <div class='ocr_carea' id='block_1_68' title="bbox 322 5073 1913 5148">
    <p class='ocr_par' dir='ltr' id='par_1_68' title="bbox 322 5076 1871 5148">
     <span class='ocr_line' id='line_1_68' title="bbox 322 5076 1871 5148; baseline 0.001 -19"><span class='ocrx_word' id='word_1_545' title='bbox 322 5076 627 5146; x_wconf 82' lang='grc' dir='ltr'>Νεστόριος,</span> <span class='ocrx_word' id='word_1_546' title='bbox 664 5078 804 5131; x_wconf 80' lang='grc' dir='ltr'>καθὰ</span> <span class='ocrx_word' id='word_1_547' title='bbox 836 5080 1099 5148; x_wconf 83' lang='grc' dir='ltr'>μαρτυρεῖ</span> <span class='ocrx_word' id='word_1_548' title='bbox 1127 5078 1216 5130; x_wconf 76' lang='grc' dir='ltr'>καὶ</span> <span class='ocrx_word' id='word_1_549' title='bbox 1244 5080 1272 5131; x_wconf 91' lang='grc' dir='ltr'>ὁ</span> <span class='ocrx_word' id='word_1_550' title='bbox 1302 5077 1454 5146; x_wconf 81' lang='grc' dir='ltr'>ἆγιος</span> <span class='ocrx_word' id='word_1_551' title='bbox 1487 5079 1749 5148; x_wconf 86' lang='grc' dir='ltr'>Πρόκλος,</span> <span class='ocrx_word' id='word_1_552' title='bbox 1777 5079 1871 5131; x_wconf 82' lang='grc' dir='ltr'>καὶ</span> 
     </span>
    </p>
   </div>
   <div class='ocr_carea' id='block_1_69' title="bbox 1810 5073 3401 5148">
    <p class='ocr_par' dir='ltr' id='par_1_69' title="bbox 1814 5073 3401 5145">
     <span class='ocr_line' id='line_1_69' title="bbox 1814 5073 3401 5145; baseline -0.004 -14"><span class='ocrx_word' id='word_1_553' title='bbox 1814 5079 1871 5131; x_wconf 82' lang='grc' dir='ltr'>αὶ</span> <span class='ocrx_word' id='word_1_554' title='bbox 1976 5089 2031 5133; x_wconf 86' lang='grc' dir='ltr'><strong>ιιι</strong></span> <span class='ocrx_word' id='word_1_555' title='bbox 2053 5087 2320 5134; x_wconf 88' lang='lat' dir='ltr'><strong>testantur</strong></span> <span class='ocrx_word' id='word_1_556' title='bbox 2342 5086 2564 5134; x_wconf 89' lang='lat' dir='ltr'><strong>sanctus</strong></span> <span class='ocrx_word' id='word_1_557' title='bbox 2597 5077 2822 5133; x_wconf 87' lang='lat' dir='ltr'><strong>Proclus</strong></span> <span class='ocrx_word' id='word_1_558' title='bbox 2847 5084 2901 5133; x_wconf 87' lang='lat' dir='ltr'><strong>et</strong></span> <span class='ocrx_word' id='word_1_559' title='bbox 2930 5077 3117 5131; x_wconf 89' lang='lat' dir='ltr'><strong>beatus</strong></span> <span class='ocrx_word' id='word_1_560' title='bbox 3152 5073 3401 5145; x_wconf 86' lang='lat' dir='ltr'><strong>Cyrillns.</strong></span> 
     </span>
    </p>
   </div>
   <div class='ocr_carea' id='block_1_70' title="bbox 322 5167 2093 5238">
    <p class='ocr_par' dir='ltr' id='par_1_70' title="bbox 322 5167 2093 5238">
     <span class='ocr_line' id='line_1_70' title="bbox 322 5167 2093 5238; baseline -0.008 -19"><span class='ocrx_word' id='word_1_561' title='bbox 322 5168 349 5219; x_wconf 81' lang='grc' dir='ltr'><strong>ό</strong></span> <span class='ocrx_word' id='word_1_562' title='bbox 380 5167 648 5238; x_wconf 84' lang='grc' dir='ltr'>μακάριος</span> <span class='ocrx_word' id='word_1_563' title='bbox 673 5167 956 5238; x_wconf 85' lang='grc' dir='ltr'>Κύριλλος.</span> <span class='ocrx_word' id='word_1_564' title='bbox 2004 5172 2093 5205; x_wconf 64' lang='grc' dir='ltr'>ιιι»</span> 
     </span>
    </p>
   </div>
   <div class='ocr_carea' id='block_1_71' title="bbox 391 5254 1982 5334">
    <p class='ocr_par' dir='ltr' id='par_1_71' title="bbox 391 5258 1872 5332">
     <span class='ocr_line' id='line_1_71' title="bbox 391 5258 1872 5332; baseline 0.001 -20"><span class='ocrx_word' id='word_1_565' title='bbox 391 5258 656 5327; x_wconf 81' lang='grc' dir='ltr'>Μεγάλως</span> <span class='ocrx_word' id='word_1_566' title='bbox 682 5260 710 5311; x_wconf 85' lang='grc' dir='ltr'><strong>ὁ</strong></span> <span class='ocrx_word' id='word_1_567' title='bbox 739 5258 1000 5329; x_wconf 80' lang='grc' dir='ltr'>Κύριλλος</span> <span class='ocrx_word' id='word_1_568' title='bbox 1028 5259 1236 5311; x_wconf 73' lang='grc' dir='ltr'>ἐπαινεῖ</span> <span class='ocrx_word' id='word_1_569' title='bbox 1258 5258 1493 5329; x_wconf 86' lang='grc' dir='ltr'>Πρόκλον</span> <span class='ocrx_word' id='word_1_570' title='bbox 1521 5259 1610 5312; x_wconf 82' lang='grc' dir='ltr'><strong>τὸν</strong></span> <span class='ocrx_word' id='word_1_571' title='bbox 1641 5259 1872 5332; x_wconf 84' lang='grc' dir='ltr'>σύγχρο-</span> 
     </span>
    </p>
   </div>
   <div class='ocr_carea' id='block_1_72' title="bbox 1933 5254 3524 5334">
    <p class='ocr_par' dir='ltr' id='par_1_72' title="bbox 2050 5254 3524 5334">
     <span class='ocr_line' id='line_1_72' title="bbox 2050 5254 3524 5334; baseline -0.007 -18"><span class='ocrx_word' id='word_1_572' title='bbox 2050 5263 2256 5334; x_wconf 81' lang='lat' dir='ltr'><strong>Magnis</strong></span> <span class='ocrx_word' id='word_1_573' title='bbox 2279 5263 2530 5318; x_wconf 88' lang='lat' dir='ltr'><strong>laudibus</strong></span> <span class='ocrx_word' id='word_1_574' title='bbox 2556 5261 2706 5318; x_wconf 77' lang='lat' dir='ltr'><strong>effert</strong></span> <span class='ocrx_word' id='word_1_575' title='bbox 2729 5260 2962 5333; x_wconf 86' lang='lat' dir='ltr'><strong>Cyrillus</strong></span> <span class='ocrx_word' id='word_1_576' title='bbox 2991 5258 3240 5313; x_wconf 90' lang='lat' dir='ltr'><strong>Proclum</strong></span> <span class='ocrx_word' id='word_1_577' title='bbox 3268 5254 3370 5309; x_wconf 89' lang='lat' dir='ltr'><strong>sibi</strong></span> <span class='ocrx_word' id='word_1_578' title='bbox 3395 5268 3524 5307; x_wconf 90' lang='lat' dir='ltr'><strong>con-</strong></span> 
     </span>
    </p>
   </div>
   <div class='ocr_carea' id='block_1_73' title="bbox 324 5344 1915 5424">
    <p class='ocr_par' dir='ltr' id='par_1_73' title="bbox 324 5349 1870 5421">
     <span class='ocr_line' id='line_1_73' title="bbox 324 5349 1870 5421; baseline 0.003 -21"><span class='ocrx_word' id='word_1_579' title='bbox 324 5365 412 5402; x_wconf 79' lang='grc' dir='ltr'><strong>νον</strong></span> <span class='ocrx_word' id='word_1_580' title='bbox 448 5349 631 5403; x_wconf 81' lang='grc' dir='ltr'>αὑτοῦ.</span> <span class='ocrx_word' id='word_1_581' title='bbox 672 5349 833 5417; x_wconf 86' lang='grc' dir='ltr'>Λέγει</span> <span class='ocrx_word' id='word_1_582' title='bbox 855 5349 962 5421; x_wconf 77' lang='grc' dir='ltr'>γὰρ</span> <span class='ocrx_word' id='word_1_583' title='bbox 997 5351 1054 5401; x_wconf 84' lang='grc' dir='ltr'>ὲν</span> <span class='ocrx_word' id='word_1_584' title='bbox 1084 5352 1148 5420; x_wconf 78' lang='grc' dir='ltr'><strong>τῇ</strong></span> <span class='ocrx_word' id='word_1_585' title='bbox 1184 5349 1444 5420; x_wconf 80' lang='grc' dir='ltr'>ἑρμηνείᾳ</span> <span class='ocrx_word' id='word_1_586' title='bbox 1470 5349 1563 5402; x_wconf 79' lang='grc' dir='ltr'>τοῦ</span> <span class='ocrx_word' id='word_1_587' title='bbox 1598 5351 1870 5421; x_wconf 75' lang='grc' dir='ltr'>Συμϐόλου</span> 
     </span>
    </p>
   </div>
   <div class='ocr_carea' id='block_1_74' title="bbox 1929 5344 3520 5424">
    <p class='ocr_par' dir='ltr' id='par_1_74' title="bbox 1978 5344 3520 5424">
     <span class='ocr_line' id='line_1_74' title="bbox 1978 5344 3520 5424; baseline -0.008 -17"><span class='ocrx_word' id='word_1_588' title='bbox 1978 5362 2405 5424; x_wconf 89' lang='lat' dir='ltr'><strong>temporaneum.</strong></span> <span class='ocrx_word' id='word_1_589' title='bbox 2450 5351 2584 5406; x_wconf 87' lang='lat' dir='ltr'><strong>Nam</strong></span> <span class='ocrx_word' id='word_1_590' title='bbox 2638 5352 2694 5407; x_wconf 91' lang='lat' dir='ltr'><strong>in</strong></span> <span class='ocrx_word' id='word_1_591' title='bbox 2746 5351 3103 5420; x_wconf 79' lang='lat' dir='ltr'><strong>explicatione</strong></span> <span class='ocrx_word' id='word_1_592' title='bbox 3158 5344 3398 5416; x_wconf 84' lang='lat' dir='ltr'><strong>Symboli</strong></span> <span class='ocrx_word' id='word_1_593' title='bbox 3450 5344 3520 5397; x_wconf 85' lang='lat' dir='ltr'><strong>ita</strong></span> 
     </span>
    </p>
   </div>
   <div class='ocr_carea' id='block_1_75' title="bbox 327 5434 1918 5510">
    <p class='ocr_par' dir='ltr' id='par_1_75' title="bbox 327 5439 1875 5510">
     <span class='ocr_line' id='line_1_75' title="bbox 327 5439 1875 5510; baseline 0.003 -19"><span class='ocrx_word' id='word_1_594' title='bbox 327 5439 520 5505; x_wconf 75' lang='grc' dir='ltr'>οὕτως·</span> <span class='ocrx_word' id='word_1_595' title='bbox 570 5440 763 5494; x_wconf 86' lang='grc' dir='ltr'>Ταῦτα</span> <span class='ocrx_word' id='word_1_596' title='bbox 805 5441 1012 5509; x_wconf 72' lang='grc' dir='ltr'><strong>φρονεῖ</strong></span> <span class='ocrx_word' id='word_1_597' title='bbox 1049 5442 1176 5510; x_wconf 78' lang='grc' dir='ltr'><strong>μεθ’</strong></span> <span class='ocrx_word' id='word_1_598' title='bbox 1215 5439 1382 5508; x_wconf 76' lang='grc' dir='ltr'>ἡμῶν</span> <span class='ocrx_word' id='word_1_599' title='bbox 1425 5443 1457 5494; x_wconf 90' lang='grc' dir='ltr'><em>ὀ</em></span> <span class='ocrx_word' id='word_1_600' title='bbox 1493 5442 1875 5510; x_wconf 67' lang='grc' dir='ltr'>φιλόχριστος</span> 
     </span>
    </p>
   </div>
   <div class='ocr_carea' id='block_1_76' title="bbox 1932 5434 3523 5510">
    <p class='ocr_par' dir='ltr' id='par_1_76' title="bbox 1973 5434 3523 5499">
     <span class='ocr_line' id='line_1_76' title="bbox 1973 5434 3523 5499; baseline -0.008 0"><span class='ocrx_word' id='word_1_601' title='bbox 1973 5445 2160 5499; x_wconf 87' lang='lat' dir='ltr'><strong>scribit</strong></span> <span class='ocrx_word' id='word_1_602' title='bbox 2191 5462 2204 5497; x_wconf 87' lang='lat'><strong>:</strong></span> <span class='ocrx_word' id='word_1_603' title='bbox 2236 5442 2365 5496; x_wconf 64' lang='lat' dir='ltr'><strong>Haec</strong></span> <span class='ocrx_word' id='word_1_604' title='bbox 2393 5441 2658 5496; x_wconf 77' lang='lat' dir='ltr'><strong>nobiscum</strong></span> <span class='ocrx_word' id='word_1_605' title='bbox 2693 5442 2850 5496; x_wconf 82' lang='lat' dir='ltr'><strong>sentit</strong></span> <span class='ocrx_word' id='word_1_606' title='bbox 2891 5438 3087 5493; x_wconf 77' lang='lat' dir='ltr'><strong>Christi</strong></span> <span class='ocrx_word' id='word_1_607' title='bbox 3130 5434 3523 5489; x_wconf 68' lang='lat' dir='ltr'><strong>amantissimus</strong></span> 
     </span>
    </p>
   </div>
   <div class='ocr_carea' id='block_1_77' title="bbox 327 5528 1918 5600">
    <p class='ocr_par' dir='ltr' id='par_1_77' title="bbox 327 5530 1875 5600">
     <span class='ocr_line' id='line_1_77' title="bbox 327 5530 1875 5600; baseline 0.002 -17"><span class='ocrx_word' id='word_1_608' title='bbox 327 5531 442 5587; x_wconf 74' lang='grc' dir='ltr'><strong>τῶν</strong></span> <span class='ocrx_word' id='word_1_609' title='bbox 472 5533 657 5600; x_wconf 73' lang='grc' dir='ltr'>ἁγίων</span> <span class='ocrx_word' id='word_1_610' title='bbox 679 5530 949 5599; x_wconf 75' lang='grc' dir='ltr'>Πατέρων</span> <span class='ocrx_word' id='word_1_611' title='bbox 976 5533 1184 5600; x_wconf 75' lang='grc' dir='ltr'>χορόςο</span> <span class='ocrx_word' id='word_1_612' title='bbox 1222 5530 1319 5584; x_wconf 83' lang='grc' dir='ltr'>καὶ</span> <span class='ocrx_word' id='word_1_613' title='bbox 1349 5530 1530 5597; x_wconf 80' lang='grc' dir='ltr'>αὐτὸς</span> <span class='ocrx_word' id='word_1_614' title='bbox 1560 5531 1627 5584; x_wconf 81' lang='grc' dir='ltr'>δὲ</span> <span class='ocrx_word' id='word_1_615' title='bbox 1666 5535 1699 5585; x_wconf 84' lang='grc' dir='ltr'><strong>ό</strong></span> <span class='ocrx_word' id='word_1_616' title='bbox 1737 5532 1875 5586; x_wconf 78' lang='grc' dir='ltr'><strong>νυνὶ</strong></span> 
     </span>
    </p>
   </div>
   <div class='ocr_carea' id='block_1_78' title="bbox 1934 5528 3525 5600">
    <p class='ocr_par' dir='ltr' id='par_1_78' title="bbox 1972 5528 3525 5597">
     <span class='ocr_line' id='line_1_78' title="bbox 1972 5528 3525 5597; baseline -0.008 -8"><span class='ocrx_word' id='word_1_617' title='bbox 1972 5544 2275 5589; x_wconf 79' lang='lat' dir='ltr'><strong>sanctorum</strong></span> <span class='ocrx_word' id='word_1_618' title='bbox 2301 5531 2524 5585; x_wconf 85' lang='lat' dir='ltr'><strong>Patrum</strong></span> <span class='ocrx_word' id='word_1_619' title='bbox 2552 5533 2769 5593; x_wconf 76' lang='lat' dir='ltr'><strong>chorus;</strong></span> <span class='ocrx_word' id='word_1_620' title='bbox 2790 5540 2840 5582; x_wconf 79' lang='lat' dir='ltr'><strong>et</strong></span> <span class='ocrx_word' id='word_1_621' title='bbox 2866 5528 2959 5582; x_wconf 77' lang='lat' dir='ltr'><strong>ille</strong></span> <span class='ocrx_word' id='word_1_622' title='bbox 2984 5529 3092 5596; x_wconf 79' lang='lat' dir='ltr'><strong>ipse</strong></span> <span class='ocrx_word' id='word_1_623' title='bbox 3122 5528 3210 5597; x_wconf 80' lang='lat' dir='ltr'><strong>qui</strong></span> <span class='ocrx_word' id='word_1_624' title='bbox 3240 5540 3375 5578; x_wconf 83' lang='lat' dir='ltr'><strong>nunc</strong></span> <span class='ocrx_word' id='word_1_625' title='bbox 3404 5540 3525 5578; x_wconf 82' lang='lat' dir='ltr'><strong>san-</strong></span> 
     </span>
    </p>
   </div>
   <div class='ocr_carea' id='block_1_79' title="bbox 327 5617 3524 5694">
    <p class='ocr_par' dir='ltr' id='par_1_79' title="bbox 327 5617 3524 5694">
     <span class='ocr_line' id='line_1_79' title="bbox 327 5617 3524 5694; baseline -0.003 -17"><span class='ocrx_word' id='word_1_626' title='bbox 327 5624 433 5677; x_wconf 78' lang='grc' dir='ltr'><strong>σὸν</strong></span> <span class='ocrx_word' id='word_1_627' title='bbox 468 5624 581 5694; x_wconf 81' lang='grc' dir='ltr'><strong>τῆς</strong></span> <span class='ocrx_word' id='word_1_628' title='bbox 606 5623 779 5693; x_wconf 78' lang='grc' dir='ltr'>ἁγίας</span> <span class='ocrx_word' id='word_1_629' title='bbox 817 5622 1527 5679; x_wconf 73' lang='grc' dir='ltr'>Κωνσταντινουπολιτῶν</span> <span class='ocrx_word' id='word_1_630' title='bbox 1562 5624 1876 5694; x_wconf 81' lang='grc' dir='ltr'>κοσμήσας</span> <span class='ocrx_word' id='word_1_631' title='bbox 1973 5635 2070 5678; x_wconf 77' lang='grc' dir='ltr'><strong>σιω</strong></span> <span class='ocrx_word' id='word_1_632' title='bbox 2128 5622 2727 5689; x_wconf 68' lang='lat' dir='ltr'><strong>Constantinopolitano:</strong></span> <span class='ocrx_word' id='word_1_633' title='bbox 2779 5618 3025 5674; x_wconf 68' lang='lat' dir='ltr'><strong>Ecclesia’</strong></span> <span class='ocrx_word' id='word_1_634' title='bbox 3077 5617 3318 5671; x_wconf 80' lang='lat' dir='ltr'><strong>thronum</strong></span> <span class='ocrx_word' id='word_1_635' title='bbox 3367 5623 3524 5679; x_wconf 75' lang='lat' dir='ltr'><strong>tenet,</strong></span> 
     </span>
    </p>
   </div>
   <div class='ocr_carea' id='block_1_80' title="bbox 397 5775 2696 5850">
    <p class='ocr_par' dir='ltr' id='par_1_80' title="bbox 397 5775 2696 5850">
     <span class='ocr_line' id='line_1_80' title="bbox 397 5775 2696 5850; baseline -0.002 -12"><span class='ocrx_word' id='word_1_636' title='bbox 397 5781 471 5850; x_wconf 66' lang='grc' dir='ltr'><strong>(τι)</strong></span> <span class='ocrx_word' id='word_1_637' title='bbox 494 5783 620 5841; x_wconf 64' lang='lat' dir='ltr'><strong>Haec</strong></span> <span class='ocrx_word' id='word_1_638' title='bbox 646 5782 830 5838; x_wconf 87' lang='lat' dir='ltr'><strong>eadem</strong></span> <span class='ocrx_word' id='word_1_639' title='bbox 854 5782 1014 5838; x_wconf 87' lang='lat' dir='ltr'><strong>etiam</strong></span> <span class='ocrx_word' id='word_1_640' title='bbox 1045 5784 1306 5841; x_wconf 87' lang='lat' dir='ltr'><strong>habentur</strong></span> <span class='ocrx_word' id='word_1_641' title='bbox 1336 5783 1389 5838; x_wconf 91' lang='lat' dir='ltr'><strong>in</strong></span> <span class='ocrx_word' id='word_1_642' title='bbox 1426 5783 1618 5839; x_wconf 80' lang='lat' dir='ltr'><strong>concil.</strong></span> <span class='ocrx_word' id='word_1_643' title='bbox 1647 5782 1965 5838; x_wconf 80' lang='lat' dir='ltr'><strong>Latcraucn.</strong></span> <span class='ocrx_word' id='word_1_644' title='bbox 1993 5782 2094 5837; x_wconf 91' lang='lat' dir='ltr'><strong>sub</strong></span> <span class='ocrx_word' id='word_1_645' title='bbox 2126 5777 2354 5834; x_wconf 82' lang='lat' dir='ltr'><strong>Martino</strong></span> <span class='ocrx_word' id='word_1_646' title='bbox 2384 5775 2427 5848; x_wconf 83' lang='grc' dir='ltr'>ι,</span> <span class='ocrx_word' id='word_1_647' title='bbox 2466 5790 2616 5833; x_wconf 87' lang='lat' dir='ltr'><strong>cons.</strong></span> <span class='ocrx_word' id='word_1_648' title='bbox 2644 5776 2696 5833; x_wconf 83' lang='lat'><strong>5.</strong></span> 
     </span>
    </p>
   </div>
  </div>
