4028 6330
515 429 623 488 ὀη
1603 423 1662 482 S.
1701 419 2019 478 PROCLUS
2058 417 2159 476 CP.
2202 414 2596 474 EPISCOPUS.
3621 394 3730 451 672

522 543 883 598 sanctissimus
917 554 963 597 et
1002 541 1423 609 religiosissimus
1456 538 1622 609 frater
1665 548 1715 593 et
1744 538 2076 609 coepiscopus
2104 581 2113 600 Α

2134 561 2147 601 ι
2178 534 2409 602 θρόνον,
2451 530 2768 592 ὁσιώτατος
2788 566 2801 590 ,
2846 525 2940 578 καί
2985 518 3439 581 θεοσεϐέστατος
3471 512 3725 582 ἀδελφὸς

527 632 767 689 Proetus.

2179 625 2628 686 συνεπίσκοπος
2665 619 2949 686 Πρόκλος.

595 722 844 778 Proclum
886 726 1002 794 ipsa
1043 721 1274 777 Nestorii
1312 733 1466 778 aetate
1499 723 1613 778 haec
1648 720 1950 781 docentem,
1981 733 2076 786 ap-

2250 717 2432 770 Ταῦτα
2456 712 2696 785 Πρόκλου
2729 707 2867 763 κατὰ
2899 706 2986 759 τὸν
3012 703 3198 774 καιρὸν
3227 699 3320 754 τοῦ
3347 695 3640 763 Νεπορίου
3661 694 3729 748 δι.-

527 815 689 882 pellat
716 814 944 867 divinus
969 812 1225 884 Cyrillus,
1270 813 1513 882 ejusdem
1554 828 1735 868 secum
1772 808 2070 869 sententiae,

2179 808 2483 868 δάσκοντος,
2513 805 2539 856 ὁ
2562 803 2702 864 Gaio;
2732 798 2994 870 Κύριλλος
3021 794 3324 864 σύμφρονα,
3353 790 3445 842 καὶ
3481 789 3731 856 Ἁγιὼτα-

525 915 580 959 et
619 904 952 959 Sanctissimi
992 921 1055 960 ac
1101 905 1191 959 Pii
1238 906 1594 976 appellatione
1631 904 1976 966 cohonestat,
2025 908 2078 952 et

2181 916 2285 953 τον
2313 897 2490 959 αὑτὸν,
2521 894 2613 947 καὶ¹
2654 895 2862 944 Ὅσιον
2897 885 3034 940 εἶναι
3073 883 3351 955 ὁμολογεῖ,
3392 878 3489 932 καὶ
3522 879 3731 929 ὲπαινεί

527 996 708 1049 laudat
739 1012 892 1063 eum,
935 998 1081 1055 clare
1127 999 1264 1053 duas
1315 998 1367 1052 in
1412 993 1629 1052 Christo
1661 1003 1884 1049 naturas
1928 1006 2077 1047 asse-

1866 1009 1884 1048 s
1928 1006 2077 1047 asse-
2181 992 2272 1045 δύο
2301 989 2488 1060 φύσεις
2518 983 2807 1058 προφανῶς
2836 981 2927 1034 ἐπὶ
2959 974 3190 1048 Χριστοῦ
3219 974 3457 1042 λέγοντα.

527 1095 752 1142 1⁸81116111.

2086 1194 2211 1254 XV.

1136 1329 1414 1386 FACUNDUS
1446 1331 1713 1399 episcopus
1757 1323 2148 1380 Hermianensis
2171 1319 2263 1375 lib.
2294 1333 2408 1382 vut,
2443 1332 2560 1384 cap.
2580 1313 2635 1377 2,
2668 1327 2819 1380 pagg.
2848 1307 2973 1372 645,
3002 1303 3122 1359 646.

602 1441 756 1508 Quod
801 1444 847 1499 si
875 1443 990 1499 haec
1020 1446 1158 1499 ratio
1197 1461 1303 1500 non
1332 1461 1469 1507 mea,
1502 1445 1595 1500 sed
1626 1444 1723 1498 viri
1776 1440 2084 1512 prudentis-
2188 1436 2292 1490 ctis
2339 1433 2551 1488 ratione
2587 1429 2888 1485 ducebatur
2925 1423 3008 1478 vir
3038 1423 3220 1478 bonus
3249 1430 3303 1476 ct
3345 1419 3564 1488 sapit-ns
3607 1413 3737 1470 Pro—

531 1531 656 1586 simi
686 1543 846 1602 atque
871 1533 1198 1588 sanctissimi
1228 1533 1422 1595 Procli,
1455 1533 1614 1587 modo
1646 1531 2080 1586 contemnitur...
2191 1528 2329 1592 clus,
2364 1536 2470 1580 etc.

537 1622 922 1693 Nonnullisque
972 1626 1254 1695 interjectis
1289 1641 1307 1679 :
1350 1624 1462 1678 llao
1508 1624 1579 1678 ita
1632 1622 1918 1694 perspicua
1955 1635 2090 1674 cun-

2097 1755 2231 1816 XVI
2241 1801 2254 1814 .

1070 1885 1337 1943 Leos-nus
1363 1886 1436 1940 De
1465 1885 1651 1951 sectis,
1680 1894 1783 1938 act.
1808 1898 1889 1946 ιιι,
1911 1896 1975 1936 ex
1996 1879 2250 1935 Biblioth.
2292 1875 2393 1930 PP.
2426 1874 2627 1934 Paris.,
2660 1882 2784 1924 tam.
2818 1868 2910 1935 XI,
2937 1883 3058 1937 pag.
3090 1867 3212 1921 505.

611 2002 690 2057 Ab
742 2001 950 2072 imperii
998 2001 1430 2058 Constantiniani
1479 1999 1746 2072 principio
1801 2011 1975 2067 usque
2023 1995 2090 2049 ad
2122 1999 2166 2058 Β

2155 2003 2166 2056 ι
2274 1992 2405 2046 Ἀπὸ
2431 1991 2527 2062 τῆς
2557 1990 2728 2060 ἀρχῆς
2757 1989 2855 2058 τῆς
2889 1983 3160 2056 βασιλείας
3186 1978 3594 2034 Κωνσταντίνου
3621 1974 3746 2045 ἄχρι

543 2095 910 2151 collectionem
945 2096 1134 2168 synodi
1169 2069 1736 2158 Chalcedonensis,ihi
1765 2090 2016 2147 doctores
2041 2097 2096 2145 et

2199 2083 2293 2140 τοῦ
2344 2084 2642 2154 κινήματος
2676 2079 2774 2149 τῆς
2817 2081 2874 2132 ὲν
2902 2072 3201 2145 Χαλκηδόνι
3234 2071 3446 2124 συνόδου
3465 2112 3481 2136 ,
3512 2069 3753 2135 ἐγένοντο

544 2184 730 2241 Patres
774 2185 1022 2240 vixerunt
1067 2204 1082 2240 :
1139 2187 1402 2242 Silvester
1443 2187 1731 2256 episcopus
1783 2182 2093 2246 Romanus,

2199 2176 2504 2233 διδάσκαλοι
2546 2173 2639 2228 καὶ
2681 2169 2915 2244 Πατέρες
2958 2167 3100 2221 οἵδε·
3145 2164 3460 2234 Σίλϐεστρος
3519 2161 3750 2230 Ῥώμης,

545 2277 865 2342 Alexander,
887 2276 1286 2343 etc.,Joannes,
1309 2254 1533 2333 Proclus
1561 2284 1614 2332 et
1633 2254 1929 2329 Flavianus
1956 2272 2097 2327 Con-

2213 2269 2570 2339 Ἀλέξανδρος,
2606 2265 2876 2334 Ἰωάννης,
2906 2258 3146 2334 Πρόκλος
3175 2259 3269 2310 καὶ
3291 2254 3584 2318 omnem;
3613 2255 3753 2306 Κων-

541 2370 1032 2440 stantinopolitani.

2205 2358 2714 2420 σταντινουπόλεως.
3775 2369 3777 2372 ι

2075 2485 2258 2546 XVII.

949 2610 1220 2670 Csenatus
1261 2613 1673 2671 ALsxmonmus
1697 2630 1760 2668 ea:
1789 2615 1924 2668 libro
1952 2612 2029 2668 De
2047 2612 2156 2666 vita
2182 2605 2574 2678 Chrysostomi,
2603 2601 2744 2673 apud
2771 2599 3028 2656 Savilium
3059 2610 3186 2652 tom.
3213 2595 3348 2651 Vlll.

617 2727 875 2796 Princeps
928 2739 1276 2800 expromptus
1325 2730 1390 2784 ad
1448 2747 1505 2786 se
1553 2731 1782 2785 accersit
1828 2729 2100 2794 Proclum,

2279 2725 2534 2794 ’Ἑτοιμον
2582 2714 2674 2773 οὖν
2722 2717 2981 2789 ὑπάρχων
3034 2715 3189 2768 καλεῖ
3233 2714 3322 2766 τὸν
3366 2710 3631 2782 Πρόκλον,
3679 2709 3759 2771 εἰς

547 2835 706 2887 quem
733 2820 797 2873 ad
826 2821 926 2873 hoc
952 2820 1126 2890 ipsum
1159 2837 1355 2874 munus
1376 2821 1680 2875 obeundum
1703 2821 2061 2876 constituerat
2085 2836 2101 2875 :

2206 2817 2336 2871 αὺτό
2386 2813 2540 2868 τοῦτο
2592 2810 3007 2882 ἀφωρισμένον,
3059 2806 3224 2878 ἄνδρα
3271 2802 3530 2872 θεοσεϐῆ,
3566 2800 3655 2852 καὶ
3697 2800 3761 2850 ὲν

551 2913 724 2965 virum
753 2913 940 2982 utique
965 2913 1175 2968 eximiae
1204 2915 1418 2984 pietatis
1447 2929 1573 2982 erga
1603 2913 1794 2980 Deum,
1823 2910 2106 2966 omnibus-

1447 2929 1573 2982 erga
1603 2913 1794 2980 Deum,
1823 2910 2106 2966 omnibus—
2209 2909 2357 2978 πάσῃ
2396 2907 2562 2977 ἀρετῇ
2600 2901 3030 2974 κεκοσμημένον.

554 3021 656 3075 que
681 3006 939 3061 virtutum
966 3007 1298 3064 ornamentis
1322 3007 1650 3063 redimitum.

2057 3121 2267 3181 XVIII.

1069 3248 1299 3306 Joannes
1326 3249 1668 3306 Duascenus
1697 3252 1750 3304 in
1781 3249 2018 3319 Epistola
2046 3247 2113 3303 de
2137 3243 2406 3314 Trisagio,
2440 3242 2468 3312 §
2497 3241 2553 3306 6,
2589 3236 2721 3306 Opp.
2753 3245 2877 3290 ιοηι.
2907 3233 2946 3299 l,
2978 3249 3098 3303 pag.
3123 3230 3247 3285 487.

625 3367 892 3438 Tempore
918 3369 1215 3427 beatissimi
1249 3371 1426 3427 Procli
1458 3388 1526 3428 ex
1556 3372 1738 3426 divina
1778 3368 2106 3424 revelatione
2133 3373 2173 3428 C

2288 3365 2409 3418 Ἐπὶ
2440 3362 2685 3433 Πρόκλου
2713 3357 2806 3412 τοῦ
2851 3355 3250 3428 τρισμακαρίου
3291 3351 3351 3417 ἐξ
3379 3347 3769 3416 ἀποκαλύψεως

557 3461 837 3531 trisagium
866 3463 1120 3533 hymnum
1148 3465 1462 3519 cecinerunt
1493 3484 1504 3518 :
1541 3464 1767 3520 Sanctus
1795 3461 1953 3526 Deus,
1984 3476 2113 3514 san-

2211 3458 2380 3520 θείας.
2401 3456 2492 3509 τὸν
2515 3454 2674 3524 τρισά
2688 3468 2792 3521 ,οιον
2822 3450 3068 3521 ὕμνησαν
3095 3446 3280 3518 ὕμνον·
3315 3444 3518 3510 ’Ἄγιος
3542 3444 3575 3494 ό
3604 3437 3765 3502 Θεὸς,

559 3562 673 3606 ctus
718 3553 896 3621 fortis,
945 3563 1158 3609 sanctus
1216 3557 1553 3622 immortalis,
1608 3557 1850 3611 miserere
1898 3552 2044 3607 nobis
2096 3567 2113 3604 :

2213 3551 2377 3618 ἅγιος
2411 3545 2688 3615 ἰσχυρὸς,
2720 3543 2884 3612 ἅγιος
2925 3539 3235 3602 ἀθάνατος,
3277 3533 3539 3600 ἐλέησον
3567 3527 3729 3599 Quae
3751 3543 3766 3556 °

563 3658 754 3711 nempe
783 3658 904 3698 cum
939 3661 1162 3714 puerum
1209 3647 1491 3716 quemdam
1523 3662 1553 3702 e
1584 3646 1758 3700 media
1803 3629 2115 3714 supplican-

2215 3643 2301 3694 ὅτε
2328 3641 2388 3693 τὸ
2419 3639 2630 3692 παιδίον
2657 3639 2720 3689 ὲκ
2751 3635 2919 3705 μέσης
2948 3633 3043 3702 τῆς
3072 3629 3304 3700 πληθύος
3331 3625 3438 3678 τῶν
3468 3619 3768 3675 λιτανευόν-

563 3731 697 3785 tium
730 3734 885 3787 turba
917 3735 1145 3789 sublime
1168 3747 1378 3807 raptum
1413 3737 1580 3791 fuisse
1632 3737 1804 3798 aiunt,
1829 3711 1990 3804 atque
2013 3736 2120 3787 vir-

2216 3747 2322 3781 των
2365 3725 2641 3798 ἡρπάχοαι
2686 3725 2817 3792 φασὶ
2861 3721 2954 3776 καὶ
3002 3716 3304 3791 μεμνῆσθαι
3352 3715 3442 3767 τὸν
3486 3712 3669 3783 ὕμνον,
3712 3711 3771 3760 ἐν

564 3827 679 3874 tute
704 3823 932 3890 quadam
966 3824 1204 3893 angelica
1233 3825 1286 3878 in
1317 3839 1494 3879 aerem
1526 3833 1787 3886 evectum,
1808 3803 1950 3876 hunc
1975 3822 2124 3893 hym-

2223 3821 2344 3886 ἀέρι
2385 3818 2671 3888 γενόμενον
2704 3815 2766 3867 ἔκ
2804 3831 2946 3876 τινος
2990 3809 3286 3879 ἁγγελικῆς
3332 3808 3631 3877 δυνάμεως,
3680 3803 3771 3856 καὶ

568 3923 695 3961 num
728 3909 1010 3974 didicisse;
1041 3920 1425 3983 quantumque
1476 3913 1528 3966 in
1573 3912 1676 3967 hoc
1700 3912 1898 3982 hymno
1927 3908 2125 3964 divini-

2229 3911 2527 3984 μαρτυρίαν
2554 3909 2656 3979 τῆς
2683 3907 2774 3960 τοῦ
2806 3906 2972 3977 ὕμνου
3004 3903 3272 3974 θειότητος
3299 3897 3644 3970 γεγενῆσθαι,
3675 3896 3771 3964 τῆς

570 4000 697 4057 tatis
728 4000 948 4066 inesset,
981 4005 1308 4061 calamitatis
1337 4021 1457 4076 quae
1486 4012 1617 4061 tunc
1651 4005 2006 4077 grassabatur
2037 4003 2118 4059 le-

1348 4021 1457 4076 qua:
1486 4012 1617 4061 tunc
1651 4005 2006 4077 grassabatur
2037 4003 2118 4059 le-
2225 4001 2519 4072 ἐπαγωγῆς
2547 3999 2645 4070 τὴν
2675 3996 2939 4068 λὼφησιν.

569 4092 858 4163 vationem,
891 4098 1201 4154 testimonio
1232 4097 1424 4156 fuisse.

2106 4207 2260 4267 XIX.

642 4327 726 4386 Ex
749 4331 980 4386 concilio
1002 4329 1218 4388 Niemno
1251 4349 1309 4398 ιι,
1336 4348 1519 4404 gener.
1550 4347 1646 4398 vn,
1670 4341 1774 4385 act.
1808 4347 1847 4395 ι,
1889 4328 2075 4400 Cyriil.
2113 4329 2180 4383 ad
2211 4327 2477 4390 Gennad.,
2501 4339 2567 4380 ea:
2594 4323 2722 4378 edit.
2762 4318 2885 4376 Ven.
2917 4318 3104 4384 Labb.,
3133 4327 3258 4372 tom.
3283 4314 3418 4380 Vill,
3453 4331 3574 4386 pag.
3600 4314 3716 4369 7l9.

646 4463 768 4519 Haac
790 4474 965 4521 autem
985 4467 1184 4534 scribo,
1198 4468 1337 4538 quod
1364 4466 1681 4522 inaudierim
1701 4466 1952 4536 pietatem
1973 4473 2118 4518 tuam

2294 4461 2402 4514 Kal.
2433 4458 2604 4514 ταῦτα
2630 4454 2824 4529 γράφω
2854 4451 3068 4524 μαθὼν,
3095 4451 3176 4503 ὅτι
3203 4451 3236 4521 ἡ
3277 4449 3342 4520 σὴ
3377 4446 3652 4501 θεοσέϐεια
3691 4445 3771 4499 λε-

575 4570 717 4626 aegre
749 4556 995 4612 aﬂ'ectam
1039 4574 1160 4614 esse
1193 4559 1450 4614 adversus
1492 4558 1896 4614 sanctissimum
1942 4564 1994 4608 et
2025 4554 2120 4608 Dei

2225 4553 2456 4622 λύπηται
2496 4551 2576 4613 είς
2599 4548 2689 4602 τὸν
2718 4544 3005 4599 ὁσιώτατον
3043 4542 3134 4595 καὶ
3175 4538 3584 4608 θεοφιλέστατον
3629 4537 3772 4592 ἁδελ-

578 4647 838 4702 cultorem
880 4647 1097 4703 fratrem
1139 4659 1192 4705 et
1228 4650 1658 4706 connninistrum
1699 4656 1945 4704 nostrum
1986 4646 2121 4702 Pro-

2227 4644 2324 4714 φὺν
2349 4641 2504 4714 ἡμῶν
2528 4640 2622 4694 καὶ
2649 4635 3053 4705 συλλειτουργὸν
3081 4632 3371 4686 ἐπίσκοπον
3401 4630 3638 4701 Πρόκλον
3655 4647 3668 4659 ·
3704 4627 3769 4698 μὴ

577 4739 723 4792 clum
751 4739 1084 4826 episcopum.
1140 4741 1322 4814 Itaque
1369 4758 1709 4814 nequaquam
1761 4741 1918 4796 velim
1974 4748 2119 4811 tuam
2158 4762 2168 4817 ι

2181 4737 2578 4816 )ἀποφευγέτω
2627 4733 2802 4787 τοίνυν
2844 4734 2876 4802 ἡ
2929 4731 2994 4801 σὴ
3040 4727 3313 4782 θεοσέϐεια
3360 4724 3457 4796 τὴν
3511 4723 3644 4796 πρὸς
3691 4721 3772 4774 τδν

583 4830 830 4898 pietatem
867 4821 1506 4902 fugerecommunionem
1537 4850 1659 4890 cum
1692 4831 2035 4888 sanctissimo
2073 4839 2127 4886 et
2160 4816 2174 4817 ί

2227 4829 2513 4885 ὁσιώτατον
2544 4826 2639 4880 καὶ
2659 4821 3063 4893 θεοφιλέστατον
3092 4819 3384 4872 ἐπίσκοπον
3407 4816 3648 4885 Πρόκλον
3671 4829 3771 4865 κοι-

586 4919 676 4974 Dei
702 4923 1072 4980 amantissimo
1105 4925 1293 4982 Proclo
1317 4929 1571 4999 episc0po
1604 4950 1616 4984 :
1646 4930 1910 5000 siquidem
1939 4929 2126 4984 eadem

2227 4922 2452 4975 νωνίαν·
2495 4919 2589 4990 μία
2617 4916 2724 4988 γὰρ
2762 4914 3041 4984 γέγονενὴ
3085 4911 3301 4982 φροντὶς
3342 4907 3464 4978 ὲμοί
3502 4922 3560 4959 τε
3599 4905 3689 4957 καὶ
3715 4903 3768 4971 τῇ

585 5006 689 5060 fuit
717 5007 860 5064 illius
890 5015 1185 5082 sanctitati,
1222 4992 1460 5088 mihique
1499 4992 1797 5083 sententia;
1829 5034 2004 5090 neque
2028 5019 2131 5072 hu-

2227 5013 2462 5084 ὀσιότητι
2502 5008 2697 5065 αὐτοῦ’
2731 5007 2824 5060 καὶ
2860 5008 2888 5058 ὁ
2917 5004 3014 5072 τῆς
3044 5001 3350 5072 οἰκονομίας
3384 4999 3583 5071 τρόπος
3611 4992 3769 5050 οὐδενὶ

581 5098 672 5167 jus
697 5098 1114 5171 dispensationis
1144 5108 1336 5165 modus
1369 5111 1620 5181 cuiquam
1651 5111 1991 5182 prudentium
2019 5111 2132 5166 dis-

1369 5111 1620 5181 cuiquam
1651 5111 1991 5182 prudentium
2019 5111 2132 5166 dis-
2231 5106 2337 5161 τῶν
2370 5103 2604 5158 συνετῶν
2635 5101 2929 5172 ἁπήρεσεν.

585 5193 790 5263 plicuit.

2120 5315 2246 5375 XX.

1405 5437 1750 5496 Tueoeumes
1781 5440 1836 5492 in
1865 5435 2326 5509 Chrouographia,
2362 5452 2482 5505 pag.
2509 5431 2598 5496 80,
2627 5429 2753 5486 edit.
2797 5427 2970 5482 Paris.

660 5557 775 5613 Sub
795 5566 999 5615 sanctae
1023 5560 1296 5615 meruerim
1323 5558 1536 5628 Proclo,
1562 5570 1720 5617 terra
1752 5572 1933 5615 motus
1961 5558 2138 5613 factus

2323 5554 2445 5610 Ἐπὶ
2474 5551 2566 5606 τοῦ
2608 5552 2665 5603 ἐν
2713 5547 2886 5616 ἁγίοις
2925 5541 3166 5615 Πρόκλου
3211 5536 3427 5610 σεισμὸς
3469 5534 3684 5604 γέγονεν
3721 5527 3769 5580 ἐν

592 5659 674 5702 est
717 5666 941 5720 magnus
984 5650 1450 5722 Constantinopoli
1493 5621 1588 5723 per
1629 5662 1860 5724 quatuor
1898 5667 2134 5715 menses,

2243 5639 2820 5702 Κωνσταντινουπόλει,
2863 5636 2954 5689 ἐπὶ
2987 5634 3025 5686 δ’
3065 5633 3253 5703 μῆνας,
3292 5627 3431 5680 ὥστε
3468 5621 3768 5724 φοϐηθέντος

596 5738 668 5791 ita
701 5746 760 5792 ut
796 5740 1044 5796 timentes
1082 5707 1362 5811 Byzantini
1399 5707 1550 5796 extra
1582 5707 1886 5805 ciiiitatem,
1929 5742 1982 5796 in
2019 5707 2138 5796 loco

2243 5738 2298 5790 οἱ·
2328 5735 2602 5799 Βυζάντιοι
2640 5733 2835 5800 ἔφυγον
2867 5727 2968 5790 ἔξω
2994 5725 3090 5794 τῆς
3122 5721 3340 5784 πόλεως,
3368 5719 3427 5770 ἐν
3456 5716 3532 5787 τῷ
3562 5707 3767 5782 λεγομέ-

597 5827 690 5896 qui
721 5825 920 5884 dicitur
941 5831 1210 5900 Campus,
1231 5841 1411 5889 essent
1439 5842 1842 5903 perseverantes
1872 5849 1994 5893 cum
2026 5833 2141 5904 epi-

2244 5849 2316 5901 νῳ
2342 5828 2577 5898 Κάμπῳ,
2621 5823 2712 5878 καὶ
2755 5816 2892 5890 ἦσαν
2932 5812 3341 5886 διημερεύοντες
3376 5807 3512 5880 μετὰ
3550 5804 3637 5861 τοῦ
3666 5803 3766 5856 ἑπι-
