4028 6330
317 401 425 461 6τὸ

1507 395 1922 454 TESTIMONIA
1966 394 2316 452 VETERUM.

3425 391 3531 446 67!.

321 521 526 576 σκόπου
571 519 629 571 ὲν
665 517 784 581 ταῖς
821 514 1033 586 δεήσεσι
1083 513 1465 576 λιτανεύοντες.
1518 515 1604 566 Ἐν
1644 515 1742 584 μιᾷ
1784 509 1876 566 οὖν

1993 528 2143 583 ιοορο
2188 509 2672 582 supplicationibus
2717 522 2780 562 ac
2822 505 3266 577 processionibus
3317 506 3531 561 intenti.

320 611 725 684 κυμαινομένης
750 610 849 681 τῆς
873 609 995 679 γῆς,
1021 609 1114 661 καὶ
1142 607 1338 669 παντὸς
1366 605 1458 658 τοῦ
1487 603 1616 658 λαοῦ
1648 605 1875 675 κράζον-

319 722 411 768 τος
431 703 512 768 τὸ,
526 704 720 770 Κύριε,
737 701 1012 768 ἐλέησον,
1039 698 1291 761 ἐκτενῶς,
1311 715 1376 750 πε
1386 697 1437 767 pi.
1456 696 1604 768 ὥραν
1626 703 1671 764 γ’
1703 696 1876 764 ἄφνω,

323 796 539 850 πάντων
572 793 840 865 ὁρώντων,
877 791 1074 862 συνέϐη
1104 790 1205 843 ὑπὸ
1233 790 1382 852 Θείας
1407 789 1685 858 δυνάμεως
1711 786 1881 856 ἀρθῆ-

321 888 412 942 ναί
441 904 564 940 τινα
598 885 872 940 νεανίσκον
910 885 988 948 είς
1020 884 1109 936 τὸν
1137 883 1291 954 ἀέρα,
1336 883 1430 934 καὶ
1463 881 1690 934 ἀκούσαι
1733 881 1881 945 Θείας

324 979 510 1049 φωνῆς
539 975 949 1049 παρεγγυούσης
973 974 1152 1037 αὑτὸν,
1176 974 1487 1042 ἀναγγεῖλαι
1506 973 1581 1043 τῷ
1603 973 1882 1044 ὲπισκόπῳ

325 1073 420 1126 καὶ
454 1070 532 1142 τῷ
570 1069 684 1140 λαῷ
723 1066 1023 1122 λιτανεύειν
1066 1064 1209 1119 οὓτω
1247 1067 1339 1120 καὶ
1373 1065 1551 1133 λέγειν
1575 1081 1589 1096 ο
1625 1065 1814 1134 Ἄγιος
1849 1067 1882 1118 o'

327 1164 493 1228 Θεὸς,
523 1161 690 1230 ἅγιος
742 1161 1021 1229 ἰσχυρὸς,
1060 1157 1225 1226 ἅγιος
1275 1156 1586 1221 ἀθάνατος,
1625 1156 1883 1222 ἐλέησον

325 1254 508 1324 ἡμᾶς·
549 1253 715 1324 μηδὲν
746 1253 926 1322 ἕτερον
971 1248 1377 1320 προστιθέντας.
1427 1247 1484 1300 '0
1521 1246 1578 1300 δὲ
1618 1249 1675 1300 ἐν
1708 1245 1883 1314 ἁγίοις

328 1347 564 1418 Πρόκλος
590 1343 790 1414 ταύτην
820 1342 1104 1412 δεξάμενος
1135 1339 1229 1411 τὴν
1261 1339 1554 1408 ἀπόφασιν,
1586 1337 1883 1408 ἐπέτρεψεν

325 1437 404 1508 τῷ
433 1436 546 1507 λαῷ
565 1435 784 1505 ψάλλειν
811 1431 952 1486 οὕτω
971 1448 984 1462 ο
1010 1432 1102 1485 καὶ
1126 1430 1324 1494 εύθέως
1347 1430 1555 1500 ἀπέστη
1581 1429 1609 1481 ὁ
1640 1428 1880 1499 σεισμός.

335 1527 399 1583 Ἦ
437 1529 495 1582 δὲ
543 1525 782 1599 μακαρία
831 1524 1162 1596 Πουλχερία,
1206 1524 1298 1576 καὶ
1333 1525 1362 1576 ὁ
1410 1524 1610 1593 ταύτης
1663 1521 1886 1589 ἀδελφὸς

328 1620 791 1694 ὑπεραγασθέντες
815 1617 891 1688 τῷ
924 1616 1180 1687 θαύματι,
1210 1615 1500 1668 ἐθέσπισαν
1539 1612 1676 1667 κατά
1706 1613 1885 1666 πᾶσαν

323 1713 420 1782 τὴν
454 1711 802 1782 οἰκουμένην,
846 1709 936 1762 τὸν
970 1709 1112 1762 θεῖον
1141 1707 1327 1761 τοῦτον
1355 1705 1652 1776 ψόιλλεσθαι
1695 1703 1882 1775 ὕμνον.

326 1806 432 1858 Καὶ
476 1804 584 1858 ἀπὸ
610 1803 730 1857 τότε
761 1799 1068 1874 παρέλαϐον
1108 1801 1278 1853 πᾶσαι
1305 1799 1361 1851 αἱ
1409 1795 1724 1868 Ἐκκλησίαι
1762 1794 1883 1849 καθ’

326 1899 559 1969 ἑκάστην
593 1896 804 1968 ἡμέραν
837 1894 984 1967 ᾄδειν
1008 1892 1168 1947 αύτδν
1193 1891 1270 1962 τῷ
1297 1889 1435 1962 Θεῷ.

1978 601 2220 668 Quadam
2259 617 2387 671 ergo
2425 601 2511 656 die
2549 599 2844 654 ﬂuctuante
2877 607 3045 658 terra,
3091 606 3145 652 et
3194 598 3340 652 omni
3383 600 3538 668 plebe

1976 695 2235 747 attentius
2273 685 2648 746 exclamanté:
2683 689 2869 762 Kgrie,
2892 690 3123 754 eleison;
3165 691 3308 743 circa
3345 689 3538 742 horam

1975 790 2047 836 te.
2063 782 2191 835 tiam
2214 821 2229 844 ,
2257 783 2511 836 omnibus
2551 782 2876 845 videntibus,
2904 781 3132 850 contigit
3160 795 3188 833 a
3220 779 3404 833 divina
3427 779 3539 832 vir-

1977 882 2090 928 tute
2117 873 2328 929 sustolli
2357 873 2644 942 quemdam
2673 872 3136 928 adolcsccntulum
3166 872 3220 925 in
3247 886 3422 924 aerem
3448 910 3460 929 .
3487 878 3541 925 et

1979 965 2154 1020 audiri
2182 966 2420 1020 divinam
2454 979 2637 1018 vocem
2665 965 2710 1018 ei
2746 963 3162 1032 praecipientem,
3188 962 3448 1032 episcopo
3477 976 3542 1014 ac

1980 1061 2180 1131 populo
2209 1057 2480 1120 nuntiare,
2513 1063 2570 1110 ut
2605 1056 2824 1110 litanias
2871 1055 2950 1110 sic
2994 1054 3259 1116 facerent,
3307 1062 3360 1108 et
3393 1054 3543 1108 dice-

1979 1159 2100 1207 rent
2127 1170 2140 1205 :
2173 1148 2398 1204 Sanctus
2425 1148 2584 1212 Deus,
2617 1155 2830 1202 sanctus
2865 1146 3040 1215 fortis,
3079 1158 3294 1200 sanctus
3329 1146 3546 1198 immor-

1980 1242 2128 1303 talis,
2161 1242 2402 1294 miserere
2431 1239 2578 1292 nobis
2592 1254 2610 1302 ,'
2645 1237 2782 1292 nihil
2820 1237 2963 1290 aliud
3008 1244 3365 1307 apponentes.
3405 1234 3544 1287 San-

1981 1341 2102 1388 ctus
2127 1343 2305 1386 autem
2337 1330 2584 1391 Proclus,
2620 1330 2721 1383 hac
2748 1337 2998 1398 suscepta
3031 1327 3318 1390 sententia,
3346 1341 3546 1396 praece—

1983 1426 2062 1497 pit
2089 1424 2289 1496 populo
2313 1424 2391 1478 sic
2421 1423 2688 1494 psallere;
2719 1430 2773 1475 et
2807 1421 2988 1475 statim
3021 1427 3180 1473 terra:
3216 1430 3392 1472 motus
3429 1431 3549 1472 ces-

1983 1519 2142 1574 savit.
2177 1517 2346 1572 Porro
2373 1518 2528 1572 beata
2568 1515 2852 1570 Pulcheria
2875 1514 2942 1570 de
2977 1513 3243 1567 miraculo
3281 1527 3404 1566 cum
3430 1511 3550 1578 ejus

1983 1611 2150 1664 fratre
2205 1624 2368 1678 supra
2425 1608 2647 1662 modum
2698 1606 3002 1669 admirata,
3051 1603 3232 1662 sanxit
3274 1617 3368 1674 per
3425 1601 3554 1656 uui-

1985 1715 2201 1756 versum
2246 1700 2432 1754 orbem
2480 1708 2750 1754 terrarum
2795 1697 3040 1753 divinum
3079 1695 3361 1752 decantari
3406 1694 3552 1748 hunc
3623 1746 3625 1748 .

1987 1791 2272 1863 hymnum.
2318 1789 2381 1844 Et
2416 1798 2546 1846 tunc
2587 1798 2908 1862 receperunt
2942 1804 3135 1844 omnes
3167 1786 3424 1843 Ecclesiae
3459 1798 3554 1854 per

1920 1883 1962 1938 Β
1991 1885 2236 1955 singulos
2268 1883 2387 1940 dies
2419 1882 2563 1937 hunc
2593 1897 2792 1937 canere
2823 1880 2953 1938 Deo.

1859 2003 2016 2064 XXI.

1383 2130 1621 2186 Pno'nvs
1656 2127 1916 2186 Biblioth.
1957 2127 2074 2182 cod.
2118 2144 2231 2190 thl,
2260 2143 2381 2197 pag.
2415 2127 2507 2182 45.

407 2252 648 2324 Ἔγραψε
685 2248 740 2302 δὲ
773 2251 870 2321 τὴν
907 2249 1024 2302 κατ’
1055 2246 1216 2302 αύτοῦ
1256 2247 1460 2318 ψῆφον,
1512 2246 1646 2318 πρὸς
1696 2245 1890 2298 Οὐολο-

333 2351 513 2404 σιανὸν
538 2341 725 2418 (οὗτος
762 2341 828 2414 ἦν
870 2342 1010 2404 θεῖος
1052 2342 1150 2411 τῆς
1185 2341 1340 2410 ἁγίας
1377 2339 1619 2410 Μελένης
1653 2337 1892 2406 Ἐλληνό-

330 2459 478 2514 φρων
501 2457 514 2470 ο
548 2441 605 2491 ὲν
644 2435 700 2490 δὲ
730 2433 808 2506 τῷ
841 2432 1229 2504 ἀποθνήσκειν,
1259 2429 1623 2501 μεταθέμενος
1658 2429 1790 2499 πρὸς
1832 2426 1893 2479 τὸ

331 2530 623 2604 ίρθόδοξον,
667 2527 761 2580 κα)⁵
798 2525 1085 2594 φωτισθεὶς
1133 2523 1281 2594 παρά
1325 2521 1418 2574 τοῦ
1466 2521 1619 2588 ἁγίου
1653 2518 1893 2590 Πρόκλου

333 2617 976 2681 Ιῐωνσταντινουπόλεως·
1033 2614 1195 2668 αὐτοῦ
1249 2613 1357 2684 γὰρ
1409 2611 1605 2683 εὑρέθη
1655 2610 1895 2682 πρέσϐυς

333 2713 682 2776 ἀποσταλείςο
709 2711 797 2764 ὅτε
837 2710 932 2763 καὶ
960 2710 1026 2779 τῇ
1061 2707 1191 2778 ἁγίᾳ
1227 2708 1472 2776 ἐνέτυχεν
1503 2703 1562 2768 ἐξ
1604 2701 1896 2774 Ἱεροσολύ-

337 2827 448 2879 μων
481 2802 858 2874 καταλαὸούσῃ
885 2800 982 2872 τὴν
1024 2800 1268 2871 βασιλίδα
1307 2799 1414 2852 τῶν
1445 2797 1684 2859 πόλεων)
1723 2797 1892 2866 ἐπαρ-

337 2916 422 2968 χον
450 2897 676 2960 πόλεως.

2069 2240 2302 2310 Scripsit
2328 2247 2504 2293 aulem
2533 2236 2963 2306 (Constantius)
2994 2244 3182 2290 contra
3214 2234 3388 2304 ipsum
3419 2231 3561 2304 (Cm-

1997 2330 2254 2400 lcstium)
2303 2331 2578 2385 decretum
2639 2327 2706 2381 ad
2751 2325 3106 2382 Volusianum
3161 2325 3312 2379 urbis
3365 2323 3559 2392 praefe-

1997 2433 2144 2478 ctum
2179 2443 2190 2477 :
2223 2423 2316 2493 qui
2347 2420 2563 2492 quidem
2589 2418 2922 2473 Volusianus
2945 2425 3061 2473 erat
3087 2424 3289 2472 sancta:
3322 2416 3563 2470 Melania:

1999 2524 2227 2585 patruus
2256 2528 2286 2566 e
2312 2511 2590 2582 gentilium
2626 2518 2796 2564 secta.
2828 2507 2896 2560 At
2929 2508 3056 2562 dum
3089 2522 3213 2560 eum
3247 2505 3562 2560 Constanti-

1998 2605 2180 2675 nopoli
2208 2604 2491 2674 legationis
2519 2601 2694 2657 ollicio
2734 2601 3046 2670 fungentem
3085 2615 3232 2654 mors
3265 2598 3562 2659 invaderet,

1999 2694 2067 2748 ad
2093 2693 2448 2749 orthodoxam
2483 2693 2640 2748 [idem
2676 2693 2924 2756 transiit,
2962 2692 3380 2762 baptizatusque
3419 2695 3500 2743 est
3535 2703 3566 2741 a

2002 2796 2193 2844 sancto
2227 2787 2419 2842 l’roclo
2453 2787 3062 2856 Constantinopolitano
3113 2786 3394 2859 episcopo.
3447 2782 3569 2852 Quo

2001 2883 2129 2937 item
2169 2889 2410 2950 tempore
2443 2887 2634 2935 sancta
2675 2879 2765 2933 illa
2797 2879 2994 2936 mulier
3022 2895 3054 2935 ο
3091 2877 3484 2949 Hierosolymis
3512 2880 3568 2931 in

2002 2969 2206 3039 regiam
2243 2968 2430 3024 urbem
2462 2969 2700 3024 advenit.

1853 3088 2038 3150 XXII.

1067 3221 1338 3275 Gsonoms
1372 3216 1658 3272 Ceunsnus
1684 3213 1824 3269 Hist.
1849 3211 2145 3284 Compend.
2184 3219 2309 3265 tom.
2344 3209 2384 3277 l,
2415 3227 2542 3282 pag.
2565 3209 2690 3275 270,
2724 3209 2847 3264 27L

406 3334 494 3406 Τῷ
539 3341 621 3406 κη’
668 3333 774 3387 ἔτει
811 3373 824 3387 .
871 3371 886 3387 .
942 3373 955 3387 .

342 3427 576 3499 Πρόκλος
598 3430 626 3480 ὁ
645 3425 944 3495 ἀγιώτατος
964 3425 1260 3486 ἐπίσκοπος
1289 3412 1910 3482 Κωνσταντινουπόλεως

341 3518 762 3590 προχειρίζεται,
791 3517 849 3580 ὃς
880 3517 941 3570 τὸ
962 3514 1054 3569 τοῦ
1086 3513 1471 3586 Χρυσοστόμου
1500 3512 1748 3581 λείψανον
1778 3513 1910 3564 ἀνα-

343 3609 553 3680 κομίζει
596 3608 674 3680 τῷ
701 3608 743 3660 λ’
784 3609 891 3661 ἔτει
935 3610 1033 3678 τῆς
1066 3605 1342 3676 βασιλείας
1370 3603 1676 3669 Θεοδοσίου,
1709 3604 1802 3656 καὶ
1834 3605 1914 3664 είς

344 3699 451 3752 τῶν
480 3699 652 3768 ἁγίων
681 3697 1016 3751 Ἀποστόλων
1035 3695 1322 3765 ἀποτίθησι
1352 3693 1497 3759 ναὺν,
1528 3712 1581 3747 κ.
1610 3711 1660 3746 τ.
1685 3693 1733 3747 λ.

409 3792 498 3864 Τῷ
527 3791 602 3845 λθ¹
640 3791 748 3844 ἔτει
780 3789 1045 3861 Κύριλλος
1090 3787 1511 3860 Ἀλεξανδρείας,
1545 3786 1638 3840 καὶ
1670 3785 1910 3859 Πρόκλος

348 3882 981 3949 Κωνσταντινουπόλεως,
1013 3881 1248 3945 εὐσεϐῶς
1271 3878 1662 3951 ἐκοιμήθησαν.

1003 3373 1016 3387 .
1057 3335 1478 3403 τελευτήσαντος
1524 3328 1890 3401 Μαξιμιανοῦ,

2071 3327 2227 3380 Auno
2257 3343 2429 3381 xxvm
2455 3326 2786 3381 Maximiano
2812 3327 2924 3381 vita
2955 3325 3164 3391 functo,
3192 3325 3575 3403 sanctissimus

2011 3419 2234 3475 Proclus
2283 3419 2575 3490 cpiscopus
2615 3419 3254 3490 Constantinopolitanus
3297 3419 3574 3490 deligitur,

2011 3517 2064 3568 et
2094 3513 2382 3566 ordinatur
2412 3531 2424 3566 :
2458 3512 2616 3580 isque
2643 3512 2900 3582 reliquias
2930 3511 3306 3584 Chrysostomi
3333 3520 3576 3582 reporta-

2012 3603 2089 3658 vit
2118 3617 2264 3656 anno
2306 3618 2410 3673 ut;
2437 3602 2784 3672 imperatoris
2823 3601 3138 3669 Theodosii,
3173 3603 3336 3674 inque
3377 3603 3578 3674 templo

2014 3695 2399 3765 Apostolorum
2423 3695 2692 3764 deposuit,
2727 3706 2832 3750 etc.

2083 3788 2241 3840 Anno
2267 3802 2432 3840 χχχιχ
2456 3784 2690 3857 Cyrillus
2728 3787 3068 3842 Alexandriae
3099 3795 3153 3842 et
3183 3787 3410 3844 Proclus
3433 3787 3580 3844 Con-

2018 3878 2400 3949 stantinopolis
2430 3877 2695 3949 episcopi,
2728 3879 2817 3948 pie
2851 3878 2961 3932 vita
2993 3877 3238 3934 defuncti
3271 3890 3417 3936 sunt.

1869 3995 2082 4056 XXIII.

1312 4119 1547 4176 Joannes
1577 4120 1826 4176 Zomnss
1857 4119 2057 4175 Annal.
2087 4132 2215 4178 tom.
2257 4121 2325 4185 ll,
2353 4138 2476 4192 pag.
2512 4121 2604 4177 35.

416 4242 571 4296 Μετά
588 4220 678 4294 τὸν
697 4239 1037 4311 Μαξιμιανὸν
1059 4240 1150 4292 ἐπὶ
1168 4238 1368 4293 διετίαν
1391 4236 1889 4310 ἀρχιερατεύσαντα

2087 4237 2216 4294 Post
2244 4220 2628 4293 Maximianum
2649 4281 2664 4304 ,
2706 4239 3023 4308 pontiﬁcatu
3055 4240 3274 4295 biennio
3311 4241 3582 4311 functum,

353 4337 605 4412 Πρόκλος,
648 4336 677 4387 ὁ
704 4334 797 4388 τοῦ
834 4336 1221 4406 Χρυσοπόμου
1259 4335 1536 4405 μαθητὴς,
1572 4333 1884 4404 πατριάρχη

2017 4331 2245 4387 Proclus
2271 4331 2646 4403 Chrysostomi
2676 4331 2977 4402 discipulus
3000 4334 3306 4404 patriarcha
3334 4345 3584 4406 creatur;

355 4429 762 4502 προεχειρίσθη·
799 4429 904 4481 ὑπὸ
951 4428 1208 4482 Σισιννίου
1255 4428 1591 4498 πατριάρχου
1623 4426 1888 4479 ἐπίσκοπο

2020 4423 2111 4493 qui
2144 4421 2349 4492 pridem
2389 4437 2418 4476 a
2455 4421 2697 4479 Sisinnio
2721 4424 3054 4494 patriarcha,
3087 4423 3268 4496 Cyzici
3297 4427 3586 4497 episcopus

352 4525 589 4590 Κυζίκου
624 4521 814 4594 πρώην
847 4520 1262 4592 χειροτονηθεὶς,
1307 4520 1381 4592 μὴ
1423 4519 1633 4591 δεχθεὶς
1671 4520 1727 4573 δὲ
1771 4535 1890 4589 παρα

2021 4515 2355 4586 designatus,
2397 4515 2492 4571 sed
2532 4531 2561 4569 a
2597 4515 2899 4588 Cyzicenis,
2936 4517 3031 4587 qui
3073 4519 3236 4572 alium
3277 4520 3585 4590 elegerant,

353 4616 458 4670 τῶν
490 4616 607 4668 ἐκεῖ
641 4614 825 4685 ἕτερον
861 4611 1127 4682 ἑλομένων
1161 4612 1442 4682 ἀρχιερέα,
1477 4611 1687 4664 καὶτὸν
1718 4609 1885 4680 μεταξ

2023 4626 2132 4665 non
2157 4619 2428 4680 receptus,
2461 4618 2702 4678 tempore
2729 4610 3014 4679 interjecto
3057 4611 3227 4665 otium
3257 4620 3459 4683 egerat.
3490 4613 3588 4668 llic

353 4707 542 4778 χρόνον
579 4683 873 4777 σχολάζων.
905 4697 1072 4766 Οὗτος
1099 4703 1278 4756 τοίνυν
1313 4701 1388 4773 τῷ
1423 4703 1598 4775 θρόνῳ
1633 4703 1729 4774 τῆς
1769 4704 1890 4754 Κων

1993 4700 1996 4722 ⁸
2025 4705 2190 4775 igitur
2213 4706 2265 4759 in
2291 4706 2416 4762 sede
2437 4705 3039 4776 Constantinopolitana
3063 4714 3336 4774 receptus,
3367 4709 3499 4774 petit
3524 4709 3591 4761 ab

355 4795 844 4859 σταντινουπόλεως
872 4794 1230 4867 ὲνθρονισθεὶς
1251 4832 1266 4857 ,
1297 4793 1442 4858 ἀξιοῖ
1470 4795 1561 4847 τὸν
1590 4793 1832 4864 βασιλέα,
1862 4811 1890 4846 τ

2028 4798 2375 4867 imperatore,
2421 4807 2479 4852 ut
2507 4815 2708 4869 corpus
2738 4799 2911 4854 sancti
2937 4798 3311 4870 Chrysostomi
3339 4797 3592 4871 Pityunte

357 4888 647 4960 ἱερώτατον
700 4886 794 4940 τοῦ
848 4885 1232 4956 Χρυσοστόμου
1285 4884 1444 4956 σῶμα
1490 4887 1553 4938 ὲκ
1603 4885 1890 4938 Πιτυοῦντο

2027 4887 2316 4951 referatur,
2349 4903 2417 4942 ne
2446 4889 2528 4944 vir
2553 4897 2774 4945 sanctus
2803 4898 2920 4958 post
2948 4891 3157 4944 obitum
3186 4891 3349 4945 etiam
3377 4893 3592 4946 exsula-

357 4979 807 5051 ἀνακομισθῆναι,
838 4979 930 5032 καὶ
965 4979 1039 5050 μὴ
1068 4979 1248 5048 μένειν
1277 4978 1371 5031 καὶ
1402 4977 1634 5031 θανόντα
1662 4977 1753 5029 τὸν
1781 4976 1890 5044 ἅγιε

2031 4989 2131 5034 ret.
2168 4977 2328 5034 Paret
2361 4980 2678 5050 imperator,
2717 4982 3056 5052 relatumque
3087 4984 3260 5038 sancti
3290 4983 3522 5037 cadaver
3543 4993 3594 5038 et

360 5073 672 5144 ὑπερόριον.
688 5070 932 5124 Πείθεται
954 5069 1126 5139 τούτῳ
1145 5071 1172 5121 ὁ
1199 5068 1467 5138 βασιλεὺς,
1495 5069 1588 5121 καὶ
1613 5067 1890 5138 ἀνακομίζε

2032 5072 2230 5142 insigni
2283 5087 2408 5128 cum
2465 5073 2670 5130 honore
2715 5085 3050 5144 susceptum,
3096 5076 3239 5128 intra
3295 5077 3595 5129 sacrarium

361 5183 448 5218 ται
474 5167 502 5218 ὁ
521 5163 615 5218 τοῦ
643 5163 796 5232 ἀγίου
825 5162 1016 5232 νεκρός
1033 5179 1048 5192 ·
1086 5160 1178 5213 καὶ
1203 5160 1518 5229 ὑποδέχεται
1541 5159 1649 5213 τῶν
1673 5160 1890 5231 ὑπερϐαἷ

2032 5165 2212 5234 templi
2245 5166 2402 5235 cujus
2452 5181 2647 5222 nomen
2697 5174 2780 5221 est
2832 5175 3144 5222 sanctorum
3192 5167 3595 5236 Apostolorum,

362 5260 555 5330 λούσης
591 5257 760 5328 τιμῆς
779 5297 794 5319 ,
824 5257 920 5309 καὶ
953 5253 1298 5308 κατατίθεται
1334 5253 1483 5316 ἐντὸς
1510 5252 1604 5305 τοῦ
1633 5253 1933 5322 ξθυσιαστη-
2033 5258 2301 5313 conditur,

367 5353 478 5426 ρίου
503 5352 600 5407 τοῦ
625 5349 733 5403 τῶν
763 5349 922 5402 ὁσίων
962 5345 1299 5400 Ἀποστόλων
1332 5343 1676 5415 περιωνύμου
1711 5343 1862 5398 ναοῦ.

1874 5460 2059 5520 XXIV
2071 5508 2084 5520 .

926 5592 1260 5646 NICEPIIOBUS
1292 5589 1548 5644 CALLIST.
1591 5588 1729 5645 Hist.
1766 5591 1902 5645 cccl.
1941 5589 2030 5643 lib.
2067 5606 2176 5644 xw.
2211 5605 2328 5657 cap.
2363 5587 2452 5651 9.9,
2482 5599 2606 5641 tam.
2641 5586 2706 5651 ll,
2731 5603 2854 5657 pag.
2888 5586 3010 5641 501.

431 5711 700 5774 Σισίννιος
752 5708 844 5763 τοῦ
878 5709 1194 5779 Κυζικηνῶν
1233 5709 1492 5781 προέδρου
1527 5708 1809 5774 θανόντος,
1846 5711 1935 5762 τὸν

362 5808 506 5864 θεῖον
531 5804 778 5880 Πρόκλον
812 5804 879 5873 τῇ
919 5801 1138 5870 Κυζίκῳ
1176 5801 1514 5871 ἐχειροτόνει.
1557 5801 1662 5853 Καὶ
1693 5801 1754 5870 δὴ
1792 5801 1934 5871 Πρό-

2045 5716 2057 5728 ⁶
2115 5709 2385 5779 Cyziceno
2435 5709 2690 5776 episcopo
2745 5714 2981 5767 mortuo,
3037 5703 3310 5760 Sisinnius
3363 5702 3600 5758 divinum

2043 5800 2295 5856 Proclum
2349 5799 2605 5855 Ecclesia
2643 5798 2825 5869 Cyzici
2861 5799 3179 5870 episcopum
3231 5795 3466 5854 ordinat.
3501 5793 3607 5849 Sed
