  <div class='ocr_page' id='page_1' title='image "/cluster/home/n/w/nwhite01/storage/ocr_20150623/65/mdp.39015008972203/343.png"; bbox 0 0 4028 6330; ppageno 0'>
   <div class='ocr_carea' id='block_1_1' title="bbox 561 366 677 433">
    <p class='ocr_par' dir='ltr' id='par_1_1' title="bbox 561 366 677 433">
     <span class='ocr_line' id='line_1_1' title="bbox 561 366 677 433; baseline 0.017 -14"><span class='ocrx_word' id='word_1_1' title='bbox 561 366 677 433; x_wconf 65' lang='lat'><strong>67,-;</strong></span> 
     </span>
    </p>
   </div>
   <div class='ocr_carea' id='block_1_2' title="bbox 1649 364 2659 422">
    <p class='ocr_par' dir='ltr' id='par_1_2' title="bbox 1649 364 2659 422">
     <span class='ocr_line' id='line_1_2' title="bbox 1649 364 2659 422; baseline 0.002 -2"><span class='ocrx_word' id='word_1_2' title='bbox 1649 366 1716 421; x_wconf 67' lang='grc' dir='ltr'>Β.</span> <span class='ocrx_word' id='word_1_3' title='bbox 1749 365 2078 422; x_wconf 62' lang='grc' dir='ltr'><strong>Ῥηοείλυδ</strong></span> <span class='ocrx_word' id='word_1_4' title='bbox 2113 365 2221 420; x_wconf 75' lang='grc' dir='ltr'><strong>(ΣΡ.</strong></span> <span class='ocrx_word' id='word_1_5' title='bbox 2267 364 2659 422; x_wconf 70' lang='lat' dir='ltr'><strong>EPISCOPU‘S.</strong></span> 
     </span>
    </p>
   </div>
   <div class='ocr_carea' id='block_1_3' title="bbox 3643 370 3739 425">
    <p class='ocr_par' dir='ltr' id='par_1_3' title="bbox 3643 370 3739 425">
     <span class='ocr_line' id='line_1_3' title="bbox 3643 370 3739 425; baseline 0 -2"><span class='ocrx_word' id='word_1_6' title='bbox 3643 370 3739 425; x_wconf 72' lang='lat'><strong>676</strong></span> 
     </span>
    </p>
   </div>
   <div class='ocr_carea' id='block_1_4' title="bbox 563 477 2142 552">
    <p class='ocr_par' dir='ltr' id='par_1_4' title="bbox 563 478 2128 551">
     <span class='ocr_line' id='line_1_4' title="bbox 563 478 2128 551; baseline 0 -17"><span class='ocrx_word' id='word_1_7' title='bbox 563 480 720 534; x_wconf 82' lang='lat' dir='ltr'><strong>enim</strong></span> <span class='ocrx_word' id='word_1_8' title='bbox 751 491 875 534; x_wconf 83' lang='lat' dir='ltr'><strong>cum</strong></span> <span class='ocrx_word' id='word_1_9' title='bbox 925 478 1176 543; x_wconf 86' lang='lat' dir='ltr'><strong>Proclus,</strong></span> <span class='ocrx_word' id='word_1_10' title='bbox 1200 487 1268 534; x_wconf 83' lang='lat' dir='ltr'><strong>ut</strong></span> <span class='ocrx_word' id='word_1_11' title='bbox 1322 492 1387 534; x_wconf 90' lang='lat' dir='ltr'><strong>eo</strong></span> <span class='ocrx_word' id='word_1_12' title='bbox 1429 478 1720 546; x_wconf 71' lang='lat' dir='ltr'><strong>transiret,</strong></span> <span class='ocrx_word' id='word_1_13' title='bbox 1762 481 1815 534; x_wconf 87' lang='lat' dir='ltr'><strong>in</strong></span> <span class='ocrx_word' id='word_1_14' title='bbox 1848 481 2128 551; x_wconf 77' lang='lat' dir='ltr'><strong>procinctu</strong></span> 
     </span>
    </p>
   </div>
   <div class='ocr_carea' id='block_1_5' title="bbox 2245 477 3744 552">
    <p class='ocr_par' dir='ltr' id='par_1_5' title="bbox 2245 477 3744 552">
     <span class='ocr_line' id='line_1_5' title="bbox 2245 477 3744 552; baseline 0.001 -19"><span class='ocrx_word' id='word_1_15' title='bbox 2245 481 2342 552; x_wconf 83' lang='grc' dir='ltr'><strong>ιλῳ</strong></span> <span class='ocrx_word' id='word_1_16' title='bbox 2370 482 2428 532; x_wconf 87' lang='grc' dir='ltr'><strong>ἐν</strong></span> <span class='ocrx_word' id='word_1_17' title='bbox 2461 480 2780 552; x_wconf 84' lang='grc' dir='ltr'>παρασκευῇ</span> <span class='ocrx_word' id='word_1_18' title='bbox 2812 477 2924 530; x_wconf 85' lang='grc' dir='ltr'>δντι</span> <span class='ocrx_word' id='word_1_19' title='bbox 2962 479 3088 548; x_wconf 76' lang='grc' dir='ltr'>περὶ</span> <span class='ocrx_word' id='word_1_20' title='bbox 3113 477 3278 548; x_wconf 79' lang='grc' dir='ltr'>αὑτὴν</span> <span class='ocrx_word' id='word_1_21' title='bbox 3307 480 3512 549; x_wconf 82' lang='grc' dir='ltr'><strong>χωρεῖν,</strong></span> <span class='ocrx_word' id='word_1_22' title='bbox 3543 477 3744 548; x_wconf 78' lang='grc' dir='ltr'>φθάνου-</span> 
     </span>
    </p>
   </div>
   <div class='ocr_carea' id='block_1_6' title="bbox 571 571 2130 641">
    <p class='ocr_par' dir='ltr' id='par_1_6' title="bbox 571 571 2130 641">
     <span class='ocr_line' id='line_1_6' title="bbox 571 571 2130 641; baseline -0.001 -15"><span class='ocrx_word' id='word_1_23' title='bbox 571 579 740 635; x_wconf 80' lang='lat' dir='ltr'><strong>essct,</strong></span> <span class='ocrx_word' id='word_1_24' title='bbox 789 572 1043 626; x_wconf 79' lang='lat' dir='ltr'><strong>homines</strong></span> <span class='ocrx_word' id='word_1_25' title='bbox 1073 572 1147 626; x_wconf 92' lang='lat' dir='ltr'><strong>ibi</strong></span> <span class='ocrx_word' id='word_1_26' title='bbox 1189 571 1507 640; x_wconf 73' lang='lat' dir='ltr'><strong>episcopum</strong></span> <span class='ocrx_word' id='word_1_27' title='bbox 1556 573 1949 641; x_wconf 65' lang='lat' dir='ltr'><strong>praevenientes</strong></span> <span class='ocrx_word' id='word_1_28' title='bbox 1981 572 2130 626; x_wconf 86' lang='lat' dir='ltr'><strong>ordi-</strong></span> 
     </span>
    </p>
   </div>
   <div class='ocr_carea' id='block_1_7' title="bbox 573 660 2130 730">
    <p class='ocr_par' dir='ltr' id='par_1_7' title="bbox 573 660 2130 730">
     <span class='ocr_line' id='line_1_7' title="bbox 573 660 2130 730; baseline 0.001 -16"><span class='ocrx_word' id='word_1_29' title='bbox 573 669 775 715; x_wconf 90' lang='lat' dir='ltr'><strong>narunt</strong></span> <span class='ocrx_word' id='word_1_30' title='bbox 819 660 1143 714; x_wconf 84' lang='lat' dir='ltr'><strong>Dalmatium</strong></span> <span class='ocrx_word' id='word_1_31' title='bbox 1179 660 1498 730; x_wconf 84' lang='lat' dir='ltr'><strong>quemdam,</strong></span> <span class='ocrx_word' id='word_1_32' title='bbox 1552 662 1728 715; x_wconf 83' lang='lat' dir='ltr'><strong>virum</strong></span> <span class='ocrx_word' id='word_1_33' title='bbox 1767 664 2130 717; x_wconf 88' lang='lat' dir='ltr'><strong>venerandum</strong></span> 
     </span>
    </p>
   </div>
   <div class='ocr_carea' id='block_1_8' title="bbox 575 752 2136 808">
    <p class='ocr_par' dir='ltr' id='par_1_8' title="bbox 575 752 2136 808">
     <span class='ocr_line' id='line_1_8' title="bbox 575 752 2136 808; baseline 0.001 -2"><span class='ocrx_word' id='word_1_34' title='bbox 575 761 633 806; x_wconf 91' lang='lat' dir='ltr'><strong>et</strong></span> <span class='ocrx_word' id='word_1_35' title='bbox 656 753 710 807; x_wconf 91' lang='lat' dir='ltr'><strong>in</strong></span> <span class='ocrx_word' id='word_1_36' title='bbox 736 753 1055 807; x_wconf 76' lang='lat' dir='ltr'><strong>monasticis</strong></span> <span class='ocrx_word' id='word_1_37' title='bbox 1086 752 1364 806; x_wconf 84' lang='lat' dir='ltr'><strong>laboribus</strong></span> <span class='ocrx_word' id='word_1_38' title='bbox 1394 753 1774 807; x_wconf 82' lang='lat' dir='ltr'><strong>exercitatum.</strong></span> <span class='ocrx_word' id='word_1_39' title='bbox 1807 753 1860 806; x_wconf 89' lang='lat' dir='ltr'><strong>Id</strong></span> <span class='ocrx_word' id='word_1_40' title='bbox 1890 753 1964 806; x_wconf 87' lang='lat' dir='ltr'><strong>illi</strong></span> <span class='ocrx_word' id='word_1_41' title='bbox 1993 753 2136 808; x_wconf 83' lang='lat' dir='ltr'><strong>fece-</strong></span> 
     </span>
    </p>
   </div>
   <div class='ocr_carea' id='block_1_9' title="bbox 576 844 2133 914">
    <p class='ocr_par' dir='ltr' id='par_1_9' title="bbox 576 844 2133 914">
     <span class='ocr_line' id='line_1_9' title="bbox 576 844 2133 914; baseline 0.003 -18"><span class='ocrx_word' id='word_1_42' title='bbox 576 849 746 907; x_wconf 86' lang='lat' dir='ltr'><strong>runt,</strong></span> <span class='ocrx_word' id='word_1_43' title='bbox 805 844 1086 898; x_wconf 81' lang='lat' dir='ltr'><strong>sanctione</strong></span> <span class='ocrx_word' id='word_1_44' title='bbox 1133 844 1223 897; x_wconf 87' lang='lat' dir='ltr'><strong>illa</strong></span> <span class='ocrx_word' id='word_1_45' title='bbox 1261 852 1574 913; x_wconf 84' lang='lat' dir='ltr'><strong>contempta</strong></span> <span class='ocrx_word' id='word_1_46' title='bbox 1614 859 1733 913; x_wconf 71' lang='lat' dir='ltr'><strong>qua:</strong></span> <span class='ocrx_word' id='word_1_47' title='bbox 1763 853 1960 914; x_wconf 64' lang='lat' dir='ltr'><strong>praeter</strong></span> <span class='ocrx_word' id='word_1_48' title='bbox 2005 861 2133 900; x_wconf 82' lang='lat' dir='ltr'><strong>sen-</strong></span> 
     </span>
    </p>
   </div>
   <div class='ocr_carea' id='block_1_10' title="bbox 575 935 2130 1007">
    <p class='ocr_par' dir='ltr' id='par_1_10' title="bbox 575 935 2130 1007">
     <span class='ocr_line' id='line_1_10' title="bbox 575 935 2130 1007; baseline 0.001 -18"><span class='ocrx_word' id='word_1_49' title='bbox 575 938 799 992; x_wconf 89' lang='lat' dir='ltr'><strong>tentiam</strong></span> <span class='ocrx_word' id='word_1_50' title='bbox 834 939 1075 1007; x_wconf 85' lang='lat' dir='ltr'><strong>episcopi</strong></span> <span class='ocrx_word' id='word_1_51' title='bbox 1103 936 1697 1006; x_wconf 85' lang='lat' dir='ltr'><strong>ConstantinOpolitani</strong></span> <span class='ocrx_word' id='word_1_52' title='bbox 1739 935 2130 992; x_wconf 80' lang='lat' dir='ltr'><strong>ordinationem</strong></span> 
     </span>
    </p>
   </div>
   <div class='ocr_carea' id='block_1_11' title="bbox 571 1027 2134 1090">
    <p class='ocr_par' dir='ltr' id='par_1_11' title="bbox 571 1027 2134 1090">
     <span class='ocr_line' id='line_1_11' title="bbox 571 1027 2134 1090; baseline -0.002 -6"><span class='ocrx_word' id='word_1_53' title='bbox 571 1030 694 1086; x_wconf 79' lang='lat' dir='ltr'><strong>ﬁeri</strong></span> <span class='ocrx_word' id='word_1_54' title='bbox 741 1037 904 1084; x_wconf 91' lang='lat' dir='ltr'><strong>vetat.</strong></span> <span class='ocrx_word' id='word_1_55' title='bbox 951 1029 1065 1084; x_wconf 84' lang='lat' dir='ltr'><strong>Hoc</strong></span> <span class='ocrx_word' id='word_1_56' title='bbox 1098 1030 1188 1084; x_wconf 91' lang='lat' dir='ltr'><strong>ubi</strong></span> <span class='ocrx_word' id='word_1_57' title='bbox 1231 1029 1305 1083; x_wconf 88' lang='lat' dir='ltr'><strong>ita</strong></span> <span class='ocrx_word' id='word_1_58' title='bbox 1350 1027 1550 1083; x_wconf 80' lang='lat' dir='ltr'><strong>factum</strong></span> <span class='ocrx_word' id='word_1_59' title='bbox 1599 1035 1710 1090; x_wconf 89' lang='lat' dir='ltr'><strong>est,</strong></span> <span class='ocrx_word' id='word_1_60' title='bbox 1765 1027 1988 1082; x_wconf 86' lang='lat' dir='ltr'><strong>Proclus</strong></span> <span class='ocrx_word' id='word_1_61' title='bbox 2025 1044 2134 1082; x_wconf 87' lang='lat' dir='ltr'><strong>non</strong></span> 
     </span>
    </p>
   </div>
   <div class='ocr_carea' id='block_1_12' title="bbox 573 1120 2136 1192">
    <p class='ocr_par' dir='ltr' id='par_1_12' title="bbox 573 1120 2136 1192">
     <span class='ocr_line' id='line_1_12' title="bbox 573 1120 2136 1192; baseline 0 -18"><span class='ocrx_word' id='word_1_62' title='bbox 573 1122 943 1192; x_wconf 78' lang='lat' dir='ltr'><strong>oppugnavit;</strong></span> <span class='ocrx_word' id='word_1_63' title='bbox 979 1130 1032 1175; x_wconf 92' lang='lat' dir='ltr'><strong>et</strong></span> <span class='ocrx_word' id='word_1_64' title='bbox 1060 1120 1317 1175; x_wconf 67' lang='lat' dir='ltr'><strong>Ecclesire</strong></span> <span class='ocrx_word' id='word_1_65' title='bbox 1351 1121 1567 1190; x_wconf 84' lang='lat' dir='ltr'><strong>quidem</strong></span> <span class='ocrx_word' id='word_1_66' title='bbox 1613 1120 1747 1174; x_wconf 87' lang='lat' dir='ltr'><strong>nul-li</strong></span> <span class='ocrx_word' id='word_1_67' title='bbox 1802 1121 2029 1190; x_wconf 69' lang='lat' dir='ltr'><strong>praefuit,</strong></span> <span class='ocrx_word' id='word_1_68' title='bbox 2080 1121 2136 1174; x_wconf 88' lang='lat' dir='ltr'><strong>in</strong></span> 
     </span>
    </p>
   </div>
   <div class='ocr_carea' id='block_1_13' title="bbox 573 1211 2140 1283">
    <p class='ocr_par' dir='ltr' id='par_1_13' title="bbox 573 1211 2140 1283">
     <span class='ocr_line' id='line_1_13' title="bbox 573 1211 2140 1283; baseline -0.001 -14"><span class='ocrx_word' id='word_1_69' title='bbox 573 1211 1201 1283; x_wconf 78' lang='lat' dir='ltr'><strong>Constantinopolitanis</strong></span> <span class='ocrx_word' id='word_1_70' title='bbox 1243 1221 1422 1265; x_wconf 89' lang='lat' dir='ltr'><strong>autem</strong></span> <span class='ocrx_word' id='word_1_71' title='bbox 1465 1211 1725 1267; x_wconf 84' lang='lat' dir='ltr'><strong>ecclesiis</strong></span> <span class='ocrx_word' id='word_1_72' title='bbox 1768 1213 2011 1266; x_wconf 90' lang='lat' dir='ltr'><strong>docendo</strong></span> <span class='ocrx_word' id='word_1_73' title='bbox 2043 1212 2140 1268; x_wconf 77' lang='lat' dir='ltr'><strong>llo-</strong></span> 
     </span>
    </p>
   </div>
   <div class='ocr_carea' id='block_1_14' title="bbox 575 1305 706 1360">
    <p class='ocr_par' dir='ltr' id='par_1_14' title="bbox 575 1305 706 1360">
     <span class='ocr_line' id='line_1_14' title="bbox 575 1305 706 1360; baseline 0.008 -1"><span class='ocrx_word' id='word_1_74' title='bbox 575 1305 706 1360; x_wconf 83' lang='lat' dir='ltr'><strong>ruit.</strong></span> 
     </span>
    </p>
   </div>
   <div class='ocr_carea' id='block_1_15' title="bbox 2231 570 3744 642">
    <p class='ocr_par' dir='ltr' id='par_1_15' title="bbox 2231 570 3744 642">
     <span class='ocr_line' id='line_1_15' title="bbox 2231 570 3744 642; baseline 0 -15"><span class='ocrx_word' id='word_1_75' title='bbox 2231 592 2316 628; x_wconf 90' lang='grc' dir='ltr'><strong>σιν</strong></span> <span class='ocrx_word' id='word_1_76' title='bbox 2367 576 2564 626; x_wconf 82' lang='grc' dir='ltr'>ἐκεῖνοι</span> <span class='ocrx_word' id='word_1_77' title='bbox 2615 572 2708 625; x_wconf 78' lang='grc' dir='ltr'>καὶ</span> <span class='ocrx_word' id='word_1_78' title='bbox 2757 570 3141 642; x_wconf 64' lang='grc' dir='ltr'>χειροτονοῦσιν</span> <span class='ocrx_word' id='word_1_79' title='bbox 3180 570 3346 640; x_wconf 78' lang='grc' dir='ltr'>ἄνδρα</span> <span class='ocrx_word' id='word_1_80' title='bbox 3391 571 3576 640; x_wconf 85' lang='grc' dir='ltr'>σεμνόν</span> <span class='ocrx_word' id='word_1_81' title='bbox 3625 589 3744 636; x_wconf 83' lang='grc' dir='ltr'>τινα,</span> 
     </span>
    </p>
   </div>
   <div class='ocr_carea' id='block_1_16' title="bbox 2230 662 3744 735">
    <p class='ocr_par' dir='ltr' id='par_1_16' title="bbox 2230 662 3744 735">
     <span class='ocr_line' id='line_1_16' title="bbox 2230 662 3744 735; baseline -0.001 -16"><span class='ocrx_word' id='word_1_82' title='bbox 2230 666 2534 735; x_wconf 88' lang='grc' dir='ltr'>Δαλμάτιον</span> <span class='ocrx_word' id='word_1_83' title='bbox 2561 664 2749 734; x_wconf 69' lang='grc' dir='ltr'>ὄνομα,</span> <span class='ocrx_word' id='word_1_84' title='bbox 2774 665 3084 732; x_wconf 84' lang='grc' dir='ltr'>ἁσκητικοῖς</span> <span class='ocrx_word' id='word_1_85' title='bbox 3115 662 3296 724; x_wconf 85' lang='grc' dir='ltr'>πόνοις</span> <span class='ocrx_word' id='word_1_86' title='bbox 3317 663 3744 733; x_wconf 83' lang='grc' dir='ltr'>ἐγγυμνασμένον.</span> 
     </span>
    </p>
   </div>
   <div class='ocr_carea' id='block_1_17' title="bbox 2230 753 3751 826">
    <p class='ocr_par' dir='ltr' id='par_1_17' title="bbox 2230 753 3751 826">
     <span class='ocr_line' id='line_1_17' title="bbox 2230 753 3751 826; baseline -0.001 -16"><span class='ocrx_word' id='word_1_87' title='bbox 2230 757 2341 810; x_wconf 69' lang='grc' dir='ltr'>Καὶ</span> <span class='ocrx_word' id='word_1_88' title='bbox 2367 756 2523 809; x_wconf 84' lang='grc' dir='ltr'>τοῦτο</span> <span class='ocrx_word' id='word_1_89' title='bbox 2556 755 2741 826; x_wconf 84' lang='grc' dir='ltr'>έδρων,</span> <span class='ocrx_word' id='word_1_90' title='bbox 2775 757 2834 808; x_wconf 80' lang='grc' dir='ltr'><strong>ἐν</strong></span> <span class='ocrx_word' id='word_1_91' title='bbox 2861 754 3094 826; x_wconf 82' lang='grc' dir='ltr'><strong>δευτέρῳ</strong></span> <span class='ocrx_word' id='word_1_92' title='bbox 3123 753 3211 806; x_wconf 84' lang='grc' dir='ltr'><strong>τὸν</strong></span> <span class='ocrx_word' id='word_1_93' title='bbox 3252 753 3409 822; x_wconf 89' lang='grc' dir='ltr'>νόμον</span> <span class='ocrx_word' id='word_1_94' title='bbox 3446 753 3666 824; x_wconf 88' lang='grc' dir='ltr'>θέμενοι,</span> <span class='ocrx_word' id='word_1_95' title='bbox 3699 756 3751 819; x_wconf 78' lang='grc' dir='ltr'>ὃς</span> 
     </span>
    </p>
   </div>
   <div class='ocr_carea' id='block_1_18' title="bbox 2229 843 3750 916">
    <p class='ocr_par' dir='ltr' id='par_1_18' title="bbox 2229 843 3750 916">
     <span class='ocr_line' id='line_1_18' title="bbox 2229 843 3750 916; baseline -0.002 -16"><span class='ocrx_word' id='word_1_96' title='bbox 2229 847 2447 900; x_wconf 81' lang='grc' dir='ltr'>ἐκέλευε</span> <span class='ocrx_word' id='word_1_97' title='bbox 2483 846 2632 916; x_wconf 88' lang='grc' dir='ltr'>παρὰ</span> <span class='ocrx_word' id='word_1_98' title='bbox 2667 845 2888 916; x_wconf 78' lang='grc' dir='ltr'><strong>γνώμην</strong></span> <span class='ocrx_word' id='word_1_99' title='bbox 2923 845 3015 897; x_wconf 80' lang='grc' dir='ltr'>τοῦ</span> <span class='ocrx_word' id='word_1_100' title='bbox 3047 843 3341 896; x_wconf 81' lang='grc' dir='ltr'><strong>ἐπισκόπου</strong></span> <span class='ocrx_word' id='word_1_101' title='bbox 3367 845 3462 914; x_wconf 81' lang='grc' dir='ltr'>τῆς</span> <span class='ocrx_word' id='word_1_102' title='bbox 3489 845 3750 898; x_wconf 84' lang='grc' dir='ltr'>Κωνσταν-</span> 
     </span>
    </p>
   </div>
   <div class='ocr_carea' id='block_1_19' title="bbox 2232 931 3751 1008">
    <p class='ocr_par' dir='ltr' id='par_1_19' title="bbox 2232 931 3751 1008">
     <span class='ocr_line' id='line_1_19' title="bbox 2232 931 3751 1008; baseline -0.001 -17"><span class='ocrx_word' id='word_1_103' title='bbox 2232 938 2398 1003; x_wconf 88' lang='grc' dir='ltr'>τίνου,</span> <span class='ocrx_word' id='word_1_104' title='bbox 2430 937 2758 1007; x_wconf 79' lang='grc' dir='ltr'>χειροτονίαν</span> <span class='ocrx_word' id='word_1_105' title='bbox 2788 937 2862 1008; x_wconf 87' lang='grc' dir='ltr'>μὴ</span> <span class='ocrx_word' id='word_1_106' title='bbox 2889 936 3150 1004; x_wconf 88' lang='grc' dir='ltr'>γίνεσθαι.</span> <span class='ocrx_word' id='word_1_107' title='bbox 3191 935 3249 987; x_wconf 85' lang='lat'><strong>&#39;0</strong></span> <span class='ocrx_word' id='word_1_108' title='bbox 3279 936 3375 1005; x_wconf 85' lang='grc' dir='ltr'><strong>μέν</strong></span> <span class='ocrx_word' id='word_1_109' title='bbox 3403 931 3492 989; x_wconf 84' lang='grc' dir='ltr'>οὖν</span> <span class='ocrx_word' id='word_1_110' title='bbox 3520 936 3751 1005; x_wconf 79' lang='grc' dir='ltr'>Πρόκλος,</span> 
     </span>
    </p>
   </div>
   <div class='ocr_carea' id='block_1_20' title="bbox 2227 1026 3756 1099">
    <p class='ocr_par' dir='ltr' id='par_1_20' title="bbox 2227 1026 3756 1099">
     <span class='ocr_line' id='line_1_20' title="bbox 2227 1026 3756 1099; baseline -0.003 -16"><span class='ocrx_word' id='word_1_111' title='bbox 2227 1030 2414 1083; x_wconf 83' lang='grc' dir='ltr'>τούτου</span> <span class='ocrx_word' id='word_1_112' title='bbox 2445 1029 2752 1099; x_wconf 85' lang='grc' dir='ltr'><strong>γενομένου,</strong></span> <span class='ocrx_word' id='word_1_113' title='bbox 2783 1030 2901 1083; x_wconf 83' lang='grc' dir='ltr'>καθ’</span> <span class='ocrx_word' id='word_1_114' title='bbox 2925 1028 3110 1082; x_wconf 82' lang='grc' dir='ltr'>ἐαυτὸν</span> <span class='ocrx_word' id='word_1_115' title='bbox 3138 1026 3756 1097; x_wconf 79' lang='grc' dir='ltr'>συνεστέλλετο,Ἐκκλη-</span> 
     </span>
    </p>
   </div>
   <div class='ocr_carea' id='block_1_21' title="bbox 2231 1115 3758 1190">
    <p class='ocr_par' dir='ltr' id='par_1_21' title="bbox 2231 1115 3758 1190">
     <span class='ocr_line' id='line_1_21' title="bbox 2231 1115 3758 1190; baseline -0.001 -18"><span class='ocrx_word' id='word_1_116' title='bbox 2231 1121 2352 1183; x_wconf 84' lang='grc' dir='ltr'><strong>σίας</strong></span> <span class='ocrx_word' id='word_1_117' title='bbox 2383 1120 2478 1190; x_wconf 81' lang='grc' dir='ltr'>μὲν</span> <span class='ocrx_word' id='word_1_118' title='bbox 2511 1121 2776 1190; x_wconf 80' lang='grc' dir='ltr'>μηδεμιᾶς</span> <span class='ocrx_word' id='word_1_119' title='bbox 2811 1119 3222 1190; x_wconf 84' lang='grc' dir='ltr'>προϊστάμενος,</span> <span class='ocrx_word' id='word_1_120' title='bbox 3263 1119 3383 1178; x_wconf 83' lang='grc' dir='ltr'>ταῖς</span> <span class='ocrx_word' id='word_1_121' title='bbox 3417 1116 3473 1169; x_wconf 83' lang='grc' dir='ltr'><strong>δέ</strong></span> <span class='ocrx_word' id='word_1_122' title='bbox 3496 1115 3591 1186; x_wconf 82' lang='grc' dir='ltr'>τῆς</span> <span class='ocrx_word' id='word_1_123' title='bbox 3620 1119 3758 1171; x_wconf 76' lang='grc' dir='ltr'>Κωνο</span> 
     </span>
    </p>
   </div>
   <div class='ocr_carea' id='block_1_22' title="bbox 2236 1210 3464 1283">
    <p class='ocr_par' dir='ltr' id='par_1_22' title="bbox 2236 1210 3464 1283">
     <span class='ocr_line' id='line_1_22' title="bbox 2236 1210 3464 1283; baseline -0.002 -18"><span class='ocrx_word' id='word_1_124' title='bbox 2236 1212 2510 1266; x_wconf 88' lang='grc' dir='ltr'>σταντίνου</span> <span class='ocrx_word' id='word_1_125' title='bbox 2536 1212 2844 1283; x_wconf 71' lang='grc' dir='ltr'><strong>ἐκκλησίαις</strong></span> <span class='ocrx_word' id='word_1_126' title='bbox 2867 1211 2945 1283; x_wconf 80' lang='grc' dir='ltr'>τῷ</span> <span class='ocrx_word' id='word_1_127' title='bbox 2974 1211 3244 1266; x_wconf 79' lang='grc' dir='ltr'>διδάσκειν</span> <span class='ocrx_word' id='word_1_128' title='bbox 3269 1210 3464 1265; x_wconf 81' lang='grc' dir='ltr'><strong>ἀνθῶν.</strong></span> 
     </span>
    </p>
   </div>
   <div class='ocr_carea' id='block_1_23' title="bbox 1749 1415 2623 1492">
    <p class='ocr_par' dir='ltr' id='par_1_23' title="bbox 1749 1415 2623 1492">
     <span class='ocr_line' id='line_1_23' title="bbox 1749 1415 2623 1492; baseline 0.006 -22"><span class='ocrx_word' id='word_1_129' title='bbox 1749 1417 1877 1472; x_wconf 79' lang='grc' dir='ltr'>ΙΜ-ῖιι</span> <span class='ocrx_word' id='word_1_130' title='bbox 1912 1415 2040 1471; x_wconf 80' lang='lat' dir='ltr'><strong>ibid.</strong></span> <span class='ocrx_word' id='word_1_131' title='bbox 2075 1435 2193 1487; x_wconf 84' lang='lat' dir='ltr'><strong>cap.</strong></span> <span class='ocrx_word' id='word_1_132' title='bbox 2224 1421 2321 1486; x_wconf 68' lang='lat'><strong>~58,</strong></span> <span class='ocrx_word' id='word_1_133' title='bbox 2351 1436 2467 1492; x_wconf 83' lang='lat' dir='ltr'><strong>pag.</strong></span> <span class='ocrx_word' id='word_1_134' title='bbox 2501 1421 2623 1475; x_wconf 68' lang='lat'><strong>522.</strong></span> 
     </span>
    </p>
   </div>
   <div class='ocr_carea' id='block_1_24' title="bbox 645 1518 2134 1603">
    <p class='ocr_par' dir='ltr' id='par_1_24' title="bbox 645 1518 2134 1603">
     <span class='ocr_line' id='line_1_24' title="bbox 645 1518 2134 1603; baseline 0 -14"><span class='ocrx_word' id='word_1_135' title='bbox 645 1533 874 1591; x_wconf 89' lang='lat' dir='ltr'><strong>Proclus</strong></span> <span class='ocrx_word' id='word_1_136' title='bbox 909 1547 938 1586; x_wconf 86' lang='lat' dir='ltr'><strong>a</strong></span> <span class='ocrx_word' id='word_1_137' title='bbox 972 1533 1146 1603; x_wconf 91' lang='lat' dir='ltr'><strong>primo</strong></span> <span class='ocrx_word' id='word_1_138' title='bbox 1183 1533 1380 1600; x_wconf 86' lang='lat' dir='ltr'><strong>capillo</strong></span> <span class='ocrx_word' id='word_1_139' title='bbox 1423 1535 1851 1603; x_wconf 65' lang='lat' dir='ltr'><strong>praeceptoribus</strong></span> <span class='ocrx_word' id='word_1_140' title='bbox 1889 1550 2044 1597; x_wconf 92' lang='lat' dir='ltr'><strong>usus,</strong></span> <span class='ocrx_word' id='word_1_141' title='bbox 2079 1518 2134 1589; x_wconf 84' lang='lat' dir='ltr'><strong>in</strong></span> 
     </span>
    </p>
   </div>
   <div class='ocr_carea' id='block_1_25' title="bbox 578 1625 2134 1696">
    <p class='ocr_par' dir='ltr' id='par_1_25' title="bbox 578 1625 2134 1696">
     <span class='ocr_line' id='line_1_25' title="bbox 578 1625 2134 1696; baseline 0.001 -15"><span class='ocrx_word' id='word_1_142' title='bbox 578 1637 693 1682; x_wconf 89' lang='lat' dir='ltr'><strong>arte</strong></span> <span class='ocrx_word' id='word_1_143' title='bbox 735 1625 950 1680; x_wconf 88' lang='lat' dir='ltr'><strong>dicendi</strong></span> <span class='ocrx_word' id='word_1_144' title='bbox 997 1625 1343 1695; x_wconf 87' lang='lat' dir='ltr'><strong>potissimum</strong></span> <span class='ocrx_word' id='word_1_145' title='bbox 1389 1626 1706 1680; x_wconf 86' lang='lat' dir='ltr'><strong>elaboravit.</strong></span> <span class='ocrx_word' id='word_1_146' title='bbox 1743 1625 1806 1680; x_wconf 88' lang='lat' dir='ltr'><strong>Et</strong></span> <span class='ocrx_word' id='word_1_147' title='bbox 1840 1635 1962 1696; x_wconf 90' lang='lat' dir='ltr'><strong>post</strong></span> <span class='ocrx_word' id='word_1_148' title='bbox 2005 1630 2134 1682; x_wconf 84' lang='lat' dir='ltr'><strong>ado-</strong></span> 
     </span>
    </p>
   </div>
   <div class='ocr_carea' id='block_1_26' title="bbox 2309 1535 3765 1619">
    <p class='ocr_par' dir='ltr' id='par_1_26' title="bbox 2309 1535 3765 1619">
     <span class='ocr_line' id='line_1_26' title="bbox 2309 1535 3765 1619; baseline -0.003 -27"><span class='ocrx_word' id='word_1_149' title='bbox 2309 1540 2546 1611; x_wconf 82' lang='grc' dir='ltr'>Πρόκλος</span> <span class='ocrx_word' id='word_1_150' title='bbox 2567 1541 2632 1593; x_wconf 90' lang='grc' dir='ltr'><strong>ἐκ</strong></span> <span class='ocrx_word' id='word_1_151' title='bbox 2652 1538 2871 1619; x_wconf 85' lang='grc' dir='ltr'>πρώτης</span> <span class='ocrx_word' id='word_1_152' title='bbox 2884 1538 3064 1610; x_wconf 86' lang='grc' dir='ltr'>τριχὸς</span> <span class='ocrx_word' id='word_1_153' title='bbox 3099 1539 3175 1598; x_wconf 87' lang='grc' dir='ltr'><strong>είς</strong></span> <span class='ocrx_word' id='word_1_154' title='bbox 3202 1535 3544 1600; x_wconf 81' lang='grc' dir='ltr'>διδασκάλους</span> <span class='ocrx_word' id='word_1_155' title='bbox 3572 1535 3765 1605; x_wconf 81' lang='grc' dir='ltr'>φοιτῶν,</span> 
     </span>
    </p>
   </div>
   <div class='ocr_carea' id='block_1_27' title="bbox 2243 1625 3766 1703">
    <p class='ocr_par' dir='ltr' id='par_1_27' title="bbox 2243 1625 3766 1703">
     <span class='ocr_line' id='line_1_27' title="bbox 2243 1625 3766 1703; baseline -0.004 -19"><span class='ocrx_word' id='word_1_156' title='bbox 2243 1631 2532 1703; x_wconf 78' lang='grc' dir='ltr'><strong>ῥητορικῆς</strong></span> <span class='ocrx_word' id='word_1_157' title='bbox 2565 1632 2656 1684; x_wconf 85' lang='grc' dir='ltr'><strong>ἐπί</strong></span> <span class='ocrx_word' id='word_1_158' title='bbox 2689 1631 2934 1684; x_wconf 80' lang='grc' dir='ltr'>πλεῖστον</span> <span class='ocrx_word' id='word_1_159' title='bbox 2963 1628 3289 1700; x_wconf 85' lang='grc' dir='ltr'>ἐπεμελήθη.</span> <span class='ocrx_word' id='word_1_160' title='bbox 3329 1628 3423 1690; x_wconf 89' lang='grc' dir='ltr'><strong>Είς</strong></span> <span class='ocrx_word' id='word_1_161' title='bbox 3454 1625 3766 1695; x_wconf 85' lang='grc' dir='ltr'>ἀναγνώστου</span> 
     </span>
    </p>
   </div>
   <div class='ocr_carea' id='block_1_28' title="bbox 579 1715 2142 1812">
    <p class='ocr_par' dir='ltr' id='par_1_28' title="bbox 579 1715 2136 1785">
     <span class='ocr_line' id='line_1_28' title="bbox 579 1715 2136 1785; baseline -0.001 -13"><span class='ocrx_word' id='word_1_162' title='bbox 579 1719 894 1774; x_wconf 90' lang='lat' dir='ltr'><strong>lescentiam</strong></span> <span class='ocrx_word' id='word_1_163' title='bbox 948 1717 1297 1780; x_wconf 76' lang='lat' dir='ltr'><strong>exactam,in</strong></span> <span class='ocrx_word' id='word_1_164' title='bbox 1331 1715 1556 1785; x_wconf 83' lang='lat' dir='ltr'><strong>juvenili</strong></span> <span class='ocrx_word' id='word_1_165' title='bbox 1607 1718 1893 1771; x_wconf 81' lang='lat' dir='ltr'><strong>admodum</strong></span> <span class='ocrx_word' id='word_1_166' title='bbox 1946 1727 2136 1782; x_wconf 68' lang='lat' dir='ltr'><strong>aetate,</strong></span> 
     </span>
    </p>
   </div>
   <div class='ocr_carea' id='block_1_29' title="bbox 2245 1715 3769 1812">
    <p class='ocr_par' dir='ltr' id='par_1_29' title="bbox 2245 1719 3769 1801">
     <span class='ocr_line' id='line_1_29' title="bbox 2245 1719 3769 1801; baseline -0.004 -25"><span class='ocrx_word' id='word_1_167' title='bbox 2245 1725 2295 1777; x_wconf 84' lang='grc' dir='ltr'>δὲ</span> <span class='ocrx_word' id='word_1_168' title='bbox 2320 1725 2540 1787; x_wconf 83' lang='grc' dir='ltr'>τελέσας</span> <span class='ocrx_word' id='word_1_169' title='bbox 2574 1723 2798 1794; x_wconf 81' lang='grc' dir='ltr'>βαθμὸν,</span> <span class='ocrx_word' id='word_1_170' title='bbox 2828 1725 2884 1775; x_wconf 83' lang='grc' dir='ltr'><strong>ἐν</strong></span> <span class='ocrx_word' id='word_1_171' title='bbox 2910 1724 3006 1794; x_wconf 81' lang='grc' dir='ltr'><strong>νέᾳ</strong></span> <span class='ocrx_word' id='word_1_172' title='bbox 3037 1721 3175 1774; x_wconf 87' lang='grc' dir='ltr'>πάνυ</span> <span class='ocrx_word' id='word_1_173' title='bbox 3209 1724 3275 1792; x_wconf 78' lang='grc' dir='ltr'>τῇ</span> <span class='ocrx_word' id='word_1_174' title='bbox 3311 1720 3496 1801; x_wconf 75' lang='grc' dir='ltr'>ἡλικίᾳ</span> <span class='ocrx_word' id='word_1_175' title='bbox 3518 1737 3532 1750; x_wconf 85' lang='lat'>&#39;</span> <span class='ocrx_word' id='word_1_176' title='bbox 3567 1721 3654 1773; x_wconf 77' lang='grc' dir='ltr'>καὶ</span> <span class='ocrx_word' id='word_1_177' title='bbox 3683 1719 3769 1792; x_wconf 78' lang='grc' dir='ltr'><strong>ήδη</strong></span> 
     </span>
    </p>
   </div>
   <div class='ocr_carea' id='block_1_30' title="bbox 577 1807 2137 1876">
    <p class='ocr_par' dir='ltr' id='par_1_30' title="bbox 577 1807 2137 1876">
     <span class='ocr_line' id='line_1_30' title="bbox 577 1807 2137 1876; baseline -0.003 -12"><span class='ocrx_word' id='word_1_178' title='bbox 577 1811 632 1864; x_wconf 84' lang='lat' dir='ltr'><strong>in</strong></span> <span class='ocrx_word' id='word_1_179' title='bbox 659 1811 918 1865; x_wconf 90' lang='lat' dir='ltr'><strong>lectorum</strong></span> <span class='ocrx_word' id='word_1_180' title='bbox 954 1808 1199 1861; x_wconf 84' lang='lat' dir='ltr'><strong>ordinem</strong></span> <span class='ocrx_word' id='word_1_181' title='bbox 1231 1817 1534 1876; x_wconf 81' lang='lat' dir='ltr'><strong>coeptatus,</strong></span> <span class='ocrx_word' id='word_1_182' title='bbox 1563 1812 1794 1874; x_wconf 90' lang='lat' dir='ltr'><strong>primum</strong></span> <span class='ocrx_word' id='word_1_183' title='bbox 1839 1808 1943 1860; x_wconf 92' lang='lat' dir='ltr'><strong>divi</strong></span> <span class='ocrx_word' id='word_1_184' title='bbox 1972 1807 2137 1861; x_wconf 80' lang='lat' dir='ltr'><strong>Joan-</strong></span> 
     </span>
    </p>
   </div>
   <div class='ocr_carea' id='block_1_31' title="bbox 576 1897 2136 1970">
    <p class='ocr_par' dir='ltr' id='par_1_31' title="bbox 576 1897 2136 1970">
     <span class='ocr_line' id='line_1_31' title="bbox 576 1897 2136 1970; baseline -0.003 -15"><span class='ocrx_word' id='word_1_185' title='bbox 576 1901 665 1956; x_wconf 86' lang='lat' dir='ltr'><strong>nis</strong></span> <span class='ocrx_word' id='word_1_186' title='bbox 707 1899 1090 1970; x_wconf 86' lang='lat' dir='ltr'><strong>Chrysostomi</strong></span> <span class='ocrx_word' id='word_1_187' title='bbox 1129 1898 1796 1968; x_wconf 83' lang='lat' dir='ltr'><strong>Constantinopolitanam</strong></span> <span class='ocrx_word' id='word_1_188' title='bbox 1841 1897 2136 1953; x_wconf 88' lang='lat' dir='ltr'><strong>Ecclesiam</strong></span> 
     </span>
    </p>
   </div>
   <div class='ocr_carea' id='block_1_32' title="bbox 579 1991 2139 2061">
    <p class='ocr_par' dir='ltr' id='par_1_32' title="bbox 579 1991 2139 2061">
     <span class='ocr_line' id='line_1_32' title="bbox 579 1991 2139 2061; baseline -0.003 -14"><span class='ocrx_word' id='word_1_189' title='bbox 579 1993 1018 2048; x_wconf 85' lang='lat' dir='ltr'><strong>administrantis</strong></span> <span class='ocrx_word' id='word_1_190' title='bbox 1047 2001 1303 2056; x_wconf 89' lang='lat' dir='ltr'><strong>sectator,</strong></span> <span class='ocrx_word' id='word_1_191' title='bbox 1337 1992 1604 2061; x_wconf 88' lang='lat' dir='ltr'><strong>librisque</strong></span> <span class='ocrx_word' id='word_1_192' title='bbox 1651 1991 1954 2045; x_wconf 81' lang='lat' dir='ltr'><strong>scribendis</strong></span> <span class='ocrx_word' id='word_1_193' title='bbox 1985 1991 2139 2060; x_wconf 83' lang='lat' dir='ltr'><strong>adju-</strong></span> 
     </span>
    </p>
   </div>
   <div class='ocr_carea' id='block_1_33' title="bbox 579 2079 2136 2153">
    <p class='ocr_par' dir='ltr' id='par_1_33' title="bbox 579 2079 2136 2153">
     <span class='ocr_line' id='line_1_33' title="bbox 579 2079 2136 2153; baseline -0.003 -15"><span class='ocrx_word' id='word_1_194' title='bbox 579 2095 686 2150; x_wconf 84' lang='lat' dir='ltr'><strong>tor,</strong></span> <span class='ocrx_word' id='word_1_195' title='bbox 725 2093 784 2139; x_wconf 80' lang='lat' dir='ltr'><strong>et</strong></span> <span class='ocrx_word' id='word_1_196' title='bbox 833 2084 1082 2153; x_wconf 89' lang='lat' dir='ltr'><strong>corporis</strong></span> <span class='ocrx_word' id='word_1_197' title='bbox 1131 2083 1254 2152; x_wconf 87' lang='lat' dir='ltr'><strong>ejus</strong></span> <span class='ocrx_word' id='word_1_198' title='bbox 1310 2093 1530 2136; x_wconf 86' lang='lat' dir='ltr'><strong>curator</strong></span> <span class='ocrx_word' id='word_1_199' title='bbox 1586 2081 1707 2134; x_wconf 83' lang='lat' dir='ltr'><strong>fuit.</strong></span> <span class='ocrx_word' id='word_1_200' title='bbox 1770 2079 1868 2134; x_wconf 85' lang='lat' dir='ltr'><strong>Hic</strong></span> <span class='ocrx_word' id='word_1_201' title='bbox 1912 2079 2136 2134; x_wconf 87' lang='lat' dir='ltr'><strong>Paulum</strong></span> 
     </span>
    </p>
   </div>
   <div class='ocr_carea' id='block_1_34' title="bbox 577 2175 2142 2247">
    <p class='ocr_par' dir='ltr' id='par_1_34' title="bbox 577 2175 2142 2247">
     <span class='ocr_line' id='line_1_34' title="bbox 577 2175 2142 2247; baseline -0.003 -15"><span class='ocrx_word' id='word_1_202' title='bbox 577 2177 770 2232; x_wconf 85' lang='lat' dir='ltr'><strong>Joatmi</strong></span> <span class='ocrx_word' id='word_1_203' title='bbox 821 2192 1017 2247; x_wconf 82' lang='lat' dir='ltr'><strong>magno</strong></span> <span class='ocrx_word' id='word_1_204' title='bbox 1062 2175 1116 2228; x_wconf 90' lang='lat' dir='ltr'><strong>in</strong></span> <span class='ocrx_word' id='word_1_205' title='bbox 1160 2189 1345 2229; x_wconf 89' lang='lat' dir='ltr'><strong>aurem</strong></span> <span class='ocrx_word' id='word_1_206' title='bbox 1375 2175 1735 2238; x_wconf 86' lang='lat' dir='ltr'><strong>dictitantcm,</strong></span> <span class='ocrx_word' id='word_1_207' title='bbox 1781 2181 1943 2241; x_wconf 88' lang='lat' dir='ltr'><strong>atque</strong></span> <span class='ocrx_word' id='word_1_208' title='bbox 1985 2189 2142 2227; x_wconf 75' lang='lat' dir='ltr'><strong>arca-</strong></span> 
     </span>
    </p>
   </div>
   <div class='ocr_carea' id='block_1_35' title="bbox 583 2263 2138 2336">
    <p class='ocr_par' dir='ltr' id='par_1_35' title="bbox 583 2263 2138 2336">
     <span class='ocr_line' id='line_1_35' title="bbox 583 2263 2138 2336; baseline -0.003 -16"><span class='ocrx_word' id='word_1_209' title='bbox 583 2269 789 2322; x_wconf 87' lang='lat' dir='ltr'><strong>niorem</strong></span> <span class='ocrx_word' id='word_1_210' title='bbox 834 2266 1188 2336; x_wconf 88' lang='lat' dir='ltr'><strong>epistolarum</strong></span> <span class='ocrx_word' id='word_1_211' title='bbox 1245 2279 1469 2318; x_wconf 84' lang='lat' dir='ltr'><strong>suarum</strong></span> <span class='ocrx_word' id='word_1_212' title='bbox 1505 2278 1728 2318; x_wconf 88' lang='lat' dir='ltr'><strong>sensum</strong></span> <span class='ocrx_word' id='word_1_213' title='bbox 1777 2263 2138 2326; x_wconf 87' lang='lat' dir='ltr'><strong>revelantem,</strong></span> 
     </span>
    </p>
   </div>
   <div class='ocr_carea' id='block_1_36' title="bbox 578 2353 2140 2429">
    <p class='ocr_par' dir='ltr' id='par_1_36' title="bbox 578 2353 2140 2429">
     <span class='ocr_line' id='line_1_36' title="bbox 578 2353 2140 2429; baseline -0.004 -17"><span class='ocrx_word' id='word_1_214' title='bbox 578 2375 674 2429; x_wconf 88' lang='lat' dir='ltr'><strong>per</strong></span> <span class='ocrx_word' id='word_1_215' title='bbox 732 2360 899 2411; x_wconf 91' lang='lat' dir='ltr'><strong>rimas</strong></span> <span class='ocrx_word' id='word_1_216' title='bbox 950 2364 1305 2427; x_wconf 86' lang='lat' dir='ltr'><strong>prospectans</strong></span> <span class='ocrx_word' id='word_1_217' title='bbox 1359 2354 1512 2410; x_wconf 87' lang='lat' dir='ltr'><strong>vidit.</strong></span> <span class='ocrx_word' id='word_1_218' title='bbox 1560 2355 1738 2424; x_wconf 90' lang='lat' dir='ltr'><strong>Atque</strong></span> <span class='ocrx_word' id='word_1_219' title='bbox 1789 2353 1882 2408; x_wconf 92' lang='lat' dir='ltr'><strong>ubi</strong></span> <span class='ocrx_word' id='word_1_220' title='bbox 1942 2354 2029 2407; x_wconf 90' lang='lat' dir='ltr'><strong>ille</strong></span> <span class='ocrx_word' id='word_1_221' title='bbox 2086 2354 2140 2407; x_wconf 89' lang='lat' dir='ltr'><strong>in</strong></span> 
     </span>
    </p>
   </div>
   <div class='ocr_carea' id='block_1_37' title="bbox 578 2445 2139 2513">
    <p class='ocr_par' dir='ltr' id='par_1_37' title="bbox 578 2445 2139 2513">
     <span class='ocr_line' id='line_1_37' title="bbox 578 2445 2139 2513; baseline -0.004 -7"><span class='ocrx_word' id='word_1_222' title='bbox 578 2451 771 2506; x_wconf 75' lang='lat' dir='ltr'><strong>exsilio</strong></span> <span class='ocrx_word' id='word_1_223' title='bbox 818 2450 988 2513; x_wconf 83' lang='lat' dir='ltr'><strong>vixit,</strong></span> <span class='ocrx_word' id='word_1_224' title='bbox 1035 2449 1103 2503; x_wconf 91' lang='lat' dir='ltr'><strong>ab</strong></span> <span class='ocrx_word' id='word_1_225' title='bbox 1142 2448 1288 2503; x_wconf 92' lang='lat' dir='ltr'><strong>illius</strong></span> <span class='ocrx_word' id='word_1_226' title='bbox 1316 2445 1600 2502; x_wconf 80' lang='lat' dir='ltr'><strong>allectione</strong></span> <span class='ocrx_word' id='word_1_227' title='bbox 1648 2463 1757 2501; x_wconf 90' lang='lat' dir='ltr'><strong>non</strong></span> <span class='ocrx_word' id='word_1_228' title='bbox 1790 2446 2139 2511; x_wconf 83' lang='lat' dir='ltr'><strong>desciscens,</strong></span> 
     </span>
    </p>
   </div>
   <div class='ocr_carea' id='block_1_38' title="bbox 579 2539 2143 2612">
    <p class='ocr_par' dir='ltr' id='par_1_38' title="bbox 579 2539 2143 2612">
     <span class='ocr_line' id='line_1_38' title="bbox 579 2539 2143 2612; baseline -0.003 -15"><span class='ocrx_word' id='word_1_229' title='bbox 579 2561 703 2598; x_wconf 89' lang='lat' dir='ltr'><strong>cum</strong></span> <span class='ocrx_word' id='word_1_230' title='bbox 755 2543 874 2612; x_wconf 88' lang='lat' dir='ltr'><strong>ejus</strong></span> <span class='ocrx_word' id='word_1_231' title='bbox 910 2556 1230 2597; x_wconf 89' lang='lat' dir='ltr'><strong>successore</strong></span> <span class='ocrx_word' id='word_1_232' title='bbox 1273 2541 1456 2595; x_wconf 81' lang='lat' dir='ltr'><strong>Attico</strong></span> <span class='ocrx_word' id='word_1_233' title='bbox 1487 2540 1744 2610; x_wconf 91' lang='lat' dir='ltr'><strong>episcopo</strong></span> <span class='ocrx_word' id='word_1_234' title='bbox 1785 2539 1906 2605; x_wconf 82' lang='lat' dir='ltr'><strong>fuit,</strong></span> <span class='ocrx_word' id='word_1_235' title='bbox 1940 2539 2143 2592; x_wconf 82' lang='lat' dir='ltr'><strong>oratio-</strong></span> 
     </span>
    </p>
   </div>
   <div class='ocr_carea' id='block_1_39' title="bbox 580 2629 2144 2705">
    <p class='ocr_par' dir='ltr' id='par_1_39' title="bbox 580 2629 2144 2705">
     <span class='ocr_line' id='line_1_39' title="bbox 580 2629 2144 2705; baseline -0.004 -16"><span class='ocrx_word' id='word_1_236' title='bbox 580 2651 710 2689; x_wconf 92' lang='lat' dir='ltr'><strong>num</strong></span> <span class='ocrx_word' id='word_1_237' title='bbox 761 2635 933 2705; x_wconf 89' lang='lat' dir='ltr'><strong>ipsius</strong></span> <span class='ocrx_word' id='word_1_238' title='bbox 985 2633 1181 2688; x_wconf 88' lang='lat' dir='ltr'><strong>scriba.</strong></span> <span class='ocrx_word' id='word_1_239' title='bbox 1226 2635 1394 2697; x_wconf 79' lang='lat' dir='ltr'><strong>Quem</strong></span> <span class='ocrx_word' id='word_1_240' title='bbox 1451 2631 1540 2685; x_wconf 90' lang='lat' dir='ltr'><strong>ille</strong></span> <span class='ocrx_word' id='word_1_241' title='bbox 1586 2632 1640 2684; x_wconf 92' lang='lat' dir='ltr'><strong>in</strong></span> <span class='ocrx_word' id='word_1_242' title='bbox 1677 2631 1858 2684; x_wconf 87' lang='lat' dir='ltr'><strong>divino</strong></span> <span class='ocrx_word' id='word_1_243' title='bbox 1905 2631 2029 2684; x_wconf 67' lang='lat' dir='ltr'><strong>vitae</strong></span> <span class='ocrx_word' id='word_1_244' title='bbox 2063 2629 2144 2682; x_wconf 89' lang='lat' dir='ltr'><strong>in-</strong></span> 
     </span>
    </p>
   </div>
   <div class='ocr_carea' id='block_1_40' title="bbox 580 2722 2146 2796">
    <p class='ocr_par' dir='ltr' id='par_1_40' title="bbox 580 2722 2146 2796">
     <span class='ocr_line' id='line_1_40' title="bbox 580 2722 2146 2796; baseline -0.003 -16"><span class='ocrx_word' id='word_1_245' title='bbox 580 2728 773 2780; x_wconf 82' lang='lat' dir='ltr'><strong>stituto</strong></span> <span class='ocrx_word' id='word_1_246' title='bbox 818 2724 1272 2796; x_wconf 83' lang='lat' dir='ltr'><strong>progredientem,</strong></span> <span class='ocrx_word' id='word_1_247' title='bbox 1325 2724 1381 2776; x_wconf 90' lang='lat' dir='ltr'><strong>in</strong></span> <span class='ocrx_word' id='word_1_248' title='bbox 1419 2722 2002 2792; x_wconf 81' lang='lat' dir='ltr'><strong>diaconatus-gradum</strong></span> <span class='ocrx_word' id='word_1_249' title='bbox 2030 2737 2146 2776; x_wconf 86' lang='lat' dir='ltr'><strong>sus-</strong></span> 
     </span>
    </p>
   </div>
   <div class='ocr_carea' id='block_1_41' title="bbox 584 2813 2143 2885">
    <p class='ocr_par' dir='ltr' id='par_1_41' title="bbox 584 2813 2143 2885">
     <span class='ocr_line' id='line_1_41' title="bbox 584 2813 2143 2885; baseline -0.004 -14"><span class='ocrx_word' id='word_1_250' title='bbox 584 2820 726 2874; x_wconf 87' lang='lat' dir='ltr'><strong>tulit.</strong></span> <span class='ocrx_word' id='word_1_251' title='bbox 761 2817 961 2872; x_wconf 88' lang='lat' dir='ltr'><strong>Deinde</strong></span> <span class='ocrx_word' id='word_1_252' title='bbox 1011 2833 1140 2871; x_wconf 90' lang='lat' dir='ltr'><strong>vero</strong></span> <span class='ocrx_word' id='word_1_253' title='bbox 1175 2831 1297 2870; x_wconf 91' lang='lat' dir='ltr'><strong>cum</strong></span> <span class='ocrx_word' id='word_1_254' title='bbox 1338 2816 1391 2869; x_wconf 91' lang='lat' dir='ltr'><strong>in</strong></span> <span class='ocrx_word' id='word_1_255' title='bbox 1419 2815 1857 2885; x_wconf 79' lang='lat' dir='ltr'><strong>presbyterorum</strong></span> <span class='ocrx_word' id='word_1_256' title='bbox 1888 2813 2143 2867; x_wconf 86' lang='lat' dir='ltr'><strong>cathedra</strong></span> 
     </span>
    </p>
   </div>
   <div class='ocr_carea' id='block_1_42' title="bbox 581 2903 2144 2975">
    <p class='ocr_par' dir='ltr' id='par_1_42' title="bbox 581 2903 2144 2975">
     <span class='ocr_line' id='line_1_42' title="bbox 581 2903 2144 2975; baseline -0.002 -15"><span class='ocrx_word' id='word_1_257' title='bbox 581 2907 867 2961; x_wconf 87' lang='lat' dir='ltr'><strong>Dominum</strong></span> <span class='ocrx_word' id='word_1_258' title='bbox 906 2907 1168 2970; x_wconf 85' lang='lat' dir='ltr'><strong>laudaret,</strong></span> <span class='ocrx_word' id='word_1_259' title='bbox 1226 2921 1256 2958; x_wconf 90' lang='lat' dir='ltr'><strong>a</strong></span> <span class='ocrx_word' id='word_1_260' title='bbox 1307 2904 1550 2958; x_wconf 88' lang='lat' dir='ltr'><strong>Sisinnio</strong></span> <span class='ocrx_word' id='word_1_261' title='bbox 1583 2903 1837 2959; x_wconf 66' lang='lat' dir='ltr'><strong>Ecclesia:</strong></span> <span class='ocrx_word' id='word_1_262' title='bbox 1867 2904 2144 2975; x_wconf 66' lang='lat' dir='ltr'><strong>Cyzicena:</strong></span> 
     </span>
    </p>
   </div>
   <div class='ocr_carea' id='block_1_43' title="bbox 584 2994 2144 3069">
    <p class='ocr_par' dir='ltr' id='par_1_43' title="bbox 584 2994 2144 3069">
     <span class='ocr_line' id='line_1_43' title="bbox 584 2994 2144 3069; baseline -0.004 -14"><span class='ocrx_word' id='word_1_263' title='bbox 584 2999 901 3069; x_wconf 77' lang='lat' dir='ltr'><strong>designatus</strong></span> <span class='ocrx_word' id='word_1_264' title='bbox 948 3005 1032 3052; x_wconf 89' lang='lat' dir='ltr'><strong>est</strong></span> <span class='ocrx_word' id='word_1_265' title='bbox 1075 2997 1328 3051; x_wconf 88' lang='lat' dir='ltr'><strong>antistes.</strong></span> <span class='ocrx_word' id='word_1_266' title='bbox 1355 2994 1542 3066; x_wconf 85' lang='lat' dir='ltr'><strong>Longo</strong></span> <span class='ocrx_word' id='word_1_267' title='bbox 1574 3010 1700 3050; x_wconf 89' lang='lat' dir='ltr'><strong>vero</strong></span> <span class='ocrx_word' id='word_1_268' title='bbox 1731 3003 1972 3066; x_wconf 91' lang='lat' dir='ltr'><strong>tempore</strong></span> <span class='ocrx_word' id='word_1_269' title='bbox 2024 3004 2144 3066; x_wconf 90' lang='lat' dir='ltr'><strong>post</strong></span> 
     </span>
    </p>
   </div>
   <div class='ocr_carea' id='block_1_44' title="bbox 2247 1809 3769 1886">
    <p class='ocr_par' dir='ltr' id='par_1_44' title="bbox 2247 1809 3769 1886">
     <span class='ocr_line' id='line_1_44' title="bbox 2247 1809 3769 1886; baseline -0.003 -20"><span class='ocrx_word' id='word_1_270' title='bbox 2247 1815 2600 1886; x_wconf 69' lang='grc' dir='ltr'>παραμείψας</span> <span class='ocrx_word' id='word_1_271' title='bbox 2660 1815 2748 1868; x_wconf 88' lang='grc' dir='ltr'><strong>τὸν</strong></span> <span class='ocrx_word' id='word_1_272' title='bbox 2806 1813 3078 1884; x_wconf 80' lang='grc' dir='ltr'>μείρακα,</span> <span class='ocrx_word' id='word_1_273' title='bbox 3133 1811 3324 1882; x_wconf 80' lang='grc' dir='ltr'>πρῶτα</span> <span class='ocrx_word' id='word_1_274' title='bbox 3381 1811 3476 1882; x_wconf 87' lang='grc' dir='ltr'><strong>μέν</strong></span> <span class='ocrx_word' id='word_1_275' title='bbox 3529 1809 3603 1881; x_wconf 83' lang='grc' dir='ltr'><strong>τῷ</strong></span> <span class='ocrx_word' id='word_1_276' title='bbox 3659 1810 3769 1880; x_wconf 87' lang='grc' dir='ltr'>θείῳ</span> 
     </span>
    </p>
   </div>
   <div class='ocr_carea' id='block_1_45' title="bbox 2253 1897 3774 1975">
    <p class='ocr_par' dir='ltr' id='par_1_45' title="bbox 2253 1897 3774 1975">
     <span class='ocr_line' id='line_1_45' title="bbox 2253 1897 3774 1975; baseline -0.008 -17"><span class='ocrx_word' id='word_1_277' title='bbox 2253 1904 2468 1975; x_wconf 81' lang='grc' dir='ltr'>Ἰωάννῃ</span> <span class='ocrx_word' id='word_1_278' title='bbox 2499 1903 2574 1974; x_wconf 81' lang='grc' dir='ltr'>τῷ</span> <span class='ocrx_word' id='word_1_279' title='bbox 2600 1901 2964 1974; x_wconf 80' lang='grc' dir='ltr'>Χρυσοστόμῳ</span> <span class='ocrx_word' id='word_1_280' title='bbox 3011 1899 3363 1971; x_wconf 80' lang='grc' dir='ltr'>’ἱεραρχοὺντι</span> <span class='ocrx_word' id='word_1_281' title='bbox 3393 1897 3490 1967; x_wconf 75' lang='grc' dir='ltr'>τῆς</span> <span class='ocrx_word' id='word_1_282' title='bbox 3515 1898 3774 1949; x_wconf 79' lang='grc' dir='ltr'>Κωνσταν-</span> 
     </span>
    </p>
   </div>
   <div class='ocr_carea' id='block_1_46' title="bbox 2240 1985 3771 2066">
    <p class='ocr_par' dir='ltr' id='par_1_46' title="bbox 2240 1985 3771 2066">
     <span class='ocr_line' id='line_1_46' title="bbox 2240 1985 3771 2066; baseline -0.008 -17"><span class='ocrx_word' id='word_1_283' title='bbox 2240 1996 2382 2050; x_wconf 88' lang='grc' dir='ltr'>τίνου</span> <span class='ocrx_word' id='word_1_284' title='bbox 2417 1994 2731 2066; x_wconf 88' lang='grc' dir='ltr'>παρείπετο,</span> <span class='ocrx_word' id='word_1_285' title='bbox 2769 1991 3034 2062; x_wconf 82' lang='grc' dir='ltr'>ὑπουργὸς</span> <span class='ocrx_word' id='word_1_286' title='bbox 3075 1989 3220 2060; x_wconf 83' lang='grc' dir='ltr'>αὑτῷ</span> <span class='ocrx_word' id='word_1_287' title='bbox 3249 1991 3346 2042; x_wconf 74' lang='grc' dir='ltr'>καὶ</span> <span class='ocrx_word' id='word_1_288' title='bbox 3393 1988 3639 2059; x_wconf 84' lang='grc' dir='ltr'>συνεργὸς</span> <span class='ocrx_word' id='word_1_289' title='bbox 3679 1985 3771 2038; x_wconf 85' lang='grc' dir='ltr'>τῶν</span> 
     </span>
    </p>
   </div>
   <div class='ocr_carea' id='block_1_47' title="bbox 2241 2079 3774 2156">
    <p class='ocr_par' dir='ltr' id='par_1_47' title="bbox 2241 2079 3774 2156">
     <span class='ocr_line' id='line_1_47' title="bbox 2241 2079 3774 2156; baseline -0.007 -17"><span class='ocrx_word' id='word_1_290' title='bbox 2241 2087 2414 2156; x_wconf 80' lang='grc' dir='ltr'>λόγων</span> <span class='ocrx_word' id='word_1_291' title='bbox 2441 2086 2740 2156; x_wconf 78' lang='grc' dir='ltr'>γινόμενος,</span> <span class='ocrx_word' id='word_1_292' title='bbox 2775 2085 2866 2138; x_wconf 66' lang='grc' dir='ltr'>καὶ</span> <span class='ocrx_word' id='word_1_293' title='bbox 2883 2085 2983 2152; x_wconf 85' lang='grc' dir='ltr'>ὅση</span> <span class='ocrx_word' id='word_1_294' title='bbox 3018 2082 3175 2153; x_wconf 85' lang='grc' dir='ltr'>χρεία</span> <span class='ocrx_word' id='word_1_295' title='bbox 3201 2080 3296 2134; x_wconf 82' lang='grc' dir='ltr'>τοῦ</span> <span class='ocrx_word' id='word_1_296' title='bbox 3331 2079 3578 2152; x_wconf 85' lang='grc' dir='ltr'>σώματος</span> <span class='ocrx_word' id='word_1_297' title='bbox 3603 2079 3774 2148; x_wconf 85' lang='grc' dir='ltr'>ἐκείνῳ</span> 
     </span>
    </p>
   </div>
   <div class='ocr_carea' id='block_1_48' title="bbox 2242 2169 3776 2250">
    <p class='ocr_par' dir='ltr' id='par_1_48' title="bbox 2242 2169 3776 2250">
     <span class='ocr_line' id='line_1_48' title="bbox 2242 2169 3776 2250; baseline -0.009 -17"><span class='ocrx_word' id='word_1_298' title='bbox 2242 2180 2543 2250; x_wconf 86' lang='grc' dir='ltr'>γινόμενος.</span> <span class='ocrx_word' id='word_1_299' title='bbox 2572 2171 2736 2240; x_wconf 77' lang='grc' dir='ltr'>Οὗτος</span> <span class='ocrx_word' id='word_1_300' title='bbox 2765 2175 2821 2228; x_wconf 88' lang='grc' dir='ltr'><strong>δέ</strong></span> <span class='ocrx_word' id='word_1_301' title='bbox 2844 2175 2937 2229; x_wconf 74' lang='grc' dir='ltr'>καὶ</span> <span class='ocrx_word' id='word_1_302' title='bbox 2959 2173 3153 2244; x_wconf 84' lang='grc' dir='ltr'>Παύλῳ</span> <span class='ocrx_word' id='word_1_303' title='bbox 3181 2173 3319 2244; x_wconf 88' lang='grc' dir='ltr'>πρὸς</span> <span class='ocrx_word' id='word_1_304' title='bbox 3349 2169 3443 2236; x_wconf 77' lang='grc' dir='ltr'>οὖς</span> <span class='ocrx_word' id='word_1_305' title='bbox 3474 2171 3550 2242; x_wconf 83' lang='grc' dir='ltr'>τῷ</span> <span class='ocrx_word' id='word_1_306' title='bbox 3585 2169 3776 2242; x_wconf 80' lang='grc' dir='ltr'>μεγάλῳ</span> 
     </span>
    </p>
   </div>
   <div class='ocr_carea' id='block_1_49' title="bbox 2255 2263 3778 2343">
    <p class='ocr_par' dir='ltr' id='par_1_49' title="bbox 2255 2263 3778 2343">
     <span class='ocr_line' id='line_1_49' title="bbox 2255 2263 3778 2343; baseline -0.008 -17"><span class='ocrx_word' id='word_1_307' title='bbox 2255 2273 2473 2343; x_wconf 84' lang='grc' dir='ltr'><strong>Ἰωάννῃ</strong></span> <span class='ocrx_word' id='word_1_308' title='bbox 2507 2269 2886 2340; x_wconf 81' lang='grc' dir='ltr'>διαλεγομένῳ,</span> <span class='ocrx_word' id='word_1_309' title='bbox 2916 2267 3009 2321; x_wconf 72' lang='grc' dir='ltr'>καὶ</span> <span class='ocrx_word' id='word_1_310' title='bbox 3033 2267 3123 2319; x_wconf 87' lang='grc' dir='ltr'><strong>τὸν</strong></span> <span class='ocrx_word' id='word_1_311' title='bbox 3151 2263 3275 2318; x_wconf 79' lang='grc' dir='ltr'>νοῦν</span> <span class='ocrx_word' id='word_1_312' title='bbox 3311 2265 3422 2318; x_wconf 82' lang='grc' dir='ltr'>τῶν</span> <span class='ocrx_word' id='word_1_313' title='bbox 3453 2265 3650 2318; x_wconf 88' lang='grc' dir='ltr'>ἐκείνου</span> <span class='ocrx_word' id='word_1_314' title='bbox 3680 2264 3778 2314; x_wconf 84' lang='grc' dir='ltr'>ἐπι-</span> 
     </span>
    </p>
   </div>
   <div class='ocr_carea' id='block_1_50' title="bbox 2246 2351 3779 2430">
    <p class='ocr_par' dir='ltr' id='par_1_50' title="bbox 2246 2351 3779 2430">
     <span class='ocr_line' id='line_1_50' title="bbox 2246 2351 3779 2430; baseline -0.008 -13"><span class='ocrx_word' id='word_1_315' title='bbox 2246 2363 2442 2417; x_wconf 86' lang='grc' dir='ltr'>στολῶν</span> <span class='ocrx_word' id='word_1_316' title='bbox 2473 2361 2862 2416; x_wconf 85' lang='grc' dir='ltr'>ἐκκαλύπτοντι</span> <span class='ocrx_word' id='word_1_317' title='bbox 2898 2356 3301 2430; x_wconf 68' lang='grc' dir='ltr'>μυστικώτερω</span> <span class='ocrx_word' id='word_1_318' title='bbox 3365 2355 3666 2426; x_wconf 82' lang='grc' dir='ltr'>ἐνέτυχε,τῇ</span> <span class='ocrx_word' id='word_1_319' title='bbox 3694 2351 3779 2419; x_wconf 72' lang='grc' dir='ltr'>τῆς</span> 
     </span>
    </p>
   </div>
   <div class='ocr_carea' id='block_1_51' title="bbox 2245 2444 3782 2528">
    <p class='ocr_par' dir='ltr' id='par_1_51' title="bbox 2245 2444 3782 2528">
     <span class='ocr_line' id='line_1_51' title="bbox 2245 2444 3782 2528; baseline -0.009 -20"><span class='ocrx_word' id='word_1_320' title='bbox 2245 2456 2454 2528; x_wconf 83' lang='grc' dir='ltr'>θυρίδος</span> <span class='ocrx_word' id='word_1_321' title='bbox 2483 2454 2851 2526; x_wconf 85' lang='grc' dir='ltr'>παρακύπτων</span> <span class='ocrx_word' id='word_1_322' title='bbox 2872 2453 2999 2523; x_wconf 85' lang='grc' dir='ltr'>όπῇ.</span> <span class='ocrx_word' id='word_1_323' title='bbox 3031 2447 3181 2504; x_wconf 76' lang='grc' dir='ltr'>Ἐπεὶ</span> <span class='ocrx_word' id='word_1_324' title='bbox 3202 2449 3247 2502; x_wconf 82' lang='grc' dir='ltr'>δ’</span> <span class='ocrx_word' id='word_1_325' title='bbox 3282 2451 3491 2512; x_wconf 89' lang='grc' dir='ltr'>ἐκεῖνος</span> <span class='ocrx_word' id='word_1_326' title='bbox 3523 2444 3782 2516; x_wconf 81' lang='grc' dir='ltr'>ὑπερόριος</span> 
     </span>
    </p>
   </div>
   <div class='ocr_carea' id='block_1_52' title="bbox 2243 2535 3782 2619">
    <p class='ocr_par' dir='ltr' id='par_1_52' title="bbox 2243 2535 3782 2619">
     <span class='ocr_line' id='line_1_52' title="bbox 2243 2535 3782 2619; baseline -0.012 -13"><span class='ocrx_word' id='word_1_327' title='bbox 2243 2544 2330 2612; x_wconf 73' lang='grc' dir='ltr'>ἦν,</span> <span class='ocrx_word' id='word_1_328' title='bbox 2357 2547 2432 2619; x_wconf 84' lang='grc' dir='ltr'>μὴ</span> <span class='ocrx_word' id='word_1_329' title='bbox 2459 2547 2559 2616; x_wconf 81' lang='grc' dir='ltr'>τῆς</span> <span class='ocrx_word' id='word_1_330' title='bbox 2587 2546 2794 2600; x_wconf 90' lang='grc' dir='ltr'>ἐκείνου</span> <span class='ocrx_word' id='word_1_331' title='bbox 2820 2545 3052 2614; x_wconf 84' lang='grc' dir='ltr'>σχέσεως</span> <span class='ocrx_word' id='word_1_332' title='bbox 3077 2540 3341 2607; x_wconf 83' lang='grc' dir='ltr'>ἀποστάς,</span> <span class='ocrx_word' id='word_1_333' title='bbox 3365 2535 3443 2612; x_wconf 85' lang='grc' dir='ltr'><strong>τῷ</strong></span> <span class='ocrx_word' id='word_1_334' title='bbox 3471 2541 3582 2611; x_wconf 81' lang='grc' dir='ltr'>μετ’</span> <span class='ocrx_word' id='word_1_335' title='bbox 3604 2538 3782 2590; x_wconf 81' lang='grc' dir='ltr'>ἐκεῖνον</span> 
     </span>
    </p>
   </div>
   <div class='ocr_carea' id='block_1_53' title="bbox 2245 2626 3784 2708">
    <p class='ocr_par' dir='ltr' id='par_1_53' title="bbox 2245 2626 3784 2708">
     <span class='ocr_line' id='line_1_53' title="bbox 2245 2626 3784 2708; baseline -0.01 -16"><span class='ocrx_word' id='word_1_336' title='bbox 2245 2639 2527 2708; x_wconf 87' lang='grc' dir='ltr'>ἐπισκόπῳ</span> <span class='ocrx_word' id='word_1_337' title='bbox 2563 2634 2790 2704; x_wconf 86' lang='grc' dir='ltr'>Ἀττικῷ</span> <span class='ocrx_word' id='word_1_338' title='bbox 2842 2636 3022 2706; x_wconf 83' lang='grc' dir='ltr'>συνῆν,</span> <span class='ocrx_word' id='word_1_339' title='bbox 3057 2634 3410 2705; x_wconf 79' lang='grc' dir='ltr'>ὑπογραφεὺς</span> <span class='ocrx_word' id='word_1_340' title='bbox 3450 2630 3556 2684; x_wconf 83' lang='grc' dir='ltr'>τῶν</span> <span class='ocrx_word' id='word_1_341' title='bbox 3599 2626 3784 2681; x_wconf 84' lang='grc' dir='ltr'>ἐκείνου</span> 
     </span>
    </p>
   </div>
   <div class='ocr_carea' id='block_1_54' title="bbox 2245 2715 3786 2798">
    <p class='ocr_par' dir='ltr' id='par_1_54' title="bbox 2245 2715 3786 2798">
     <span class='ocr_line' id='line_1_54' title="bbox 2245 2715 3786 2798; baseline -0.011 -15"><span class='ocrx_word' id='word_1_342' title='bbox 2245 2731 2415 2798; x_wconf 86' lang='grc' dir='ltr'>λόγων</span> <span class='ocrx_word' id='word_1_343' title='bbox 2470 2728 2844 2797; x_wconf 77' lang='grc' dir='ltr'>καθεστηκώς.</span> <span class='ocrx_word' id='word_1_344' title='bbox 2887 2727 2983 2779; x_wconf 88' lang='grc' dir='ltr'>Ὃν</span> <span class='ocrx_word' id='word_1_345' title='bbox 3023 2725 3086 2795; x_wconf 78' lang='grc' dir='ltr'><strong>δὴ</strong></span> <span class='ocrx_word' id='word_1_346' title='bbox 3118 2727 3183 2794; x_wconf 77' lang='grc' dir='ltr'>τῇ</span> <span class='ocrx_word' id='word_1_347' title='bbox 3218 2723 3365 2776; x_wconf 79' lang='grc' dir='ltr'>κατὰ</span> <span class='ocrx_word' id='word_1_348' title='bbox 3409 2722 3540 2775; x_wconf 84' lang='grc' dir='ltr'>Θεὸν</span> <span class='ocrx_word' id='word_1_349' title='bbox 3585 2715 3786 2789; x_wconf 74' lang='grc' dir='ltr'>προϐαί-</span> 
     </span>
    </p>
   </div>
   <div class='ocr_carea' id='block_1_55' title="bbox 2247 2806 3785 2890">
    <p class='ocr_par' dir='ltr' id='par_1_55' title="bbox 2247 2806 3785 2890">
     <span class='ocr_line' id='line_1_55' title="bbox 2247 2806 3785 2890; baseline -0.007 -17"><span class='ocrx_word' id='word_1_350' title='bbox 2247 2838 2402 2873; x_wconf 87' lang='grc' dir='ltr'>νοντα</span> <span class='ocrx_word' id='word_1_351' title='bbox 2427 2821 2637 2890; x_wconf 80' lang='grc' dir='ltr'>ἀγωγῇ,</span> <span class='ocrx_word' id='word_1_352' title='bbox 2685 2818 2777 2870; x_wconf 69' lang='grc' dir='ltr'>καὶ</span> <span class='ocrx_word' id='word_1_353' title='bbox 2818 2815 2911 2869; x_wconf 80' lang='grc' dir='ltr'>τοῦ</span> <span class='ocrx_word' id='word_1_354' title='bbox 2942 2817 3040 2886; x_wconf 84' lang='grc' dir='ltr'>τῆς</span> <span class='ocrx_word' id='word_1_355' title='bbox 3085 2815 3360 2878; x_wconf 88' lang='grc' dir='ltr'>διακονίας</span> <span class='ocrx_word' id='word_1_356' title='bbox 3397 2813 3549 2884; x_wconf 79' lang='grc' dir='ltr'>ἠξίου</span> <span class='ocrx_word' id='word_1_357' title='bbox 3579 2806 3785 2882; x_wconf 66' lang='grc' dir='ltr'>βαθμοῦ.</span> 
     </span>
    </p>
   </div>
   <div class='ocr_carea' id='block_1_56' title="bbox 2251 2898 3787 2980">
    <p class='ocr_par' dir='ltr' id='par_1_56' title="bbox 2251 2898 3787 2980">
     <span class='ocr_line' id='line_1_56' title="bbox 2251 2898 3787 2980; baseline -0.008 -15"><span class='ocrx_word' id='word_1_358' title='bbox 2251 2914 2476 2964; x_wconf 87' lang='grc' dir='ltr'>Ἔπειτα</span> <span class='ocrx_word' id='word_1_359' title='bbox 2507 2910 2563 2963; x_wconf 88' lang='grc' dir='ltr'><strong>δέ</strong></span> <span class='ocrx_word' id='word_1_360' title='bbox 2590 2911 2681 2962; x_wconf 74' lang='grc' dir='ltr'>καὶ</span> <span class='ocrx_word' id='word_1_361' title='bbox 2709 2912 2764 2962; x_wconf 94' lang='grc' dir='ltr'><strong>ἐν</strong></span> <span class='ocrx_word' id='word_1_362' title='bbox 2791 2908 3026 2980; x_wconf 78' lang='grc' dir='ltr'>καθέδρᾳ</span> <span class='ocrx_word' id='word_1_363' title='bbox 3055 2907 3446 2977; x_wconf 79' lang='grc' dir='ltr'>πρεσϐυτέρων</span> <span class='ocrx_word' id='word_1_364' title='bbox 3479 2904 3686 2962; x_wconf 75' lang='grc' dir='ltr'>αἰνέσας</span> <span class='ocrx_word' id='word_1_365' title='bbox 3711 2898 3787 2951; x_wconf 73' lang='grc' dir='ltr'><strong>τὸν</strong></span> 
     </span>
    </p>
   </div>
   <div class='ocr_carea' id='block_1_57' title="bbox 2245 2993 3788 3072">
    <p class='ocr_par' dir='ltr' id='par_1_57' title="bbox 2245 2993 3788 3072">
     <span class='ocr_line' id='line_1_57' title="bbox 2245 2993 3788 3072; baseline -0.009 -18"><span class='ocrx_word' id='word_1_366' title='bbox 2245 3001 2471 3072; x_wconf 80' lang='grc' dir='ltr'>Κύριον,</span> <span class='ocrx_word' id='word_1_367' title='bbox 2505 2999 2608 3052; x_wconf 84' lang='grc' dir='ltr'><strong>ὑπὸ</strong></span> <span class='ocrx_word' id='word_1_368' title='bbox 2635 2999 2892 3051; x_wconf 88' lang='grc' dir='ltr'>Σισιννίου</span> <span class='ocrx_word' id='word_1_369' title='bbox 2925 2999 3022 3068; x_wconf 83' lang='grc' dir='ltr'>τῆς</span> <span class='ocrx_word' id='word_1_370' title='bbox 3042 2996 3182 3050; x_wconf 84' lang='grc' dir='ltr'>κατὰ</span> <span class='ocrx_word' id='word_1_371' title='bbox 3204 2995 3451 3059; x_wconf 82' lang='grc' dir='ltr'>Κύζικον</span> <span class='ocrx_word' id='word_1_372' title='bbox 3495 2993 3788 3061; x_wconf 82' lang='grc' dir='ltr'>Ἑκκλησίας</span> 
     </span>
    </p>
   </div>
   <div class='ocr_carea' id='block_1_58' title="bbox 580 3081 2142 3168">
    <p class='ocr_par' dir='ltr' id='par_1_58' title="bbox 580 3089 2142 3161">
     <span class='ocr_line' id='line_1_58' title="bbox 580 3089 2142 3161; baseline -0.004 -14"><span class='ocrx_word' id='word_1_373' title='bbox 580 3089 1195 3161; x_wconf 66' lang='lat' dir='ltr'><strong>Constantinopolitanae</strong></span> <span class='ocrx_word' id='word_1_374' title='bbox 1222 3089 1479 3146; x_wconf 69' lang='lat' dir='ltr'><strong>Ecclesiae</strong></span> <span class='ocrx_word' id='word_1_375' title='bbox 1522 3090 1872 3159; x_wconf 91' lang='lat' dir='ltr'><strong>episcopatus</strong></span> <span class='ocrx_word' id='word_1_376' title='bbox 1909 3089 1958 3143; x_wconf 88' lang='lat' dir='ltr'><strong>ei</strong></span> <span class='ocrx_word' id='word_1_377' title='bbox 1995 3105 2142 3142; x_wconf 85' lang='lat' dir='ltr'><strong>com-</strong></span> 
     </span>
    </p>
   </div>
   <div class='ocr_carea' id='block_1_59' title="bbox 2245 3081 3789 3168">
    <p class='ocr_par' dir='ltr' id='par_1_59' title="bbox 2246 3081 3789 3164">
     <span class='ocr_line' id='line_1_59' title="bbox 2246 3081 3789 3164; baseline -0.008 -18"><span class='ocrx_word' id='word_1_378' title='bbox 2246 3092 2553 3164; x_wconf 76' lang='grc' dir='ltr'>προεϐλήθη</span> <span class='ocrx_word' id='word_1_379' title='bbox 2607 3092 2899 3161; x_wconf 82' lang='grc' dir='ltr'>ἐπισκοπῇ.</span> <span class='ocrx_word' id='word_1_380' title='bbox 2950 3088 3136 3159; x_wconf 87' lang='grc' dir='ltr'>Πολλῷ</span> <span class='ocrx_word' id='word_1_381' title='bbox 3181 3088 3237 3141; x_wconf 88' lang='grc' dir='ltr'>δὲ</span> <span class='ocrx_word' id='word_1_382' title='bbox 3297 3088 3527 3159; x_wconf 79' lang='grc' dir='ltr'>ὕστερον</span> <span class='ocrx_word' id='word_1_383' title='bbox 3573 3085 3662 3138; x_wconf 77' lang='grc' dir='ltr'>καὶ</span> <span class='ocrx_word' id='word_1_384' title='bbox 3705 3081 3789 3150; x_wconf 78' lang='grc' dir='ltr'>τῆς</span> 
     </span>
    </p>
   </div>
   <div class='ocr_carea' id='block_1_60' title="bbox 582 3180 2145 3252">
    <p class='ocr_par' dir='ltr' id='par_1_60' title="bbox 582 3180 2145 3252">
     <span class='ocr_line' id='line_1_60' title="bbox 582 3180 2145 3252; baseline -0.001 -14"><span class='ocrx_word' id='word_1_385' title='bbox 582 3183 788 3239; x_wconf 84' lang='lat' dir='ltr'><strong>missus</strong></span> <span class='ocrx_word' id='word_1_386' title='bbox 811 3191 915 3237; x_wconf 85' lang='lat' dir='ltr'><strong>est.</strong></span> <span class='ocrx_word' id='word_1_387' title='bbox 927 3181 994 3235; x_wconf 90' lang='lat' dir='ltr'><strong>Et</strong></span> <span class='ocrx_word' id='word_1_388' title='bbox 1009 3181 1153 3252; x_wconf 91' lang='lat' dir='ltr'><strong>quod</strong></span> <span class='ocrx_word' id='word_1_389' title='bbox 1170 3183 1414 3238; x_wconf 83' lang='lat' dir='ltr'><strong>moribus</strong></span> <span class='ocrx_word' id='word_1_390' title='bbox 1431 3189 1597 3252; x_wconf 87' lang='lat' dir='ltr'><strong>atque</strong></span> <span class='ocrx_word' id='word_1_391' title='bbox 1617 3181 1882 3236; x_wconf 89' lang='lat' dir='ltr'><strong>institutis</strong></span> <span class='ocrx_word' id='word_1_392' title='bbox 1899 3180 2145 3250; x_wconf 88' lang='lat' dir='ltr'><strong>placidus</strong></span> 
     </span>
    </p>
   </div>
   <div class='ocr_carea' id='block_1_61' title="bbox 582 3270 2146 3344">
    <p class='ocr_par' dir='ltr' id='par_1_61' title="bbox 582 3270 2146 3344">
     <span class='ocr_line' id='line_1_61' title="bbox 582 3270 2146 3344; baseline -0.001 -18"><span class='ocrx_word' id='word_1_393' title='bbox 582 3274 817 3328; x_wconf 81' lang='lat' dir='ltr'><strong>maxime</strong></span> <span class='ocrx_word' id='word_1_394' title='bbox 841 3273 925 3327; x_wconf 86' lang='lat' dir='ltr'><strong>vir</strong></span> <span class='ocrx_word' id='word_1_395' title='bbox 954 3282 1120 3336; x_wconf 87' lang='lat' dir='ltr'><strong>esset,</strong></span> <span class='ocrx_word' id='word_1_396' title='bbox 1167 3287 1507 3344; x_wconf 66' lang='lat' dir='ltr'><strong>quatcunque</strong></span> <span class='ocrx_word' id='word_1_397' title='bbox 1543 3272 1596 3326; x_wconf 91' lang='lat' dir='ltr'><strong>in</strong></span> <span class='ocrx_word' id='word_1_398' title='bbox 1625 3270 1837 3327; x_wconf 87' lang='lat' dir='ltr'><strong>Joanne</strong></span> <span class='ocrx_word' id='word_1_399' title='bbox 1868 3279 1922 3326; x_wconf 90' lang='lat' dir='ltr'><strong>et</strong></span> <span class='ocrx_word' id='word_1_400' title='bbox 1966 3271 2146 3324; x_wconf 82' lang='lat' dir='ltr'><strong>Attico</strong></span> 
     </span>
    </p>
   </div>
   <div class='ocr_carea' id='block_1_62' title="bbox 582 3361 2146 3436">
    <p class='ocr_par' dir='ltr' id='par_1_62' title="bbox 582 3361 2146 3436">
     <span class='ocr_line' id='line_1_62' title="bbox 582 3361 2146 3436; baseline -0.003 -16"><span class='ocrx_word' id='word_1_401' title='bbox 582 3365 782 3420; x_wconf 77' lang='lat' dir='ltr'><strong>eximia</strong></span> <span class='ocrx_word' id='word_1_402' title='bbox 813 3372 1008 3429; x_wconf 89' lang='lat' dir='ltr'><strong>erant,</strong></span> <span class='ocrx_word' id='word_1_403' title='bbox 1059 3364 1351 3436; x_wconf 68' lang='lat' dir='ltr'><strong>erpressit.</strong></span> <span class='ocrx_word' id='word_1_404' title='bbox 1387 3363 1653 3417; x_wconf 82' lang='lat' dir='ltr'><strong>Malorum</strong></span> <span class='ocrx_word' id='word_1_405' title='bbox 1701 3362 1987 3418; x_wconf 89' lang='lat' dir='ltr'><strong>tolerantia</strong></span> <span class='ocrx_word' id='word_1_406' title='bbox 2039 3361 2146 3416; x_wconf 90' lang='lat' dir='ltr'><strong>illis</strong></span> 
     </span>
    </p>
   </div>
   <div class='ocr_carea' id='block_1_63' title="bbox 580 3453 2146 3524">
    <p class='ocr_par' dir='ltr' id='par_1_63' title="bbox 580 3453 2146 3524">
     <span class='ocr_line' id='line_1_63' title="bbox 580 3453 2146 3524; baseline -0.005 -10"><span class='ocrx_word' id='word_1_407' title='bbox 580 3459 742 3514; x_wconf 89' lang='lat' dir='ltr'><strong>ctiam</strong></span> <span class='ocrx_word' id='word_1_408' title='bbox 775 3458 1024 3523; x_wconf 83' lang='lat' dir='ltr'><strong>superior</strong></span> <span class='ocrx_word' id='word_1_409' title='bbox 1063 3457 1186 3512; x_wconf 81' lang='lat' dir='ltr'><strong>iuit.</strong></span> <span class='ocrx_word' id='word_1_410' title='bbox 1233 3457 1445 3510; x_wconf 82' lang='lat' dir='ltr'><strong>Atticus</strong></span> <span class='ocrx_word' id='word_1_411' title='bbox 1482 3469 1718 3524; x_wconf 89' lang='lat' dir='ltr'><strong>namque</strong></span> <span class='ocrx_word' id='word_1_412' title='bbox 1755 3453 1951 3523; x_wconf 65' lang='lat' dir='ltr'><strong>saepius</strong></span> <span class='ocrx_word' id='word_1_413' title='bbox 1983 3453 2146 3508; x_wconf 89' lang='lat' dir='ltr'><strong>etiam</strong></span> 
     </span>
    </p>
   </div>
   <div class='ocr_carea' id='block_1_64' title="bbox 586 3547 2149 3621">
    <p class='ocr_par' dir='ltr' id='par_1_64' title="bbox 586 3547 2149 3621">
     <span class='ocr_line' id='line_1_64' title="bbox 586 3547 2149 3621; baseline -0.003 -16"><span class='ocrx_word' id='word_1_414' title='bbox 586 3552 658 3606; x_wconf 90' lang='lat' dir='ltr'><strong>iis</strong></span> <span class='ocrx_word' id='word_1_415' title='bbox 687 3552 778 3621; x_wconf 90' lang='lat' dir='ltr'><strong>qui</strong></span> <span class='ocrx_word' id='word_1_416' title='bbox 811 3552 865 3605; x_wconf 93' lang='lat' dir='ltr'><strong>in</strong></span> <span class='ocrx_word' id='word_1_417' title='bbox 901 3551 1003 3606; x_wconf 83' lang='lat' dir='ltr'><strong>ﬁde</strong></span> <span class='ocrx_word' id='word_1_418' title='bbox 1027 3565 1056 3604; x_wconf 88' lang='lat' dir='ltr'><strong>a</strong></span> <span class='ocrx_word' id='word_1_419' title='bbox 1083 3567 1142 3606; x_wconf 88' lang='lat' dir='ltr'><strong>se</strong></span> <span class='ocrx_word' id='word_1_420' title='bbox 1169 3566 1278 3604; x_wconf 86' lang='lat' dir='ltr'><strong>non</strong></span> <span class='ocrx_word' id='word_1_421' title='bbox 1330 3549 1705 3611; x_wconf 88' lang='lat' dir='ltr'><strong>dissentirent,</strong></span> <span class='ocrx_word' id='word_1_422' title='bbox 1741 3547 2000 3603; x_wconf 89' lang='lat' dir='ltr'><strong>terribilis</strong></span> <span class='ocrx_word' id='word_1_423' title='bbox 2027 3561 2149 3601; x_wconf 89' lang='lat' dir='ltr'><strong>esse</strong></span> 
     </span>
    </p>
   </div>
   <div class='ocr_carea' id='block_1_65' title="bbox 580 3641 2147 3713">
    <p class='ocr_par' dir='ltr' id='par_1_65' title="bbox 580 3641 2147 3713">
     <span class='ocr_line' id='line_1_65' title="bbox 580 3641 2147 3713; baseline -0.001 -19"><span class='ocrx_word' id='word_1_424' title='bbox 580 3643 734 3698; x_wconf 81' lang='lat' dir='ltr'><strong>visus</strong></span> <span class='ocrx_word' id='word_1_425' title='bbox 760 3653 862 3698; x_wconf 87' lang='lat' dir='ltr'><strong>est.</strong></span> <span class='ocrx_word' id='word_1_426' title='bbox 890 3642 989 3697; x_wconf 87' lang='lat' dir='ltr'><strong>llic</strong></span> <span class='ocrx_word' id='word_1_427' title='bbox 1015 3659 1144 3698; x_wconf 90' lang='lat' dir='ltr'><strong>vero</strong></span> <span class='ocrx_word' id='word_1_428' title='bbox 1177 3653 1229 3697; x_wconf 91' lang='lat' dir='ltr'><strong>et</strong></span> <span class='ocrx_word' id='word_1_429' title='bbox 1260 3658 1387 3713; x_wconf 82' lang='lat' dir='ltr'><strong>erga</strong></span> <span class='ocrx_word' id='word_1_430' title='bbox 1423 3642 1568 3707; x_wconf 80' lang='lat' dir='ltr'><strong>illos,</strong></span> <span class='ocrx_word' id='word_1_431' title='bbox 1605 3650 1660 3696; x_wconf 91' lang='lat' dir='ltr'><strong>et</strong></span> <span class='ocrx_word' id='word_1_432' title='bbox 1693 3643 1746 3695; x_wconf 92' lang='lat' dir='ltr'><strong>in</strong></span> <span class='ocrx_word' id='word_1_433' title='bbox 1793 3641 1928 3694; x_wconf 92' lang='lat' dir='ltr'><strong>alios</strong></span> <span class='ocrx_word' id='word_1_434' title='bbox 1959 3654 2147 3694; x_wconf 92' lang='lat' dir='ltr'><strong>omnes</strong></span> 
     </span>
    </p>
   </div>
   <div class='ocr_carea' id='block_1_66' title="bbox 580 3731 2149 3805">
    <p class='ocr_par' dir='ltr' id='par_1_66' title="bbox 580 3731 2149 3805">
     <span class='ocr_line' id='line_1_66' title="bbox 580 3731 2149 3805; baseline -0.003 -16"><span class='ocrx_word' id='word_1_435' title='bbox 580 3734 828 3805; x_wconf 86' lang='lat' dir='ltr'><strong>placidus</strong></span> <span class='ocrx_word' id='word_1_436' title='bbox 858 3745 912 3790; x_wconf 92' lang='lat' dir='ltr'><strong>et</strong></span> <span class='ocrx_word' id='word_1_437' title='bbox 933 3735 1071 3789; x_wconf 90' lang='lat' dir='ltr'><strong>lenis</strong></span> <span class='ocrx_word' id='word_1_438' title='bbox 1101 3734 1393 3788; x_wconf 86' lang='lat' dir='ltr'><strong>admodum</strong></span> <span class='ocrx_word' id='word_1_439' title='bbox 1423 3732 1545 3796; x_wconf 81' lang='lat' dir='ltr'><strong>fuit,</strong></span> <span class='ocrx_word' id='word_1_440' title='bbox 1570 3733 1942 3787; x_wconf 88' lang='lat' dir='ltr'><strong>benevolentia</strong></span> <span class='ocrx_word' id='word_1_441' title='bbox 1969 3731 2149 3800; x_wconf 91' lang='lat' dir='ltr'><strong>potius</strong></span> 
     </span>
    </p>
   </div>
   <div class='ocr_carea' id='block_1_67' title="bbox 578 3821 2150 3894">
    <p class='ocr_par' dir='ltr' id='par_1_67' title="bbox 578 3821 2150 3894">
     <span class='ocr_line' id='line_1_67' title="bbox 578 3821 2150 3894; baseline -0.001 -18"><span class='ocrx_word' id='word_1_442' title='bbox 578 3839 746 3893; x_wconf 87' lang='lat' dir='ltr'><strong>quam</strong></span> <span class='ocrx_word' id='word_1_443' title='bbox 775 3823 828 3878; x_wconf 91' lang='lat' dir='ltr'><strong>vi</strong></span> <span class='ocrx_word' id='word_1_444' title='bbox 857 3840 952 3878; x_wconf 88' lang='lat' dir='ltr'><strong>cos</strong></span> <span class='ocrx_word' id='word_1_445' title='bbox 984 3824 1052 3878; x_wconf 92' lang='lat' dir='ltr'><strong>ad</strong></span> <span class='ocrx_word' id='word_1_446' title='bbox 1087 3840 1146 3879; x_wconf 87' lang='lat' dir='ltr'><strong>se</strong></span> <span class='ocrx_word' id='word_1_447' title='bbox 1182 3826 1497 3894; x_wconf 87' lang='lat' dir='ltr'><strong>pertrahere</strong></span> <span class='ocrx_word' id='word_1_448' title='bbox 1522 3822 1578 3876; x_wconf 92' lang='lat' dir='ltr'><strong>in</strong></span> <span class='ocrx_word' id='word_1_449' title='bbox 1613 3823 1794 3876; x_wconf 87' lang='lat' dir='ltr'><strong>animo</strong></span> <span class='ocrx_word' id='word_1_450' title='bbox 1827 3821 2054 3875; x_wconf 86' lang='lat' dir='ltr'><strong>habens.</strong></span> <span class='ocrx_word' id='word_1_451' title='bbox 2084 3822 2150 3876; x_wconf 89' lang='lat' dir='ltr'><strong>Et</strong></span> 
     </span>
    </p>
   </div>
   <div class='ocr_carea' id='block_1_68' title="bbox 581 3911 2150 3985">
    <p class='ocr_par' dir='ltr' id='par_1_68' title="bbox 581 3911 2150 3985">
     <span class='ocr_line' id='line_1_68' title="bbox 581 3911 2150 3985; baseline -0.003 -15"><span class='ocrx_word' id='word_1_452' title='bbox 581 3917 841 3985; x_wconf 90' lang='lat' dir='ltr'><strong>quoniam</strong></span> <span class='ocrx_word' id='word_1_453' title='bbox 875 3915 1079 3972; x_wconf 89' lang='lat' dir='ltr'><strong>nemini</strong></span> <span class='ocrx_word' id='word_1_454' title='bbox 1109 3915 1394 3971; x_wconf 84' lang='lat' dir='ltr'><strong>turbarum</strong></span> <span class='ocrx_word' id='word_1_455' title='bbox 1427 3928 1650 3970; x_wconf 87' lang='lat' dir='ltr'><strong>causam</strong></span> <span class='ocrx_word' id='word_1_456' title='bbox 1683 3914 1934 3985; x_wconf 69' lang='lat' dir='ltr'><strong>prazbuit,</strong></span> <span class='ocrx_word' id='word_1_457' title='bbox 1966 3911 2150 3968; x_wconf 90' lang='lat' dir='ltr'><strong>Eccle-</strong></span> 
     </span>
    </p>
   </div>
   <div class='ocr_carea' id='block_1_69' title="bbox 587 4003 2149 4076">
    <p class='ocr_par' dir='ltr' id='par_1_69' title="bbox 587 4003 2149 4076">
     <span class='ocr_line' id='line_1_69' title="bbox 587 4003 2149 4076; baseline -0.003 -17"><span class='ocrx_word' id='word_1_458' title='bbox 587 4003 693 4059; x_wconf 65' lang='lat' dir='ltr'><strong>siae-</strong></span> <span class='ocrx_word' id='word_1_459' title='bbox 713 4004 1028 4076; x_wconf 76' lang='lat' dir='ltr'><strong>dignitatem</strong></span> <span class='ocrx_word' id='word_1_460' title='bbox 1053 4005 1106 4058; x_wconf 93' lang='lat' dir='ltr'><strong>in</strong></span> <span class='ocrx_word' id='word_1_461' title='bbox 1129 4003 1468 4058; x_wconf 89' lang='lat' dir='ltr'><strong>humanitate</strong></span> <span class='ocrx_word' id='word_1_462' title='bbox 1497 4011 1552 4059; x_wconf 91' lang='lat' dir='ltr'><strong>et</strong></span> <span class='ocrx_word' id='word_1_463' title='bbox 1572 4003 1986 4058; x_wconf 88' lang='lat' dir='ltr'><strong>mansuetudine</strong></span> <span class='ocrx_word' id='word_1_464' title='bbox 2013 4016 2149 4056; x_wconf 85' lang='lat' dir='ltr'><strong>con-</strong></span> 
     </span>
    </p>
   </div>
   <div class='ocr_carea' id='block_1_70' title="bbox 592 4093 2151 4168">
    <p class='ocr_par' dir='ltr' id='par_1_70' title="bbox 592 4093 2151 4168">
     <span class='ocr_line' id='line_1_70' title="bbox 592 4093 2151 4168; baseline 0 -20"><span class='ocrx_word' id='word_1_465' title='bbox 592 4095 899 4160; x_wconf 87' lang='lat' dir='ltr'><strong>sistentem,</strong></span> <span class='ocrx_word' id='word_1_466' title='bbox 933 4097 1198 4168; x_wconf 79' lang='lat' dir='ltr'><strong>integram</strong></span> <span class='ocrx_word' id='word_1_467' title='bbox 1234 4097 1597 4154; x_wconf 86' lang='lat' dir='ltr'><strong>conservavit.</strong></span> <span class='ocrx_word' id='word_1_468' title='bbox 1631 4136 1646 4151; x_wconf 93' lang='lat'><strong>.</strong></span> <span class='ocrx_word' id='word_1_469' title='bbox 1676 4133 1690 4148; x_wconf 96' lang='lat'><strong>.</strong></span> <span class='ocrx_word' id='word_1_470' title='bbox 1713 4093 1820 4150; x_wconf 89' lang='lat' dir='ltr'><strong>lste</strong></span> <span class='ocrx_word' id='word_1_471' title='bbox 1852 4105 2029 4150; x_wconf 87' lang='lat' dir='ltr'><strong>autem</strong></span> <span class='ocrx_word' id='word_1_472' title='bbox 2050 4093 2151 4148; x_wconf 91' lang='lat' dir='ltr'><strong>mi-</strong></span> 
     </span>
    </p>
   </div>
   <div class='ocr_carea' id='block_1_71' title="bbox 584 4186 2146 4258">
    <p class='ocr_par' dir='ltr' id='par_1_71' title="bbox 584 4186 2146 4258">
     <span class='ocr_line' id='line_1_71' title="bbox 584 4186 2146 4258; baseline 0.002 -21"><span class='ocrx_word' id='word_1_473' title='bbox 584 4201 688 4238; x_wconf 91' lang='lat' dir='ltr'><strong>nus</strong></span> <span class='ocrx_word' id='word_1_474' title='bbox 731 4189 944 4241; x_wconf 87' lang='lat' dir='ltr'><strong>curavit</strong></span> <span class='ocrx_word' id='word_1_475' title='bbox 975 4188 1020 4243; x_wconf 92' lang='lat' dir='ltr'><strong>si</strong></span> <span class='ocrx_word' id='word_1_476' title='bbox 1051 4188 1173 4258; x_wconf 90' lang='lat' dir='ltr'><strong>quis</strong></span> <span class='ocrx_word' id='word_1_477' title='bbox 1205 4187 1271 4244; x_wconf 89' lang='lat' dir='ltr'><strong>de</strong></span> <span class='ocrx_word' id='word_1_478' title='bbox 1304 4187 1414 4244; x_wconf 90' lang='lat' dir='ltr'><strong>Deo</strong></span> <span class='ocrx_word' id='word_1_479' title='bbox 1446 4188 1628 4244; x_wconf 90' lang='lat' dir='ltr'><strong>itidem</strong></span> <span class='ocrx_word' id='word_1_480' title='bbox 1662 4195 1722 4242; x_wconf 87' lang='lat' dir='ltr'><strong>ut</strong></span> <span class='ocrx_word' id='word_1_481' title='bbox 1754 4186 1872 4258; x_wconf 88' lang='lat' dir='ltr'><strong>ipse</strong></span> <span class='ocrx_word' id='word_1_482' title='bbox 1901 4187 2146 4243; x_wconf 86' lang='lat' dir='ltr'><strong>sentiret.</strong></span> 
     </span>
    </p>
   </div>
   <div class='ocr_carea' id='block_1_72' title="bbox 585 4275 2152 4352">
    <p class='ocr_par' dir='ltr' id='par_1_72' title="bbox 585 4275 2152 4352">
     <span class='ocr_line' id='line_1_72' title="bbox 585 4275 2152 4352; baseline 0.003 -22"><span class='ocrx_word' id='word_1_483' title='bbox 585 4275 690 4332; x_wconf 88' lang='lat' dir='ltr'><strong>Sed</strong></span> <span class='ocrx_word' id='word_1_484' title='bbox 724 4279 986 4336; x_wconf 82' lang='lat' dir='ltr'><strong>doctrinae</strong></span> <span class='ocrx_word' id='word_1_485' title='bbox 1017 4282 1219 4352; x_wconf 80' lang='lat' dir='ltr'><strong>jugiter</strong></span> <span class='ocrx_word' id='word_1_486' title='bbox 1249 4281 1589 4350; x_wconf 87' lang='lat' dir='ltr'><strong>incumbens,</strong></span> <span class='ocrx_word' id='word_1_487' title='bbox 1620 4280 1850 4352; x_wconf 87' lang='lat' dir='ltr'><strong>placide,</strong></span> <span class='ocrx_word' id='word_1_488' title='bbox 1887 4296 1998 4336; x_wconf 90' lang='lat' dir='ltr'><strong>non</strong></span> <span class='ocrx_word' id='word_1_489' title='bbox 2037 4281 2152 4334; x_wconf 90' lang='lat' dir='ltr'><strong>vio-</strong></span> 
     </span>
    </p>
   </div>
   <div class='ocr_carea' id='block_1_73' title="bbox 583 4369 1450 4442">
    <p class='ocr_par' dir='ltr' id='par_1_73' title="bbox 583 4369 1450 4442">
     <span class='ocr_line' id='line_1_73' title="bbox 583 4369 1450 4442; baseline 0.005 -18"><span class='ocrx_word' id='word_1_490' title='bbox 583 4369 782 4435; x_wconf 86' lang='lat' dir='ltr'><strong>lenter,</strong></span> <span class='ocrx_word' id='word_1_491' title='bbox 823 4373 1029 4442; x_wconf 86' lang='lat' dir='ltr'><strong>plebem</strong></span> <span class='ocrx_word' id='word_1_492' title='bbox 1061 4375 1163 4428; x_wconf 88' lang='lat' dir='ltr'><strong>sibi</strong></span> <span class='ocrx_word' id='word_1_493' title='bbox 1191 4374 1450 4428; x_wconf 79' lang='lat' dir='ltr'><strong>devinxit.</strong></span> 
     </span>
    </p>
   </div>
   <div class='ocr_carea' id='block_1_74' title="bbox 2247 3173 3791 3252">
    <p class='ocr_par' dir='ltr' id='par_1_74' title="bbox 2247 3173 3791 3252">
     <span class='ocr_line' id='line_1_74' title="bbox 2247 3173 3791 3252; baseline -0.006 -15"><span class='ocrx_word' id='word_1_494' title='bbox 2247 3182 2656 3237; x_wconf 86' lang='grc' dir='ltr'>Κωνσταντίνου</span> <span class='ocrx_word' id='word_1_495' title='bbox 2695 3181 3015 3252; x_wconf 85' lang='grc' dir='ltr'>Ἐκκλησίας</span> <span class='ocrx_word' id='word_1_496' title='bbox 3041 3179 3137 3250; x_wconf 83' lang='grc' dir='ltr'>τὴν</span> <span class='ocrx_word' id='word_1_497' title='bbox 3169 3178 3477 3250; x_wconf 79' lang='grc' dir='ltr'>ἐπισκοπὴν</span> <span class='ocrx_word' id='word_1_498' title='bbox 3506 3173 3791 3247; x_wconf 83' lang='grc' dir='ltr'>ἐπετράπη.</span> 
     </span>
    </p>
   </div>
   <div class='ocr_carea' id='block_1_75' title="bbox 2247 3265 3793 3347">
    <p class='ocr_par' dir='ltr' id='par_1_75' title="bbox 2247 3265 3793 3347">
     <span class='ocr_line' id='line_1_75' title="bbox 2247 3265 3793 3347; baseline -0.006 -17"><span class='ocrx_word' id='word_1_499' title='bbox 2247 3275 2494 3347; x_wconf 83' lang='grc' dir='ltr'>Χρηστὸς</span> <span class='ocrx_word' id='word_1_500' title='bbox 2525 3275 2584 3328; x_wconf 84' lang='grc' dir='ltr'>δὲ</span> <span class='ocrx_word' id='word_1_501' title='bbox 2608 3275 2682 3328; x_wconf 83' lang='grc' dir='ltr'>ὢν</span> <span class='ocrx_word' id='word_1_502' title='bbox 2714 3274 2854 3346; x_wconf 80' lang='grc' dir='ltr'>ἀνὴρ</span> <span class='ocrx_word' id='word_1_503' title='bbox 2885 3274 3118 3344; x_wconf 82' lang='grc' dir='ltr'>μάλιστα</span> <span class='ocrx_word' id='word_1_504' title='bbox 3146 3271 3288 3326; x_wconf 87' lang='grc' dir='ltr'>κατά</span> <span class='ocrx_word' id='word_1_505' title='bbox 3321 3290 3380 3326; x_wconf 92' lang='grc' dir='ltr'><strong>τε</strong></span> <span class='ocrx_word' id='word_1_506' title='bbox 3405 3267 3536 3344; x_wconf 81' lang='grc' dir='ltr'>ἦθος</span> <span class='ocrx_word' id='word_1_507' title='bbox 3568 3270 3657 3323; x_wconf 85' lang='grc' dir='ltr'>καὶ</span> <span class='ocrx_word' id='word_1_508' title='bbox 3687 3265 3793 3336; x_wconf 83' lang='grc' dir='ltr'>τρό-</span> 
     </span>
    </p>
   </div>
   <div class='ocr_carea' id='block_1_76' title="bbox 2249 3354 3790 3436">
    <p class='ocr_par' dir='ltr' id='par_1_76' title="bbox 2249 3354 3790 3436">
     <span class='ocr_line' id='line_1_76' title="bbox 2249 3354 3790 3436; baseline -0.008 -18"><span class='ocrx_word' id='word_1_509' title='bbox 2249 3381 2371 3431; x_wconf 84' lang='grc' dir='ltr'>πον,</span> <span class='ocrx_word' id='word_1_510' title='bbox 2395 3365 2493 3418; x_wconf 82' lang='grc' dir='ltr'>ὅσα</span> <span class='ocrx_word' id='word_1_511' title='bbox 2512 3365 2570 3418; x_wconf 83' lang='grc' dir='ltr'>δὲ</span> <span class='ocrx_word' id='word_1_512' title='bbox 2602 3363 2824 3436; x_wconf 82' lang='grc' dir='ltr'>Ἰωάννῃ</span> <span class='ocrx_word' id='word_1_513' title='bbox 2864 3363 2959 3418; x_wconf 76' lang='grc' dir='ltr'>καὶ</span> <span class='ocrx_word' id='word_1_514' title='bbox 3000 3360 3227 3433; x_wconf 84' lang='grc' dir='ltr'>Ἀττικῷ</span> <span class='ocrx_word' id='word_1_515' title='bbox 3260 3363 3546 3434; x_wconf 82' lang='grc' dir='ltr'>προσῆσαν</span> <span class='ocrx_word' id='word_1_516' title='bbox 3582 3354 3790 3432; x_wconf 81' lang='grc' dir='ltr'>χρηστὰ,</span> 
     </span>
    </p>
   </div>
   <div class='ocr_carea' id='block_1_77' title="bbox 2248 3449 3795 3526">
    <p class='ocr_par' dir='ltr' id='par_1_77' title="bbox 2248 3449 3795 3526">
     <span class='ocr_line' id='line_1_77' title="bbox 2248 3449 3795 3526; baseline -0.01 -17"><span class='ocrx_word' id='word_1_517' title='bbox 2248 3452 2574 3526; x_wconf 80' lang='grc' dir='ltr'>ἀνεμάξατο.</span> <span class='ocrx_word' id='word_1_518' title='bbox 2611 3453 2954 3519; x_wconf 81' lang='grc' dir='ltr'>Ἀνεξίκακος</span> <span class='ocrx_word' id='word_1_519' title='bbox 3003 3451 3058 3504; x_wconf 87' lang='grc' dir='ltr'><strong>δέ</strong></span> <span class='ocrx_word' id='word_1_520' title='bbox 3093 3450 3186 3504; x_wconf 77' lang='lat' dir='ltr'><strong>xa‘t</strong></span> <span class='ocrx_word' id='word_1_521' title='bbox 3236 3451 3403 3506; x_wconf 87' lang='grc' dir='ltr'>πλέον</span> <span class='ocrx_word' id='word_1_522' title='bbox 3448 3452 3589 3522; x_wconf 70' lang='grc' dir='ltr'>ἢπερ</span> <span class='ocrx_word' id='word_1_523' title='bbox 3623 3449 3795 3501; x_wconf 86' lang='grc' dir='ltr'>ἐκεῖνοι</span> 
     </span>
    </p>
   </div>
   <div class='ocr_carea' id='block_1_78' title="bbox 2248 3537 3796 3615">
    <p class='ocr_par' dir='ltr' id='par_1_78' title="bbox 2248 3537 3796 3615">
     <span class='ocr_line' id='line_1_78' title="bbox 2248 3537 3796 3615; baseline -0.006 -17"><span class='ocrx_word' id='word_1_524' title='bbox 2248 3547 2483 3614; x_wconf 79' lang='grc' dir='ltr'>ἐγένετο.</span> <span class='ocrx_word' id='word_1_525' title='bbox 2529 3545 2769 3608; x_wconf 86' lang='grc' dir='ltr'>Ἀττικὸς</span> <span class='ocrx_word' id='word_1_526' title='bbox 2798 3545 2896 3615; x_wconf 83' lang='grc' dir='ltr'>μὲν</span> <span class='ocrx_word' id='word_1_527' title='bbox 2931 3544 3038 3615; x_wconf 87' lang='grc' dir='ltr'><strong>γὰρ</strong></span> <span class='ocrx_word' id='word_1_528' title='bbox 3079 3543 3339 3608; x_wconf 86' lang='grc' dir='ltr'>πολλάκις</span> <span class='ocrx_word' id='word_1_529' title='bbox 3372 3544 3468 3598; x_wconf 65' lang='grc' dir='ltr'><strong>καί⁵</strong></span> <span class='ocrx_word' id='word_1_530' title='bbox 3494 3544 3604 3605; x_wconf 85' lang='grc' dir='ltr'>τοῖς</span> <span class='ocrx_word' id='word_1_531' title='bbox 3633 3537 3796 3606; x_wconf 68' lang='grc' dir='ltr'>διαφό-</span> 
     </span>
    </p>
   </div>
   <div class='ocr_carea' id='block_1_79' title="bbox 2255 3627 3797 3710">
    <p class='ocr_par' dir='ltr' id='par_1_79' title="bbox 2255 3627 3797 3710">
     <span class='ocr_line' id='line_1_79' title="bbox 2255 3627 3797 3710; baseline -0.008 -18"><span class='ocrx_word' id='word_1_532' title='bbox 2255 3657 2365 3710; x_wconf 87' lang='grc' dir='ltr'>ροις</span> <span class='ocrx_word' id='word_1_533' title='bbox 2418 3639 2514 3708; x_wconf 77' lang='grc' dir='ltr'>τῆς</span> <span class='ocrx_word' id='word_1_534' title='bbox 2565 3637 2796 3700; x_wconf 87' lang='grc' dir='ltr'>πίστεως</span> <span class='ocrx_word' id='word_1_535' title='bbox 2834 3637 3058 3707; x_wconf 70' lang='grc' dir='ltr'>φοϐερὸς</span> <span class='ocrx_word' id='word_1_536' title='bbox 3109 3635 3251 3707; x_wconf 86' lang='grc' dir='ltr'>μάλα</span> <span class='ocrx_word' id='word_1_537' title='bbox 3308 3637 3507 3689; x_wconf 88' lang='grc' dir='ltr'>ἐδόκει.</span> <span class='ocrx_word' id='word_1_538' title='bbox 3553 3629 3710 3693; x_wconf 74' lang='grc' dir='ltr'>Οὗτος</span> <span class='ocrx_word' id='word_1_539' title='bbox 3749 3627 3797 3680; x_wconf 84' lang='grc' dir='ltr'>δὲ</span> 
     </span>
    </p>
   </div>
   <div class='ocr_carea' id='block_1_80' title="bbox 2251 3715 3796 3801">
    <p class='ocr_par' dir='ltr' id='par_1_80' title="bbox 2251 3715 3796 3801">
     <span class='ocr_line' id='line_1_80' title="bbox 2251 3715 3796 3801; baseline -0.001 -18"><span class='ocrx_word' id='word_1_540' title='bbox 2251 3730 2524 3794; x_wconf 84' lang='grc' dir='ltr'>κάκείνοις</span> <span class='ocrx_word' id='word_1_541' title='bbox 2560 3731 2656 3782; x_wconf 80' lang='grc' dir='ltr'>καὶ</span> <span class='ocrx_word' id='word_1_542' title='bbox 2685 3731 2847 3782; x_wconf 80' lang='grc' dir='ltr'>πᾶσιν</span> <span class='ocrx_word' id='word_1_543' title='bbox 2876 3729 3034 3798; x_wconf 73' lang='grc' dir='ltr'>ἤπιος</span> <span class='ocrx_word' id='word_1_544' title='bbox 3063 3728 3156 3781; x_wconf 81' lang='grc' dir='ltr'>καὶ</span> <span class='ocrx_word' id='word_1_545' title='bbox 3211 3728 3498 3801; x_wconf 83' lang='grc' dir='ltr'>προσηνὴς</span> <span class='ocrx_word' id='word_1_546' title='bbox 3548 3723 3685 3796; x_wconf 85' lang='grc' dir='ltr'>μάλα</span> <span class='ocrx_word' id='word_1_547' title='bbox 3719 3715 3796 3790; x_wconf 70' lang='grc' dir='ltr'><strong>ἦν.</strong></span> 
     </span>
    </p>
   </div>
   <div class='ocr_carea' id='block_1_81' title="bbox 2249 3816 3797 3892">
    <p class='ocr_par' dir='ltr' id='par_1_81' title="bbox 2249 3816 3797 3892">
     <span class='ocr_line' id='line_1_81' title="bbox 2249 3816 3797 3892; baseline -0.001 -18"><span class='ocrx_word' id='word_1_548' title='bbox 2249 3821 2457 3884; x_wconf 87' lang='grc' dir='ltr'>τούτοις</span> <span class='ocrx_word' id='word_1_549' title='bbox 2503 3821 2702 3892; x_wconf 83' lang='grc' dir='ltr'>μᾶλλον</span> <span class='ocrx_word' id='word_1_550' title='bbox 2738 3820 2770 3890; x_wconf 82' lang='grc' dir='ltr'>ἢ</span> <span class='ocrx_word' id='word_1_551' title='bbox 2819 3819 2910 3891; x_wconf 79' lang='grc' dir='ltr'><strong>βίᾳ</strong></span> <span class='ocrx_word' id='word_1_552' title='bbox 2942 3819 3116 3873; x_wconf 70' lang='grc' dir='ltr'>ἕλκειν</span> <span class='ocrx_word' id='word_1_553' title='bbox 3145 3821 3392 3884; x_wconf 84' lang='grc' dir='ltr'>ἐκείνους</span> <span class='ocrx_word' id='word_1_554' title='bbox 3422 3816 3797 3887; x_wconf 68' lang='grc' dir='ltr'>διανοούμενος.</span> 
     </span>
    </p>
   </div>
   <div class='ocr_carea' id='block_1_82' title="bbox 2250 3903 3798 3984">
    <p class='ocr_par' dir='ltr' id='par_1_82' title="bbox 2250 3903 3798 3984">
     <span class='ocr_line' id='line_1_82' title="bbox 2250 3903 3798 3984; baseline -0.008 -17"><span class='ocrx_word' id='word_1_555' title='bbox 2250 3912 2454 3984; x_wconf 77' lang='grc' dir='ltr'>Μηδενὶ</span> <span class='ocrx_word' id='word_1_556' title='bbox 2482 3912 2591 3983; x_wconf 85' lang='grc' dir='ltr'>γὰρ</span> <span class='ocrx_word' id='word_1_557' title='bbox 2634 3908 2876 3982; x_wconf 78' lang='grc' dir='ltr'>ταραχῆς</span> <span class='ocrx_word' id='word_1_558' title='bbox 2909 3910 3078 3975; x_wconf 76' lang='grc' dir='ltr'>αἴτιος</span> <span class='ocrx_word' id='word_1_559' title='bbox 3125 3911 3430 3976; x_wconf 84' lang='grc' dir='ltr'>καταστὰς,</span> <span class='ocrx_word' id='word_1_560' title='bbox 3465 3909 3526 3962; x_wconf 84' lang='grc' dir='ltr'><strong>τὸ</strong></span> <span class='ocrx_word' id='word_1_561' title='bbox 3565 3909 3660 3977; x_wconf 83' lang='grc' dir='ltr'>τῆς</span> <span class='ocrx_word' id='word_1_562' title='bbox 3692 3903 3798 3956; x_wconf 84' lang='grc' dir='ltr'><strong>Ἐκ-</strong></span> 
     </span>
    </p>
   </div>
   <div class='ocr_carea' id='block_1_83' title="bbox 2250 3994 3798 4074">
    <p class='ocr_par' dir='ltr' id='par_1_83' title="bbox 2250 3994 3798 4074">
     <span class='ocr_line' id='line_1_83' title="bbox 2250 3994 3798 4074; baseline -0.001 -18"><span class='ocrx_word' id='word_1_563' title='bbox 2250 4003 2478 4074; x_wconf 85' lang='grc' dir='ltr'>κλησίας</span> <span class='ocrx_word' id='word_1_564' title='bbox 2498 4002 2732 4074; x_wconf 82' lang='grc' dir='ltr'>ἀξίωμα,</span> <span class='ocrx_word' id='word_1_565' title='bbox 2754 4002 2814 4056; x_wconf 90' lang='grc' dir='ltr'><strong>τὸ</strong></span> <span class='ocrx_word' id='word_1_566' title='bbox 2844 4001 3078 4065; x_wconf 83' lang='grc' dir='ltr'>ἐπιεικές</span> <span class='ocrx_word' id='word_1_567' title='bbox 3105 4019 3246 4073; x_wconf 82' lang='grc' dir='ltr'>φημι</span> <span class='ocrx_word' id='word_1_568' title='bbox 3279 4003 3378 4056; x_wconf 71' lang='grc' dir='ltr'>καὶ</span> <span class='ocrx_word' id='word_1_569' title='bbox 3402 4003 3599 4074; x_wconf 79' lang='grc' dir='ltr'>πρᾶον,</span> <span class='ocrx_word' id='word_1_570' title='bbox 3630 3994 3798 4062; x_wconf 57' lang='lat' dir='ltr'><strong>aequ</strong></span> 
     </span>
    </p>
   </div>
   <div class='ocr_carea' id='block_1_84' title="bbox 2249 4085 3796 4166">
    <p class='ocr_par' dir='ltr' id='par_1_84' title="bbox 2249 4085 3796 4166">
     <span class='ocr_line' id='line_1_84' title="bbox 2249 4085 3796 4166; baseline -0.004 -20"><span class='ocrx_word' id='word_1_571' title='bbox 2249 4093 2582 4166; x_wconf 76' lang='grc' dir='ltr'>διετήρησεν.</span> <span class='ocrx_word' id='word_1_572' title='bbox 2610 4131 2626 4146; x_wconf 91' lang='grc'><strong>.</strong></span> <span class='ocrx_word' id='word_1_573' title='bbox 2650 4132 2665 4148; x_wconf 95' lang='grc'><strong>.</strong></span> <span class='ocrx_word' id='word_1_574' title='bbox 2691 4131 2709 4144; x_wconf 90' lang='grc'><strong>.</strong></span> <span class='ocrx_word' id='word_1_575' title='bbox 2737 4085 2904 4158; x_wconf 70' lang='grc' dir='ltr'>(οὗτος</span> <span class='ocrx_word' id='word_1_576' title='bbox 2931 4093 2986 4146; x_wconf 82' lang='grc' dir='ltr'>δὲ</span> <span class='ocrx_word' id='word_1_577' title='bbox 3019 4093 3234 4147; x_wconf 74' lang='grc' dir='ltr'>ἔλαττον</span> <span class='ocrx_word' id='word_1_578' title='bbox 3261 4093 3602 4164; x_wconf 78' lang='grc' dir='ltr'>ἐφρόντιζεν,</span> <span class='ocrx_word' id='word_1_579' title='bbox 3635 4090 3696 4160; x_wconf 78' lang='grc' dir='ltr'>ἦν</span> <span class='ocrx_word' id='word_1_580' title='bbox 3735 4085 3796 4156; x_wconf 82' lang='grc' dir='ltr'><strong>μή</strong></span> 
     </span>
    </p>
   </div>
   <div class='ocr_carea' id='block_1_85' title="bbox 2250 4178 3798 4260">
    <p class='ocr_par' dir='ltr' id='par_1_85' title="bbox 2250 4178 3798 4260">
     <span class='ocr_line' id='line_1_85' title="bbox 2250 4178 3798 4260; baseline -0.004 -19"><span class='ocrx_word' id='word_1_581' title='bbox 2250 4205 2334 4252; x_wconf 91' lang='grc' dir='ltr'><strong>τις</strong></span> <span class='ocrx_word' id='word_1_582' title='bbox 2364 4189 2490 4259; x_wconf 79' lang='grc' dir='ltr'>περὶ</span> <span class='ocrx_word' id='word_1_583' title='bbox 2510 4186 2645 4240; x_wconf 86' lang='grc' dir='ltr'><strong>Θεοῦ</strong></span> <span class='ocrx_word' id='word_1_584' title='bbox 2679 4178 2714 4260; x_wconf 74' lang='grc' dir='ltr'>ᾗ</span> <span class='ocrx_word' id='word_1_585' title='bbox 2737 4187 2887 4259; x_wconf 87' lang='grc' dir='ltr'><strong>αὑτῷ</strong></span> <span class='ocrx_word' id='word_1_586' title='bbox 2913 4186 3087 4241; x_wconf 88' lang='grc' dir='ltr'>ἐδόκει</span> <span class='ocrx_word' id='word_1_587' title='bbox 3129 4188 3368 4259; x_wconf 83' lang='grc' dir='ltr'>ἐφρόνει.</span> <span class='ocrx_word' id='word_1_588' title='bbox 3405 4182 3724 4252; x_wconf 74' lang='grc' dir='ltr'>Διδασκαλίᾳ</span> <span class='ocrx_word' id='word_1_589' title='bbox 3751 4178 3798 4230; x_wconf 82' lang='grc' dir='ltr'>δὲ</span> 
     </span>
    </p>
   </div>
   <div class='ocr_carea' id='block_1_86' title="bbox 2254 4271 3797 4352">
    <p class='ocr_par' dir='ltr' id='par_1_86' title="bbox 2254 4271 3797 4352">
     <span class='ocr_line' id='line_1_86' title="bbox 2254 4271 3797 4352; baseline -0.006 -19"><span class='ocrx_word' id='word_1_590' title='bbox 2254 4281 2464 4350; x_wconf 82' lang='grc' dir='ltr'>συνεχεῖ</span> <span class='ocrx_word' id='word_1_591' title='bbox 2490 4277 2804 4350; x_wconf 87' lang='grc' dir='ltr'>χρώμενος,</span> <span class='ocrx_word' id='word_1_592' title='bbox 2851 4280 3053 4352; x_wconf 86' lang='grc' dir='ltr'>ἠρέμα,</span> <span class='ocrx_word' id='word_1_593' title='bbox 3110 4281 3205 4333; x_wconf 72' lang='grc' dir='ltr'>καὶ</span> <span class='ocrx_word' id='word_1_594' title='bbox 3257 4281 3319 4334; x_wconf 85' lang='grc' dir='ltr'><strong>οὑ</strong></span> <span class='ocrx_word' id='word_1_595' title='bbox 3373 4279 3488 4350; x_wconf 74' lang='grc' dir='ltr'>βίᾳ,</span> <span class='ocrx_word' id='word_1_596' title='bbox 3522 4278 3589 4332; x_wconf 74' lang='grc' dir='ltr'>τὰ</span> <span class='ocrx_word' id='word_1_597' title='bbox 3641 4271 3797 4343; x_wconf 80' lang='grc' dir='ltr'>πλήθη</span> 
     </span>
    </p>
   </div>
   <div class='ocr_carea' id='block_1_87' title="bbox 2253 4374 2577 4445">
    <p class='ocr_par' dir='ltr' id='par_1_87' title="bbox 2253 4374 2577 4445">
     <span class='ocr_line' id='line_1_87' title="bbox 2253 4374 2577 4445; baseline -0.003 -20"><span class='ocrx_word' id='word_1_598' title='bbox 2253 4374 2577 4445; x_wconf 87' lang='grc' dir='ltr'>προσήγετο.</span> 
     </span>
    </p>
   </div>
   <div class='ocr_carea' id='block_1_88' title="bbox 2113 4507 2292 4568">
    <p class='ocr_par' dir='ltr' id='par_1_88' title="bbox 2113 4507 2292 4568">
     <span class='ocr_line' id='line_1_88' title="bbox 2113 4507 2292 4568; baseline -0.011 0"><span class='ocrx_word' id='word_1_599' title='bbox 2113 4507 2268 4568; x_wconf 81' lang='lat' dir='ltr'><strong>XXV</strong></span> <span class='ocrx_word' id='word_1_600' title='bbox 2279 4555 2292 4566; x_wconf 90' lang='lat'><strong>.</strong></span> 
     </span>
    </p>
   </div>
   <div class='ocr_carea' id='block_1_89' title="bbox 1258 4635 3160 4710">
    <p class='ocr_par' dir='ltr' id='par_1_89' title="bbox 1258 4635 3160 4710">
     <span class='ocr_line' id='line_1_89' title="bbox 1258 4635 3160 4710; baseline 0.002 -21"><span class='ocrx_word' id='word_1_601' title='bbox 1258 4636 1341 4690; x_wconf 69' lang='lat' dir='ltr'><strong>Ea:</strong></span> <span class='ocrx_word' id='word_1_602' title='bbox 1369 4638 1460 4690; x_wconf 78' lang='lat' dir='ltr'><strong>lib.</strong></span> <span class='ocrx_word' id='word_1_603' title='bbox 1499 4653 1549 4691; x_wconf 88' lang='lat' dir='ltr'><strong>Iv</strong></span> <span class='ocrx_word' id='word_1_604' title='bbox 1583 4637 1730 4692; x_wconf 80' lang='lat' dir='ltr'><strong>Juris</strong></span> <span class='ocrx_word' id='word_1_605' title='bbox 1760 4635 2141 4692; x_wconf 57' lang='lat' dir='ltr'><strong>Graeco-Rom.</strong></span> <span class='ocrx_word' id='word_1_606' title='bbox 2178 4640 2232 4691; x_wconf 77' lang='lat' dir='ltr'><strong>in</strong></span> <span class='ocrx_word' id='word_1_607' title='bbox 2263 4637 2482 4708; x_wconf 83' lang='lat' dir='ltr'><strong>Syllaba</strong></span> <span class='ocrx_word' id='word_1_608' title='bbox 2508 4640 2868 4709; x_wconf 81' lang='lat' dir='ltr'><strong>episcoporum</strong></span> <span class='ocrx_word' id='word_1_609' title='bbox 2892 4640 3160 4710; x_wconf 78' lang='lat' dir='ltr'><strong>Byzantii.</strong></span> 
     </span>
    </p>
   </div>
   <div class='ocr_carea' id='block_1_90' title="bbox 656 4744 2142 4822">
    <p class='ocr_par' dir='ltr' id='par_1_90' title="bbox 656 4744 2142 4818">
     <span class='ocr_line' id='line_1_90' title="bbox 656 4744 2142 4818; baseline 0.001 -15"><span class='ocrx_word' id='word_1_610' title='bbox 656 4746 881 4803; x_wconf 87' lang='lat' dir='ltr'><strong>Proclus</strong></span> <span class='ocrx_word' id='word_1_611' title='bbox 930 4763 958 4800; x_wconf 90' lang='lat' dir='ltr'><strong>a</strong></span> <span class='ocrx_word' id='word_1_612' title='bbox 1018 4744 1262 4802; x_wconf 87' lang='lat' dir='ltr'><strong>Sisinnio</strong></span> <span class='ocrx_word' id='word_1_613' title='bbox 1291 4746 1474 4818; x_wconf 80' lang='lat' dir='ltr'><strong>Cyzici</strong></span> <span class='ocrx_word' id='word_1_614' title='bbox 1525 4748 1810 4817; x_wconf 90' lang='lat' dir='ltr'><strong>episcopus</strong></span> <span class='ocrx_word' id='word_1_615' title='bbox 1841 4748 2142 4814; x_wconf 82' lang='lat' dir='ltr'><strong>ordinatus,</strong></span> 
     </span>
    </p>
   </div>
   <div class='ocr_carea' id='block_1_91' title="bbox 2245 4744 3803 4822">
    <p class='ocr_par' dir='ltr' id='par_1_91' title="bbox 2323 4748 3803 4822">
     <span class='ocr_line' id='line_1_91' title="bbox 2323 4748 3803 4822; baseline 0.003 -22"><span class='ocrx_word' id='word_1_616' title='bbox 2323 4748 2564 4818; x_wconf 80' lang='grc' dir='ltr'>Πρόκλος</span> <span class='ocrx_word' id='word_1_617' title='bbox 2603 4749 2707 4802; x_wconf 82' lang='grc' dir='ltr'><strong>ὑπὸ</strong></span> <span class='ocrx_word' id='word_1_618' title='bbox 2765 4751 3027 4804; x_wconf 89' lang='grc' dir='ltr'>Σισιννίου</span> <span class='ocrx_word' id='word_1_619' title='bbox 3074 4751 3480 4822; x_wconf 77' lang='grc' dir='ltr'>χειροτονηθεὶς</span> <span class='ocrx_word' id='word_1_620' title='bbox 3530 4753 3803 4811; x_wconf 79' lang='grc' dir='ltr'>ἐπίσκοπος</span> 
     </span>
    </p>
   </div>
   <div class='ocr_carea' id='block_1_92' title="bbox 584 4837 2144 4902">
    <p class='ocr_par' dir='ltr' id='par_1_92' title="bbox 584 4837 2144 4902">
     <span class='ocr_line' id='line_1_92' title="bbox 584 4837 2144 4902; baseline 0 -8"><span class='ocrx_word' id='word_1_621' title='bbox 584 4847 638 4895; x_wconf 89' lang='lat' dir='ltr'><strong>et</strong></span> <span class='ocrx_word' id='word_1_622' title='bbox 668 4855 774 4893; x_wconf 90' lang='lat' dir='ltr'><strong>non</strong></span> <span class='ocrx_word' id='word_1_623' title='bbox 816 4838 1111 4902; x_wconf 89' lang='lat' dir='ltr'><strong>admissus,</strong></span> <span class='ocrx_word' id='word_1_624' title='bbox 1145 4838 1375 4892; x_wconf 87' lang='lat' dir='ltr'><strong>vacavit.</strong></span> <span class='ocrx_word' id='word_1_625' title='bbox 1407 4839 1450 4890; x_wconf 84' lang='lat' dir='ltr'><strong>A</strong></span> <span class='ocrx_word' id='word_1_626' title='bbox 1478 4847 1649 4892; x_wconf 87' lang='lat' dir='ltr'><strong>morte</strong></span> <span class='ocrx_word' id='word_1_627' title='bbox 1676 4853 1804 4893; x_wconf 89' lang='lat' dir='ltr'><strong>vero</strong></span> <span class='ocrx_word' id='word_1_628' title='bbox 1833 4837 2144 4894; x_wconf 83' lang='lat' dir='ltr'><strong>Maximiani</strong></span> 
     </span>
    </p>
   </div>
   <div class='ocr_carea' id='block_1_93' title="bbox 586 4928 2147 4996">
    <p class='ocr_par' dir='ltr' id='par_1_93' title="bbox 586 4928 2147 4996">
     <span class='ocr_line' id='line_1_93' title="bbox 586 4928 2147 4996; baseline 0.001 -12"><span class='ocrx_word' id='word_1_629' title='bbox 586 4931 764 4985; x_wconf 80' lang='lat' dir='ltr'><strong>factus</strong></span> <span class='ocrx_word' id='word_1_630' title='bbox 814 4938 898 4986; x_wconf 83' lang='lat' dir='ltr'><strong>est</strong></span> <span class='ocrx_word' id='word_1_631' title='bbox 953 4931 1181 4984; x_wconf 88' lang='lat' dir='ltr'><strong>antistes</strong></span> <span class='ocrx_word' id='word_1_632' title='bbox 1239 4928 1770 4996; x_wconf 87' lang='lat' dir='ltr'><strong>Constantinopolis,</strong></span> <span class='ocrx_word' id='word_1_633' title='bbox 1824 4947 1949 4985; x_wconf 86' lang='lat' dir='ltr'><strong>cum</strong></span> <span class='ocrx_word' id='word_1_634' title='bbox 2002 4931 2147 4988; x_wconf 89' lang='lat' dir='ltr'><strong>illius</strong></span> 
     </span>
    </p>
   </div>
   <div class='ocr_carea' id='block_1_94' title="bbox 586 5019 2148 5092">
    <p class='ocr_par' dir='ltr' id='par_1_94' title="bbox 586 5019 2148 5092">
     <span class='ocr_line' id='line_1_94' title="bbox 586 5019 2148 5092; baseline 0 -16"><span class='ocrx_word' id='word_1_635' title='bbox 586 5023 820 5076; x_wconf 82' lang='lat' dir='ltr'><strong>cadaver</strong></span> <span class='ocrx_word' id='word_1_636' title='bbox 883 5023 937 5075; x_wconf 91' lang='lat' dir='ltr'><strong>in</strong></span> <span class='ocrx_word' id='word_1_637' title='bbox 1000 5022 1249 5075; x_wconf 82' lang='lat' dir='ltr'><strong>diaconio</strong></span> <span class='ocrx_word' id='word_1_638' title='bbox 1297 5019 1532 5091; x_wconf 73' lang='lat' dir='ltr'><strong>iaceret;</strong></span> <span class='ocrx_word' id='word_1_639' title='bbox 1581 5021 1796 5092; x_wconf 67' lang='lat' dir='ltr'><strong>praefuit</strong></span> <span class='ocrx_word' id='word_1_640' title='bbox 1844 5022 2148 5078; x_wconf 88' lang='lat' dir='ltr'><strong>sacerdotio</strong></span> 
     </span>
    </p>
   </div>
   <div class='ocr_carea' id='block_1_95' title="bbox 589 5115 1075 5185">
    <p class='ocr_par' dir='ltr' id='par_1_95' title="bbox 589 5115 1075 5185">
     <span class='ocr_line' id='line_1_95' title="bbox 589 5115 1075 5185; baseline -0.002 -16"><span class='ocrx_word' id='word_1_641' title='bbox 589 5117 763 5185; x_wconf 90' lang='lat' dir='ltr'><strong>primo</strong></span> <span class='ocrx_word' id='word_1_642' title='bbox 793 5115 948 5168; x_wconf 81' lang='lat' dir='ltr'><strong>armis</strong></span> <span class='ocrx_word' id='word_1_643' title='bbox 981 5129 1075 5168; x_wconf 76' lang='lat' dir='ltr'><strong>xu.</strong></span> 
     </span>
    </p>
   </div>
   <div class='ocr_carea' id='block_1_96' title="bbox 2253 4839 3803 4912">
    <p class='ocr_par' dir='ltr' id='par_1_96' title="bbox 2253 4839 3803 4912">
     <span class='ocr_line' id='line_1_96' title="bbox 2253 4839 3803 4912; baseline 0 -20"><span class='ocrx_word' id='word_1_644' title='bbox 2253 4839 2514 4903; x_wconf 75' lang='grc' dir='ltr'>Κυζίκου,</span> <span class='ocrx_word' id='word_1_645' title='bbox 2545 4841 2637 4893; x_wconf 56' lang='grc' dir='ltr'><strong>καί¹</strong></span> <span class='ocrx_word' id='word_1_646' title='bbox 2679 4840 2752 4912; x_wconf 85' lang='grc' dir='ltr'>μὴ</span> <span class='ocrx_word' id='word_1_647' title='bbox 2781 4841 3008 4911; x_wconf 72' lang='grc' dir='ltr'>δεχθεὶς,</span> <span class='ocrx_word' id='word_1_648' title='bbox 3040 4843 3319 4911; x_wconf 80' lang='grc' dir='ltr'>ἐσχόλασε.</span> <span class='ocrx_word' id='word_1_649' title='bbox 3367 4845 3527 4897; x_wconf 79' lang='grc' dir='ltr'>Μετὰ</span> <span class='ocrx_word' id='word_1_650' title='bbox 3558 4844 3616 4896; x_wconf 90' lang='grc' dir='ltr'><strong>δέ</strong></span> <span class='ocrx_word' id='word_1_651' title='bbox 3658 4841 3803 4896; x_wconf 80' lang='grc' dir='ltr'>θανά-</span> 
     </span>
    </p>
   </div>
   <div class='ocr_carea' id='block_1_97' title="bbox 2252 4930 3804 5003">
    <p class='ocr_par' dir='ltr' id='par_1_97' title="bbox 2252 4930 3804 5003">
     <span class='ocr_line' id='line_1_97' title="bbox 2252 4930 3804 5003; baseline 0.002 -19"><span class='ocrx_word' id='word_1_652' title='bbox 2252 4949 2346 4984; x_wconf 88' lang='grc' dir='ltr'><strong>του</strong></span> <span class='ocrx_word' id='word_1_653' title='bbox 2378 4930 2714 5000; x_wconf 81' lang='grc' dir='ltr'>Μαξιμιανοῦ</span> <span class='ocrx_word' id='word_1_654' title='bbox 2742 4933 2931 5001; x_wconf 88' lang='grc' dir='ltr'>γέγονε</span> <span class='ocrx_word' id='word_1_655' title='bbox 2965 4935 3609 5000; x_wconf 85' lang='grc' dir='ltr'>Κωνσταντινουπόλεως,</span> <span class='ocrx_word' id='word_1_656' title='bbox 3636 4932 3804 5003; x_wconf 76' lang='grc' dir='ltr'>κειμέ-</span> 
     </span>
    </p>
   </div>
   <div class='ocr_carea' id='block_1_98' title="bbox 2254 5024 3803 5101">
    <p class='ocr_par' dir='ltr' id='par_1_98' title="bbox 2254 5024 3803 5101">
     <span class='ocr_line' id='line_1_98' title="bbox 2254 5024 3803 5101; baseline 0.001 -24"><span class='ocrx_word' id='word_1_657' title='bbox 2254 5041 2344 5077; x_wconf 91' lang='grc' dir='ltr'><strong>νου</strong></span> <span class='ocrx_word' id='word_1_658' title='bbox 2370 5024 2463 5078; x_wconf 84' lang='grc' dir='ltr'>τοῦ</span> <span class='ocrx_word' id='word_1_659' title='bbox 2497 5024 2747 5094; x_wconf 76' lang='grc' dir='ltr'>λειψάνου</span> <span class='ocrx_word' id='word_1_660' title='bbox 2795 5025 2958 5080; x_wconf 79' lang='grc' dir='ltr'>αὑτοῦ</span> <span class='ocrx_word' id='word_1_661' title='bbox 2989 5029 3046 5079; x_wconf 85' lang='grc' dir='ltr'><strong>ἐν</strong></span> <span class='ocrx_word' id='word_1_662' title='bbox 3085 5025 3162 5096; x_wconf 84' lang='grc' dir='ltr'>τῷ</span> <span class='ocrx_word' id='word_1_663' title='bbox 3193 5026 3496 5098; x_wconf 82' lang='grc' dir='ltr'>διακονικῷ</span> <span class='ocrx_word' id='word_1_664' title='bbox 3515 5048 3529 5061; x_wconf 91' lang='grc'><strong>·</strong></span> <span class='ocrx_word' id='word_1_665' title='bbox 3568 5030 3803 5101; x_wconf 80' lang='grc' dir='ltr'>ἀρχιερα-</span> 
     </span>
    </p>
   </div>
   <div class='ocr_carea' id='block_1_99' title="bbox 2255 5115 2688 5187">
    <p class='ocr_par' dir='ltr' id='par_1_99' title="bbox 2255 5115 2688 5187">
     <span class='ocr_line' id='line_1_99' title="bbox 2255 5115 2688 5187; baseline 0 -19"><span class='ocrx_word' id='word_1_666' title='bbox 2255 5115 2345 5168; x_wconf 88' lang='grc' dir='ltr'><strong>τεύ</strong></span> <span class='ocrx_word' id='word_1_667' title='bbox 2354 5133 2449 5180; x_wconf 87' lang='grc' dir='ltr'><strong>σας</strong></span> <span class='ocrx_word' id='word_1_668' title='bbox 2476 5115 2569 5187; x_wconf 78' lang='grc' dir='ltr'><strong>ἔτη</strong></span> <span class='ocrx_word' id='word_1_669' title='bbox 2602 5116 2688 5186; x_wconf 86' lang='grc' dir='ltr'>ιβ’.</span> 
     </span>
    </p>
   </div>
   <div class='ocr_carea' id='block_1_100' title="bbox 1578 5229 2797 5302">
    <p class='ocr_par' dir='ltr' id='par_1_100' title="bbox 1578 5229 2797 5302">
     <span class='ocr_line' id='line_1_100' title="bbox 1578 5229 2797 5302; baseline 0.004 -21"><span class='ocrx_word' id='word_1_670' title='bbox 1578 5229 1715 5282; x_wconf 85' lang='lat' dir='ltr'><strong>Ibid.</strong></span> <span class='ocrx_word' id='word_1_671' title='bbox 1747 5229 1774 5299; x_wconf 59' lang='grc' dir='ltr'>ᾗ</span> <span class='ocrx_word' id='word_1_672' title='bbox 1805 5229 1878 5284; x_wconf 91' lang='lat' dir='ltr'><strong>De</strong></span> <span class='ocrx_word' id='word_1_673' title='bbox 1908 5231 2359 5286; x_wconf 88' lang='lat' dir='ltr'><strong>translationibus</strong></span> <span class='ocrx_word' id='word_1_674' title='bbox 2393 5234 2797 5302; x_wconf 89' lang='lat' dir='ltr'><strong>episcoporum.</strong></span> 
     </span>
    </p>
   </div>
   <div class='ocr_carea' id='block_1_101' title="bbox 656 5339 2149 5409">
    <p class='ocr_par' dir='ltr' id='par_1_101' title="bbox 656 5339 2149 5409">
     <span class='ocr_line' id='line_1_101' title="bbox 656 5339 2149 5409; baseline 0.001 -15"><span class='ocrx_word' id='word_1_675' title='bbox 656 5340 813 5394; x_wconf 82' lang='lat' dir='ltr'><strong>Anno</strong></span> <span class='ocrx_word' id='word_1_676' title='bbox 844 5355 940 5393; x_wconf 80' lang='lat' dir='ltr'><strong>xm</strong></span> <span class='ocrx_word' id='word_1_677' title='bbox 970 5339 1312 5409; x_wconf 89' lang='lat' dir='ltr'><strong>imperatoris</strong></span> <span class='ocrx_word' id='word_1_678' title='bbox 1335 5339 1624 5394; x_wconf 89' lang='lat' dir='ltr'><strong>Theodosii</strong></span> <span class='ocrx_word' id='word_1_679' title='bbox 1657 5339 1900 5396; x_wconf 85' lang='lat' dir='ltr'><strong>Junioris</strong></span> <span class='ocrx_word' id='word_1_680' title='bbox 1927 5342 2149 5396; x_wconf 78' lang='lat' dir='ltr'><strong>Arcadii</strong></span> 
     </span>
    </p>
   </div>
   <div class='ocr_carea' id='block_1_102' title="bbox 590 5431 2152 5503">
    <p class='ocr_par' dir='ltr' id='par_1_102' title="bbox 590 5431 2152 5503">
     <span class='ocr_line' id='line_1_102' title="bbox 590 5431 2152 5503; baseline 0 -17"><span class='ocrx_word' id='word_1_681' title='bbox 590 5432 708 5495; x_wconf 76' lang='lat' dir='ltr'><strong>filii,</strong></span> <span class='ocrx_word' id='word_1_682' title='bbox 728 5447 956 5502; x_wconf 79' lang='lat' dir='ltr'><strong>magnus</strong></span> <span class='ocrx_word' id='word_1_683' title='bbox 981 5433 1068 5486; x_wconf 90' lang='lat' dir='ltr'><strong>ille</strong></span> <span class='ocrx_word' id='word_1_684' title='bbox 1095 5431 1320 5486; x_wconf 88' lang='lat' dir='ltr'><strong>Proclus</strong></span> <span class='ocrx_word' id='word_1_685' title='bbox 1350 5433 1634 5487; x_wconf 88' lang='lat' dir='ltr'><strong>ordinatus</strong></span> <span class='ocrx_word' id='word_1_686' title='bbox 1657 5434 1940 5503; x_wconf 86' lang='lat' dir='ltr'><strong>episcopus</strong></span> <span class='ocrx_word' id='word_1_687' title='bbox 1972 5434 2152 5503; x_wconf 84' lang='lat' dir='ltr'><strong>Cyzici</strong></span> 
     </span>
    </p>
   </div>
   <div class='ocr_carea' id='block_1_103' title="bbox 589 5520 2147 5592">
    <p class='ocr_par' dir='ltr' id='par_1_103' title="bbox 589 5520 2147 5592">
     <span class='ocr_line' id='line_1_103' title="bbox 589 5520 2147 5592; baseline 0.001 -20"><span class='ocrx_word' id='word_1_688' title='bbox 589 5535 618 5572; x_wconf 89' lang='lat' dir='ltr'><strong>a</strong></span> <span class='ocrx_word' id='word_1_689' title='bbox 653 5520 896 5575; x_wconf 87' lang='lat' dir='ltr'><strong>Sisinnio</strong></span> <span class='ocrx_word' id='word_1_690' title='bbox 935 5522 1266 5592; x_wconf 88' lang='lat' dir='ltr'><strong>patriarcha,</strong></span> <span class='ocrx_word' id='word_1_691' title='bbox 1300 5537 1404 5574; x_wconf 89' lang='lat' dir='ltr'><strong>non</strong></span> <span class='ocrx_word' id='word_1_692' title='bbox 1441 5521 1716 5577; x_wconf 89' lang='lat' dir='ltr'><strong>admissus</strong></span> <span class='ocrx_word' id='word_1_693' title='bbox 1755 5523 1808 5574; x_wconf 94' lang='lat' dir='ltr'><strong>in</strong></span> <span class='ocrx_word' id='word_1_694' title='bbox 1849 5522 1960 5575; x_wconf 90' lang='lat' dir='ltr'><strong>otio</strong></span> <span class='ocrx_word' id='word_1_695' title='bbox 1997 5522 2147 5574; x_wconf 83' lang='lat' dir='ltr'><strong>vixit.</strong></span> 
     </span>
    </p>
   </div>
   <div class='ocr_carea' id='block_1_104' title="bbox 592 5609 2149 5682">
    <p class='ocr_par' dir='ltr' id='par_1_104' title="bbox 592 5609 2149 5682">
     <span class='ocr_line' id='line_1_104' title="bbox 592 5609 2149 5682; baseline 0.004 -23"><span class='ocrx_word' id='word_1_696' title='bbox 592 5609 719 5664; x_wconf 86' lang='lat' dir='ltr'><strong>Post</strong></span> <span class='ocrx_word' id='word_1_697' title='bbox 750 5611 1144 5682; x_wconf 89' lang='lat' dir='ltr'><strong>depositionem</strong></span> <span class='ocrx_word' id='word_1_698' title='bbox 1182 5629 1313 5668; x_wconf 89' lang='lat' dir='ltr'><strong>vero</strong></span> <span class='ocrx_word' id='word_1_699' title='bbox 1344 5614 1607 5676; x_wconf 86' lang='lat' dir='ltr'><strong>Nestorii,</strong></span> <span class='ocrx_word' id='word_1_700' title='bbox 1641 5614 1891 5668; x_wconf 85' lang='lat' dir='ltr'><strong>decretus</strong></span> <span class='ocrx_word' id='word_1_701' title='bbox 1939 5614 1986 5667; x_wconf 90' lang='lat' dir='ltr'><strong>ei</strong></span> <span class='ocrx_word' id='word_1_702' title='bbox 2030 5614 2149 5682; x_wconf 91' lang='lat' dir='ltr'><strong>qui-</strong></span> 
     </span>
    </p>
   </div>
   <div class='ocr_carea' id='block_1_105' title="bbox 591 5699 2148 5774">
    <p class='ocr_par' dir='ltr' id='par_1_105' title="bbox 591 5699 2148 5774">
     <span class='ocr_line' id='line_1_105' title="bbox 591 5699 2148 5774; baseline 0.005 -24"><span class='ocrx_word' id='word_1_703' title='bbox 591 5699 710 5752; x_wconf 88' lang='lat' dir='ltr'><strong>dem</strong></span> <span class='ocrx_word' id='word_1_704' title='bbox 730 5706 1071 5770; x_wconf 84' lang='lat' dir='ltr'><strong>episcOpatus</strong></span> <span class='ocrx_word' id='word_1_705' title='bbox 1097 5704 1763 5774; x_wconf 88' lang='lat' dir='ltr'><strong>Constantinopolitanus,</strong></span> <span class='ocrx_word' id='word_1_706' title='bbox 1803 5705 1896 5759; x_wconf 91' lang='lat' dir='ltr'><strong>sed</strong></span> <span class='ocrx_word' id='word_1_707' title='bbox 1932 5705 1983 5758; x_wconf 89' lang='lat' dir='ltr'><strong>in</strong></span> <span class='ocrx_word' id='word_1_708' title='bbox 2013 5705 2148 5760; x_wconf 85' lang='lat' dir='ltr'><strong>solio</strong></span> 
     </span>
    </p>
   </div>
   <div class='ocr_carea' id='block_1_106' title="bbox 593 5793 2148 5866">
    <p class='ocr_par' dir='ltr' id='par_1_106' title="bbox 593 5793 2148 5866">
     <span class='ocr_line' id='line_1_106' title="bbox 593 5793 2148 5866; baseline 0.007 -26"><span class='ocrx_word' id='word_1_709' title='bbox 593 5802 699 5842; x_wconf 83' lang='lat' dir='ltr'><strong>non</strong></span> <span class='ocrx_word' id='word_1_710' title='bbox 729 5797 812 5842; x_wconf 80' lang='lat' dir='ltr'><strong>est</strong></span> <span class='ocrx_word' id='word_1_711' title='bbox 838 5793 1131 5850; x_wconf 84' lang='lat' dir='ltr'><strong>collocatus</strong></span> <span class='ocrx_word' id='word_1_712' title='bbox 1171 5796 1240 5849; x_wconf 86' lang='lat' dir='ltr'><strong>ob</strong></span> <span class='ocrx_word' id='word_1_713' title='bbox 1278 5796 1534 5849; x_wconf 88' lang='lat' dir='ltr'><strong>invidiam</strong></span> <span class='ocrx_word' id='word_1_714' title='bbox 1565 5796 1874 5865; x_wconf 78' lang='lat' dir='ltr'><strong>pontiﬁcum</strong></span> <span class='ocrx_word' id='word_1_715' title='bbox 1916 5798 2008 5866; x_wconf 83' lang='lat' dir='ltr'><strong>qui</strong></span> <span class='ocrx_word' id='word_1_716' title='bbox 2051 5813 2148 5865; x_wconf 82' lang='lat' dir='ltr'><strong>po-</strong></span> 
     </span>
    </p>
   </div>
   <div class='ocr_carea' id='block_1_107' title="bbox 2331 5344 3805 5417">
    <p class='ocr_par' dir='ltr' id='par_1_107' title="bbox 2331 5344 3805 5417">
     <span class='ocr_line' id='line_1_107' title="bbox 2331 5344 3805 5417; baseline 0.005 -21"><span class='ocrx_word' id='word_1_717' title='bbox 2331 5345 2417 5396; x_wconf 84' lang='lat' dir='ltr'><strong>’Ev</strong></span> <span class='ocrx_word' id='word_1_718' title='bbox 2445 5344 2522 5414; x_wconf 79' lang='grc' dir='ltr'>τῷ</span> <span class='ocrx_word' id='word_1_719' title='bbox 2562 5351 2628 5412; x_wconf 75' lang='grc' dir='ltr'>ιγ’</span> <span class='ocrx_word' id='word_1_720' title='bbox 2672 5345 2780 5397; x_wconf 76' lang='grc' dir='ltr'>ἔτει</span> <span class='ocrx_word' id='word_1_721' title='bbox 2818 5347 2913 5417; x_wconf 74' lang='grc' dir='ltr'><strong>τῆς</strong></span> <span class='ocrx_word' id='word_1_722' title='bbox 2947 5345 3221 5414; x_wconf 81' lang='grc' dir='ltr'>βασιλείας</span> <span class='ocrx_word' id='word_1_723' title='bbox 3255 5347 3548 5403; x_wconf 84' lang='grc' dir='ltr'>Θεοδοσίου</span> <span class='ocrx_word' id='word_1_724' title='bbox 3585 5349 3675 5403; x_wconf 83' lang='grc' dir='ltr'>τοῦ</span> <span class='ocrx_word' id='word_1_725' title='bbox 3719 5349 3805 5404; x_wconf 82' lang='lat' dir='ltr'><strong>Mt-</strong></span> 
     </span>
    </p>
   </div>
   <div class='ocr_carea' id='block_1_108' title="bbox 2247 5434 3805 5510">
    <p class='ocr_par' dir='ltr' id='par_1_108' title="bbox 2247 5434 3805 5510">
     <span class='ocr_line' id='line_1_108' title="bbox 2247 5434 3805 5510; baseline 0.006 -24"><span class='ocrx_word' id='word_1_726' title='bbox 2247 5434 2402 5504; x_wconf 82' lang='grc' dir='ltr'>κροῦ,</span> <span class='ocrx_word' id='word_1_727' title='bbox 2425 5434 2516 5487; x_wconf 79' lang='grc' dir='ltr'>τοῦ</span> <span class='ocrx_word' id='word_1_728' title='bbox 2543 5435 2671 5488; x_wconf 82' lang='grc' dir='ltr'>Υίοῧ</span> <span class='ocrx_word' id='word_1_729' title='bbox 2701 5437 3003 5505; x_wconf 84' lang='grc' dir='ltr'>Ἀρκαδίου,</span> <span class='ocrx_word' id='word_1_730' title='bbox 3021 5441 3048 5490; x_wconf 87' lang='grc' dir='ltr'>ὁ</span> <span class='ocrx_word' id='word_1_731' title='bbox 3077 5440 3246 5507; x_wconf 81' lang='grc' dir='ltr'>μέγας</span> <span class='ocrx_word' id='word_1_732' title='bbox 3258 5440 3512 5510; x_wconf 84' lang='grc' dir='ltr'>Πρόκλος</span> <span class='ocrx_word' id='word_1_733' title='bbox 3529 5441 3805 5501; x_wconf 77' lang='grc' dir='ltr'>ἐπίσκοπος</span> 
     </span>
    </p>
   </div>
   <div class='ocr_carea' id='block_1_109' title="bbox 2247 5525 3804 5605">
    <p class='ocr_par' dir='ltr' id='par_1_109' title="bbox 2247 5525 3804 5605">
     <span class='ocr_line' id='line_1_109' title="bbox 2247 5525 3804 5605; baseline 0.008 -29"><span class='ocrx_word' id='word_1_734' title='bbox 2247 5525 2484 5589; x_wconf 79' lang='grc' dir='ltr'>Κυζίκου</span> <span class='ocrx_word' id='word_1_735' title='bbox 2542 5528 2931 5597; x_wconf 73' lang='grc' dir='ltr'>χειροτονηθεὶς</span> <span class='ocrx_word' id='word_1_736' title='bbox 2983 5529 3073 5583; x_wconf 75' lang='grc' dir='ltr'><strong>ἐπὶ</strong></span> <span class='ocrx_word' id='word_1_737' title='bbox 3124 5531 3395 5584; x_wconf 84' lang='grc' dir='ltr'>Σισιννίου</span> <span class='ocrx_word' id='word_1_738' title='bbox 3446 5537 3804 5605; x_wconf 83' lang='grc' dir='ltr'>πατριάρχου.</span> 
     </span>
    </p>
   </div>
   <div class='ocr_carea' id='block_1_110' title="bbox 2247 5614 3806 5696">
    <p class='ocr_par' dir='ltr' id='par_1_110' title="bbox 2247 5614 3806 5696">
     <span class='ocr_line' id='line_1_110' title="bbox 2247 5614 3806 5696; baseline 0.006 -32"><span class='ocrx_word' id='word_1_739' title='bbox 2247 5614 2543 5683; x_wconf 85' lang='grc' dir='ltr'>ἐσχόλασε,</span> <span class='ocrx_word' id='word_1_740' title='bbox 2608 5615 2679 5686; x_wconf 78' lang='grc' dir='ltr'>μὴ</span> <span class='ocrx_word' id='word_1_741' title='bbox 2737 5615 2964 5686; x_wconf 86' lang='grc' dir='ltr'>δεχθείς.</span> <span class='ocrx_word' id='word_1_742' title='bbox 3022 5619 3172 5673; x_wconf 81' lang='grc' dir='ltr'>Μετὰ</span> <span class='ocrx_word' id='word_1_743' title='bbox 3225 5620 3279 5672; x_wconf 81' lang='grc' dir='ltr'>δὲ</span> <span class='ocrx_word' id='word_1_744' title='bbox 3341 5623 3446 5693; x_wconf 81' lang='grc' dir='ltr'>τὴν</span> <span class='ocrx_word' id='word_1_745' title='bbox 3505 5625 3806 5696; x_wconf 71' lang='grc' dir='ltr'>καθαίρεσιν</span> 
     </span>
    </p>
   </div>
   <div class='ocr_carea' id='block_1_111' title="bbox 2246 5706 3803 5782">
    <p class='ocr_par' dir='ltr' id='par_1_111' title="bbox 2246 5706 3803 5782">
     <span class='ocr_line' id='line_1_111' title="bbox 2246 5706 3803 5782; baseline 0.005 -24"><span class='ocrx_word' id='word_1_746' title='bbox 2246 5706 2556 5777; x_wconf 84' lang='grc' dir='ltr'>Νεστορίου,</span> <span class='ocrx_word' id='word_1_747' title='bbox 2588 5707 2855 5778; x_wconf 77' lang='grc' dir='ltr'>ἐψηφίσθη</span> <span class='ocrx_word' id='word_1_748' title='bbox 2888 5709 2985 5778; x_wconf 82' lang='grc' dir='ltr'>μὲν</span> <span class='ocrx_word' id='word_1_749' title='bbox 3026 5710 3678 5782; x_wconf 74' lang='grc' dir='ltr'>Κωνσταντινουπόλεως,</span> <span class='ocrx_word' id='word_1_750' title='bbox 3718 5714 3803 5766; x_wconf 71' lang='grc' dir='ltr'>οὐκ</span> 
     </span>
    </p>
   </div>
   <div class='ocr_carea' id='block_1_112' title="bbox 2247 5798 3802 5876">
    <p class='ocr_par' dir='ltr' id='par_1_112' title="bbox 2247 5798 3802 5876">
     <span class='ocr_line' id='line_1_112' title="bbox 2247 5798 3802 5876; baseline 0.006 -28"><span class='ocrx_word' id='word_1_751' title='bbox 2247 5798 2584 5870; x_wconf 72' lang='grc' dir='ltr'>ἑνεθρονίσθη</span> <span class='ocrx_word' id='word_1_752' title='bbox 2621 5799 2673 5852; x_wconf 82' lang='grc' dir='ltr'>δὲ</span> <span class='ocrx_word' id='word_1_753' title='bbox 2720 5801 2804 5854; x_wconf 81' lang='grc' dir='ltr'><strong>διά</strong></span> <span class='ocrx_word' id='word_1_754' title='bbox 2845 5801 3031 5870; x_wconf 76' lang='grc' dir='ltr'>φθόνον</span> <span class='ocrx_word' id='word_1_755' title='bbox 3075 5804 3180 5857; x_wconf 82' lang='grc' dir='ltr'>τῶν</span> <span class='ocrx_word' id='word_1_756' title='bbox 3225 5808 3802 5876; x_wconf 64' lang='grc' dir='ltr'>παρλιόυναστευόντων</span> 
     </span>
    </p>
   </div>
  </div>
