4028 6330
374 336 485 395 677
1552 329 1716 388 ΤΕδῖ
1733 328 1970 386 ΙΜΟΝΙΑ

2048 324 2361 384 ΕΤΕΒΠΜ.
3483 328 3594 387 ετξ

366 454 488 507 τότε
517 447 833 520 ἀρχιερέων.
868 447 1021 502 Μετὰ
1049 446 1107 501 δὲ
1137 444 1316 514 τοῦτο,
1340 445 1433 500 τοῦ
1465 443 1929 518 χειροτονηθέντας
1956 450 1979 507 Α

2048 442 2200 497 .entia
2247 457 2346 496 sua
2400 454 2547 494 nunc
2597 439 2977 495 abutebantur.
3029 437 3222 496 Postea
3273 456 3399 496 vero
3425 458 3592 510 quam

366 539 710 613 Μαξιμιανοῦ
774 540 1225 611 τελευτήσαντος,
1271 539 1351 595 ἔτι
1394 539 1645 610 κειμένου
1693 536 1785 591 τοῦ
1825 536 1934 589 λει-

2048 535 2320 589 πᾶὶηιιιυε
2344 534 2508 589 isthic
2534 532 2895 588 Maximianus
2921 532 3062 586 diem
3088 533 3334 596 o'uiisset,
3364 530 3595 589 necdum

365 636 536 704 ψάνου
581 633 781 699 αὐτοῦ,
829 633 1210 706 προσεκλήθη,
1252 634 1346 686 καὶ
1391 628 1732 703 ὲνεθρονίσθη
1782 629 1936 683 Κων-

2048 625 2253 695 ιοριιιιο
2298 625 2472 694 ipsius
2507 624 2790 687 cadavere,
2828 622 3123 679 accersitus
3155 632 3262 685 est,
3291 633 3346 678 et
3372 624 3426 677 in
3458 624 3603 680 soiio

371 723 864 787 σταντινουπόλεως
888 762 904 786 ,
963 723 1265 778 συναινέσει
1318 724 1412 778 καὶ
1464 720 1559 775 τοῦ
1610 717 1934 773 Κελεστίνου

2048 718 2361 779 :oliocatus,
2414 717 2578 771 etiam
2618 715 2916 771 Caelestino
2948 729 3084 785 papa
3123 713 3372 770 Romano
3410 730 3602 770 assen~

367 817 528 872 πάπα
558 815 798 887 Ῥώμης,
820 814 1126 887 συμψήφων
1148 814 1450 886 γενομένων
1471 811 1561 874 καὶ
1584 809 1677 865 τοῦ
1700 806 1935 880 μεγάλου

2048 808 2226 872 liente,
2255 822 2318 860 ac
2343 806 2714 876 episcopatum
2734 806 2803 861 ὀἱ
2836 805 3260 864 decernentibus
3287 822 3486 877 magno
3510 808 3603 862 illo

366 903 641 976 Κυρίλλου
673 906 768 958 καὶ
806 905 1052 981 Ἰωάννου
1088 903 1437 975 Ἀντιοχείας.

2048 900 2240 972 Cyrilio
2268 907 2321 954 et
2345 896 2555 954 Joanne
2595 898 2955 955 Antiocheno.

1890 1016 2102 1077 XXVI.

1128 1137 1207 1193 Ex
1231 1137 1537 1209 Menologio
1560 1135 1873 1192 Graecorum
1895 1135 2088 1191 Basilii
2116 1135 2302 1201 imper.
2326 1140 2467 1201 part.
2504 1148 2539 1194 ι,
2565 1148 2687 1201 pag.
2726 1131 2848 1187 H0.

2115 1247 2320 1304 Eadem
2370 1247 2460 1303 die
2496 1263 2548 1302 ix
2604 1246 2724 1303 Kal.
2774 1246 2911 1303 Nov.
2944 1254 3394 1308 commemoratio
3430 1257 3607 1313 sancti

2040 1340 2223 1397 Patris
2289 1341 2466 1395 nostri
2518 1338 2694 1395 Procli
2733 1342 3059 1410 patriarcha:
3110 1344 3611 1420 Constantinopoli-

443 1258 521 1328 Τῇ
549 1257 685 1326 αὐτῇ
715 1253 899 1325 ἡμέρα
944 1252 1022 1308 κᾶ
1068 1251 1277 1308 Ὠκτοό.
1333 1252 1517 1323 μνήμη
1553 1250 1646 1304 τοῦ
1676 1253 1732 1304 ἐν
1762 1251 1936 1320 ἁγίοις

374 1349 584 1419 Πατρδς
627 1346 780 1418 ἡμῶν
826 1344 1067 1416 Πρόκλου
1111 1345 1446 1416 πατριάρχου
1497 1345 1937 1397 Κωνσταντινου-

377 1443 601 1505 πόλεως.
641 1441 697 1491 Ὀ
728 1441 784 1491 ὲν
816 1437 994 1506 ἁγίοις
1024 1437 1212 1508 Πατὴρ
1239 1434 1393 1507 ἡμῶν
1420 1434 1681 1507 Πρόκλος,
1708 1434 1944 1505 εὐλαϐὴς

2048 1434 2175 1489 tani.
2216 1433 2452 1489 Sanctus
2510 1433 2669 1488 Pater
2722 1442 2911 1489 noster
2957 1433 3182 1492 Proclus
3232 1453 3355 1493 cum
3386 1440 3607 1510 pietate.

374 1532 451 1586 ὣν
477 1534 570 1586 καὶ
609 1531 788 1599 σοφὸς,
821 1530 913 1584 καὶ
951 1530 1224 1599 ἐνάρετος,
1256 1526 1633 1599 ἐχειροτονήθη
1667 1526 1817 1597 παρὰ
1845 1523 1938 1578 τοῦ

2048 1522 2315 1593 sapientia
2340 1537 2403 1577 ac
2424 1522 2625 1577 virtute
2645 1530 2790 1577 esset
2821 1524 3074 1594 insignis,
3100 1541 3129 1580 a
3156 1537 3349 1583 sancto
3369 1530 3611 1586 Sisinnio

375 1625 534 1696 ἁγίου
596 1624 860 1678 Σισιννίου
930 1621 1269 1693 πατριάρχου
1321 1618 1940 1681 Κωνσταντινουπόλεως

2040 1613 2353 1684 patriarcha
2415 1612 3021 1687 Constantinopolitano
3078 1618 3259 1689 Cyzici
3321 1621 3612 1693 episcopus

375 1718 671 1781 ἐπίσκοπος
706 1714 962 1779 Κυζίκου.
1003 1711 1294 1777 Ἀπελθὼν,
1319 1711 1413 1765 καὶ
1445 1710 1520 1783 μὴ
1550 1711 1757 1781 δεχθεὶς
1788 1710 1939 1780 παρὰ

2048 1713 2258 1760 creatus
2283 1716 2387 1760 est.
2426 1705 2555 1762 Illuc
2589 1706 2963 1777 proﬁciscens,
2999 1726 3121 1763 cum
3146 1726 3176 1765 a
3211 1713 3428 1775 clericis
3460 1714 3612 1787 Cyll-

374 1810 485 1864 τῶν
516 1812 633 1864 ἐκεῖ
665 1808 942 1880 κληρικῶν
978 1806 1267 1877 αίρετικῶν
1294 1805 1481 1869 ὄντων,
1516 1802 1853 1875 ὑπέστρεψεν
1884 1803 1941 1856 ὲν
1974 1803 1979 1855 J

2048 1798 2216 1860 cenis,
2247 1799 2449 1868 quippe
2472 1798 2562 1868 qui
2596 1798 2837 1855 lueretici
2868 1812 3084 1866 essent,
3117 1819 3226 1858 non
3259 1808 3612 1876 reciperetur,

379 1899 975 1961 Κωνσταντινουπόλει,
1022 1899 1113 1950 τὺν
1160 1897 1361 1967 μεταξὺ
1406 1895 1679 1966 σχολάζων
1725 1895 1937 1965 χρόνον,

378 1992 472 2045 καὶ
498 1991 781 2062 προσέχων
807 1987 981 2059 ἑαυτῷ
1017 2005 1075 2041 τε
1110 1988 1200 2041 καὶ
1222 1990 1287 2058 τῇ
1320 1986 1643 2055 ἀναγνώσει.
1679 1987 1722 2039 Τ
1725 1987 1944 2056 ελευτή-

380 2096 570 2146 σαντος
600 2083 657 2135 δὲ
679 2079 1021 2150 Μαξιμιανοῦ
1058 2077 1151 2133 τοῦ
1194 2078 1553 2150 πατριάρχου,
1586 2077 1665 2131 ἔτι
1696 2076 1791 2130 τοῦ
1830 2076 1944 2129 λει-

377 2174 553 2243 ψάνου
580 2171 744 2226 αὐτοῦ
772 2172 1023 2242 κειμένου
1051 2173 1107 2224 ὲν
1130 2170 1207 2242 τῷ
1237 2171 1485 2242 ίερατείῳ
1508 2170 1607 2242 τῆς
1641 2169 1948 2239 ἁγιωτάτης

377 2263 474 2317 τοῦ
522 2262 657 2316 Θεοῦ
717 2262 957 2333 μεγάλης
1008 2261 1329 2331 ἐκκλησίας,
1386 2259 1789 2331 προχειρίζεται
1849 2276 1953 2312 πα·-

375 2356 645 2428 τριάρχης
702 2353 1337 2416 Κωνσταντινουπόλεως.
1403 2353 1515 2405 Καὶ
1584 2350 1948 2422 ὲνθρονίζεται

378 2450 498 2504 κατ’
519 2449 688 2520 αὐτὴν
716 2447 815 2519 τὴν
842 2447 1083 2517 μεγάλην
1105 2445 1372 2516 ἑϐδομάδα
1392 2446 1449 2497 ὲν
1479 2445 1543 2514 τῇ
1565 2442 1697 2513 ἁγίᾳ
1719 2443 1947 2513 Πέμπτῃ

376 2539 472 2593 τοῦ
510 2537 778 2609 σωτηρίου
815 2536 1018 2600 πάθους
1040 2534 1135 2589 τοῦ
1168 2535 1373 2605 Κυρίου
1413 2532 1569 2603 ήμῶν
1608 2532 1781 2603 Ἰησοῦ
1816 2534 1950 2603 Χρι-

379 2631 531 2684 στοῦ.
567 2631 678 2683 Καὶ
706 2629 887 2691 καλῶς
916 2627 1367 2697 πολιτευσάμενος
1410 2624 1505 2677 καὶ
1538 2625 1675 2694 μετὰ
1702 2624 1801 2694 τὴν
1839 2640 1947 2695 χει-

381 2722 656 2794 ροτονίαν,
698 2723 793 2775 καὶ
831 2720 1056 2783 πολλοὺς
1109 2718 1197 2772 διὰ
1247 2718 1345 2789 τῆς
1389 2716 1734 2779 διδασκαλίας
1779 2715 1945 2768 αὐτοῦ

373 2816 686 2886 ὠφελήσας,
706 2813 1079 2883 ὲπεσκόπησεν
1102 2810 1196 2884 ἔτη
1224 2809 1430 2865 δώδεκα
1454 2809 1549 2863 καὶ
1579 2810 1752 2882 μῆνας
1774 2810 1944 2879 τρεῖς,

373 2907 474 2961 καὶ
499 2903 805 2968 τελειωθεὶς
833 2903 1195 2960 ἀνεπαύσατο.

2042 1887 2579 1959 Constantinopolim
2638 1891 2818 1958 rediit,
2862 1892 2952 1947 ubi
3000 1910 3095 1964 per
3128 1896 3345 1966 aliquod
3400 1906 3615 1971 tempus

2041 1981 2112 2039 ab
2135 1980 2612 2037 administratione
2640 1996 2864 2047 vacans,
2900 1984 3001 2039 sibi
3042 1985 3344 2056 litterisque
3395 2003 3613 2057 operam

2045 2073 2215 2139 dedit,
2252 2072 2429 2143 quoad
2459 2072 2787 2129 Maximiano
2834 2075 3144 2145 patriarcha
3176 2078 3452 2146 defuncto,
3489 2096 3614 2136 cum

2048 2165 2228 2221 adhuc
2260 2165 2493 2221 cadaver
2520 2166 2642 2234 ejus
2695 2166 2751 2220 in
2796 2169 3162 2226 sanctissima:
3193 2179 3248 2227 et
3294 2187 3503 2243 magnae
3528 2190 3604 2230 cc-

2049 2257 2230 2311 clesiac
2254 2255 2348 2312 Dei
2381 2258 2626 2311 sacrario
2651 2258 2879 2327 iaceret,
2901 2273 3120 2318 creatur
3145 2266 3452 2333 patriarcha
3480 2267 3619 2324 Con.

2049 2348 2589 2417 stantinopolitanus.
2625 2348 2691 2402 Ει
2721 2350 2776 2403 in
2808 2351 3008 2405 throno
3046 2355 3233 2409 eadem
3262 2356 3381 2427 ipsa
3409 2374 3613 2428 magna

2050 2438 2401 2494 hebdomadas
2440 2449 2631 2496 sancta
2677 2443 2867 2512 quinta
2910 2444 2998 2499 die
3043 2447 3301 2503 salutaris
3345 2453 3615 2519 passionis

2049 2525 2265 2583 Domini
2298 2531 2471 2585 nostri
2500 2530 2630 2587 Jcsu
2672 2533 2876 2590 Christi
2905 2537 3223 2594 collocatur.
3260 2540 3326 2594 Et
3353 2543 3445 2613 qui
3494 2544 3614 2614 epi-

2050 2622 2202 2690 scopi
2230 2637 2433 2678 munus
2468 2626 2673 2693 optime
2696 2624 2939 2694 functus,
2989 2637 3098 2683 tam
3129 2630 3181 2685 in
3212 2647 3406 2689 manus
3443 2634 3616 2706 impo-

2052 2709 2272 2776 sitione,
2293 2728 2455 2782 quam
2500 2716 2553 2768 in
2586 2716 2877 2772 multorum
2928 2721 3131 2776 auxilio
3175 2738 3274 2778 sua
3308 2723 3481 2794 ipsius
3526 2727 3615 2783 do-

2051 2802 2249 2867 ctrina,
2294 2819 2417 2858 cum
2460 2807 2687 2862 sedisset
2732 2809 2785 2863 in
2835 2810 3154 2881 episcopatu
3202 2827 3376 2872 annos
3414 2816 3617 2874 duode-

2049 2890 2154 2945 cim
2197 2902 2251 2947 et
2286 2909 2501 2955 menses
2550 2908 2683 2966 tres,
2724 2914 2790 2955 ex
2837 2901 2938 2956 hac
2962 2904 3073 2959 vita
3110 2905 3375 2977 migrans,
3404 2907 3457 2963 in
3487 2924 3630 2980 pace-

2048 2985 2272 3057 quievit.

1872 3106 2111 3171 XXVII.

564 3245 647 3297 Ea:
685 3241 996 3312 Menologio
1034 3240 1208 3296 Graec.
1246 3241 1397 3295 card.
1434 3239 1644 3307 Sirleti,
1675 3239 1770 3293 sub
1806 3239 1892 3293 die
1943 3254 2073 3294 xxxv
2102 3237 2495 3311 0ctobr.Apud
2519 3241 3159 3303 Canisiumiu'l‘hesaur.
3192 3256 3320 3307 tam.
3352 3249 3448 3317 lli,

1738 3361 1881 3423 part.
1905 3369 1945 3419 l,
1975 3369 2101 3426 pag.
2128 3354 2256 3411 486.

451 3474 657 3531 Eodem
703 3472 792 3528 die
837 3468 1287 3526 commemoratio
1329 3468 1504 3523 sancti
1544 3466 1723 3522 Patris
1773 3468 1951 3523 nostri
1975 3507 2020 3566 ο
2053 3470 2195 3540 guis,
2224 3486 2346 3525 cum
2392 3486 2566 3527 annos
2596 3471 2881 3527 duodecim
2911 3479 2966 3528 et
3007 3490 3225 3531 menses
3253 3486 3366 3532 tres
3407 3477 3620 3547 episco—

368 3564 561 3625 Procii
604 3564 928 3637 patriarchae
971 3559 1594 3631 Constantinopolitani:
1638 3560 1731 3629 qui
1764 3575 1948 3615 sacra.
1985 3559 2020 3566 “
2051 3570 2238 3632 patum
2290 3564 2426 3618 bene
2476 3563 2730 3631 rexisset,
2772 3565 2825 3620 in
2855 3580 2990 3637 pace
3030 3567 3282 3638 migravit
3326 3567 3392 3623 ad
3440 3569 3618 3627 Domi-

372 3675 505 3718 rum
537 3658 863 3714 Litterarum
905 3656 1101 3727 peritia
1144 3662 1198 3711 et
1251 3653 1525 3725 probitate
1553 3666 1766 3707 morum
1810 3653 1946 3707 insi-

1887 3766 2156 3829 XXVIII.
2396 3842 2401 3847 η

1244 3891 1330 3947 Ea:
1363 3891 1665 3967 Menologio
1698 3892 1977 3965 Horologii
2009 3892 2211 3973 Graec"
2242 3892 2371 3949 edit.
2408 3890 2588 3947 Venet.
2620 3893 2778 3951 1532.

454 4008 698 4080 Νοεμϐρ.
728 4008 780 4071 ι’,
811 4009 1105 4080 προεόρτια
1135 4008 1236 4078 τῆς
1269 4011 1325 4062 ὲν
1357 4009 1437 4080 τῷ
1465 4009 1576 4082 ναῷ
1617 4009 1823 4064 εἰσόδου
1849 4009 1950 4081 τῆς

373 4100 685 4175 ὕπεραγίας
707 4100 966 4153 Θεοτόκου
987 4114 1001 4130 ⁸
1038 4101 1131 4154 καὶ
1156 4101 1249 4154 τοῦ
1273 4103 1330 4154 ὲν
1352 4101 1527 4171 ἁγίοις
1553 4100 1765 4173 Πατρὸς
1794 4101 1949 4173 ἡμῶν

373 4193 632 4267 Πρόκλου
660 4194 1091 4265 άρχιεπισκόπου
1124 4194 1767 4259 Κωνσταντινουπόλεως.

468 4285 735 4352 Ἐπαξίως
796 4286 1035 4356 σήμερον
1094 4286 1450 4357 πανηγυρίζει
1509 4287 1542 4357 ἡ
1604 4284 1792 4338 πασῶν
1845 4284 1954 4338 τῶν

374 4376 594 4432 πόλεων
631 4377 933 4449 τιμιωτέρα
969 4376 1182 4448 άληθῶς
1216 4381 1272 4432 ὲν
1306 4380 1373 4449 τῇ
1412 4380 1580 4448 σεπτῇ
1630 4376 1955 4449 μεταστάσει

376 4489 506 4537 σου,
534 4476 716 4543 ιιάτερ
743 4470 1001 4541 Πατέρων
1030 4470 1240 4541 Πρόκλε
1275 4470 1425 4539 σοφέ.

2125 4008 2224 4065 Die
2271 4026 2304 4064 ι
2355 4008 2713 4074 Novembris,
2766 4009 3067 4081 profestum
3114 4012 3393 4082 ingressus
3436 4027 3620 4070 sacro-

2055 4111 2259 4159 sancta:
2292 4102 2383 4157 Dei
2415 4102 2710 4157 Genitricis
2739 4103 2793 4156 in
2832 4105 3114 4173 templum,
3156 4111 3210 4159 et
3242 4110 3413 4179 sancti
3443 4107 3621 4163 Patris

2056 4193 2230 4248 nostri
2269 4191 2441 4247 Procli
2473 4193 2870 4263 archiepiscopi
2895 4194 3503 4267 Coustantinopolitani.

2126 4284 2319 4340 Merito
2360 4285 2519 4339 hodic
2567 4285 2835 4340 celebrem
2884 4297 3213 4340 conventum
3268 4288 3379 4357 agit
3425 4290 3481 4343 in
3524 4298 3623 4345 tuo

2054 4378 2352 4432 venerabili
2397 4378 2654 4440 transitu,
2690 4378 2803 4432 hinc
2844 4394 2965 4449 quae
2990 4395 3116 4434 vere
3140 4363 3354 4435 caeteris
3400 4392 3622 4452 priestat

2058 4467 2304 4536 urbibus,
2343 4482 2375 4523 ο
2403 4467 2566 4523 Pater
2585 4468 2808 4523 Patrum
2834 4471 3238 4541 sapientissime
3261 4472 3478 4529 Prode.

1885 4588 2097 4650 XXIX.

1395 4711 1478 4766 Ea:
1507 4712 1809 4786 Menologio
1834 4714 2031 4784 Gram,
2060 4716 2190 4771 edit.
2230 4715 2412 4772 Venet.
2442 4717 2597 4774 1551.

452 4825 534 4898 τῇ
566 4825 644 4885 κε’
672 4826 855 4898 ἡμέρα
885 4827 1155 4899 Σεπτεμϐ.
1197 4828 1291 4881 ἐπὶ
1318 4828 1417 4898 τῆς
1449 4827 1721 4897 βασιλείας
1767 4829 1955 4885 Θεοδο-

2128 4831 2225 4889 Die
2265 4848 2370 4887 xxv
2418 4830 2785 4903 Septembris,
2829 4834 3135 4904 imperante
3177 4831 3487 4891 Theodosio
3527 4831 3621 4892 Ju-

372 4919 501 4976 σίου
545 4916 639 4972 τοῦ
673 4919 845 4984 Νέου,
887 4918 991 4990 πρὸ
1033 4919 1132 4989 τῆς
1185 4919 1556 4981 Ἀναστάσεως
1591 4920 1689 4992 τὴν
1741 4921 1953 4993 ἡμέραν

370 5010 574 5081 γέγονε
629 5010 850 5081 σεισμὸς
884 5011 1145 5081 φοϐερόςο
1202 5012 1296 5064 καὶ
1342 5010 1430 5064 διὰ
1477 5011 1635 5065 τοῦτο
1685 5012 1779 5065 τοῦ
1825 5013 1952 5067 λαοῦ

373 5099 582 5162 παντὸς
611 5101 706 5152 σὺν
731 5099 807 5169 τῷ
844 5099 1054 5169 βασιλεῖ
1076 5100 1338 5170 Θεοδοσίῳ
1372 5105 1464 5153 καὶ
1494 5101 1719 5172 Πρόκλῳ
1743 5101 1822 5172 τῷ
1853 5120 1958 5155 πα-

369 5191 639 5264 τριάρχῃ.
680 5190 817 5261 μετά
849 5192 1049 5255 παντὸς
1095 5190 1187 5244 τοῦ
1215 5192 1314 5262 τῆς
1358 5193 1690 5264 Ἐκκλησίας
1737 5193 1957 5266 πληρώ-

378 5300 578 5357 ματος,
603 5286 696 5338 καὶ
735 5285 914 5356 πάσης
943 5285 1044 5355 τῆς
1077 5284 1283 5347 πόλεως
1316 5284 1420 5349 ἔξω
1458 5286 1839 5340 λιτανευόντων
1867 5286 1955 5340 διά

372 5376 474 5432 τὸν
500 5376 663 5445 φόϐον
697 5379 753 5431 ὲν
790 5379 868 5449 τῷ
892 5377 1141 5448 Κάμπῳ·
1168 5376 1267 5448 ἤδη
1300 5376 1397 5446 τῆς
1427 5377 1537 5430 τῶν
1578 5372 1956 5447 Θεοπασχιτῶν

348 5446 652 5551 ῗαὶρέσεως
674 5468 732 5533 ἐξ
756 5446 1015 5540 ἐπηρείας
1039 5446 1128 5522 τοῦ
1160 5446 1401 5522 διαϐόλου
1443 5468 1615 5539 ἀρχὴν
1647 5468 1710 5521 λα
1720 5446 1954 5538 μῦανού-

356 5556 507 5634 ισηῶ
542 5560 639 5615 καὶ
670 5558 746 5631 τῷ
768 5559 1048 5630 Τρισαγίῳ
1079 5558 1161 5623 τὸ,
1199 5560 1260 5613 '0
1292 5559 1651 5627 σταυρωθεὶς
1673 5559 1747 5613 δι’
1773 5559 1951 5628 ἡμᾶς,

375 5650 888 5727 βλασφημούντων·
925 5650 1183 5721 ἐξαίφνης
1226 5651 1435 5705 παιδίον
1466 5652 1711 5724 άρπαγὲν
1748 5655 1826 5716 είς
1861 5652 1952 5705 τὸν

370 5745 524 5818 ἀέρα
551 5744 848 5816 ἀνεφέρετο
882 5745 1095 5800 πάντων
1124 5747 1180 5799 ἐν
1209 5744 1466 5816 ἐκπλήξει
1496 5745 1589 5798 καὶ
1626 5744 1774 5815 φόσῳ
1820 5761 1953 5817 κρα-

2049 4923 2224 4987 niore,
2257 4930 2385 4978 ante
2420 4922 2564 4977 diem
2612 4922 3076 4990 Resurrectionis,
3110 4925 3309 4980 accidit
3345 4927 3622 4983 horribilis

2051 5022 2208 5070 terra:
2270 5022 2453 5070 motus
2492 5032 2505 5067 :
2560 5030 2670 5084 quo
2715 5015 2916 5071 factum
2961 5025 3045 5071 est
3097 5024 3151 5068 ut
3204 5024 3353 5072 totus
3388 5018 3619 5087 populus

2051 5121 2174 5159 cum
2224 5106 2552 5174 imperatore
2598 5104 2907 5161 Theodosio
2953 5115 3012 5161 et
3050 5108 3365 5176 patriarcha
3401 5107 3617 5169 Proclo.

2052 5210 2114 5249 ac
2157 5199 2425 5252 universa:
2473 5197 2729 5253 Ecclesiae
2775 5199 2935 5253 clero.
2973 5206 3197 5267 totaque
3243 5199 3376 5253 urbe
3424 5201 3619 5254 exierit

2050 5296 2204 5342 extra
2249 5289 2547 5352 civitatem,
2580 5289 2632 5341 in
2686 5289 2862 5343 locum
2893 5290 2985 5359 qui
3021 5289 3223 5343 dicitur
3253 5290 3509 5359 Campus,
3550 5292 3617 5347 ad

2052 5381 2316 5435 orandum
2360 5396 2471 5449 pra:
2523 5382 2734 5435 timore.
2782 5381 2901 5453 Jam
2953 5382 3203 5452 improba
3248 5379 3617 5452 Theopaschi-

2053 5481 2233 5526 tarum
2278 5472 2548 5526 diabolica
2580 5473 2805 5528 haeresis
2838 5473 3048 5526 initium
3082 5472 3350 5537 sumebat,
3381 5482 3435 5528 et
3464 5472 3620 5529 Tris-

2050 5565 2173 5636 agio
2200 5564 2641 5633 blasphemantes
2664 5564 2933 5618 addebant
2954 5582 2967 5618 :
2990 5564 3095 5629 Qui
3121 5565 3406 5631 crucifixus
3428 5577 3506 5620 es!
3522 5582 3621 5636 pro

2049 5656 2219 5710 nobis.
2278 5654 2559 5724 Extemplo
2612 5654 2871 5725 puerulus
2913 5655 2973 5709 in
3016 5670 3196 5711 aerem
3242 5664 3430 5728 raptus
3481 5659 3618 5713 volic

2049 5746 2217 5811 tabat,
2254 5746 2617 5803 clamantibus
2648 5749 2859 5804 cunctis
2891 5765 2998 5819 prec
3050 5758 3274 5819 stupore
3300 5759 3354 5805 et
3399 5753 3618 5814 timore.
