4028 6330
369 295 465 350 681

1400 300 1658 359 ORATIO
1697 304 1786 360 DE
1827 305 2172 364 LAUDIBUS
2209 308 2266 362 S.
2310 307 2569 366 MARIA‘J.

3501 322 3604 380 δεῖ

381 413 510 466 Ἰδοὺ
563 411 668 482 γὰρ
697 411 769 482 γῆ
817 411 907 462 καὶ
943 409 1178 465 θάλαττα
1227 411 1524 486 δωροφορεῖ
1553 415 1628 489 (4)
1679 419 1746 489 τῇ
1793 434 1925 491 παρ-

2038 434 2102 474 ac
2126 418 2292 492 Virgo
2331 430 2433 476 est.
2462 421 2725 477 Amabilis
2754 422 2912 491 plane
2946 436 3008 478 ac
3039 423 3304 480 mirabilis
3337 425 3451 481 haec
3478 428 3594 482 coi-

367 506 534 576 θένῳ·
560 505 594 574 ή
627 502 724 573 μὲν
757 503 822 556 τὰ
851 503 994 556 νῶτα
1040 503 1230 574 αὐτῆς,
1277 508 1395 568 ταῖς
1443 507 1630 562 ὁλκάσι
1681 509 1927 580 γαληνῶς

367 593 738 666 ὑφαπλώσασα
760 593 836 666 (5)
856 614 869 626 ·
900 596 934 667 ή
962 595 1016 648 δὲ
1043 595 1112 649 τὰ
1135 596 1254 668 ἴχνη
1279 597 1388 651 τῶν
1416 599 1735 670 βαδιζόντων
1782 603 1928 655 ἀκω-

364 688 538 750 λύτως
575 687 1035 758 παραπέμπουσα.
1066 689 1402 763 Σκιρτὰτωή
1435 690 1616 760 φύσις,
1644 697 1738 750 καὶ
1765 697 1929 764 ἀγαλ-

363 777 567 832 λιάσθω
605 777 666 831 τὸ
716 778 871 848 γένος
902 777 1011 832 τῶν
1043 779 1344 852 ἀνθρώπων
1369 823 1382 848 ,
1430 785 1511 837 ὃτι
1546 788 1638 839 καὶ
1675 791 1928 856 γυναῖκες

358 869 629 940 τιμῶνται
647 885 662 900 °
691 871 962 942 χορευέτω
985 872 1019 943 ή
1051 872 1426 946 ἀνθρωπότης,
1449 877 1530 930 ὅτι
1555 879 1649 931 καὶ
1673 879 1927 952 παρθένοι

359 961 690 1029 δοξάζονται.
745 962 938 1019 Ὅπου
987 964 1094 1036 γάρ
1147 966 1518 1022 ἐπλεόνασεν
1564 972 1601 1040 ἠ
1654 970 1927 1041 ἁμαρτία,

355 1056 953 1124 ὑπερεπερίσσευσεν
981 1058 1020 1120 ἡ
1055 1057 1244 1127 χάρις.
1281 1059 1612 1116 Συνεκάλεσε
1642 1063 1750 1136 γὰρ
1781 1065 1928 1136 ἡμᾶς

357 1147 455 1201 νῦν
493 1146 729 1203 ἐνταῦθα
769 1149 803 1220 ή
851 1150 981 1218 ἁγία
1012 1150 1270 1216 Θεοτόκος
1305 1153 1581 1227 Παρθένος
1611 1157 1833 1228 Μαρίαο
1868 1159 1929 1212 τὸ

357 1239 661 1310 ἀμόλυντον
704 1243 804 1314 τῆς
833 1243 1130 1314 παρθενίας
1172 1245 1476 1317 κειμήλιον,
1507 1246 1536 1299 6
1585 1248 1802 1319 λογικὸς
1831 1250 1926 1304 τοῦ

352 1331 612 1406 δευτέρου
677 1334 849 1407 Ἀδὰμ
895 1336 1251 1409 παράδεισος·
1316 1339 1376 1392 τὸ
1421 1341 1781 1413 ἐργαστήριον
1827 1341 1928 1412 τῆς

355 1426 603 1492 ὲνώσεως
642 1429 753 1482 τῶν
787 1430 1034 1500 φύσεωνο
1083 1433 1117 1504 ή
1176 1432 1482 1503 πανήγυρις
1518 1432 1611 1486 τοῦ
1659 1435 1925 1507 σωτηρίου

356 1521 824 1593 συναλλάγματος,
851 1526 884 1595 ή
917 1523 1150 1589 παστὰς,
1173 1525 1230 1578 ὲν
1307 1527 1335 1579 ὁ
1360 1525 1531 1593 Λόγος
1555 1527 1928 1598 ἐνυμφεύσατο

349 1613 453 1684 τὴν
483 1614 681 1686 σάρκαο
714 1617 748 1686 ή
781 1615 1020 1687 ἔμψυχος
1055 1617 1155 1687 τῆς
1193 1617 1407 1688 φύσεως
1437 1617 1615 1689 βάτος,
1647 1621 1712 1692 ἥν
1740 1620 1801 1674 τδ
1829 1620 1928 1691 τῆς

352 1705 504 1770 θείας
541 1706 728 1772 ὠδῖνος
774 1707 886 1781 πῦρ
935 1711 995 1762 οὐ
1046 1710 1416 1765 κατέκαυσενο
1455 1713 1488 1782 ή
1537 1712 1704 1776 ὅντως
1751 1713 1928 1784 κούφη

2033 513 2128 567 ιίο.
2187 512 2266 567 En
2309 515 2453 568 enim
2512 522 2656 568 terra
2698 523 2751 568 et
2811 531 2960 570 mare
3009 517 3213 586 pariter
3269 517 3594 588 obsequium

2030 601 2213 659 fovent
2243 625 2258 660 :
2309 606 2411 661 hoc
2443 607 2660 676 quidem
2709 607 2994 676 obsequio,
3029 608 3301 678 placidum
3335 609 3599 681 navigan-

2030 696 2180 751 tibus
2209 697 2431 752 dorsum
2473 698 2852 766 substernens,
2907 699 2998 753 illa
3029 715 3158 756 vero
3199 702 3466 757 viatorum
3507 719 3600 756 ve-

2032 789 2192 860 stigia
2253 790 2503 861 expedite
2572 790 2845 848 deferens.
2902 791 3072 846 Saliat
3122 801 3356 856 natura,
3406 793 3602 848 huma-

2030 897 2270 952 numque
2301 882 2534 938 exsultet
2558 899 2749 954 genus,
2782 883 2982 954 quippe
3019 899 3143 938 cum
3181 885 3434 940 mulieres
3465 899 3602 954 quo-

2029 984 2136 1040 que
2177 970 2538 1026 honorentur.
2579 971 2791 1028 Choros
2839 972 3003 1027 ducat
3052 972 3336 1027 hominum
3381 981 3599 1033 natura,

2029 1060 2174 1130 quod
2205 1067 2259 1115 et
2285 1059 2526 1132 virgines
2551 1061 2744 1116 honori
2767 1062 3072 1117 habeantur
3099 1081 3113 1117 :
3140 1060 3240 1116 Ubi
3268 1062 3412 1117 enim
3433 1061 3602 1115 abun-

2028 1151 2174 1205 davit
2207 1152 2481 1218 delictum,
2515 1153 2959 1220 superabundavit
2993 1162 3042 1208 et
3083 1157 3258 1224 gratia
3284 1154 3324 1208 ³.
3373 1153 3472 1207 Hic
3499 1169 3601 1209 nos

2029 1246 2234 1318 quippe
2264 1245 2426 1302 modo
2451 1287 2466 1311 ,
2506 1257 2690 1301 sancta
2723 1245 2815 1302 Dei
2857 1247 3105 1302 Genitrix
3141 1263 3204 1301 ac
3233 1246 3397 1319 Virgo
3432 1246 3601 1300 Maria

2036 1336 2092 1391 in
2138 1352 2308 1391 unum
2358 1338 2580 1408 coegit:
2624 1337 2944 1409 impollutus
2985 1339 3075 1394 ille
3116 1338 3445 1408 virginitatis
3477 1338 3597 1392 the-

2030 1447 2252 1500 saurus,
2288 1432 2553 1504 spiritalis
2594 1431 2823 1487 secundi
2865 1429 3059 1486 Adami
3095 1429 3405 1500 paradisus,
3436 1429 3596 1484 unio-

2031 1526 2118 1581 nis
2162 1535 2481 1580 naturarum
2515 1524 2758 1590 ofﬁcina,
2798 1524 3057 1580 salutaris
3105 1523 3416 1578 commercii
3460 1538 3599 1576 nun-

2028 1613 2193 1681 dinae,
2227 1616 2524 1680 thalamus,
2572 1615 2628 1670 in
2673 1631 2784 1686 quo
2829 1615 2934 1670 sibi
2969 1611 3211 1668 Verbum
3252 1627 3468 1668 carnem
3504 1611 3601 1666 de-

2029 1709 2333 1777 sponsavit,
2370 1707 2647 1762 animatus
2695 1715 2905 1761 natura:
2947 1706 3120 1760 rubus
3143 1705 3185 1767 ⁸,
3222 1719 3382 1771 quem
3431 1703 3601 1757 divini

351 1797 574 1869 νεφέλη,
627 1799 660 1870 ή
711 1799 804 1854 τὸν
847 1801 941 1853 ἐπὶ
1001 1800 1109 1854 τῶν
1163 1802 1432 1873 χερουδὶμ
1486 1801 1625 1873 μετά
1679 1801 1925 1874 σώματος

2029 1808 2221 1870 partus
2260 1800 2402 1871 ignis
2426 1817 2534 1854 non
2561 1799 2898 1864 combussit;
2927 1813 3056 1853 vere
3085 1797 3219 1852 levis
3243 1797 3332 1850 illa
3362 1796 3533 1850 nubes
3555 1796 3600 1857 ',

351 1890 707 1962 βαστάσασαν
756 1893 785 1945 6
827 1891 920 1946 τοῦ
950 1893 1008 1959 ἐξ
1051 1893 1282 1964 ούρανοῦ
1330 1894 1487 1948 ὑετοῦ
1539 1894 1925 1967 καθαρώτατος

350 1982 539 2047 πόκος,
570 1983 628 2050 ἐξ
662 1978 722 2040 οὗ
749 1985 777 2038 6
804 1983 1007 2055 ποιμήν
1031 1984 1091 2050 τὸ
1117 1985 1385 2056 πρόϐατον
1412 1984 1716 2040 ἐνεδύσατο.
1737 1987 1925 2058 Μαρία

348 2076 388 2144 ἡ
407 2075 565 2146 δούλη
591 2077 685 2129 καὶ
716 2077 918 2148 μήτηρ,
947 2077 980 2148 ἡ
1010 2075 1294 2150 παρθένος,
1323 2075 1417 2131 καὶ
1447 2077 1693 2149 οὐρανὸς,
1724 2078 1757 2149 ή
1788 2079 1921 2150 μόνη

347 2164 488 2218 Θεοῦ
516 2166 650 2238 πρὸς
679 2165 998 2238 ἀνθρώπους
1023 2167 1265 2239 γέφυρα·
1293 2168 1322 2220 6
1355 2169 1580 2239 φρικτὺς
1611 2170 1710 2242 τῆς
1724 2170 1924 2224 οἰκονο-

351 2259 483 2328 μίας
515 2253 814 2329 ἱστὸς,ὲνῷ
843 2261 1098 2333 ἀρρήτως
1127 2259 1339 2333 ύφάνθη
1371 2263 1399 2316 6
1430 2262 1532 2333 τῆς
1563 2261 1809 2328 ὲνὼσεως
1842 2282 1924 2335 χι-

350 2351 480 2404 τών·
505 2344 634 2405 οὗπε
643 2371 675 2422 ρ
697 2352 978 2426 ἱστουργὸς
1008 2353 1205 2423 μὲν,ξτὸ
1220 2353 1446 2426 Πνεῦμα
1459 2356 1521 2410 τὸ
1542 2355 1697 2425 ἅγιον
1712 2377 1728 2390 ·
1747 2356 1922 2430 ἔριθος

349 2447 433 2500 δὲ.
464 2449 498 2518 ἡ
529 2445 589 2511 ἐξ
625 2445 792 2516 ὕψους
826 2449 1194 2504 ἐπισκιάσασα
1237 2451 1498 2521 δύναμις·
1544 2449 1689 2520 ἔριον
1737 2449 1816 2514 δὲ,
1863 2451 1923 2504 τὸ

349 2539 578 2610 ἀρχαῖον
613 2539 710 2594 τοῦ
769 2539 942 2611 ’Λδάμ
985 2540 1207 2596 κώδιονο
1243 2542 1416 2614 κρόκη
1447 2543 1524 2609 δὲ,
1556 2543 1589 2612 ή
1635 2542 1734 2612 τῆς
1777 2542 1924 2613 Παρ-

347 2629 504 2684 θένου
537 2629 612 2703 (6)
663 2632 960 2702 ἀμόλυντος
1003 2633 1166 2705 σάρξσ
1208 2633 1400 2705 κερκὶς
1441 2633 1518 2697 δὲ,
1552 2636 1586 2706 ή
1617 2633 1924 2706 ἀμέτρητος

349 2724 445 2779 τοῦ
474 2725 802 2796 φορέσαντος
836 2728 1024 2798 χάρις·
1053 2729 1303 2799 τεχνίτης
1332 2729 1406 2794 δὲ,
1442 2729 1471 2782 6
1496 2729 1562 2783 δι’
1599 2730 1769 2800 ἀκοῆς
1812 2733 1924 2786 εἱσ-

350 2815 602 2887 πηδήσας
635 2816 827 2884 Λόγος.
859 2816 956 2881 Τίς
985 2814 1112 2885 εἶδε,
1144 2817 1228 2881 τίς
1257 2819 1509 2888 ήκουσεν,
1548 2819 1630 2873 ὅτι
1659 2823 1872 2891 μήτραν
1894 2821 1924 2874 6

348 2908 483 2971 Θεὸς
509 2908 941 2981 ἀπεριγράπτως
970 2909 1173 2981 ᾤκησε,
1204 2910 1297 2964 καὶ
1329 2910 1388 2964 6v
1411 2911 1636 2984 οὐρανὸς
1661 2913 1762 2966 οὐκ
1787 2912 1922 2982 ἐχώ-

351 3013 544 3068 ρησεν,
574 2999 608 3068 ἡ
635 2999 847 3070 γαστὴρ
878 3000 976 3052 οὐκ
1010 2998 1460 3071 ἐστενοχὼρησεν.

424 3267 498 3318 B'.
548 3266 686 3319 Ἀλλ’
719 3267 975 3340 ἐγεννήθη
1008 3270 1072 3322 ὲκ
1114 3269 1370 3336 γυναικὸς
1413 3267 1544 3332 Θεὸς
1587 3271 1648 3322 οὐ
1679 3270 1884 3341 γυμνός
1908 3287 1920 3299 ·

348 3361 447 3412 καὶ
475 3358 759 3428 ἄνθρωπος
814 3361 874 3413 οὐ
918 3360 1103 3430 ψιλός·
1149 3362 1242 3414 καὶ
1270 3359 1445 3432 πύλην
1487 3363 1758 3434 σωτηρίας
1790 3365 1819 3417 6
1845 3379 1928 3416 τε⁹

345 3451 524 3522 χθεὶς.
559 3452 660 3524 τὴν
687 3451 851 3506 πάλαι
893 3453 993 3522 τῆς
1018 3451 1292 3522 ἁμαρτίας
1330 3449 1496 3515 ἔδειξε
1535 3452 1726 3524 θύραν.
1752 3454 1926 3508 Ὅπου

347 3543 462 3614 γὰρ
489 3546 518 3598 6
546 3543 669 3613 ὄφις
689 3543 780 3598 διά
804 3547 904 3616 τῆς
929 3544 1212 3614 παρακοῆς
1232 3543 1322 3596 τὸν
1357 3543 1432 3597 ἱὸν
1459 3543 1692 3614 ἐξέχεεν,
1718 3545 1928 3600 ἐκεῖθεν

344 3637 382 3688 ὁ
435 3637 608 3704 Λόγος
664 3637 740 3707 (7)
790 3636 880 3690 διά
910 3637 1011 3708 τῆς
1048 3637 1292 3708 ὑπακοῆς
1336 3635 1614 3701 εἰσελθὼν,
1663 3639 1754 3692 τὸν
1804 3640 1929 3693 ναὸν

343 3727 819 3798 ὲζωοπλάστησεν.
854 3727 1014 3782 Ὅθεν
1055 3729 1084 3780 6
1114 3728 1328 3800 πρῶτος
1352 3728 1451 3800 τῆς
1485 3728 1758 3801 ἁμαρτίας
1792 3730 1930 3784 Κάῖν

343 3817 662 3889 προέκυψεν
703 3817 800 3888 (8),
844 3819 1054 3872 ἐκεῖθεν
1086 3821 1114 3874 6
1142 3819 1235 3873 τοῦ
1264 3813 1457 3888 γένους
1496 3819 1776 3892 λυτρωτὴς
1797 3819 1932 3893 Χρι-

346 3910 478 3973 στὸς
517 3910 773 3982 ἀσπόρως
797 3911 1149 3983 ἐϐλάστησεν.
1181 3911 1295 3964 Ούκ
1338 3911 1652 3984 ἐπῃσχύνθη
1690 3912 1719 3964 ὀ
1746 3912 1932 3981 φιλάν-

343 3999 571 4072 θρωπος
599 4002 697 4072 τὴν
723 4002 787 4053 ὲκ
816 4000 1072 4068 γυναικὸς
1095 3999 1258 4053 ὠδῖνα
1277 4016 1291 4030 ·
1317 3998 1442 4070 ζωή
1473 3999 1584 4070 γάρ
1611 3995 1680 4070 ἦν
1703 3999 1764 4052 τὸ
1795 4016 1934 4072 πρα-

343 4095 790 4166 γματευόμενονο
821 4095 918 4148 οὐκ
941 4093 1209 4166 ὲμολύνθη
1231 4095 1460 4166 οἰκήσας
1490 4095 1724 4165 μήτραν,
1756 4093 1934 4166 ἥνπερ

2026 1908 2150 1962 quae
2195 1892 2473 1948 sedentem
2511 1907 2676 1962 super
2717 1890 3044 1956 Clierubim,
3090 1895 3442 1959 corporatum
3478 1902 3605 1958 por-

2028 1985 2161 2039 tavit
2179 1984 2286 2054 (9);
2311 1985 2731 2040 mundissimum
2767 1983 2944 2038 vellus
2966 1980 2987 2013 ⁶
3025 1981 3215 2036 imbris
3244 1981 3503 2044 caelestis,
3533 1994 3603 2034 ex

2027 2093 2138 2148 quo
2167 2076 2363 2133 Pastor
2393 2093 2549 2132 ovem
2580 2077 2778 2132 induit.
2811 2076 3002 2139 Maria,
3042 2075 3290 2146 inquam,
3322 2074 3519 2129 ancilla
3547 2080 3604 2128 et

2025 2177 2234 2232 mater,
2266 2170 2438 2240 virgo,
2489 2184 2553 2223 ac
2606 2170 2825 2238 cmlum,
2855 2168 2950 2224 Dei
2993 2168 3059 2222 ad
3107 2167 3356 2224 homines
3409 2167 3605 2221 unicus

2025 2260 2524 2330 pons,horrendum
2539 2259 2937 2316 incarnationis
2953 2259 3246 2315 textorium
3265 2257 3600 2330 jugum(10),

2026 2353 2082 2406 in
2103 2367 2214 2423 quo
2233 2353 2491 2408 ineﬂabili
2514 2351 2745 2424 quadam
2767 2353 2978 2407 ratione
2997 2351 3217 2406 unionis
3239 2351 3388 2406 illius
3418 2350 3603 2405 tunica

2023 2442 2275 2498 confecta
2307 2451 2392 2499 est
2422 2461 2436 2500 :
2472 2445 2631 2514 cujus
2658 2444 2879 2514 quidem
2909 2451 3090 2498 textor
3118 2443 3331 2498 exstitit
3362 2439 3602 2512 Spiritus

2025 2539 2288 2598 sanctus;
2331 2533 2562 2600 nectrix,
2595 2533 2774 2590 virtus
2805 2531 3143 2588 obumbrans
3171 2547 3240 2587 ex
3274 2530 3418 2597 alto;
3451 2531 3597 2593 lana.

2024 2621 2310 2693 antiquum
2340 2623 2533 2678 Adami
2561 2624 2770 2692 vellus;
2810 2631 3005 2689 trama,
3049 2623 3333 2694 impolluta
3367 2637 3496 2680 caro
3533 2639 3597 2678 ex

2025 2714 2236 2786 virgine
2267 2714 2414 2786 (ll);
2448 2716 2720 2771 textorius
2772 2715 2982 2783 radius,
3022 2717 3286 2773 immensa
3337 2717 3602 2790 gestantis

2025 2807 2240 2878 gratia;
2273 2809 2470 2863 artifex
2515 2809 2758 2876 tandem,
2794 2807 3031 2864 Verbum
3058 2825 3156 2880 per
3193 2809 3436 2864 auditum
3483 2809 3600 2863 illa-

2024 2902 2181 2958 bens.
2216 2899 2352 2969 Quis
2377 2900 2536 2964 vidit,
2564 2902 2689 2970 quis
2718 2901 2948 2968 audivit,
2976 2900 3314 2958 inhabitasse
3344 2900 3513 2957 Deum
3547 2902 3601 2956 in

2029 3004 2186 3052 utero
2233 2996 2713 3066 incircumscripte
2763 2995 2929 3066 (12);
2981 3010 3044 3051 ac
3090 3011 3214 3052 eum
3273 3011 3437 3067 quem
3477 2995 3599 3050 caeli

2029 3102 2226 3157 capere
2273 3103 2381 3144 non
2435 3095 2708 3157 poterant,
2753 3087 2921 3143 nullis
2971 3095 3242 3142 aretatum
3296 3087 3598 3159 angustiis,

2031 3186 2280 3234 ventrem
2315 3176 2559 3250 Virginis
2595 3177 3114 3248 comprehendisse?

2103 3270 2168 3325 ll.
2196 3269 2368 3326 Natus
2399 3285 2564 3342 porro
2593 3285 2662 3325 ex
2701 3270 2928 3326 muliere
2959 3277 3064 3335 est,
3089 3269 3232 3326 Deus
3258 3285 3366 3325 non
3401 3268 3600 3330 nudus.

2033 3371 2089 3416 at
2112 3375 2214 3416 nec
2235 3361 2402 3416 homo
2433 3377 2635 3432 purus;
2660 3368 2932 3432 natusque
2955 3377 3074 3416 eam
3096 3377 3216 3432 quae
3245 3362 3371 3416 olim
3395 3362 3602 3432 peccati

2037 3461 2192 3524 porta
2217 3451 2414 3518 fuerat,
2447 3454 2645 3509 salutis
2688 3454 2916 3524 januam
2963 3451 3163 3509 effecit.
3191 3452 3326 3507 Nam
3363 3453 3452 3506 ubi
3492 3467 3597 3507 ser-

2037 3562 2172 3617 pens
2186 3561 2282 3614 per
2304 3546 2734 3602 inobedientiam
2759 3547 3066 3618 ingressum
3099 3547 3250 3602 virus
3272 3544 3537 3600 effuderat
3557 3545 3602 3606 ',

2033 3637 2109 3692 ibi
2152 3635 2394 3692 Verbum
2443 3653 2540 3708 per
2588 3638 2956 3695 obedientiam
3015 3638 3358 3709 ingressum,
3422 3637 3602 3692 vivum

2033 3729 2139 3783 sibi
2170 3730 2528 3785 exaediﬁcavit
2563 3714 2844 3802 templum.
2883 3729 3039 3786 Unde
3092 3731 3298 3801 peccati
3330 3729 3420 3785 ille
3445 3731 3599 3801 prin-

2033 3819 2272 3890 cipatum
2304 3827 2494 3878 tenens
2521 3821 2656 3878 Cain
2697 3830 2995 3878 emerserat
3039 3821 3083 3885 ⁸,
3118 3821 3244 3877 inde
3275 3819 3601 3892 Redemptor

2035 3909 2251 3979 generis
2307 3910 2564 3966 Christus
2613 3911 2732 3968 sine
2771 3912 2979 3968 semine
3008 3911 3228 3982 prodiit.
3252 3910 3370 3965 Non
3386 3911 3606 3966 erubuit

2033 4001 2288 4057 Clemens
2335 4002 2478 4058 Deus
2533 4004 2686 4059 nasci
2742 4019 2807 4060 ex
2869 4003 3113 4058 muliere.
3171 4001 3302 4057 Nam
3348 4005 3458 4058 vita
3488 4012 3606 4058 erat

2036 4093 2182 4163 quod
2203 4095 2277 4148 ita
2304 4094 2667 4148 moliebatur:
2697 4093 2897 4147 nullam
2926 4093 3202 4148 contraxit
3222 4095 3398 4150 labem
3430 4094 3604 4151 vulva:

428 4253 451 4285 ³
485 4252 644 4311 Rom.
684 4268 738 4321 v,
777 4251 870 4307 20.
945 4253 968 4285 δ
1008 4251 1177 4308 Exod.
1210 4269 1292 4319 ιιι,
1326 4252 1382 4306 2.
1456 4253 1478 4284 ⁸
1519 4251 1620 4309 lsa.
1657 4268 1772 4317 nx,
1811 4227 1872 4306 1.

2033 4241 2176 4306 udic.
2219 4269 2296 4316 vi,
2333 4253 2420 4306 57.
2499 4254 2517 4282 ⁷
2541 4251 2676 4305 Gen.
2713 4268 2793 4317 ιιι,
2827 4253 2881 4304 6.
2957 4253 3136 4308 l'Gen.
3167 4271 3240 4317 iv,
3275 4257 3322 4308 i.

422 4409 504 4477 (4)
543 4408 673 4480 Leg.
715 4408 1022 4480 cum_aliis,
1058 4408 1362 4480 δοροφορεῖ.

425 4481 504 4550 (5)
545 4478 641 4532 Αι(
654 4478 1044 4547 ἐφαπλώσασα.

425 4548 506 4616 (6)
529 4550 614 4602 AI.
653 4550 686 4619 ή
720 4552 785 4602 ὲκ
809 4550 908 4619 τῆς
937 4548 1228 4619 παρθένου.

427 4620 502 4688 (7)
652 4618 884 4690 ἐνέχεεν,
917 4621 1032 4671 ἐκεῖ
1058 4620 1086 4671 6
1117 4618 1293 4690 λόγος.

546 4688 646 4770 bis.
681 4687 804 4770 cod.
838 4687 1041 4770 Mazar.
1068 4689 1388 4770 προέκρψεν.

429 4757 504 4830 (9)
546 4759 896 4830 quporatnm
927 4757 1365 4830 portavit:_Metd
1394 4759 1664 4830 σώματος
1691 4757 1922 4824 ,ϐαστά-

345 4827 546 4885 adad.
597 4828 688 4884 Sic
733 4839 787 4884 et
829 4827 984 4884 vetns
1033 4830 1120 4882 ille
1155 4827 1495 4885 Vaticanus}
1547 4847 1664 4883 cum
1710 4843 1924 4895 corpore

349 4900 590 4972 portauit
612 4915 632 4952 .'
669 4907 867 4972 non_ut
898 4900 1037 4972 male
1077 4900 1346 4972 intc_rpres
1392 4900 1607 4954 concilii
1640 4898 1920 4972 Epliesini,

351 4967 414 5043 et
445 4978 740 5043 posteum
783 4967 1088 5043 Diccardus
1112 4987 1125 5021 :
1170 4967 1236 5021 In
1273 4983 1629 5043 corporeusuo
1678 4967 1918 5038 gestavit.

350 5037 602 5098 Tametsi
637 5039 781 5095 enim
812 5039 916 5094 hoc
949 5039 1244 5092 maximum
1271 5046 1376 5099 est,
1401 5047 1460 5092 ut
1490 5037 1657 5092 Maria
1683 5037 1838 5092 utero
1869 5045 1924 5092 et

353 5117 415 5166 in
467 5127 569 5168 suo
621 5124 852 5179 corpore
899 5108 1190 5179 gestaverit
1243 5106 1568 5179 Dominum;
1606 5109 1692 5162 hic
1741 5114 1922 5179 tamen

351 5181 592 5238 Proclus
618 5175 839 5236 modum
873 5175 1141 5250 praecipue
1189 5178 1432 5250 respicit,
1473 5193 1584 5248 quo
1660 5192 1783 5232 eum
1828 5175 1922 5244 qui

349 5269 528 5323 super
578 5246 889 5323 Cherubim'
909 5246 1265 5323 incorporeus
1288 5246 1447 5303 sedet
1468 5246 1504 5312 ,⁷
1527 5263 1650 5303 cum
1692 5259 1923 5317 corpore

348 5319 518 5380 ac'eo
539 5322 790 5376 indutum
817 5321 934 5391 ipsa
963 5319 1216 5391 portavit.

429 5393 542 5466 (10)
561 5383 863 5466 Τεαςοτὶωῆ
885 5383 1093 5466 fuﬁum.
1113 5387 1481 5466 _Liquet_satis_
1495 5404 1601 5442 non
1634 5383 1805 5466 accipi
1832 5384 1922 5439 hic

347 5457 548 5521 Vocem
577 5463 720 5525 ἱστός
759 5477 857 5532 pro
886 5457 1010 5532 ipsa
1058 5460 1160 5514 tela
1182 5457 1209 5522 ,⁷
1243 5458 1347 5514 sub
1399 5458 1554 5532 cujus
1599 5457 1922 5532 metaphora

349 5533 589 5589 Proclus
614 5526 865 5586 unionem
891 5526 1061 5599 ipsam
1089 5539 1402 5584 naturarum
1433 5526 1696 5599 describit
1721 5526 1918 5599 factam

346 5620 415 5664 ιιι
457 5603 648 5666 Maria,
680 5596 1046 5671 quampaulo
1092 5600 1342 5670 superius
1395 5598 1516 5668 ejus
1541 5596 1919 5671 ,ἐργαστήριον

339 5673 465 5727 uixi
476 5681 516 5738 t,
533 5672 678 5728 velut
693 5667 991 5740 opiﬁcinam
1005 5685 1024 5722 :
1049 5671 1134 5740 hic
1153 5667 1413 5740 pressius,
1427 5667 1614 5740 ἱστόνχ
1627 5667 1918 5740 textoriqu

349 5748 537 5816 ipsum
573 5737 1016 5806 instrumentum,
1053 5739 1106 5793 in
1140 5737 1248 5810 quo
1280 5740 1542 5797 mirabilis
1583 5738 1674 5794 illa
1710 5737 1813 5793 tela
1857 5749 1918 5786 ac

678 5839 949 5900 Pnnoc.
995 5837 1109 5899 Gn.
1147 5840 1328 5901 LXV.

1959 4408 2307 4485 “consertio
2362 4415 2682 4485 naturarum
2747 4407 2887 4461 facta
2936 4407 3011 4471 sit
3053 4407 3238 4464 divina
3283 4409 3485 4466 virtute
3538 4427 3603 4467 ac

2027 4486 2163 4532 arte.
2203 4476 2336 4532 Vide
2367 4476 2716 4531 Riccardum.

2101 4549 2147 4613 (l
2167 4550 2211 4616 Ι)
2232 4547 2526 4618 [inpolluta
2554 4562 2771 4618 cargiex
2793 4547 3006 4618 virgine.
3027 4547 3242 4606 Placuit
3263 4552 3377 4608 hinc
3406 4553 3601 4616 leCtio;

2027 4631 2086 4674 ut
2119 4620 2236 4692 ipsa
2269 4616 2607 4692 signiﬁcetur
2641 4616 2844 4692 Christi
2873 4616 3036 4692 :earo,
3077 4635 3142 4674 ac
3176 4637 3338 4691 quam
3373 4624 3490 4692 ipse
3513 4640 3603 4692 ge-

2025 4690 2223 4753 stavit;
2250 4689 2409 4756 cujus
2428 4689 2632 4741 unione
2649 4702 2712 4741 ac
2733 4689 2967 4743 mirabili
2991 4689 3209 4744 textura
3229 4707 3353 4746 cum
3377 4689 3600 4755 deitate.

2027 4757 2169 4814 facta
2201 4766 2285 4814 est
2307 4759 2626 4812 meonomia:
2652 4757 2741 4810 illa
2769 4759 2874 4811 tela
2910 4772 2972 4810 ac
3007 4759 3214 4814 tunica.

2097 4828 2209 4898 (ίῖ)
2251 4827 2732 4896 Incircumscriple.
2787 4825 3003 4898 Habent,
3043 4837 3358 4887 constanter
3383 4832 3602 4888 codices

2026 4896 2487 4970 ἀπεριγράπτως·
2537 4912 2659 4966 quae
2683 4912 2786 4952 vox
2811 4896 3132 4970 insubjecla
3159 4903 3384 4956 materia
3409 4903 3600 4958 admo-

2025 4967 2154 5022 dum
2180 4967 2491 5022 cOmmunis
2535 4976 2652 5034 est;
2686 4982 2788 5022 nec
2833 4967 2989 5023 video
3017 4978 3074 5021 ut
3104 4969 3392 5026 debuerint
3431 4973 3601 5027 inter-

2027 5046 2207 5108 pretes
2258 5036 2528 5113 adjective
2581 5036 2845 5113 reddere,
2898 5045 3157 5113 tanquam
3194 5052 3351 5113 esset
3403 5043 3600 5113 ἀπερίέ

2026 5124 2298 5180 γραπτος·
2333 5108 2412 5162 vel
2464 5109 2780 5163 adverbium
2815 5108 3020 5180 _minus
3061 5109 3392 5178 quadraret.
3450 5108 3598 5180 quod

2025 5177 2193 5232 unum
2227 5187 2404 5233 tamen
2439 5180 2670 5233 maxime
2686 5177 2936 5248 quadrat,
2957 5186 3014 5231 ut
3030 5177 3092 5232 et
3111 5181 3272 5248 paulo
3293 5177 3522 5236 inferius
3537 5184 3600 5233 τὸ

2024 5248 2320 5337 ἀφθάρτιρς
2340 5265 2354 5278 ·
2383 5263 2451 5303 ex
2507 5247 3089 5337 quqnmaleoGaja‘nitie,
3115 5247 3268 5337 teste
3305 5249 3598 5337 Anastasio

2025 5319 2120 5373 lib.
2175 5317 2396 5389 Ὀδηγ.
2428 5317 2564 5389 cap.
2591 5317 2670 5389 10,
2703 5318 2806 5373 sibi
2839 5317 3111 5389 ἄφθαρτος
3147 5317 3410 5380 fecerant,
3441 5329 3500 5374 ut
3531 5333 3598 5375 eo

2025 5389 2319 5459 probarent
2351 5388 2569 5459 Christi
2605 5388 2766 5459 etiam
2812 5388 3058 5457 corporis
3103 5389 3593 5459 incorruptionem,

2025 5456 2432 5527 clianroclus
2488 5459 2665 5512 solum
2703 5456 2949 5527 designet
2995 5458 3214 5512 modum
3265 5456 3593 5513 nativitatis.

2024 5526 2182 5600 Quod
2216 5527 2356 5600 ejus_
2389 5527 2508 5600 loco
2549 5528 2750 5600 habent
2783 5525 2943 5600 nion
2996 5527 3239 5600 codices,
3273 5529 3592 5600 ἀφράστως,

2027 5613 2121 5666 per
2168 5597 2498 5671 imperitiam
2539 5596 2771 5671 irrepsit
2829 5596 3409 5666 aiitiqiiariorum,‘et
3463 5599 3596 5671 quia

2029 5665 2270 5737 proxime
2293 5666 2629 5736 praecedebat
2651 5665 2711 5720 τὸ
2735 5665 3030 5738 ἄφραστον.
3481 5665 3490 5684 τ

3197 5833 3274 5894 22
