4028 6330
343 353 450 411 635
1405 363 1662 422 ORATIO
1704 366 1792 421 DE
1830 367 2181 427 LAUDIBUS
2221 370 2278 426 ὃ.
2323 371 2584 429 MANE.
3481 383 3588 442 6'86

342 487 463 534 πος,
521 470 596 535 ὡς
650 473 996 547 πιστεύομεν.
1035 479 1149 534 Οὐκ
1203 481 1488 553 ἄνθρωπον
1547 486 1902 542 ἀποθεωθέντι

2024 490 2216 545 evasit.
2265 490 2440 547 Absit.
2495 491 2598 547 Sed
2629 491 2770 548 Deus
2804 509 2925 548 cum
2965 505 3131 560 esset,
3164 506 3225 552 ut
3252 498 3410 553 docet
3436 499 3590 564 fides,

341 565 718 638 κηρύττομεν,
773 570 909 626 ἀλλά
959 573 1091 627 Θεὸν
1137 578 1487 649 σαρκωθέντα
1529 582 1898 653 ὁμολογοῦμεν

2025 581 2399 637 misericordia
2435 595 2634 646 motus,
2679 585 2856 643 factus
2887 595 2971 642 est
3024 589 3206 645 homo.
3249 589 3368 645 Non
3398 595 3594 662 praedi-

337 656 450 727 Τὴν
471 657 681 712 οἰκείαν
697 659 888 732 δούλην
928 663 1278 736 ἐπεγράψατο
1301 669 1532 741 μητέρα.
1555 671 1583 723 6
1599 673 1716 726 κατ’
1733 672 1902 726 οὐσίαι

2021 686 2214 727 camus
2236 673 2509 730 hominem
2539 677 2873 745 deiﬁcatum,
2910 680 3006 735 sed
3043 680 3210 737 Deum
3251 683 3595 740 ineat-natum

335 750 593 824 ἀμήτωρ,
623 754 718 807 καὶ
760 757 880 808 κατ’
912 759 1222 830 οἰκονομίαν
1252 761 1345 814 ἐπὶ
1377 763 1481 832 γῆς
1503 763 1762 835 ἀπάτωρ·
1797 766 1902 820 ὲπε⁴

2021 765 2366 821 confitemur.
2427 768 2696 825 Ancillam
2739 787 2894 827 suam
2933 772 2990 828 in
3023 783 3253 830 matrem
3284 777 3501 843 ascivit,
3545 777 3596 835 is

334 842 456 906 πῶς
477 845 508 897 6
541 845 705 910 αὐτὸς
734 847 874 901 κατά
906 849 1140 915 Παῦλον,
1163 851 1401 921 ἀμήτωρ
1429 855 1527 907 καὶ
1553 855 1830 926 amitam;
1856 859 1895 912 Ε

2019 856 2114 926 qui
2152 871 2248 927 per
2279 867 2528 914 naturam
2565 869 2790 917 matrem
2831 864 3044 932 nescit,
3089 867 3291 937 quique
3319 869 3597 924 nihilomi-

333 932 488 1004 ψιλὸς
517 935 821 1030 ἄνθρωπος,
862 939 964 994 οὐκ
1003 942 1234 1015 ἀμήτωρ
1255 961 1268 975 ·
1304 942 1416 1016 ἔχει
1444 945 1554 1018 γὰρ
1585 948 1794 1019 μητέρα
1818 964 1832 980 ·
1868 967 1902 1002 ει

2024 963 2129 1004 nus
2155 950 2454 1006 secundum
2487 955 2846 1009 oeconomiam
2871 957 2925 1011 in
2951 967 3096 1012 terra
3120 960 3238 1014 sine
3263 968 3415 1030 patre
3447 962 3593 1017 exsi-

333 1024 542 1094 γυμνὺς
581 1025 734 1092 Θεὸς,
779 1029 880 1083 οὐκ
923 1030 1154 1105 ἀπάτωρ
1178 1045 1191 1061 ·
1229 1032 1342 1104 ἔχει
1379 1034 1487 1106 γὰρ
1526 1037 1742 1109 πατέρα
1769 1055 1782 1069 ·
1820 1038 1902 1093 vix

2022 1039 2136 1094 stit.
2186 1040 2405 1112 Alioqui
2469 1043 2744 1112 quomodo
2796 1046 2937 1100 idem
2973 1049 3090 1120 ipse
3140 1024 3367 1107 doctore
3402 1050 3592 1115 Paulo,

333 1113 389 1169 δὲ
415 1117 443 1168 6
495 1117 680 1182 αὐτὸς,
710 1119 944 1194 ἀμήτωρ
976 1122 1098 1192 μὲν,
1143 1124 1220 1188 ὡς
1262 1125 1510 1198 πλάστης
1533 1168 1548 1192 ,
1578 1129 1808 1202 ἀπάτωρ
1834 1129 1902 1194 δὲ1

2022 1129 2136 1184 sine
2169 1142 2344 1200 patre,
2365 1141 2414 1186 et
2449 1133 2562 1188 sine
2585 1143 2755 1189 matre
2782 1136 2827 1168 ⁸⁸
2850 1136 2874 1190 ‘l
2896 1134 2951 1190 Si
2980 1113 3065 1194 est
3087 1155 3255 1210 purus
3277 1141 3462 1206 homo,
3485 1113 3593 1198 non

337 1205 414 1270 ὡς
444 1207 542 1262 ἄνθ
551 1225 752 1279 ρωπος.

2020 1232 2106 1278 est
2135 1224 2255 1281 sine
2303 1236 2498 1292 matre,
2528 1237 2759 1283 matrem
2787 1230 2931 1285 enim
2955 1230 3151 1288 habet:
3192 1234 3238 1290 si
3291 1244 3375 1292 est
3419 1236 3596 1291 nudus

331 1298 500 1366 Deus,
529 1317 638 1358 non
671 1311 758 1359 est
786 1305 908 1362 sine
950 1316 1104 1378 patre
1147 1329 1160 1365 :
1191 1311 1354 1368 habet
1393 1315 1539 1369 enim
1581 1324 1812 1385 patrem.
1848 1317 1916 1372 At
1955 1333 2123 1382 nunc,
2157 1335 2300 1376 unus
2332 1319 2583 1392 idemque
2605 1322 2724 1380 sine
2753 1331 2927 1380 matre
2981 1327 3200 1397 quidem
3253 1339 3360 1395 est,
3392 1340 3452 1386 ut
3487 1331 3597 1401 pla.

329 1403 480 1463 stes;
505 1399 624 1455 sine
654 1411 810 1472 patre
838 1420 990 1468 vero,
1019 1407 1326 1477 utplasma.

404 1491 479 1547 E'.
514 1494 817 1568 Αίδέσθητι,
849 1493 896 1552 ὦ
928 1500 1202 1572 ἄνθρωπε,
1241 1502 1344 1558 κᾶν
1376 1504 1477 1576 τὴν
1501 1504 1596 1560 τοῦ
1633 1506 1912 1580 ἀρχαγγέ-

326 1585 423 1640 λου
443 1589 815 1659 προσηγορίαν
832 1605 844 1619 ·
867 1592 896 1644 6
916 1591 1023 1663 γὰρ
1045 1593 1145 1664 τὴν
1160 1595 1378 1666 Μαρίαν
1399 1595 1911 1671 εύαγγελισάμενος,

328 1675 573 1749 Γαϐριὴλ
611 1679 861 1748 ἐλέγετο·
891 1682 943 1735 τί
983 1684 1040 1737 δὲ
1085 1684 1447 1758 ἑρμηνεύεται
1479 1687 1912 1761 Γαϐριήλ;Μάθε

2090 1499 2153 1556 ν.
2180 1501 2447 1561 Reverere
2472 1505 2688 1571 saltem,
2711 1522 2745 1562 o
2788 1507 2975 1573 homo,
3011 1511 3322 1590 archangeli
3354 1517 3594 1586 appella-

2019 1594 2242 1651 tionem.
2268 1594 2319 1653 ls
2350 1612 2584 1669 namque
2612 1600 2703 1670 qui
2737 1600 2914 1657 laetum
2956 1603 3106 1658 illum
3137 1607 3388 1661 nuntium
3411 1607 3595 1664 Marize

2017 1686 2230 1754 detulit,
2253 1687 2472 1744 Gabriel
2496 1693 2818 1748 vocabatur.
2850 1693 2990 1761 Quid
3024 1711 3152 1750 vero
3186 1696 3402 1753 Gabriel
3427 1700 3594 1757 inter-

324 1768 588 1834 ἀκούσας,
615 1770 698 1823 ὅτι
731 1772 876 1838 Θεὸς
889 1773 986 1827 καί
1018 1774 1350 1844 ἅνθρωπος.
1399 1779 1552 1832 Ἐπεὶ
1583 1780 1692 1850 γὰρ
1715 1782 1743 1835 6
1780 1784 1902 1854 παρ⁴

2017 1779 2284 1850 preteris?
2313 1782 2506 1853 Arrige
2536 1798 2697 1841 aures
2719 1793 2772 1841 et
2796 1787 2980 1844 disce:
3016 1788 3155 1843 Deus
3191 1798 3242 1845 et
3271 1791 3424 1846 homo
3453 1793 3588 1864 (19).

323 1856 493 1910 αὐτοῦ
541 1858 1024 1932 εὐαγγελιζόμενος
1075 1863 1208 1928 Θεός
1258 1867 1373 1919 ἐστι
1435 1867 1530 1920 καὶ
1583 1868 1868 1940 ἄνθρωπος
1891 1910 1907 1933 ,

324 1949 629 2021 προέλαϐεν
659 1954 692 2024 ἠ
722 1955 1062 2026 προσηγορία
1101 1955 1164 2010 τὸ
1209 1957 1415 2028 θαῦμα,
1454 1959 1541 2013 ἵνα
1568 1961 1908 2036 πιστώσηται

322 2043 427 2114 τὴν
456 2043 790 2116 οἰκονομίαν.
815 2045 972 2100 Μάθε
997 2047 1211 2118 πρῶτον
1231 2051 1330 2122 τὴν
1349 2052 1664 2124 οἰκονομίαν
1687 2055 1782 2109 καὶ
1811 2056 1908 2128 τὴν

322 2133 506 2189 αἰτίαν
537 2137 636 2208 τῆς
669 2140 993 2212 παρουσίας,
1033 2142 1127 2194 καὶ
1153 2142 1273 2196 τότε
1303 2143 1526 2209 δόξασον
1552 2145 1649 2218 τὴν
1681 2147 1908 2220 δύναμιν

323 2228 420 2281 τοῦ
450 2229 844 2302 σαρκωθὲντος,
867 2232 1054 2306 ἐπειδὴ
1085 2233 1255 2290 πολλά
1283 2235 1511 2306 ὤφειλεν
1541 2239 1599 2307 ἐξ
1625 2241 1907 2314 ἁμαρτιῶν

323 2321 362 2391 ἡ
382 2321 490 2374 τῶν
521 2322 827 2394 ἀνθρώπιον
861 2323 1042 2394 φύσις,
1097 2325 1194 2379 καὶ
1231 2327 1428 2399 ἠπόρει
1461 2329 1598 2401 πρὸς
1632 2331 1696 2385 τὸ
1725 2332 1906 2404 χρέος.

320 2414 426 2469 Διά
447 2415 557 2489 γὰρ
590 2415 684 2470 τοῦ
723 2417 896 2489 Ἀδὰμ
923 2419 1121 2482 πάντες
1153 2421 1221 2491 τῇ
1240 2420 1487 2494 ἁμαρτίᾳ
1511 2425 1908 2498 ἐχειρογραφή-

324 2525 501 2579 σαμεν
520 2524 536 2540 ·
569 2507 789 2574 δούλους
820 2513 971 2581 ἡμᾶς
1004 2514 1256 2583 κατεῖχεν
1286 2515 1316 2567 6
1338 2513 1612 2579 διάϐολος·
1637 2517 1736 2581 τὰς
1764 2518 1907 2582 ὠνὰς

319 2603 358 2670 ἡ
368 2601 482 2671 μῶν
513 2603 805 2675 περιέφερε
823 2602 958 2676 (15),
986 2605 1162 2677 χάρτῃ
1193 2606 1536 2678 κεχρημένος
1563 2609 1640 2682 τῷ
1665 2611 1907 2666 πολυπα-

321 2696 410 2751 De?
441 2697 600 2768 ήμῶν
624 2697 838 2770 σώματι
859 2701 1134 2772 ·εἰστήκει
1161 2703 1189 2754 6
1216 2703 1385 2767 κακὸς
1415 2702 1521 2757 τῶν
1554 2703 1744 2759 παθῶν
1769 2705 1906 2759 πλα-

321 2789 652 2862 στογράφος,
695 2792 952 2846 ἐπισείων
1004 2793 1162 2864 ἡμῶν
1197 2795 1258 2848 τὸ
1305 2797 1486 2867 χρέος,
1515 2799 1609 2851 καὶ
1659 2799 1905 2854 ἀπαιτῶν

318 2880 470 2949 ἡμᾶς
503 2881 601 2953 τὴν
633 2880 811 2952 δίκην.
842 2883 988 2936 Ἔδει
1013 2883 1192 2938 τοίνυν
1218 2883 1362 2938 δυοῖν
1394 2885 1619 2960 θάτερον
1640 2888 1706 2957 ’ἦ
1741 2891 1904 2943 πᾶσιν

316 2973 630 3045 ἐπαχθῆναι
658 2975 749 3028 τὸν
777 2977 840 3029 ὲκ
860 2976 963 3046 τῆς
989 2977 1284 3049 καταδίκης
1313 2977 1562 3044 θάνατον,
1593 2979 1781 3051 ἐπειδὴ
1811 2983 1905 3035 καὶ

316 3063 526 3130 πάντες
570 3067 819 3139 ἥμαρτον
838 3086 850 3101 ·
878 3068 912 3140 ἢ
955 3070 1196 3124 τοιοῦτον
1221 3070 1436 3143 δοθῆναι
1467 3073 1604 3144 πρὸς
1637 3075 1903 3129 ἀντίδοσιν

2011 1869 2148 1938 Quia
2186 1873 2368 1945 itaque
2397 1875 2489 1931 ille
2539 1893 2702 1947 quem
2762 1881 3150 1947 annuntiabat,
3193 1881 3490 1940 Deuscrat
3525 1902 3590 1942 ac

2009 1961 2210 2029 homo;
2235 1981 2344 2035 quo
2378 1965 2595 2022 facilius
2631 1969 3095 2040 dispensationem
3117 1974 3468 2044 persuadeat,
3507 1977 3588 2033 rei

2009 2053 2337 2110 miraculum
2383 2057 2624 2114 nominis
2679 2062 2962 2120 notatione
2984 2066 3266 2137 anticipat.
3288 2067 3444 2124 Disce
3471 2073 3587 2140 pri-

2009 2160 2154 2201 mum
2170 2149 2534 2204 oeconomiam
2554 2167 2618 2207 ac
2640 2167 2864 2210 causam
2893 2156 3160 2213 adventus
3176 2201 3190 2223 ,
3214 2170 3438 2231 tumque
3457 2163 3580 2231 ejus

2007 2238 2099 2308 qui
2123 2247 2208 2294 est
2243 2239 2578 2305 incarnatus,
2601 2244 2896 2312 potentiam
2929 2246 3182 2304 laudibus
3209 2249 3408 2309 evehe.
3451 2263 3588 2318 quo-

2007 2330 2154 2385 niam
2212 2331 2514 2388 humanum
2565 2350 2739 2406 genus
2780 2338 2928 2407 gravi
2990 2354 3057 2394 ex
3104 2341 3342 2411 peccatis
3402 2341 3587 2397 debito

2005 2421 2330 2482 obstrictum
2378 2433 2517 2488 erat,
2559 2427 2816 2498 nullaque
2851 2428 3096 2485 debitum
3128 2433 3342 2487 ratione
3381 2433 3587 2505 depen-

2006 2513 2136 2570 dere
2193 2524 2422 2586 poterat.
2481 2517 2585 2573 Per
2626 2518 2891 2574 Adamum
2946 2520 3090 2576 enim
3131 2537 3322 2580 omnes
3375 2528 3584 2595 peccati

2005 2606 2515 2678 subscripseramus
2535 2607 2902 2681 chirographo
2933 2631 2946 2666 :
2973 2627 3161 2670 servos
3194 2631 3295 2670 nos
3332 2615 3585 2674 diabolus

2007 2699 2259 2766 tenebat;
2293 2700 2481 2757 multis
2500 2701 2740 2757 obnoxio
2757 2705 3106 2774 passionibus
3140 2716 3330 2764 nostro
3355 2725 3586 2780 corpore

2005 2808 2106 2848 ceu
2147 2791 2337 2848 charta
2360 2809 2516 2857 usus,
2549 2795 2847 2865 emptionis
2887 2797 3077 2854 titulos
3109 2798 3535 2856 circumferebat
3567 2820 3583 2858 :

2005 2894 2159 2942 stans
2188 2887 2367 2943 malus
2399 2887 2491 2942 ille
2525 2886 2781 2943 falsarios
2828 2889 3085 2944 vitiorum
3123 2893 3585 2948 commentarien-

2005 2978 2102 3038 sis,
2128 2977 2368 3032 debitum
2394 2980 2465 3033 ob
2494 2978 2684 3034 oculos
2729 2980 2988 3050 ponebat,
3029 2995 3242 3050 nosque
3264 2982 3330 3036 ad
3364 2983 3578 3053 suppli-

2005 3071 2148 3122 cium
2173 3066 2518 3136 deposcebat.
2557 3067 2796 3123 Duorum
2857 3071 3041 3140 itaque
3089 3071 3318 3148 alterum
3355 3089 3586 3129 necesse

315 3161 558 3232 τίμημα,
602 3161 631 3215 ὃ
680 3164 788 3216 πᾶν
839 3162 918 3234 τῷ
967 3164 1119 3235 χρέει
1161 3164 1376 3236 ὑπῆρχε
1436 3166 1711 3240 δικαίωμα
1767 3169 1902 3238 πρὸς

2005 3167 2144 3219 erat,
2201 3167 2296 3213 aut
2340 3168 2569 3214 mortem
2602 3159 2952 3218 damnatione
2993 3163 3267 3219 decretam
3310 3164 3584 3220 universis

314 3255 674 3327 παραίτησιν.
715 3256 1033 3328 Ἀνθρωπος
1061 3257 1160 3328 μὲν
1183 3254 1277 3311 οὖν
1309 3258 1481 3313 σῶσαι
1518 3260 1617 3314 οὐκ
1648 3260 1894 3330 ἠδύνατο·

317 3348 576 3402 ὑπέκειτο
603 3349 712 3423 γάρ
753 3350 904 3422 χρέει
946 3353 1048 3421 τῆς
1074 3351 1346 3422 ἁμαρτίας
1365 3365 1380 3381 ·
1411 3353 1642 3421 ἄγγελος
1673 3353 1728 3408 δὲ
1773 3353 1897 3420 ἐξα-

314 3437 657 3509 γοράσασθαι
688 3439 789 3510 τὴν
830 3438 1229 3509 ἀνθρωπότητα
1277 3439 1391 3492 οὐκ.
1431 3441 1613 3513 ἴσχυεν
1638 3458 1652 3469 ·
1699 3440 1898 3511 ἠπόρει

312 3529 429 3601 γὰρ
457 3528 550 3582 τοῦ
579 3529 823 3583 τοιούτου
849 3528 1046 3600 λύτρου
1067 3545 1082 3558 ·
1113 3529 1298 3582 λοιπὸν
1338 3525 1430 3583 οὖν
1455 3532 1483 3584 6
1518 3531 1900 3602 ἀναμάρτητος

310 3621 452 3686 Θεὸς
509 3622 646 3693 ὑπὲρ
689 3620 797 3674 τῶν
842 3621 1243 3692 ἡμαρτηκότων
1302 3620 1592 3674 ἀποθανεῖν
1644 3620 1894 3691 ὤφειλεν.

310 3714 465 3784 Αὕτη
493 3714 602 3786 γάρ
620 3714 862 3768 ἐλείπετο
885 3713 979 3767 τοῦ
1013 3711 1180 3767 κακοῦ
1204 3712 1355 3777 λύσις
1382 3712 1514 3782 (16).

2006 3250 2215 3314 inferri,
2245 3251 2464 3320 quando
2483 3250 2644 3305 etiam
2669 3267 2861 3308 omnes
2894 3261 3254 3323 peccaverant
3287 3272 3301 3308 :
3335 3262 3429 3310 aut
3458 3271 3584 3326 pre-

2004 3343 2142 3396 tium
2175 3342 2446 3412 ejusmodi
2480 3343 2533 3396 in
2580 3357 2754 3412 poenae
2798 3344 3175 3415 repensionem
3214 3345 3398 3415 pendi,
3435 3345 3581 3417 quod

2008 3436 2263 3491 universo
2290 3434 2642 3506 debitojuste
2675 3435 2742 3490 ad
2779 3438 3039 3492 amussim
3085 3438 3460 3509 responderet.
3486 3440 3585 3494 At-

2004 3527 2096 3598 qui
2137 3528 2299 3583 homo
2352 3527 2592 3598 quidem,
2625 3528 2768 3598 quod
2799 3529 3005 3598 peccati
3034 3529 3216 3585 debito
3250 3531 3578 3600 subiaceret,

2007 3619 2220 3676 salvare
2250 3621 2438 3690 utique
2466 3634 2572 3674 non
2608 3627 2838 3690 poterat.
2862 3620 3100 3690 Angelus
3129 3637 3255 3678 vero
3279 3621 3580 3678 humanum

2009 3711 2188 3782 ipsum
2216 3728 2389 3782 genus
2416 3725 2525 3769 non
2577 3713 2793 3768 valebat
2828 3712 3097 3770 redimere
3125 3733 3139 3770 :
3167 3729 3276 3769 non
3313 3714 3456 3770 enim
3491 3715 3580 3769 in-

311 3821 454 3877 gens
479 3806 614 3861 adeo
676 3804 1066 3874 redemptionis
1105 3805 1342 3873 pretium
1391 3805 1753 3875 suppetebat;
1819 3805 2089 3875 reliquum
2124 3819 2254 3876 ergo
2309 3812 2450 3870 erat,
2498 3813 2557 3860 ut
2605 3806 2660 3860 in
2709 3821 2868 3878 quem
2910 3815 3195 3877 peccatum
3235 3823 3344 3862 non
3406 3811 3578 3875 cadit,

310 3903 464 3959 Deus
493 3919 592 3973 pro
626 3903 1002 3972 peccatoribus
1054 3911 1377 3958 moreretur.
1412 3901 1539 3957 [hec
1585 3903 1732 3957 enim
1763 3901 1890 3956 mali
1921 3902 2083 3957 unica
2113 3907 2354 3958 restabat
2385 3902 2605 3957 solutio.

390 3999 478 4064 ς’.
512 3995 577 4050 Τί
599 3991 723 4061 οὗν;
759 3994 921 4058 αὐτὸς
954 3997 982 4049 6
1018 3996 1197 4050 πᾶσαν
1225 3996 1386 4066 φύσιν
1419 3995 1482 4049 ὲκ
1513 3996 1586 4066 μὴ
1612 3995 1781 4048 ὅντων
1814 3995 1894 4058 εἰς

2069 3993 2156 4049 Vl.
2182 3993 2322 4061 Quid
2352 3995 2519 4065 ergo?
2547 3994 2638 4051 Ille
2678 3995 2797 4066 ipse
2823 3996 2917 4066 qui
2966 4006 3213 4050 naturam
3263 3996 3573 4053 universam

307 4089 379 4144 τὸ
422 4085 560 4143 εἶναι
601 4087 960 4159 παραγαγὼν,
1005 4089 1034 4140 6
1081 4088 1246 4158 μηδὲν
1305 4088 1443 4159 πρὸς
1489 4087 1736 4160 παροχὴν
1763 4088 1895 4141 ἀπο-

2002 4101 2062 4140 ex
2084 4084 2277 4151 nihilo,
2309 4093 2370 4139 ut
2399 4093 2567 4152 esset,
2598 4085 2873 4149 effecerat,
2918 4087 3117 4154 cuique
3161 4086 3310 4140 nulla
3357 4088 3422 4142 ad
3457 4103 3579 4145 ero-

313 4181 428 4254 ρῶν
442 4181 492 4251 (1
507 4182 580 4246 7),
595 4179 780 4251 ἐξεῦρε
799 4182 909 4242 τοῖς
929 4174 1278 4250 κατακρίτοις
1298 4179 1441 4251 ζωὴν
1457 4179 1893 4251 ἀσφαλεστάτην,

2002 4173 2232 4244 gandum
2272 4174 2460 4230 deerat
2507 4174 2762 4240 facultas,
2809 4174 2972 4229 morti
3024 4189 3089 4229 ac
3129 4175 3572 4234 condemnationi

309 4273 412 4328 καὶ
457 4271 536 4342 τῷ
567 4271 784 4340 θανάτῳ
815 4269 968 4322 λύσιν
1007 4270 1479 4342 εὐπρεπεστάτην.
1532 4270 1644 4324 Καὶ
1686 4271 1894 4340 γίνεται

2002 4265 2257 4330 addictis,
2305 4266 2636 4322 tutissimam
2688 4267 2855 4321 vitam
2916 4266 3224 4334 adinvenit,
3269 4271 3574 4342 mortisque

311 4363 606 4436 ἄνθρωπος
635 4363 700 4415 ὲκ
740 4360 1042 4432 Παρθένου,
1073 4360 1146 4424 ὡς
1175 4357 1326 4416 ὀἶδεν
1369 4360 1562 4424 αὑτός·
1596 4361 1754 4430 λόγος
1785 4361 1893 4433 γὰρ

2002 4359 2325 4414 solutionem
2371 4357 2840 4414 'decentissimam.
2878 4357 2962 4413 Fit
3012 4359 3269 4414 nimirum
3309 4360 3473 4417 homo
3503 4379 3572 4418 ex

307 4455 654 4528 ἑρμηνεῦσαι
676 4454 737 4508 τὸ
768 4453 953 4524 θαῦμα
981 4453 1039 4507 οὐ
1074 4453 1298 4508 δύναται
1322 4469 1335 4482 ·
1378 4455 1472 4508 καὶ
1501 4453 1832 4526 ἀποθνήσκει
1862 4455 1890 4508 ὃ

2002 4447 2241 4521 Virgine,
2280 4448 2444 4504 modo
2487 4449 2534 4504 ei
2579 4459 2850 4518 pernoto;
2889 4451 3035 4506 nulla
3077 4451 3220 4506 enim
3254 4453 3432 4508 oratio
3467 4455 3572 4508 mi-

304 4550 562 4618 ἐγένετο·
597 4549 691 4603 καὶ
721 4545 1008 4618 λυτροῦται
1044 4545 1072 4598 ὃ
1104 4547 1336 4618 ὑπῆρχε,
1366 4549 1507 4602 κατὰ
1541 4549 1632 4601 τὸν
1661 4548 1888 4618 λέγοντα

2002 4542 2242 4596 raculum
2300 4541 2404 4596 hoc
2459 4544 2675 4611 assequi
2731 4543 2941 4608 valeat;
2998 4543 3375 4616 moriturque,
3423 4547 3569 4616 quod

307 4641 542 4697 Παῦλον·
573 4641 676 4696 Ἕν
688 4633 737 4706 ᾦ
751 4640 970 4710 ἔχομεν
983 4639 1097 4708 τὴν
1116 4641 1536 4708 ἀπολύτρωσιν
1554 4640 1647 4695 διὰ
1669 4641 1774 4695 τοῦ
1795 4643 1887 4694 αἵ-

2002 4634 2176 4691 factus
2201 4643 2349 4703 erat;
2376 4636 2593 4691 redimit
2619 4651 2765 4700 vero,
2799 4636 2941 4707 quod
2961 4645 3113 4702 erat,
3136 4637 3290 4708 juxta
3321 4639 3465 4709 quod
3494 4639 3571 4694 ait

304 4747 496 4801 ματος
535 4730 740 4795 αὐτοῦ,
778 4729 894 4798 τὴν
936 4731 1156 4801 ἄφεσιν
1203 4729 1324 4783 τῶν
1376 4731 1885 4801 παραπτωμάτων.

2002 4727 2199 4784 Paulus
2237 4744 2252 4783 :
2289 4726 2355 4782 In
2382 4745 2482 4797 quo
2522 4728 2769 4783 habemus
2807 4729 3211 4798 redemptionem
3231 4745 3322 4799 per
3353 4733 3569 4802 sangui-

306 4824 378 4876 ’Ὠ
397 4821 505 4876 τῶν
523 4821 771 4893 μεγάλων
797 4823 1163 4894 πραγμάτωνῐ
1197 4821 1375 4884 ἄλλοις
1398 4823 1888 4894 ἐπραγματεύσατο

2002 4837 2110 4873 nem
2135 4820 2322 4890 ipsius,
2376 4821 2737 4875 remissionem
2782 4830 3116 4889 peccatorum
3155 4823 3217 4875 "’.
3259 4820 3306 4878 0
3349 4823 3566 4889 miram,

315 4911 373 4965 τὸ
419 4909 714 4964 ἀθάνατον·
767 4909 929 4973 αὐτὸς
984 4909 1094 4980 γὰρ
1147 4909 1359 4980 ὑπῆρχε
1434 4909 1699 4974 ἀθάνατος
1751 4911 1885 4983 (18).

2002 4927 2352 4982 magnamque
2382 4911 2525 4965 rem!
2560 4912 3022 4968 lmmortalilatem
3066 4913 3190 4968 aliis
3231 4914 3562 4981 conciliavit,

302 5003 354 5056 Τ
356 5000 564 5065 οιοῦτος
601 5000 709 5072 γάρ
735 5000 893 5064 ἄλλος
940 5001 1063 5055 κατ’
1106 4998 1419 5071 οἰκονομίαν
1466 4999 1588 5054 οὔτε
1641 5001 1884 5069 γέγονεν,

2002 5009 2154 5072 itque
2196 5004 2449 5074 peperit:
2489 5004 2692 5076 quippe
2740 5005 2835 5075 qui
2875 5006 2991 5076 ipse
3043 5005 3370 5063 immortalis
3419 5017 3561 5064 erat.

297 5094 432 5150 οὔτε
464 5089 554 5166 ἦν,
585 5093 709 5148 οὔτε
740 5093 894 5148 ἔσται
921 5092 1068 5156 ποτὲ,
1098 5093 1131 5164 ἢ
1166 5092 1324 5164 μόνος
1349 5092 1378 5143 6
1413 5092 1479 5144 ὲκ
1492 5091 1766 5161 Παρθένου
1793 5110 1884 5146 τεο

2002 5095 2159 5152 .‘iemo
2195 5099 2340 5152 enim
2399 5099 2690 5170 quisquam
2721 5101 2845 5157 talis
2889 5102 3099 5157 ratione
3141 5101 3560 5165 incarnationis,

291 5187 461 5254 χθεὶς
515 5187 650 5253 Θεὸς
693 5188 790 5243 καὶ
828 5186 1142 5255 ἄνθρωπος·
1192 5186 1292 5239 οὐκ
1332 5185 1884 5239 ἀντιταλαντεύουσαν

2002 5189 2067 5242 vel
2101 5189 2220 5255 fuit,
2257 5193 2337 5246 vel
2372 5201 2512 5260 erat,
2563 5194 2646 5248 vel
2687 5203 2772 5248 est
2804 5211 3042 5265 unquam
3091 5196 3325 5258 futurus,
3370 5204 3561 5264 praeter

379 5348 426 5381 "
464 5345 630 5403 Hebr.
660 5346 833 5408 vu,5.
913 5344 956 5377 "
995 5341 1194 5414 Ephes.
1233 5358 1271 5405 ι,
1310 5341 1358 5395 7.

375 5460 425 5530 (1
437 5459 492 5530 5)
522 5459 606 5530 ΑΙ·
625 5458 913 5530 πρρέφερεο

399 5528 493 5598 16)
529 5528 614 5586 Al.
641 5528 934 5601 λύτρωσις.

403 5593 489 5664 17)
522 5601 604 5654 Al.
635 5593 680 5669 ᾧ
715 5593 773 5670 μ’.
798 5599 1030 5670 Δἄπορον.

398 5671 488 5742 18)
515 5665 663 5726 Μεηξ
690 5665 853 5732 αὐτὸς
878 5665 1343 5791 μόνοςρπάρχων.
1552 5736 1564 5748 .
1614 5734 1624 5746 .
1827 5739 1838 5749 ⁸

399 5741 490 5791 Im
529 5742 660 5791 Deus
687 5748 736 5791 et
766 5739 936 5791 homo.
974 5739 1075 5791 Alu
1103 5739 1206 5791 altu
1281 5743 1517 5791 etvmum
1552 5735 1697 5791 Illius
1726 5750 1838 5791 voc:

398 5688 488 5742 ιδ)
515 5688 655 5726 maz.
690 5688 853 5732 αυτος
878 5688 1034 5739 μονος
1060 5688 1343 5791 υπαρῇων.
1552 5736 1564 5748 .
1614 5734 1624 5746 .
1827 5739 1838 5749 ⁸

370 5688 490 5815 (19)
529 5742 660 5815 Deus
687 5748 736 5794 et
766 5739 936 5792 homo.
974 5739 1075 5815 Alii
1103 5739 1206 5791 aliu
1281 5735 1697 5815 etxntumalh‘us
1726 5750 1872 5815 vocis

294 5805 499 5872 all'érre
546 5813 748 5874 solent,
806 5823 868 5864 ac
907 5809 1198 5882 praecipue,
1235 5815 1290 5862 ut
1328 5805 1546 5862 Gabriel
1585 5805 1870 5862 Fortitudo

1975 5453 2364 5538 Dei_dicat_ur_;_
2393 5457 2474 5538 vel
2500 5458 2663 5538 etiam
2694 5458 2863 5538 fortis
2899 5457 3079 5538 Deus;
3101 5472 3194 5538 ὀθ-
3213 5456 3425 5538 phrasi,
3442 5473 3549 5538 qua

1975 5528 2114 5596 psal.
2140 5541 2186 5596 ⁸ι,
2231 5526 2284 5588 1.
2314 5526 2536 5591 dicitur,
2569 5525 2766 5581 Beatus
2815 5528 2934 5590 vir;
2972 5527 3064 5581 ubi
3101 5525 3324 5596 Hebraea
3381 5525 3546 5596 simili

1974 5594 2088 5651 fere
2131 5594 2305 5665 forma
2346 5596 2547 5651 habent
2594 5605 2760 5665 atque
2804 5599 2857 5651 in
2893 5596 3118 5651 nomine
3140 5595 3380 5662 Gabriel,
3416 5595 3546 5652 τεὼ

1972 5668 2220 5749 duntque
2246 5664 2654 5753 Hebraizantes,
2674 5664 3044 5753 illeatitu’dine-s
3069 5667 3188 5753 vliri.
3202 5665 3411 5725 Nomen
3423 5677 3542 5753 τοι.

1974 5738 2139 5792 virum
2167 5744 2424 5805 potentem
2460 5736 2750 5807 significat,
2792 5751 2855 5790 ac
2880 5735 3262 5803 fortitudinem.
