4028 6330
475 392 602 452 ,θη

1685 377 1741 431 S.
1785 371 2029 431 PROCLI
2056 373 2168 430 fCP.
2207 373 2512 430 EPISCOPI

3625 365 3721 420 688

503 521 625 562 eum
674 502 872 566 solum,
923 501 1015 571 qui
1061 515 1126 555 ex
1165 497 1400 568 Virgine
1433 493 1574 550 Deus
1615 508 1679 549 ac
1710 493 1874 546 homo
1903 500 2101 552 natus,

2202 492 2325 545 ,όνον
2377 491 2514 564 ἔχων
2574 493 2672 561 τὴν
2693 529 2696 532 -
2719 488 2874 556 ἀξίαν
2918 486 2995 558 τῷ
3051 486 3247 557 πλήθει
3297 483 3405 537 τῶν
3442 477 3726 547 ὑποδίκων,

503 609 620 665 est;
652 611 761 652 non
805 610 872 652 eo
900 594 1073 652 solum
1137 591 1329 644 merito
1360 588 1592 658 pollens,
1648 584 1796 656 quod
1848 599 2066 638 reorum

2202 583 2303 636 ,λλά
2361 583 2455 636 καὶ
2488 581 2689 645 πάσαις
2726 581 2928 651 ψήφοις
2965 579 3352 651 ὑπερέχουσαν.
3394 577 3482 632 Ἐν
3525 577 3624 648 μὲν
3656 577 3732 649 τῷ

505 687 836 746 multitudini
874 683 1199 742 redimenda:
1230 696 1325 752 par
1356 689 1523 744 esset,
1548 679 1641 735 sed
1674 685 1728 734 et
1755 676 1902 749 quod
1934 675 2070 730 mul-

2170 675 2299 739 Υἱὸς
2350 670 2511 741 εἶναι,
2549 674 2610 727 τὸ
2637 673 3054 746 ἀπαράλλακτον
3105 671 3293 733 σώζων
3328 669 3465 742 πρὸς
3507 667 3600 721 τὸν
3626 670 3735 722 Πα-

505 785 577 840 tis
592 782 836 855 partibus
859 774 1312 834 excelleret.Nam
1334 789 1440 845 qua
1473 772 1645 828 Filius
1680 780 1785 838 est,
1815 769 2066 826 eamdem

2202 767 2302 838 ἐρα
2319 781 2332 794 ⁸
2364 767 2422 819 ὲν
2450 765 2507 820 δὲ
2527 764 2605 837 τῷ
2628 764 2975 836 δημιουργὸς,
3010 763 3070 816 τὸ
3096 763 3193 833 τῆς
3221 761 3503 831 δυνάμεως
3534 759 3740 830 ἀπροσ-

505 849 631 930 curn
661 871 824 926 Patre
861 875 1109 923 naturam
1155 863 1666 921 incommutabiliter
1703 871 1885 918 ser-vat
1915 879 1930 916 :
1961 875 2069 931 qua

2202 861 2286 925 εὲς
2314 860 2453 932 ἔχων
2471 877 2484 890 ·
2511 862 2571 915 ὲν
2587 860 2644 914 δὲ
2662 858 2742 931 τῷ
2765 857 3176 930 φιλοικτίρμων,
3203 853 3264 908 τὸ
3286 854 3363 917 είς
3399 849 3740 922 συμπάθειαν

505 980 633 1022 vero
667 975 845 1018 rerum
884 959 1083 1031 opifex,
1124 959 1339 1014 \nullius
1379 957 1597 1012 virtutis
1651 964 1735 1014 est
1775 954 2066 1026 indigens:

505 1071 610 1130 qua
669 1062 850 1109 autem
906 1052 1256 1115 misericors,
1319 1051 1585 1104 immensa
1638 1047 2072 1115 inexhaustaque

506 1145 880 1205 misericordia
917 1144 1080 1215 pollet
1105 1162 1119 1195 :
1140 1158 1244 1214 qua
1274 1141 1509 1212 denique
1535 1139 1799 1211 pontifex,
1841 1137 2070 1192 idoneus

491 1242 838 1293 intercessor
857 1234 1066 1291 assistit
1094 1253 1108 1288 :
1133 1248 1365 1304 quorum
1388 1232 1652 1295 omnium,
1666 1231 1813 1286 nihil
1831 1243 2070 1300 unquam

501 1327 703 1392 simiie,
735 1324 871 1381 nihil
902 1325 1108 1396 aequale
1149 1327 1203 1378 in
1241 1324 1348 1378 alio
1397 1322 1650 1392 quopiam
1676 1321 1923 1392 reperire
1948 1321 2072 1390 quis

507 1420 724 1490 poterit.
755 1418 890 1472 Nam
920 1417 1045 1473 vide
1099 1417 1218 1487 ejus
1266 1415 1626 1470 clementiam.
1679 1413 1884 1485 Sponte
1915 1412 2077 1467 morti

510 1513 760 1569 addictus
788 1523 853 1567 ac
887 1512 1300 1575 condemnatus,
1341 1517 1569 1565 mortem
1602 1524 1724 1580 quae
1752 1507 2076 1577 crucifigen-

2168 954 2576 1026 ἀνυπέρϐλητον
2619 951 3000 1023 ὲδημοσίευσεν
3023 966 3036 980 ·
3073 952 3131 1003 ὲν
3157 948 3216 1000 δὲ
3246 945 3325 1017 τῷ
3346 944 3653 1018 ἀρχιερεὺς,
3681 943 3743 995 τὸ

2173 1050 2256 1114 είς
2284 1049 2623 1119 παράστασιν
2643 1044 2953 1113 ἀξιόπιστον
2970 1044 3171 1115 φέρων,
3203 1037 3285 1104 οἶς
3311 1039 3463 1092 οὐδὲν
3488 1037 3638 1109 εὕροι
3661 1054 3746 1100 τις

2174 1142 2240 1196 ἂν
2273 1141 2360 1195 ἐπ’
2387 1139 2561 1193 οὐδενὶ
2589 1138 2699 1192 ἴσον
2723 1137 2756 1208 ἢ
2791 1136 3171 1209 παραπλήσιον
3195 1131 3435 1187 πώποτε.
3463 1130 3608 1202 Ὅρα
3640 1128 3750 1202 γὰρ

2174 1231 2338 1286 αὑτοῦ
2375 1233 2477 1302 τὴν
2521 1227 2953 1301 φιλανθρωπίαν.
2999 1224 3175 1279 Ἐκὼν
3229 1222 3609 1294 κατακριθεὶς,
3655 1220 3749 1275 τὸν

2175 1322 2315 1376 κατά
2346 1321 2456 1376 τῶν
2486 1320 2913 1392 σταυρωσάντων
2962 1317 3124 1371 αὑτὸν
3179 1316 3336 1370 ἔλυσε
3373 1314 3622 1377 θάνατον,
3656 1315 3753 1369 καὶ

2181 1411 2489 1483 ἀπέστρεψε
2509 1411 2610 1482 τὴν
2641 1409 2748 1463 τῶν
2785 1406 3221 1462 ἀποκτεινάντων
3263 1406 3514 1477 ἀνομίαν,
3541 1405 3624 1469 εἰς
3653 1406 3755 1477 τὴν

2179 1505 2288 1558 τῶν
2309 1503 2696 1576 ἀνομησάντων
2725 1501 3017 1571 σωτηρίαν.

511 1605 657 1660 tibus
686 1603 863 1676 ipsum
881 1601 1200 1668 debebatur,
1226 1600 1528 1666 destruxit;
1552 1599 2076 1670 interfectorumque
2113 1596 2482 1668 iniquitatem,
2521 1596 2576 1648 in
2605 1608 2794 1649 eorum
2825 1593 2918 1662 qui
2953 1591 3140 1662 inique
3197 1589 3462 1662 egissent,
3524 1588 3758 1646 salutem

511 1694 802 1751 convertit.

587 1787 709 1843 ‘Vll.
739 1787 914 1845 Posse
935 1787 1120 1858 itaque
1165 1786 1397 1850 salvare,
1441 1785 1616 1856 majus
1644 1791 1762 1840 erat
1796 1799 1958 1856 quam
1985 1798 2084 1854 pro

2254 1782 2328 1834 Z'.
2371 1775 2681 1849 Ἀνθρώπου
2703 1774 2882 1830 τοίνυν
2903 1773 3080 1846 ψιλοῦ,
3103 1773 3277 1827 σῶσαι
3287 1772 3386 1826 ούκ
3411 1768 3480 1844 ἦν
3496 1788 3509 1801 ⁸
3533 1773 3632 1827 καὶ
3653 1773 3764 1847 γάρ

517 1882 773 1936 facultate
797 1879 921 1950 puri
938 1877 1213 1934 hominis:
1248 1877 1518 1947 siquidem
1567 1877 1686 1947 ipse
1730 1891 1950 1946 quoque
1977 1874 2087 1930 sal-

516 1977 734 2026 uantem
789 1967 1159 2024 necessarium
1199 1967 1453 2030 habebat,
1499 1967 1656 2037 juxta
1690 1965 1834 2036 quod
1885 1964 2087 2020 Paulus

518 2061 596 2115 ait
627 2078 640 2114 :
675 2057 866 2115 Omnes
894 2065 1258 2128 peccaverunt,
1290 2066 1339 2112 et
1367 2064 1519 2128 egent
1542 2057 1712 2127 gloria
1740 2055 1838 2110 Dei
1861 2056 1942 2121 ³⁸,
1977 2060 2085 2110 etc.

519 2153 656 2220 Quia
675 2167 805 2222 ergo
825 2157 1104 2222 peccatum
1130 2149 1374 2219 ejusdem
1420 2165 1574 2204 reum
1601 2149 1816 2204 diabolo
1848 2147 2088 2203 obstrin-

523 2249 708 2308 xerat,
734 2242 912 2312 ipsum
949 2240 1200 2297 diabolus
1237 2240 1293 2295 in
1328 2248 1560 2296 mortem
1598 2239 1929 2312 praecipitem
1961 2253 2085 2309 age-

521 2337 632 2390 bat.
659 2333 926 2400 Quocirca
982 2347 1071 2388 res
1125 2341 1329 2388 nostra:
1357 2332 1412 2386 in
1451 2331 1749 2386 maximum
1787 2330 2084 2386 discrimen

509 2427 768 2482 adductae
822 2434 1000 2491 erant,
1034 2439 1136 2480 nec
1170 2439 1296 2494 spes
1326 2425 1436 2478 ulla
1479 2423 1820 2480 liberationis
1856 2438 1888 2477 a
1918 2431 2095 2478 morte

519 2517 730 2588 reliqua
761 2515 1065 2571 videbatur.
1106 2512 1210 2578 Qui
1245 2511 1498 2568 destinati
1543 2521 1700 2568 erant
1737 2511 1956 2578 medici,
1995 2512 2092 2567 de-

514 2610 765 2680 ploratos
794 2603 1180 2676 praedicabant.
1198 2601 1338 2669 Quid
1363 2604 1527 2675 ergo?
1547 2603 1802 2660 Videntes
1821 2605 2097 2677 prophetae

513 2703 764 2758 humana
813 2700 991 2770 majus
1039 2696 1313 2753 industria
1371 2699 1570 2755 vulnus
1617 2698 1904 2764 inﬂictum,
1935 2701 2099 2756 coele-

520 2805 667 2852 stem
723 2791 993 2846 medicum
1036 2789 1420 2844 inclamabant.
1452 2791 1531 2845 Ac
1559 2807 1702 2847 unus
1740 2791 1957 2862 quidem
1983 2793 2098 2847 aie-

526 2886 624 2941 bat
650 2903 665 2939 :
689 2883 899 2938 Inclina
929 2879 1108 2946 caelos,
1143 2889 1192 2935 et
1216 2879 1550 2938 descende".
1587 2883 1742 2938 Alius
1761 2898 1890 2939 vero
1914 2900 1927 2939 :
1954 2882 2100 2939 Sana

529 2993 631 3040 me,
664 2975 974 3040 Domine,et
1005 2978 1238 3031 sanabor
1261 2976 1328 3031 ”.
1359 2974 1514 3031 Unus
1549 2993 1562 3030 :
1597 2973 1789 3029 Excita
1813 2975 2101 3044 potentiam

533 3079 702 3128 luant,
734 3075 783 3120 et
812 3067 948 3127 veni.
983 3075 1041 3120 ut
1074 3068 1246 3121 salvos
1265 3066 1435 3136 facias
1466 3082 1560 3120 nos
1586 3065 1653 3118 “.
1680 3066 1833 3121 Alius
1859 3083 1872 3117 :
1903 3065 1962 3120 Si
1990 3081 2104 3119 vere

2187 1869 2282 1924 καὶ
2315 1868 2475 1931 αὐτὸς
2500 1867 2670 1920 ἐδεῖτο
2691 1864 2784 1919 τοῦ
2815 1863 3100 1929 σώζοντος,
3130 1863 3273 1918 κατὰ
3315 1864 3526 1918 Παῦλον
3552 1865 3645 1918 τὸν
3680 1866 3765 1918 λέ-

2187 1979 2372 2032 γοντα,
2402 1961 2485 2014 ὄτι
2520 1958 2750 2024 Πάντες
2772 1957 3058 2027 ἥμαρτον,
3096 1957 3195 2011 καί
3226 1955 3623 2026 ὑστεροῦνται
3657 1957 3768 2028 τῆς

2189 2053 2372 2120 δόξης
2398 2051 2505 2106 τοῦ
2531 2050 2697 2114 Θεοῦ,
2729 2050 2823 2102 καὶ
2847 2047 2915 2101 τά
2939 2047 3082 2119 ἑξῆς.
3138 2043 3355 2119 Ἐπειδὴ
3383 2043 3477 2102 οὖν
3508 2051 3540 2120 ἡ
3583 2049 3768 2121 ἀμαρ-

2189 2145 2280 2199 τία
2327 2143 2407 2216 τῷ
2457 2142 2706 2211 διαϐόλῳ,
2753 2141 2998 2212 προσῆγε
3026 2140 3119 2193 τὸν
3164 2139 3337 2211 αὐτῆς
3388 2140 3772 2208 ὕπεύθυνον,ὁ

2189 2235 2433 2298 διάϐολος
2461 2233 2538 2306 τῷ
2572 2233 2787 2304 θανάτῳ
2825 2231 3015 2286 τοῦτον
3054 2231 3443 2302 προσέπεμπε·
3488 2233 3772 2305 τοιγάρτοι

2193 2329 2251 2382 ὲν
2288 2326 2528 2399 μεγίστῳ
2560 2324 2792 2395 κινδύνῳ
2842 2323 2910 2376 τά
2952 2323 3074 2377 καθ’
3107 2324 3254 2394 ἡμᾶς
3291 2324 3523 2395 προῆγε,
3566 2327 3666 2379 καὶ
3717 2329 3774 2380 ἐν

2195 2419 2424 2491 ἀπόροις
2442 2413 2512 2490 ἦν
2539 2417 2691 2480 λύσις
2722 2415 2817 2469 τοῦ
2850 2415 3115 2470 θανάτου·
3155 2417 3204 2468 οί
3235 2417 3578 2487 πεμφθέντες
3601 2421 3780 2491 ἰατροὶ

2195 2512 2555 2583 κατηγόρουν.
2609 2510 2676 2564 Τί
2723 2505 2976 2576 οὒκ-Ὠς
3020 2504 3157 2563 εἶδον
3195 2511 3244 2562 οἱ
3279 2511 3558 2583 προφῆται
3591 2514 3778 2584 μεῖζον

2196 2604 2389 2676 τέχνης
2404 2602 2750 2675 ἀνθρωπίνης
2763 2603 2826 2656 τὸ
2838 2603 3079 2674 τραῦμα,
3096 2603 3185 2658 τὸν
3208 2602 3267 2668 ἐξ
3287 2602 3515 2675 οὐρανοῦ
3532 2606 3778 2659 ἐπεϐόων

2201 2697 2402 2770 ίατρὸν.
2462 2698 2576 2751 Καὶ
2621 2697 2650 2749 ὀ
2705 2695 2803 2767 μὲν
2850 2695 3005 2764 ἔλεγε
3025 2714 3040 2728 ο
3067 2697 3294 2751 Κλῖνον
3331 2697 3652 2766 οὐρανοὺς,
3685 2698 3782 2755 καί

2197 2789 2503 2857 κατάϐηθι.
2542 2789 2768 2852 Ἀλλος’
2799 2789 2992 2843 Ἰασαί
3012 2806 3110 2859 με,
3159 2791 3360 2858 Κύριε,
3395 2791 3493 2844 καί
3533 2791 3782 2857 ὶαθήσο-

2193 2900 2323 2952 μαι.
2352 2883 2602 2953 Ἕτερος,
2643 2881 2970 2952 Ἐξέγειρον
2987 2883 3102 2950 τὴν
3121 2883 3489 2938 δυναστείαν
3512 2901 3655 2949 σου,
3691 2885 3784 2940 καί

2200 2973 2339 3027 ἐλθὲ
2360 2974 2448 3039 εἰς
2479 2971 2546 3025 τὸ
2570 2970 2768 3027 σῶσαι
2781 2971 2960 3042 ἡμᾶς.
2986 2974 3178 3038 ΙἈλλος
3198 2991 3212 3004 ·
3235 2978 3303 3030 Et
3338 2976 3527 3042 ὅντως
3547 2979 3785 3046 οἰκήσει

2207 3064 2351 3131 Θεὸς
2400 3064 2550 3135 μετὰ
2595 3063 2956 3132 ἀνθρώπων;
3005 3067 3231 3131 Ἄλλος,
3283 3067 3440 3137 Ταχὺ
3486 3082 3780 3137 προκατα-

535 3157 676 3211 Deus
715 3154 973 3209 habitabit
999 3171 1118 3210 cum
1153 3154 1449 3210 hominibus
1476 3154 1564 3207 ²²ἳ
1609 3151 1760 3208 Unus
1796 3171 1810 3208 :
1863 3151 1981 3208 Cito
2016 3168 2101 3204 an-

2203 3157 2554 3210 λαϐέτωσαν
2573 3154 2731 3226 ἡμᾶς
2750 3159 2804 3209 οί
2824 3158 3110 3226 οἰκτιρμοί
3132 3173 3268 3224 σου,
3292 3161 3490 3228 Κύριε,
3507 3160 3598 3215 ὅτι
3613 3163 3790 3216 ἐπτω-

536 3251 751 3319 ticipent
780 3264 876 3303 nos
893 3248 1270 3303 misericordia
1299 3259 1422 3314 tute,
1447 3245 1691 3315 Domine,
1709 3247 1834 3318 quia
1851 3261 2103 3316 pauperes

519 3344 667 3413 afaeti
696 3358 877 3397 ennius
904 3342 1060 3396 nimis
1078 3342 1142 3396 ³³.
1169 3341 1481 3397 ΑιῑιιεεΗειι
1508 3341 1658 3405 mihi,
1687 3340 1842 3408 periit
1871 3351 2104 3392 reverens

519 3455 568 3490 -ιι
596 3445 833 3498 terra,“
865 3435 953 3505 qui
973 3450 1038 3488 ea:
1066 3435 1256 3488 uirtute
1281 3451 1344 3487 ac
1373 3442 1509 3488 recte
1533 3433 1693 3495 vivat,
1714 3431 1769 3484 in
1801 3428 2101 3484 hominibus

536 3537 738 3584 non-est
761 3526 828 3581 “.
857 3525 1009 3582 Unus
1037 3525 1228 3592 :Deus,
1256 3526 1310 3579 in
1327 3523 1660 3595 adjutorium
1686 3537 1857 3576 meum
1875 3521 2107 3585 intende;

518 3619 790 3682 .Domine,
806 3618 875 3672 ad
901 3617 1256 3688 adiuuandum
1282 3634 1364 3672 me
1397 3616 1592 3686 festina
1611 3615 1679 3668 ”.
1700 3612 1854 3667 Alius
1881 3625 1896 3664 :
1924 3609 2110 3664 Adhuc

521 3711 824 3777 modicum,
856 3721 928 3766 -et
963 3712 1052 3782 qui
1107 3721 1356 3766 cariturus
1400 3718 1500 3774 est,
1523 3707 1709 3772 veniet,
1739 3713 1789 3759 et
1811 3719 1913 3758 non
1937 3702 2112 3757 tarda-

525 3805 613 3857 .bit
638 3804 707 3856 ³⁸..
761 3801 915 3858 Unus
943 3802 1182 3857 :Jirraui
1225 3803 1362 3857 sicut
1403 3800 1512 3854 ovis
1559 3813 1676 3869 qua:
1715 3796 1908 3866 periit:
1938 3810 2113 3866 qurere

542 3907 745 3948 servum
777 3901 922 3945 tuum
955 3892 1272 3962 (sperantem
1295 3891 1352 3944 in
1381 3898 1429 3944 te
1451 3887 1542 3958 ³⁷.)
1574 3887 1731 3942 Alius
1765 3905 1779 3944 :
1816 3885 1958 3940 Deus
1996 3902 2112 3939 ma-

529 3982 732 4052 .nifeste
753 3984 936 4047 veniet,
968 3982 1403 4045 Deusnoster,.et
1434 3994 1538 4033 non
1566 3977 1739 4032 silebit
1770 3977 1837 4031 ⁸³.
1867 3973 1919 4032 ls
1951 3975 2116 4047 igitur

523 4077 638 4148 .qui
657 4085 852 4131 natura
914 4092 1007 4131 rex
1039 4081 1144 4140 est,
1175 4087 1284 4128 non
1331 4070 1576 4142 despexit
1612 4070 1912 4136 humanum
1946 4083 2118 4138 genus

531 4165 735 4220 :multis
754 4165 869 4236 jam
897 4165 1058 4219 annis
1088 4160 1378 4234 tyrannide
1393 4173 1747 4230 oppressum.
1775 4155 1893 4212 Non
1917 4158 2119 4227 permi-

531 4257 638 4320 .sit,
679 4269 800 4317 sua,
861 4251 1025 4317 Deus,
1078 4249 1467 4318 misericordia,
1500 4257 1772 4321 .perpetuo
1795 4249 2120 4305 obstrictum

525 4349 721 4403 .tcneri
737 4347 954 4402 diabolo
975 4365 989 4412 ;
1012 4344 1109 4400 sed
1134 4345 1282 4400 venit
1312 4345 1427 4414 ipse
1466 4343 1559 4414 qui
1596 4356 1810 4412 semper
1835 4349 1891 4396 et
1925 4341 2123 4411 ubique

2205 3249 2512 3318 χεύσαμεν
2546 3247 2802 3317 σφόδρα.
2828 3248 3086 3322 Ἕτερος·
3121 3251 3190 3304 Οῑ
3223 3269 3321 3320 μοι
3351 3251 3441 3305 ὅτι
3463 3253 3789 3310 ἀπόλωλεν

2205 3339 2466 3407 εὐλαϐὴς
2494 3339 2611 3394 ἀπὸ
2640 3338 2750 3408 τῆς
2780 3339 2913 3410 γῆς,
2961 3341 3059 3395 καί
3088 3344 3122 3396 ό
3132 3342 3449 3412 κατορθῶν
3472 3345 3543 3398 ἐν
3569 3346 3786 3416 ἀνθρώ-

2208 3444 2343 3493 ποις
2365 3430 2477 3496 οὺχ
2528 3429 2802 3499 ὑπάρχει.
2836 3432 3027 3496 ’Δλλος
3059 3448 3074 3463 °
3127 3433 3180 3485 '0
3217 3433 3363 3500 Θεὸς
3396 3437 3484 3501 είς
3503 3435 3611 3503 τὴν
3641 3437 3792 3506 ,βοή-

2212 3518 2384 3575 θειάν
2404 3536 2521 3588 μου
2540 3527 2824 3591 πρόσχες,
2845 3527 3038 3590 καὶεις
3052 3520 3122 3578 τὸ
3140 3524 3448 3594 ,βοηθῆσαί
3467 3545 3572 3597 μοι
3605 3532 3792 3586 σπεῦ-

2219 3625 2356 3672 σον,
2393 3605 2618 3672 Ἀλλος’
2650 3610 2860 3677 Ὅσον,
2900 3611 3053 3668 ὅσον
3091 3617 3126 3669 ό
3152 3615 3476 3686 ἐρχόμενος
3508 3621 3672 3687 ἣξει,
3703 3623 3796 3677 καί

2211 3702 2284 3755 οὐ
2346 3701 2594 3771 χρονιεῖ.
2642 3704 2834 3770 Ἀλλος
2847 3722 2862 3736 ο
2930 3707 3317 3778 Ἐπλανήθην
3365 3712 3445 3778 ὡς
3494 3717 3795 3781 πρόϐατον

2211 3791 2548 3860 ἀπολωλὸς,
2569 3793 2825 3863 ζήτησον
2845 3796 2953 3851 τὸν
2966 3796 3192 3852 δοῦλόν
3212 3816 3330 3854 σου
3351 3801 3459 3855 τὸν
3479 3803 3797 3866 ἐλπίζοντα

2212 3883 2312 3939 ἐπὶ
2355 3883 2463 3939 σέ·
2498 3885 2690 3951 Ἀλλος
2713 3905 2728 3922 ο
2770 3888 2834 3941 '0
2873 3887 3020 3954 Θεὸς
3048 3889 3326 3959 ἐμφανῶς
3377 3893 3533 3961 ἣξει,
3572 3900 3607 3951 ό
3655 3899 3798 3965 Θεὸς

2215 3975 2404 4045 ἡμῶν,
2438 3979 2537 4032 καί
2563 3981 2634 4033 οὺ
2666 3981 3222 4050 παρασιωπήσεται.
3251 3987 3326 4040 Ob
3361 3988 3588 4060 παρεῖδε
3619 3993 3798 4047 τοίνυν

2216 4071 2315 4141 τὴν
2355 4070 2518 4141 φύσιν
2545 4072 2646 4143 τὴν
2667 4073 3013 4147 ἀνθρωπίνην
3045 4079 3138 4131 ἐπὶ
3171 4079 3306 4133 πολὺ
3333 4087 3796 4158 τυραννουμένην,

2218 4164 2247 4217 ὸ
2293 4165 2452 4234 φύσει
2509 4165 2762 4236 βασιλεὺς
2789 4169 3051 4242 ὑπάρχων
3075 4189 3090 4204 ο
3130 4173 3230 4226 οὐκ
3271 4175 3481 4245 ἀφῆκεν
3527 4180 3616 4243 εἰς
3653 4180 3799 4242 τέλος

2221 4251 2362 4308 εἶναι
2401 4255 2479 4328 τῷ
2527 4257 2759 4330 διαϐόλῳ
2783 4260 3104 4326 ὑπεύθυνον,
3139 4265 3168 4316 ὁ
3208 4265 3608 4338 φιλοικτίρμων
3635 4270 3798 4334 Θεός*

2223 4345 2337 4401 ἀλλ’
2359 4343 2572 4420 ἦλθενὸ
2595 4349 2682 4403 ἀεὶ
2736 4351 2946 4423 παρὼν,
2987 4353 3084 4409 καὶ
3117 4355 3381 4410 κατέδαλε
3435 4357 3635 4432 λύτρον
3669 4363 3802 4434 ὑπὲρ

549 4438 725 4502 adest,
771 4452 836 4492 ac
878 4437 1154 4507 pr0prium
1185 4433 1508 4505 sanguinem
1555 4432 1731 4487 nostri
1764 4445 1931 4486 causa
1950 4431 2005 4485 in
2033 4446 2101 4487 re-

2225 4438 2488 4534 ijpt'bv‘cb
2547 4439 2675 4496 ἴδιον
2727 4434 2898 4512 αἷμα·
2951 4444 3046 4497 καὶ⁵
3089 4443 3288 4500 ἔδωκεν
3321 4447 3461 4517 ὑπὲρ
3495 4431 3594 4503 τοῦ
3617 4431 3804 4522 γένους

523 4528 876 4601 ωάειιιιιιίοιιίε
898 4528 1134 4598 pretium
1183 4525 1458 4598 profudit;
1504 4537 1836 4592 carnemque
1867 4536 2030 4591 quam
2047 4535 2123 4578 ex

538 4624 775 4696 «νὴ-εἱειιὲ
833 4626 1169 4691 susceperat,
1225 4616 1705 4673 commutationem
1754 4630 1852 4686 pro
1880 4613 2123 4684 ejusdem

535 4717 749 4780 salute,
777 4712 941 4768 morti
987 4710 1244 4776 tradidit;
1283 4725 1348 4765 ac
1375 4707 1637 4764 mundum
1667 4723 1697 4761 a
1738 4707 1872 4778 legis
1896 4707 2124 4770 redemit

547 4807 864 4871 maledicto,
921 4811 1150 4860 mortem
1199 4802 1496 4858 destruens
1543 4808 1760 4855 morte:
1796 4797 1941 4856 unde
1961 4799 2122 4854 etiam

553 4896 754 4949 clamat
777 4893 1021 4949 Paulus:
1053 4890 1299 4946 Christus
1334 4904 1430 4944 nos
1464 4888 1682 4943 redemit
1727 4888 1790 4942 de
1845 4887 2122 4945 maledicto

551 4985 678 5056 legis
704 4986 772 5042 ὀ.

625 5076 760 5132 Vill.
793 5075 897 5144 Qui
927 5090 1028 5131 nos
1056 5087 1186 5145 ergo
1236 5071 1488 5138 redemit,
1547 5089 1582 5127 υ
1628 5069 1842 5138 Judaee,
1887 5089 1997 5129 non
2041 5083 2126 5130 est

547 5175 729 5240 purus
755 5167 917 5221 homo
950 5181 964 5217 :
995 5164 1250 5220 universa
1271 5163 1416 5218 enim
1449 5161 1731 5217 hominum
1769 5169 1968 5218 natura
1997 5179 2125 5233 pec-

557 5260 667 5313 cati
729 5256 991 5314 serritute
1037 5269 1294 5326 oppressa
1317 5253 1643 5308 tenebatur:
1679 5261 1733 5308 at
1772 5269 1949 5324 neque
1981 5253 2126 5311 Deus

548 5360 794 5415 tantum,
829 5349 1066 5402 humana
1093 5346 1386 5401 destitutus
1414 5353 1648 5411 natura;
1675 5361 1875 5416 corpus
1891 5362 2127 5418 namque

551 5443 810 5508 habebat,
850 5457 883 5497 ο
910 5440 1220 5497 Manichaee.
1250 5438 1366 5496 Nisi
1387 5440 1533 5496 enim
1557 5454 1645 5496 me
1666 5439 1958 5507 induisset,
1981 5441 2126 5496 baud

633 5617 679 5652 ⁸⁸
716 5618 874 5673 Rom.
916 5635 995 5673 ιιι.
1035 5621 1125 5674 ‘23.
1204 5619 1246 5650 ¹⁹
1275 5617 1416 5672 Psal.
1447 5631 1636 5680 chIn,
1669 5617 1722 5671 5.
1797 5619 1844 5651 '°
1882 5617 2083 5674 Jerem.

649 5687 795 5759 Psal.
843 5703 1082 5755 Lxxvm,
1135 5688 1187 5742 8.
1220 5756 1245 5759 _
1294 5688 1340 5720 “
1379 5687 1540 5742 Mich.
1579 5703 1698 5759 ivn,
1731 5687 1787 5745 2.
1891 5689 1937 5722 ³⁸
1977 5689 2100 5748 Psal

2206 5620 2262 5687 i,
2325 5621 2448 5689 ιι,
2516 5623 2565 5656 ¹¹
2605 5621 2981 5696 Psal.1.xx1x,
3024 5629 3078 5684 5.

2202 5706 2353 5759 .xrx,
2402 5692 2458 5750 2.
2548 5694 2594 5726 ’⁸
2633 5693 2836 5754 Habac.
2864 5713 2946 5759 ιι,
2999 5699 3051 5755 5.

558 5686 615 5757 ἦέ
649 5687 795 5757 Psal.
843 5703 1082 5755 Lxxvm,
1135 5688 1187 5742 8.
1225 5756 1232 5757 ί
1294 5688 1340 5720 ’⁸
1379 5687 1540 5742 Mich.
1599 5703 1698 5757 vn,
1731 5687 1787 5745 2.

558 5753 792 5812 "‘Psal.
820 5771 966 5822 uix,
997 5753 1076 5812 5.'
1125 5759 1170 5791 ¹⁹
1207 5756 1382 5814 Galat.
1423 5773 1503 5825 III,
1541 5758 1628 5813 15.

2221 4530 2580 4603 ἀντάλλαγμα
2613 4531 2691 4604 τῷ
2740 4533 2974 4607 θανάτῳ,
3029 4537 3096 4608 ἢν
3149 4539 3215 4591 ὲκ
3259 4539 3536 4610 Παρθένου
3574 4544 3802 4616 ὲφόρεσε

2227 4621 2405 4694 σάρκα
2427 4639 2440 4653 ⁸
2469 4626 2562 4678 καὶ
2583 4625 2952 4698 ὲξηγοράσατο
2975 4629 3067 4684 τὸν
3092 4630 3294 4700 κόσμον
3316 4633 3379 4685 ὲκ
3403 4636 3502 4704 τῆς
3523 4635 3619 4688 τοῦ
3641 4637 3803 4707 νόμου

2227 4717 2492 4788 κατάρας,
2534 4717 2748 4792 θανάτῳ
2777 4721 2870 4776 τὸν
2899 4720 3127 4776 θάνατον
3160 4727 3516 4798 καταργήσας
3537 4746 3551 4759 ·
3586 4730 3684 4783 καὶ
3713 4729 3805 4800 βοᾷ

2224 4807 2436 4911 Ila-5510;.
2456 4827 2470 4841 ·
2493 4812 2748 4879 Χριστὸς
2767 4812 2926 4883 ἡμᾶς
2945 4813 3316 4884 ἐξηγόρασεν
3327 4816 3396 4869 ἐκ
3419 4815 3528 4886 τῆς
3543 4819 3804 4890 κατάρας

2218 4901 2331 4956 ,τοῦ
2361 4901 2569 4971 νόμου.

2300 5078 2384 5132 H'.
2433 5078 2494 5132 '0
2521 5078 2700 5132 τοίνυν
2724 5081 3003 5153 ἀγοράσας
3029 5085 3061 5155 ὴ
3071 5086 3200 5156 μᾶς,
3223 5087 3286 5139 ού
3307 5085 3461 5156 ψιλὸς
3495 5087 3801 5162 ἄνθρωπος,

2218 5161 2275 5221 ,ὧ
2320 5168 2535 5222 Ἰουδαῖε
2558 5185 2572 5198 ·
2612 5171 2646 5241 ἡ
2677 5170 2786 5242 γὰρ
2822 5171 2928 5225 τῶν
2961 5173 3262 5250 ἀνθρώπων
3301 5179 3488 5232 ἅπασα
3528 5161 3690 5250 φύσις
3737 5182 3800 5250 τῇ

2231 5257 2476 5330 ἁμαρτίᾳ
2503 5258 2823 5314 δεδούλωτο·
2851 5262 2966 5315 ἀλλ’
2994 5263 3117 5317 οὔτε
3155 5264 3260 5338 μὴν
3292 5267 3501 5337 γυμνὸς
3527 5268 3804 5341 ἀνθρωπό-

2230 5367 2393 5421 τητος
2413 5351 2572 5415 Θεὸς·
2601 5351 2760 5424 σῶμα
2786 5353 2896 5426 γάρ
2925 5351 3089 5427 εἶχεν,
3112 5350 3157 5410 ὦ
3185 5357 3468 5429 Μανιχαῖε.
3497 5359 3559 5414 Εί
3601 5361 3675 5431 μὴ
3699 5359 3804 5430 γάρ

2232 5441 2516 5496 ἐνεδύσατο
2548 5445 2669 5516 ἐμὲ,
2693 5447 2793 5500 οὐκ
2817 5446 2884 5501 ἂν
2907 5446 3110 5503 ἔσωσεν
3130 5450 3231 5522 ἐμέ
3251 5468 3264 5480 ·
3293 5450 3406 5504 ἀλλ’
3431 5453 3490 5505 ὲν
3514 5456 3580 5524 τῇ
3609 5450 3804 5522 γαστρὶ

3176 5632 3220 5664 ³⁸
3248 5629 3334 5699 illi
3366 5597 3498 5699 θος.
3549 5643 3643 5684 νιιι
3669 5627 3802 5699 ,27.

3155 5701 3204 5732 "
3244 5698 3392 5758 Psal.
3429 5697 3631 5769 dxvru,
3678 5697 3802 5754 176.
