4028 6330
497 404 593 461 691

1696 413 1752 467 S.
1795 413 2043 470 PROCLI
2081 413 2185 471 CP.
2225 410 2531 470 EPISCOPI

3623 413 3719 468 6θῖ

577 523 646 579 Χ.
679 522 723 580 0
749 526 1098 596 mysterium!
1143 525 1397 582 Miracula
1423 528 1598 594 video,
1630 538 1685 586 et
1719 531 2064 589 Divinilalem

2240 537 2292 589 l'.
2323 534 2385 587 Ὢ
2408 532 2501 587 τοῦ
2529 531 2853 603 μυστηρίουί
2883 532 3064 602 βλέπω
3084 529 3150 584 τὰ
3176 528 3447 600 θαύματα,
3487 529 3580 583 καὶ
3603 532 3729 585 ἀνα-

507 618 770 686 pmdico:
792 619 1073 688 passiones
1087 633 1272 683 cerno,
1291 634 1390 675 nec
1406 618 1799 678 humanitatem
1826 623 2058 678 inficior.

506 708 757 762 Ceterum
803 707 1141 774 Emmanuel,
1192 719 1399 766 naturae
1443 711 1661 782 quidem
1705 721 1891 785 portas
1939 731 2065 786 ape-

511 799 622 852 ruit
647 807 705 852 ut
733 799 893 853 homo
915 798 1071 868 (2‘3);
1108 800 1436 871 virginitatis
1471 812 1650 860 autem
1676 806 1916 862 claustra
1956 825 2062 862 non

509 891 726 944 violavit
739 905 910 961 neque
924 891 1190 961 perrupit,
1209 902 1265 948 ut
1280 894 1422 949 Deus
1441 913 1454 950 :
1471 897 1602 965 quin
1623 897 1697 950 ita
1713 912 1780 953 ex
1806 906 1963 953 utero
1982 905 2066 954 est

509 994 780 1050 egressus,
817 981 977 1036 sicuti
1011 995 1104 1050 per
1119 996 1304 1036 aurem
1321 992 1405 1037 est
1431 985 1748 1055 ingressus:
1785 987 1858 1042 ila
1882 996 2062 1053 natus,

510 1070 649 1126 sicut
681 1083 993 1142 conceptus.
1021 1070 1302 1142 Ingressus
1324 1082 1409 1129 est
1431 1075 1547 1131 sine
1570 1081 1859 1147 passione;
1885 1095 2067 1150 egres-

511 1178 606 1219 sus
656 1173 740 1219 est
783 1164 989 1235 absque
1035 1167 1142 1220 ulla
1196 1166 1568 1236 corruptione,
1615 1167 1772 1238 juxta
1803 1169 1946 1239 quod
1991 1171 2067 1224 ait

512 1254 768 1326 propheta
790 1255 1060 1312 Ezechiel:
1080 1257 1343 1312 Convertit
1368 1274 1468 1322 me,
1494 1258 1690 1328 inquit,
1719 1258 1977 1314 Dominus
1999 1260 2067 1314 ad

510 1347 648 1400 riam
663 1355 831 1412 porta:
859 1349 1156 1402 sanctuarii
1196 1351 1473 1406 exterioris
1517 1368 1634 1421 qua
1663 1355 1969 1421 respiciebat
1999 1355 2067 1408 ad

510 1439 789 1502 orientem;
816 1446 864 1492 et
892 1438 1002 1492 haec
1040 1439 1228 1494 clausa
1261 1451 1394 1494 erat.
1414 1439 1481 1494 Et
1502 1441 1638 1495 dixit
1673 1443 1741 1495 ad
1773 1460 1855 1498 me
1884 1444 2067 1500 Domi-

511 1545 606 1582 nus
630 1544 648 1582 :
674 1525 785 1580 Fili
810 1527 1061 1592 hominis,
1087 1538 1243 1596 porta
1257 1528 1367 1582 ltwc
1387 1530 1570 1582 clausa
1595 1530 1715 1592 erit,
1735 1540 1785 1584 et
1815 1547 1918 1584 non
1946 1547 2070 1600 ape-

511 1621 710 1684 rietur;
744 1627 792 1673 et
825 1619 1003 1672 nullus
1031 1620 1250 1673 transiet
1272 1634 1364 1686 per
1388 1636 1534 1683 eam;
1574 1620 1662 1674 sed
1707 1621 1852 1676 solus
1890 1620 2072 1676 Domi-

2164 623 2415 694 κηρύττω
2443 623 2542 694 τὴν
2574 621 2812 690 Θεὸτητα
2831 638 2845 653 ο
2869 620 2978 692 ὁρῶ
3004 621 3072 673 τὰ
3103 619 3270 690 πάθη,
3302 619 3394 672 καὶ
3430 619 3530 672 οὐκ
3557 619 3728 690 ἀπαρ-

2163 715 2358 784 νοῦμαι
2389 713 2488 784 τὴν
2526 711 2936 785 ἀνθρωπότητα.
2997 711 3134 764 Ἀλλ’
3165 711 3194 762 ὁ
3234 709 3600 781 Ἐμμανουήλ,
3631 710 3729 780 φύ-

2166 818 2301 860 σεως
2327 801 2423 872 μὲν
2477 800 2650 864 πύλας
2704 797 2935 869 ἀνέῳξεν
2978 797 3052 861 ὼς
3091 796 3404 868 ἄνθρωπος’
3437 795 3730 868 παρθενίας

2163 893 2220 946 δὲ
2245 891 2468 962 κλεῖθρα
2491 891 2552 944 οὐ
2569 889 2849 962 διέῥρηξεν
2887 889 2961 952 ὠς
2989 887 3122 950 Θεός
3141 904 3154 917 ·
3190 887 3302 940 ἀλλ’
3332 886 3504 950 οὓτως
3532 889 3596 940 ἐκ
3625 888 3728 958 μή-

2163 997 2298 1055 τρας
2327 981 2616 1054 προῆλθεν,
2644 981 2716 1044 ὼς
2734 981 2801 1033 δι’
2825 981 2996 1051 ἀκοῆς
3014 978 3260 1048 εἰσῆλθεν
3282 996 3296 1010 ·
3323 978 3495 1038 οὕτως
3517 979 3729 1051 ἐτέχθη,

2165 1075 2242 1138 ὡς
2277 1073 2599 1146 συνελήφθη.
2652 1072 2904 1134 Ἀπαθῶς
2948 1071 3214 1140 εἰσῆλθεν,
3272 1071 3567 1142 ἀφράστως
3618 1071 3730 1142 (24)

2166 1163 2375 1233 ἐξῆλθε,
2418 1163 2557 1218 κατὰ
2589 1161 2680 1216 τὸν
2735 1162 3022 1232 προφήτην
3065 1157 3321 1229 Ἱεζεκιὴλ
3346 1159 3435 1211 τὸν
3480 1157 3730 1226 λέγοντα·

2179 1251 2540 1323 Ἐπέστρεψέ
2559 1269 2654 1322 με,
2694 1252 2846 1324 φησὶ,
2879 1252 3092 1319 Κύριος
3119 1250 3269 1303 κατὰ
3308 1247 3423 1316 τὴν
3448 1248 3594 1302 ὁδὸν
3629 1247 3736 1315 τῆς

2168 1348 2367 1414 πύλης
2392 1344 2509 1399 τῶν
2535 1345 2716 1414 ἁγίων
2750 1341 2860 1410 τῆς
2899 1341 3210 1410 ἐξωτέρας,
3247 1339 3356 1406 τῆς
3375 1340 3737 1405 ,βλεπούσαις

2169 1438 2319 1490 κατὰ
2357 1433 2672 1499 ἀνατολὰς,
2724 1434 2821 1487 καί
2869 1432 3018 1500 αὕτη
3067 1428 3147 1502 ἦν
3182 1429 3601 1499 κεκλασμένη.
3629 1429 3738 1482 Καὶ

2168 1523 2298 1582 εἶπε
2322 1528 2534 1595 Κύριος
2553 1527 2703 1592 πρός
2717 1540 2821 1595 με’
2856 1524 2952 1578 rte
2989 1523 3323 1592 ἀνθρώπου,
3349 1524 3388 1591 ἡ
3408 1523 3572 1588 πύλη
3586 1520 3737 1586 αὕτη

2169 1617 2561 1688 κεκλασμένη
2598 1619 2768 1672 ἐσται
2783 1634 2796 1648 ·
2823 1619 2933 1670 οὐκ
2955 1614 3376 1684 ἀναχθήσεται
3401 1631 3414 1644 ·
3439 1613 3640 1678 οὐδεὶς
3665 1614 3739 1666 οὐ

512 1726 608 1764 nus
647 1708 787 1764 Deus
823 1707 997 1763 Israel
1030 1724 1048 1762 :
1078 1711 1187 1777 ipse
1218 1710 1541 1780 ingredietur
1585 1721 1637 1767 et
1682 1713 1994 1783 egredietur,
2022 1723 2072 1768 et

2175 1708 2252 1780 μὴ
2271 1707 2473 1776 διέλοῃ
2496 1708 2570 1762 δι’
2589 1707 2798 1776 αὐτῆς.
2812 1707 2950 1761 ἀλλ’
2966 1706 3004 1775 ἢ
3027 1707 3240 1774 Κύριος
3261 1709 3294 1760 ό
3312 1705 3456 1771 Θεὸς
3470 1703 3740 1773 Ἰσραὴλ,

511 1801 612 1855 erit
643 1808 794 1872 porta
817 1801 999 1854 clausa
1020 1799 1087 1853 “.
1138 1801 1214 1855 En
1247 1809 1431 1870 aperte
1471 1801 1801 1858 declaratam
1827 1811 2070 1859 sanctam

2165 1801 2383 1870 μόνος·
2413 1797 2595 1866 αὐτὸς
2621 1799 3028 1852 εἰσελεύσεται
3069 1797 3167 1850 καί
3193 1797 3594 1860 ἐξελεύσεται.
3641 1795 3741 1848 καί

517 1891 608 1948 Dei
631 1891 952 1962 genitricem
993 1889 1238 1946 Mariam.
1263 1891 1562 1948 Dirimalur
1586 1908 1716 1964 ergo
1745 1894 1924 1949 omnis
1938 1909 2072 1948 cou-

2175 1892 2342 1946 ἔσται
2367 1893 2405 1961 ἠ
2427 1892 2588 1958 πύλη
2617 1888 3027 1958 κεκλασμένη.
3063 1889 3195 1942 Ἰδοὺ
3220 1887 3488 1954 ἀπόδειξις
3509 1887 3743 1960 ἐναργὴς

515 1982 788 2044 tradictio,
836 1995 900 2035 ac
947 1978 1353 2051 Scripturarum
1408 1982 1656 2038 doctrina
1701 1983 2072 2053 illustremur;

513 2087 621 2143 quo
651 2080 704 2128 et
723 2072 984 2126 ctelorum
1033 2086 1434 2142 consequamur
1475 2089 1703 2144 regnum
1748 2075 1803 2129 in
1830 2074 2076 2140 Christo,

514 2165 600 2220 cui
619 2164 790 2235 gloria
815 2163 871 2218 in
893 2162 1093 2219 sarcula
1122 2165 1472 2231 saeculorum,
1502 2165 1696 2220 Amen.

1025 2385 1142 2455 (εδ)
1176 2383 1432 2442 ORATIO
1467 2386 1528 2441 ll.

515 2503 589 2558 De
625 2501 987 2556 incarnatione
1016 2498 1230 2553 Domini
1273 2503 1443 2555 nostri
1481 2501 1611 2556 Iesu
1643 2500 1880 2568 Christi,
1927 2514 1976 2556 et
2014 2503 2078 2558 de

1141 2571 1436 2639 infusoriis.

581 2685 618 2739 Ι.
658 2684 891 2738 Pulchra
917 2682 1134 2753 quidem
1155 2692 1241 2738 est
1264 2685 1598 2754 psalmorum
1625 2685 1780 2755 lyra;
1811 2686 2076 2744 divinitus

512 2777 774 2846 inspirata
799 2774 1033 2845 Spiritus
1058 2775 1300 2840 cithara;
1328 2775 1628 2843 jucundqu
1661 2777 1865 2844 pariter
1891 2791 1955 2830 ac
1977 2786 2078 2832 ter-

512 2866 669 2920 ribile
697 2873 780 2921 est
802 2865 1097 2936 prophetia:
1120 2865 1417 2932 canticum;
1451 2864 1669 2919 salubre
1698 2879 1912 2935 semper
1929 2869 2076 2930 psal-

513 2971 726 3010 morum
788 2957 989 3018 melos,
1046 2956 1242 3010 melleo
1285 2965 1550 3010 concentu
1588 2972 1689 3010 suo
1736 2957 2076 3026 perturbatos

513 3045 739 3102 affectus
771 3047 991 3102 sedans.
1024 3044 1111 3100 Uti
1146 3046 1290 3100 enim
1327 3045 1434 3100 falx
1471 3045 1536 3099 ad
1572 3046 1759 3116 spinas
1789 3047 1969 3113 habet,
1999 3047 2079 3102 sic

513 3149 568 3196 et
603 3139 848 3210 psalmus
895 3137 1058 3192 habet
1102 3137 1169 3191 ad
1205 3136 1507 3192 tristitiam.
1558 3135 1808 3194 Psalmus
1845 3153 2078 3209 namque

2175 1979 2272 2049 τῆς
2286 1977 2447 2047 ἁγίας
2475 1977 2722 2031 θεοτὸκου
2747 1975 2984 2046 Μαρίας.
3018 1975 3241 2029 Λυέσθω
3267 1975 3445 2028 τοίνυν
3463 1973 3744 2040 ἀντιλογία

2177 2071 2346 2134 πᾶσα,
2373 2070 2466 2124 καὶ
2499 2071 2564 2140 τῇ
2595 2069 2701 2122 τῶν
2738 2067 2966 2141 Γραφῶν
2991 2065 3498 2137 καταφωτιζώμεθα
3521 2067 3741 2134 γνώσει,

2176 2163 2266 2216 ἵνα
2303 2162 2398 2216 καὶ
2432 2160 2708 2231 βασιλείας
2737 2159 2978 2230 οὐρανῶν
3002 2159 3255 2229 τύχωμεν·
3288 2161 3345 2211 ὲν
3367 2157 3607 2230 Χριστῷ,
3705 2159 3744 2228 ἠ

2176 2255 2301 2319 δόξα
2328 2255 2407 2318 είς
2425 2253 2552 2318 τοὺς
2578 2253 2776 2318 αἰῶνας
2801 2252 2909 2306 τῶν
2933 2251 3159 2306 αἰώνων.
3197 2252 3384 2324 Ἀμήν.

2817 2389 3032 2442 ΛΟΓΟΣ
3069 2386 3144 2441 B'.

2171 2502 2274 2568 Είς
2304 2501 2418 2569 τὴν
2456 2501 2916 2570 ἐνανθρώπησιν
2946 2502 3052 2554 τοῦ
3083 2501 3305 2568 Κυρίου
3343 2498 3513 2568 ἡμῶν
3549 2496 3747 2568 Ἰησοῦ

2387 2570 2664 2640 Χριστοῦ,
2699 2571 2800 2625 καί
2828 2575 2916 2638 είς
2945 2571 3050 2637 τὰς
3073 2570 3536 2639 ἐπαρυστρίδας.

2245 2685 2324 2743 A'.
2357 2685 2513 2757 Καλὴ
2552 2687 2650 2758 μὲν
2683 2688 2718 2758 ή
2759 2685 2868 2740 τῶν
2906 2684 3138 2756 ψαλμῶν
3170 2685 3310 2756 λύρα
3333 2702 3346 2716 ·
3387 2683 3748 2747 θεόπνευστος

2177 2778 2211 2846 ή
2242 2775 2334 2828 τοῦ
2369 2776 2686 2846 Πνεύματος
2730 2775 2964 2848 κιθάρα·
3013 2774 3245 2846 τερπνὸν
3288 2774 3384 2828 καὶ
3425 2773 3653 2846 φοϐερὸν
3684 2773 3752 2827 τὸ

2176 2869 2274 2938 τῆς
2313 2867 2646 2938 προφητείας
2688 2863 2840 2938 ᾆσμα
2864 2883 2878 2895 ⁶
2922 2869 3186 2936 σωτήριος
3218 2866 3305 2919 ἀεὶ
3339 2867 3372 2936 ἡ
3421 2865 3748 2936 ψαλμῳδία,

2177 2961 2242 3014 τὰ
2292 2960 2435 3031 πάθη
2483 2957 2802 3030 κοιμίζουσα
2831 2961 2895 3030 τῇ
2944 2958 3198 3030 μελῳδίᾳ.
3253 2957 3430 3028 Ὅπερ
3469 2956 3577 3027 γάρ
3604 2958 3750 3010 ἐστιν

2177 3052 2440 3114 ἀκάνθαις
2473 3051 2749 3122 δρεπάνη,
2802 3050 2960 3103 τοῦτο
2989 3050 3197 3118 γίνεται
3229 3049 3323 3102 καὶ
3366 3046 3518 3120 λύπῃ
3554 3049 3582 3100 ὁ
3613 3044 3752 3115 ψαλ-

2183 3143 2300 3213 μάς·
2341 3141 2569 3211 Ψαλμδς
2598 3141 2706 3212 γὰρ
2744 3140 3150 3212 μελῳδούμενος
3183 3137 3437 3208 ἐκτέμνει
3472 3136 3710 3206 ἀθυμίας
3733 3153 3747 3167 ·

513 3245 714 3287 canore
757 3229 1105 3294 modulatus,
1171 3228 1338 3282 animi
1389 3227 1740 3299 egritudines
1794 3238 2074 3300 amputat;

2191 3235 2466 3306 ῥιζοτομεῖ
2489 3233 2588 3297 τὰς
2616 3232 2792 3297 λύπας
2819 3249 2831 3262 ·
2871 3230 3265 3300 ἁποσπογγίζει
3305 3230 3374 3282 τὰ
3417 3229 3599 3298 πάθη⁶
3636 3243 3751 3280 κοι-

515 3334 806 3376 mmrorem
839 3319 1106 3374 radicitus
1142 3318 1417 3374 exscindit
1450 3337 1465 3385 ;
1507 3319 1950 3388 perturbationes
1978 3321 2078 3375 ab-

518 3413 748 3483 stergit;
787 3412 970 3468 luctus
996 3411 1186 3478 sedat;
1241 3410 1643 3467 sollicitudines
1672 3419 1858 3479 curat;
1892 3412 2082 3467 dolore

517 3505 772 3574 fatigatos
817 3511 1066 3569 recreat;
1119 3511 1442 3574 peccatores
1489 3503 1558 3557 ad
1601 3503 2080 3573 compunctionem

515 3597 866 3659 exstimulat;
911 3597 978 3649 ad
1011 3595 1269 3665 pietatem
1303 3597 1541 3663 excitat;
1576 3595 1826 3660 deserta,
1863 3595 2080 3650 urbium

518 3687 820 3758 frequentia
847 3697 1004 3756 auget
1028 3704 1044 3754 ;
1071 3686 1235 3742 urbes
1255 3685 1568 3756 componit;
1591 3686 1920 3741 monasteria
1951 3700 2084 3740 con.

517 3778 645 3842 llat;
677 3777 1045 3848 virginitatem
1091 3777 1423 3832 documento
1472 3776 1667 3844 tradit;
1706 3776 2081 3833 mansuetudi-

518 3883 639 3922 nem
670 3867 888 3932 edocet;
919 3867 1237 3921 charitatem
1259 3867 1466 3932 sancit;
1485 3868 1818 3937 paupertatis
1840 3867 2080 3924 studium

519 3959 734 4012 beatum
766 3955 1056 4028 praedicat;
1093 3956 1158 4010 ad
1190 3957 1502 4026 patientiam
1540 3965 1856 4027 comparat;
1889 3960 1943 4012 in
1978 3972 2085 4012 cce-

521 4051 630 4102 lum
665 4049 928 4106 sublimes
956 4049 1131 4114 tollit;
1163 4047 1461 4104 Ecclesiam
1495 4048 1764 4118 frequenti
1799 4049 2082 4104 hominum

520 4149 788 4194 conventu
821 4139 1038 4210 opplet;
1067 4138 1401 4194 sacerdotem
1427 4145 1678 4193 sanctum
1711 4137 1908 4203 emcit;
1937 4139 2084 4209 fugat

520 4230 828 4296 daemones;
865 4229 1049 4284 futura
1086 4229 1402 4299 prophetat;
1434 4227 1691 4299 mysteria
1724 4229 2081 4297 prtenuntiat;

522 4321 838 4377 Trinitatem
867 4322 1194 4392 promulgat,
1234 4321 1423 4376 dicens
1465 4335 1478 4372 :
1511 4319 1656 4374 Dixit
1695 4319 1945 4375 Dominus
1975 4321 2082 4375 Do-

523 4415 662 4467 mino
692 4430 824 4474 meo.
860 4413 992 4468 Sede
1021 4431 1054 4466 a
1082 4413 1283 4467 dextris
1319 4414 1466 4476 meis,
1497 4413 1658 4467 donec
1694 4429 1886 4481 ponam
1907 4415 2086 4467 inimi-

2185 3325 2329 3393 μίζει
2356 3325 2481 3387 τοὺς
2517 3322 2779 3394 θρήνουςο
2816 3323 3126 3392 χειρουργεί
3156 3319 3253 3382 τὰς
3288 3317 3574 3390 φροντίδας
3601 3333 3613 3346 ·
3649 3315 3751 3384 ψυν

2181 3417 2422 3486 χαγωγεῖ
2450 3417 2578 3478 τοὺς
2611 3416 2670 3468 ἐν
2716 3413 2959 3478 ὀδύναις
3011 3411 3367 3484 ἁμαρτωλοὺς
3417 3409 3748 3475 κατανυγεῖο

2182 3507 2452 3574 ὲξυπνίζει
2476 3507 2612 3580 πρὸς
2643 3507 2926 3560 εὐσέϐειαν
2951 3522 2964 3536 ·
2997 3504 3234 3576 ἐρημίας
3255 3501 3464 3566 πολίζει
3490 3517 3504 3529 ο
3528 3501 3627 3565 τὰς
3653 3499 3752 3551 πό-

2180 3599 2294 3664 λεις
2327 3599 2684 3672 σωφρονίζειο
2721 3599 3009 3671 συγκροτεῖ
3045 3596 3412 3667 μοναστήρια·
3452 3591 3751 3666 παρθενίαν

2183 3690 2514 3764 ὑπαγορεύει
2539 3708 2553 3721 °
2595 3691 2879 3763 πραότητα
2915 3688 3246 3742 ἐκδιδάσκειο
3295 3683 3578 3756 νομοθετεῖ
3614 3679 3749 3750 ἀγά-

2182 3797 2292 3850 πην
2315 3795 2327 3808 ·
2370 3777 2663 3851 μακαρίζει
2690 3777 3089 3847 φιλοπτωχίαν’
3127 3775 3262 3847 πρὸς
3291 3770 3566 3843 ὑπομονὴν
3606 3769 3752 3823 ἀλείς

2184 3889 2291 3940 φει·
2307 3873 2386 3935 εἰς
2404 3871 2663 3943 οὐρανοὺς
2687 3867 3024 3942 μετεωρίζει·
3044 3867 3364 3936 στενοχωρεῖ
3399 3863 3745 3933 Ἐκκλησίανο

2183 3961 2399 4031 ἁγιάζει
2433 3963 2582 4033 ίερέα
2606 3978 2620 3993 ο
2656 3961 2916 4031 δαίμονας
2960 3956 3248 4028 φυγαδεύει
3271 3973 3286 3988 ο
3321 3955 3652 4026 προφητεύει
3680 3949 3751 4003 τὰ

2187 4055 2443 4122 μέλλοντα
2470 4070 2483 4084 ·
2538 4055 2812 4124 μυστήρια
2873 4049 3236 4123 προκηρύττει
3261 4066 3276 4080 ο
3328 4047 3606 4118 νομοθετεί
3653 4043 3748 4114 τὴν

2183 4138 2407 4218 Τβιάδα,
2449 4144 2622 4213 λέγων
2645 4159 2658 4172 ·
2694 4140 2880 4197 Εἶπεν
2923 4146 2955 4197 ὁ
2992 4143 3205 4211 Κύριος
3251 4139 3329 4205 τῷ
3365 4137 3565 4206 Κυρίῳ
3597 4153 3745 4206 patr

2184 4237 2367 4291 κάθου
2397 4237 2465 4289 ἐκ
2508 4234 2720 4300 δεξιῶν
2751 4253 2905 4305 μου,
2934 4235 3044 4300 ἕως
3082 4232 3158 4287 ἂν
3191 4230 3272 4288 θῶ
3312 4229 3455 4295 τοὺς
3500 4227 3747 4298 ἐχθρούς

2183 4344 2298 4382 σου
2336 4327 2669 4383 ὑποπόδιον
2721 4325 2840 4380 τῶν
2876 4325 3076 4380 ποδῶν
3125 4339 3263 4379 σου.
3323 4319 3617 4391 Σύνθρονον
3659 4316 3746 4370 τὸν

2185 4419 2310 4472 Υἱὸν
2341 4418 2623 4490 ἐκήρυξεν,
2661 4419 2722 4472 οὐ
2765 4416 3068 4488 λειτουργὸν
3099 4413 3190 4467 τὸν
3227 4411 3510 4483 ὁμοούσιον
3542 4405 3746 4476 ἐστηλί-

522 4521 608 4558 ros
641 4513 757 4559 tuos
787 4503 1074 4558 scabellum
1113 4504 1302 4571 pedum
1336 4512 1546 4557 tuorum
1589 4504 1654 4556 '°.
1686 4504 2074 4561 Consessorem

2184 4523 2365 4559 τευσε.
2399 4505 2496 4559 Διὰ
2535 4505 2696 4560 τοῦτο
2737 4505 2844 4578 γὰρ
2874 4505 3076 4576 ἀρτίως
3107 4505 3135 4556 ὁ
3176 4500 3442 4573 μακάριος
3469 4496 3634 4550 Ααδῖδ
3655 4494 3748 4563 τὴν

523 4592 718 4648 Filium
759 4592 1080 4663 praedicavit
1114 4610 1128 4647 :
1168 4609 1277 4646 non
1319 4593 1682 4663 ignominioso
1714 4595 1952 4650 ministri
1988 4611 2074 4650 no

2189 4597 2469 4668 ἀκάματον
2497 4596 2678 4665 φύσιν,
2701 4597 2799 4667 τὴν
2831 4593 3236 4663 παντοδύναμον
3263 4590 3473 4653 οὐσίαν,
3496 4587 3596 4658 τὴν
3622 4585 3748 4655 ἀήτ-

526 4685 670 4739 miue
726 4683 1078 4755 Unigenitum
1121 4685 1343 4739 notavit.
1391 4685 1565 4752 Quam
1603 4699 1736 4740 sane
1767 4685 1839 4740 ob
1870 4700 2074 4741 causan

2187 4705 2347 4759 τητον
2383 4687 2654 4758 βούλησιν,
2686 4688 2783 4760 τὴν
2815 4688 2890 4760 μὴ
2923 4686 3286 4760 βραδύνουσαν
3322 4682 3505 4754 χάριν,
3535 4679 3626 4732 τὸν
3655 4676 3746 4728 αὐ⁹

523 4789 698 4845 nuper
730 4773 925 4829 beatus
954 4773 1145 4838 David,
1176 4774 1639 4846 indefatigabilem
1670 4774 1968 4832 decantans
1994 4793 2074 4830 nar

2191 4778 2381 4850 θέντην
2411 4779 2765 4853 δημιουργὸν,
2793 4781 2884 4834 τὸν
2935 4776 3279 4844 αὐτεξούσιον
3319 4774 3472 4838 Υίὸν,
3504 4771 3596 4826 τὸν
3619 4770 3746 4824 ὐπο-

597 4962 640 4996 ⁵⁹
663 4959 858 5017 Ezech.
894 4975 1040 5024 suv,
1077 4958 1128 5022 Ι,
1157 4957 1215 5013 2.
1285 4959 1333 4990 ⁸ο
1373 4953 1519 5012 Psal.
1558 4971 1668 5022 eis,
1704 4957 1760 5011 5.

524 5139 646 5181 rum
689 5121 845 5178 affert
897 5119 1268 5175 Damascenus
1302 5119 1530 5191 epistola
1558 5118 1637 5174 De
1653 5117 1898 5188 trisagio,
1925 5133 2085 5191 quem
2182 5120 2366 5172 minus
2385 5117 2607 5191 vulvam
2639 5125 2927 5191 aperturus
2969 5120 3147 5191 esset;
3179 5119 3233 5166 at
3276 5116 3604 5191 non_tam_en
3628 5122 3746 5190 ape-

523 5191 936 5265 Theopascbitae
975 5191 1271 5265 obiicerem
1301 5181 1354 5254 ,’
1377 5191 1536 5244 aliter
1589 5181 1827 5265 legentes
1872 5181 1958 5242 ac"
1989 5189 2086 5243 ha-
2182 5191 2370 5265 ruerit
2409 5187 2646 5265 potentia
2675 5181 2919 5265 'deitatis
2947 5226 2962 5248 ,
2991 5263 3000 5265 _
3027 5184 3092 5238 ad
3150 5197 3312 5265 quam
3361 5181 3604 5265 claustra
3622 5181 3746 5265 ipsa

526 5256 692 5321 beant
723 5261 884 5317 modo
928 5259 1185 5330 codices:
1216 5275 1408 5330 nempe
1454 5268 1538 5316 ter
1575 5256 2085 5330 repetitamvocem
2184 5256 2424 5330 perinde
2442 5257 2636 5330 habent
2664 5271 2738 5330 _ac
2770 5256 3039 5330 _si_aperta
3063 5260 3247 5311 essent
3275 5265 3288 5302 :
3325 5265 3448 5320 qua:
3476 5258 3564 5304 est
3588 5256 3743 5303 etiam

525 5338 705 5405 ἅγιοςο
761 5342 820 5405 ut
879 5345 1055 5405 neque
1107 5329 1199 5384 illa
1233 5325 1412 5405 littera
1449 5325 1962 5405 improbanda_sit,_
1989 5328 2085 5383 sed
2180 5325 2865 5405 expp§_iti_o__A_niph_ilochi_i.
3087 5393 3120 5405 Α.
3246 5390 3282 5405 η
3369 5386 3489 5405 ,μ’
3584 5383 3741 5405 At“!

525 5386 783 5475 duntaxat
802 5386 1180 5475 haereticorum
1201 5400 1391 5475 _malus
1423 5386 1576 5475 usus,
1599 5415 1662 5455 ac
1689 5397 1831 5470 quod
1863 5386 2082 5475 vellent,
2252 5386 2366 5475 (g5)
2392 5397 2574 5475 Edidit
2589 5386 2902 5475 'Riccardus
2923 5411 2986 5450 ex
3012 5386 3742 5475 antiquoCryptaeferrateusi

529 5457 930 5530 ita-"inFilium
960 5472 1152 5527 referri
1201 5471 1304 5524 hoc
1346 5457 1620 5525 canticum
1648 5513 1662 5534 ,
1693 5457 1751 5524 ut
1790 5483 1896 5522 non
1919 5457 2083 5522 etiam
2182 5457 2552 5536 codice,stilo
2575 5467 2928 5536 scommatico
2950 5480 3012 5536 ac
3030 5457 3296 5536 pole'mico
3314 5457 3621 5536 inludens,
3639 5457 3744 5510 sive

528 5524 873 5601 ἧιεὲιῖιῇἷίιῖ
901 5524 1116 5596 Patrem
1139 5524 1197 5596 et
1221 5524 1484 5611 Spiritum
1497 5524 1778 5611 sanctum;
1819 5537 1974 5611 quod
1987 5538 2090 5611 fal-
2184 5536 2352 5592 etiam
2379 5524 2694 5611 intimorum
2729 5532 2948 5611 nomine
2980 5524 3043 5583 in
3067 5531 3308 5611 a_sseclas
3337 5524 3696 5611 Nestorianos
3713 5540 3737 5611 ἑ

530 5629 649 5686 sum
682 5615 848 5686 liquet
877 5627 943 5667 ex
972 5613 1092 5667 aliis
1114 5609 1346 5680 aliisque
1371 5611 1504 5686 locis
1534 5609 1865 5686 __Sc_riptur.e,
1885 5609 2089 5679 quibus
2183 5609 2578 5686 totaurl‘rocli,
2616 5610 2674 5686 ut
2723 5616 2748 5685 ιι

532 5665 1133 5752 Ᾱίίἒιξέίίξιιιιιεήνετεοιιε
1163 5665 1481 5752 apparuisse
1516 5665 1733 5734 dicitur.
1851 5665 1923 5752 ’μ’

2180 5686 2234 5732 et
2280 5673 2651 5752 axina,_dvrt_
2682 5665 2898 5752 φύσεως
2929 5684 3090 5752 quem
3136 5677 3362 5723 sanctus
3410 5665 3739 5736 Ephrazuiius

603 5749 714 5817 (2!)
744 5743 955 5823 Aperui,
986 5762 1041 5804 ut
1097 5743 1268 5804 Ιιοηὶό.
1321 5751 1417 5823 _Sic
1461 5751 1576 5820 ipse
1608 5749 1955 5823 exposuerim
1982 5768 2016 5823 :_
2031 5755 2091 5802 ut
2187 5743 2613 5823 apird"_P|_iotiuln
2642 5743 2743 5809 ipsi
2762 5743 3011 5823 trib-uita

534 5809 1027 5890 ερὲοῑὰιιιίιυὶιιαῐι
1071 5827 1276 5875 natura:
1321 5809 1570 5874 humana:
1619 5809 1950 5889 conditione,
1982 5818 2088 5874 Do-
2222 5809 2369 5887 ’(24)
2411 5813 2535 5886 L05.
2573 5828 2696 5868 cum
2726 5811 2848 5867 aliis
2875 5809 3181 5882 ἀφθάρτως·

2183 5590 2350 5660 totum
2379 5603 2578 5664 Procli,
2616 5610 2674 5656 ut
2723 5609 2871 5673 patet
2899 5616 2964 5654 ex
2995 5600 3192 5653 crebro
3238 5613 3340 5651 usu
3372 5595 3524 5673 vocis
3565 5590 3739 5673 μορφή
