4028 6330
369 364 477 422 693

1357 381 1614 442 ORATIO
1657 386 1741 440 Dii
1777 388 2292 452 lNCARNATlONE
2334 397 2586 454 0012151.

3501 415 3617 476 δεισι-

368 481 537 609 Σιγῆς
553 481 831 557 ἐλεύθερον
858 487 1009 557 Θεὸν,
1044 495 1133 548 τὸν
1164 496 1239 568 μὴ
1263 497 1616 572 κελευόμενον
1638 506 1910 578 Δεσπότην

649 577 771 609 δελ..
793 595 807 609 .
850 582 943 609 οη,
976 584 1332 609 ι.-,,-μ.,εηημ
1421 592 1432 609 .
1479 592 1502 609 ν

2041 521 2248 580 turam,
2293 518 2720 589 omnipotentem
2750 520 3146 592 substantiam,
3186 529 3630 609 insuperabilem.

366 573 619 644 ἁνυμνῶν
647 577 775 632 ἐϐόα
793 595 807 610 ο
850 582 944 648 Ὠς
971 584 1343 657 ἐμεγαλύνθη
1373 592 1444 646 τὰ
1471 592 1613 664 ἔργα
1649 609 1786 664 σου,
1813 573 1923 652 Κύ-

359 666 494 734 ριε]
535 667 732 724 πάντα
785 673 855 726 ἐν
897 679 1081 746 σοφίᾳ
1127 680 1439 749 ἐποίησας.
1481 686 1928 756 Αίσχυνέσθωσαν

370 758 609 830 Ἀρειος,
641 763 735 815 καὶ
759 762 1037 835 Εὐνόμιος,
1062 770 1390 836 Μακεδόνιός
1414 791 1472 827 τε
1501 776 1596 829 καὶ
1618 777 1926 849 Νεστόριος,

362 849 426 903 τὸ
454 853 799 923 τετράπωλον
823 857 916 911 τοῦ
944 858 1190 914 διαϐόλου
1224 862 1376 936 ἄρμα
1397 881 1410 896 ο
1449 867 1497 920 oi
1525 867 1632 921 τῶν
1667 870 1929 940 αἱρέσεων

365 943 618 1035 σκόπελοι
642 962 655 975 ·
687 949 741 1000 αἱ
772 949 868 1019 τῆς
895 951 1242 1026 βλασφημίας
1264 957 1518 1024 σπιλάδες
1545 978 1558 991 ·
1597 961 1666 1014 τά
1695 963 1803 1016 τῶν
1831 964 1930 1035 ψυ-

360 1033 472 1100 χῶν
499 1037 758 1106 ναυάγια·
804 1043 858 1094 αἱ
900 1043 1000 1114 τῆς
1035 1045 1351 1114 δυσσεϐείας
1383 1050 1576 1120 ὕφαλοι
1618 1054 1814 1126 πέτραι
1834 1033 1853 1085 ⁸-
1879 1061 1928 1111 οἱ

361 1127 589 1196 πονηροὶ
610 1127 708 1198 τῆς
745 1131 974 1202 Τριάδος
1003 1133 1331 1206 ζυγοστάται
1357 1159 1372 1174 ο
1412 1143 1802 1202 ἀκουσάτωσαν
1833 1149 1928 1202 τοῦ

361 1215 529 1307 Δαόὶδ
575 1218 854 1288 λέγοντος·
904 1226 1002 1292 Ὠς
1051 1227 1425 1302 ἐμεγαλύνθη
1464 1235 1536 1289 τὰ
1582 1235 1726 1307 ἔργα
1779 1254 1929 1307 σου,

358 1306 534 1375 Κύριε
549 1308 570 1361 !
601 1310 800 1364 πάντα
845 1314 915 1367 ἐν
957 1319 1145 1386 σοφίᾳ
1191 1321 1504 1392 ἐποίησας.
1569 1327 1628 1380 '0
1661 1306 1826 1383 Δασὶδ
1862 1306 1930 1384 τά

355 1398 498 1495 ἔργα
529 1404 840 1472 μεγαλύνει,
878 1409 970 1462 καὶ
1000 1413 1048 1464 οἱ
1086 1411 1395 1486 βλάσφημοι
1423 1419 1514 1473 τὸν
1547 1421 1770 1492 κτίστην
1802 1441 1929 1495 σμι-

357 1492 636 1585 κρᾲύνουσι.
684 1499 872 1556 Πάντα
903 1503 1013 1575 γὰρ
1059 1506 1348 1578 θαυμαστά
1381 1513 1475 1565 καὶ
1528 1492 1928 1585 παράδοξαξτὰ

351 1583 450 1638 τοῦ
479 1588 749 1644 Δεσπότου
797 1594 1068 1666 Χριστοῦ·
1103 1598 1237 1652 Θεοῦ
1268 1601 1376 1673 γάρ
1414 1605 1529 1660 ἐστι
1562 1583 1734 1676 Λόγου
1756 1583 1931 1677 τερά-

351 1691 509 1741 στια,
540 1680 632 1732 καὶ
665 1679 910 1753 γλώττης
937 1685 1102 1756 τάχος
1129 1688 1363 1744 νικῶντα
1383 1706 1396 1718 ·
1430 1693 1582 1762 ἰσχὺν
1610 1694 1667 1747 δὲ
1696 1695 1790 1750 τοῦ
1829 1695 1927 1768 δη-

352 1772 790 1843 μιουργήσαντος
820 1779 1186 1848 παριστῶντα.

2034 601 2370 657 voluutatetn
2396 643 2412 669 ,
2463 607 2694 661 celerem
2730 609 2960 678 gratiam
2993 651 3010 676 ,
3041 624 3234 685 suapte
3283 601 3614 687 auctoritate

2031 688 2410 757 conditorem,
2466 695 2550 749 sui
2587 696 2731 766 juris
2775 696 3006 764 Filium,
3054 702 3224 761 Deum
3280 713 3484 770 nullius
3528 717 3611 770 di-

2029 781 2160 834 tioni
2206 781 2544 852 subjectum,
2575 785 2862 844 Dominum
2907 794 3114 852 nullius
3146 798 3374 870 imperio
3401 808 3610 860 manci.

2029 884 2213 940 patum
2240 915 2254 938 ,
2288 875 2438 931 claro
2490 883 2762 948 praaconio
2801 885 3016 942 dicebat
3061 907 3075 944 :
3134 890 3309 957 Quam
3366 901 3608 968 magniﬁ-

2030 974 2153 1018 cata
2202 978 2322 1022 sunt
2365 985 2521 1037 opera
2573 981 2665 1027 tua
2690 1013 2704 1038 ,
2744 974 3004 1034 Domine!
3042 986 3219 1039 omnia
3249 986 3302 1040 in
3348 988 3608 1060 sapientia

2030 1056 2204 1156 feciin
2230 1061 2296 1114 5”.
2330 1061 2756 1122 Confundantur
2791 1070 2955 1128 Arius
2985 1083 3040 1129 et
3063 1047 3606 1156 Eunotnius,,'llaéq-

2031 1147 2342 1268 :l‘oniusque
2366 1161 2420 1206 et
2449 1153 2756 1224 Nestorius,
2788 1162 3128 1236 quadrijugis
3150 1168 3354 1268 diaboli
3385 1147 3602 1236 currus.

2032 1240 2298 1298 haeresum
2338 1249 2588 1317 scopuli,
2616 1251 3076 1323 blasphemiarum
3111 1239 3605 1326 cauté?‘,mima-

2031 1349 2150 1388 rum
2176 1337 2479 1410 naufragia,
2529 1343 2832 1414 impietatis
2855 1348 3082 1404 subdola
3114 1367 3245 1407 saxa
3269 1395 3291 1424 ,
3314 1356 3604 1426 Trinitatis

2029 1426 2157 1525 mali
2201 1429 2565 1497 pensitatores
2620 1452 2634 1490 :
2687 1437 2914 1492 audiant
2965 1439 3221 1497 Davidem
3249 1437 3534 1525 {licentem
3582 1463 3601 1504 :

2031 1514 2205 1612 Quam
2248 1522 2589 1591 magniﬁcam
2632 1536 2754 1580 sunt
2787 1543 2950 1597 opera
2988 1540 3102 1600 tua,

2029 1607 2096 1719 iuL
2117 1609 2379 1710 sapientia
2422 1612 2618 1715 fecisti.
2649 1615 2816 1719 David
2854 1607 3602 1719 opera-magngiqaﬁ'mésﬁ

2031 1696 2342 1768 phemique,
2372 1704 2634 1758 creatoris
2660 1706 2846 1775 gloriae
2872 1685 3190 1768 detrahunt.
3649 1695 3661 1710 ’⁴

2031 1805 2131 1812 ,Μ
2158 1790 2356 1812 ,..__,_,,,
2593 1795 2604 1806 .
2642 1811 2649 1812 γ
2909 1801 2918 1811 .
3043 1804 3054 1812 .

2028 1805 2135 1859 que
2157 1790 2357 1846 Christi
2393 1791 2607 1848 Domini
2630 1811 2816 1866 opera,
2847 1801 2984 1854 mira
3005 1804 3163 1870 plane
3184 1790 3313 1882 suft
3340 1819 3403 1858 ac
3419 1790 3592 1882 novi:
3651 1807 3670 1864 τέ

350 1861 622 1930 siquidem
648 1864 741 1920 Dei
777 1864 936 1922 Verbi
965 1878 1093 1923 sunt
1122 1872 1388 1944 prodigia;
1414 1890 1606 1946 eaque,
1665 1887 1723 1932 ut
1755 1885 1809 1933 et
1843 1879 2080 1950 linguam
2115 1890 2599 1955 quantumcunque
2655 1861 2962 1958 expeditam
2993 1861 3276 1962 superenlr,
3342 1903 3412 1972 et;

349 1958 545 2012 ditoris
576 1960 876 2029 potentiam
914 1963 1244 2033 exprimant.

408 2051 484 2106 B’.
520 2020 705 2106 Πάντα
734 2055 792 2106 ἐν
835 2020 1002 2127 σοφία
1026 2056 1282 2128 ἐποίησεν
1319 2062 1346 2114 6
1381 2060 1678 2134 Δεσπότης.
1738 2063 1910 2132 Ἀγγέ-

2029 2020 2035 2027 ι
2102 2059 2160 2115 ll.
2203 2060 2404 2118 Omnia
2435 2066 2488 2118 in
2513 2066 2782 2136 sapientia
2827 2068 2952 2124 fecit
2991 2070 3276 2129 Dominus.
3301 2052 3390 2130 Ex

347 2143 474 2207 λους
502 2145 566 2198 ἐκ
607 2145 682 2218 μὴ
713 2144 883 2200 όντων
931 2149 1254 2220 παρήγαγεν
1276 2167 1291 2183 ·
1321 2149 1525 2218 ἔνευσε,
1554 2155 1648 2206 καὶ
1679 2156 1712 2226 ή
1746 2155 1922 2218 κτίσις

345 2235 448 2286 οὐκ
491 2232 815 2305 ἐϐράδυνεν·
867 2236 1144 2302 ἐκέλευσε,
1200 2240 1383 2295 καὶτὸ
1434 2241 1549 2310 φῶς
1581 2244 1646 2295 ἐκ
1695 2243 1922 2306 σκότους

345 2324 609 2389 ἀνέτειλε,
646 2325 738 2379 τὸν
763 2327 986 2399 οὐρανὸν
1014 2328 1147 2383 ὡσεὶ
1179 2333 1435 2403 καμάραν
1463 2334 1762 2404 ἐστερέωσε
1782 2354 1796 2368 ο
1821 2336 1920 2407 τὴν

345 2417 403 2470 δὲ
432 2417 537 2487 γῆν
571 2420 634 2472 ἐκ
666 2418 762 2472 τοῦ
809 2419 1004 2490 βάθους
1055 2422 1447 2496 διαλελυμένην
1486 2425 1795 2494 ἀνέσπασε,
1830 2428 1918 2480 τὸν

344 2509 496 2574 ἥλιον
551 2510 626 2572 ὡς
667 2512 898 2582 νυμφίον
948 2512 1258 2584 ἐκόσμησεο
1293 2514 1393 2587 τήν
1427 2515 1484 2568 δὲ
1525 2516 1786 2587 σελήνην,
1828 2517 1918 2572 διά

343 2599 444 2671 τὴν
477 2599 666 2669 χρείαν
692 2601 949 2666 ποικίλως
975 2603 1328 2674 ἐσχημάτισε,
1360 2604 1564 2676 δήμους
1588 2607 1829 2679 ἀστέρων
1855 2610 1917 2662 ἐκ

345 2689 523 2756 φωτὸς
556 2691 851 2762 ἐχάλκευσε
872 2710 887 2725 ο
929 2694 1027 2748 καὶ
1055 2696 1152 2766 τὴν
1185 2698 1501 2766 συμφωνίαν
1531 2698 1640 2752 τῶν
1677 2700 1917 2770 μαχομέ-

344 2800 450 2835 νων
479 2784 760 2856 στοιχείων
787 2785 1081 2857 ἐχαρίσατο
1104 2805 1117 2819 ·
1160 2786 1315 2860 [πῦρ.
1351 2788 1494 2862 ὕδωρ
1591 2790 1624 2862 ἡ
1651 2789 1724 2861 γῆ
1754 2809 1916 2844 ποτα-

345 2877 480 2945 μοὺς
511 2877 819 2944 ἀναϐλύζει,
853 2879 947 2934 καὶ
971 2878 1001 2931 ὁ
1025 2880 1132 2950 ἀὴρ
1162 2879 1478 2951 μετεωρίξει
1506 2880 1574 2935 τὰ
1605 2882 1744 2955 βάρη
1770 2899 1784 2913 ·
1820 2883 1913 2936 καὶ

339 2969 442 3040 τὴν
476 2971 848 3040 ἐναντιότητα,
871 2974 905 3042 ή
933 2971 1095 3043 τέχνη
1128 2972 1293 3025 αὐτοῦ
1317 2975 1396 3035 εἰς
1422 2972 1603 3043 φιλίαν
1630 2975 1910 3046 ἐκέρασεν.

342 3061 495 3114 Εἴπω
519 3061 579 3114 τὸ
606 3064 921 3135 μυστήριον.
955 3063 1086 3126 Θεὸς
1111 3062 1207 3129 ὣν,
1228 3064 1325 3117 ἐπὶ
1347 3062 1456 3134 τῆς
1476 3064 1588 3134 τῆς
1608 3065 1795 3135 ὤφθη,
1818 3070 1912 3121 καὶ

342 3153 435 3207 διὰ
472 3153 750 3225 Παρθένου
790 3154 920 3208 ἔνθα
952 3155 1134 3227 παρῆν
1177 3155 1490 3227 ἐπεδήμησε
1517 3173 1531 3186 ’
1567 3158 1661 3210 καί
1692 3158 1720 3210 6
1753 3159 1912 3223 τόκος

337 3245 504 3299 αὑτὸν
535 3247 634 3299 οὐκ
660 3247 937 3317 ἠλάττωσε
963 3289 978 3312 ,
1010 3249 1103 3301 καὶ
1133 3249 1165 3318 ή
1191 3246 1317 3311 ὠδὶς
1338 3248 1438 3319 τὴν
1471 3248 1722 3303 άκτιστον
1750 3250 1910 3320 φύσιν

335 3338 438 3391 οὐκ
494 3339 817 3410 ὴλλοίωσεν·
858 3338 995 3393 ἀλλὰ
1052 3339 1242 3411 κτιστὴ
1302 3343 1484 3412 μορφὴ
1532 3342 1620 3395 τὸν
1680 3344 1906 3415 κτίστην

2023 2153 2246 2221 angelos
2283 2153 2540 2224 produxit
2578 2175 2592 2210 :
2628 2159 2840 2222 annuit,
2866 2167 2921 2214 et
2949 2171 3202 2218 creatura
3228 2165 3366 2222 nihil
3387 2177 3607 2240 morata.

2022 2243 2196 2297 adfuit
2222 2244 2442 2313 ;jussit,
2463 2256 2518 2302 et
2544 2248 2632 2301 lux
2659 2263 2689 2304 e
2718 2251 2956 2308 tenebris
2998 2254 3188 2308 eluxit.
3219 2255 3428 2312 Caelum
3452 2260 3602 2317 sicut

2019 2348 2290 2389 cameram
2332 2335 2565 2393 ﬁrmavit
2589 2341 2634 2372 ⁸¹
2661 2358 2675 2408 ;
2704 2349 2906 2397 terram
2941 2355 3122 2400 autem
3152 2349 3220 2402 ab
3245 2349 3356 2404 alto
3389 2333 3593 2408 direm-

2021 2436 2168 2496 ptam
2206 2429 2418 2498 gurgite
2451 2433 2706 2488 extraxit.
2773 2433 2954 2488 Solem
3013 2446 3270 2507 tanquam
3329 2456 3600 2511 sponsum.

2017 2518 2308 2571 exornavit
2359 2518 2446 2584 ";
2498 2520 2682 2575 lunam
2724 2538 2854 2578 vero
2895 2525 3149 2583 utilitatis
3201 2544 3332 2600 ergo
3383 2535 3589 2588 variata

2016 2609 2321 2664 mutatione
2365 2609 2688 2666 efformavit.
2733 2613 3025 2670 Stellarum
3071 2619 3478 2677 multitudinem
3521 2640 3596 2678 ex.

2017 2699 2139 2755 luce
2168 2700 2498 2772 fabricavit;
2550 2707 2986 2779 pugnaciumque
3033 2711 3427 2768 elementorum
3455 2730 3591 2770 cou-

2015 2792 2255 2848 cordiam
2291 2793 2536 2850 donavit.
2564 2797 2742 2867 Ignem
2773 2807 3039 2870 temperat
3071 2817 3211 2873 aqua
3243 2802 3354 2875 (25)
3384 2822 3398 2870 ;
3428 2813 3588 2862 term:

2014 2883 2317 2940 visceribus
2355 2887 2660 2942 scaturiunt
2693 2889 2912 2944 ﬂumina
2959 2911 2972 2945 :
3015 2908 3108 2948 aer
3150 2896 3333 2964 gravia
3367 2896 3582 2967 elevat;

2013 2978 2399 3048 contrariaque
2429 2993 2492 3032 ac
2520 2983 2815 3050 pugnantia
2835 3023 2849 3047 ,
2887 2983 3009 3052 ejus
3046 3001 3136 3041 ars
3174 2995 3364 3044 nmtuo
3393 2987 3586 3042 amici-

2013 3069 2101 3122 tiae
2157 3067 2364 3126 {cedere
2415 3072 2710 3141 copulavit.
2756 3072 2996 3128 Pandam
3053 3077 3392 3147 mysterium.
3441 3077 3587 3134 Deus

2012 3173 2136 3214 cum
2165 3169 2350 3228 esset,
2403 3163 2457 3215 in
2499 3163 2653 3217 terris
2676 3163 2823 3218 visus
2861 3175 2937 3218 est
2971 3165 3018 3197 ⁸⁸
3044 3184 3059 3234 ;
3087 3182 3150 3220 ac
3185 3183 3281 3238 per
3309 3169 3593 3239 Virginem

2010 3264 2074 3305 eo
2108 3251 2362 3320 advenit,
2398 3253 2489 3308 ubi
2512 3253 2624 3323 jam
2649 3253 2877 3323 aderat;
2909 3257 3042 3312 nihil
3082 3271 3238 3329 partu
3270 3260 3585 3318 diminutus

2009 3353 2091 3398 est
2113 3361 2126 3409 ;
2161 3359 2263 3399 nec
2285 3345 2454 3400 editio
2471 3347 2765 3402 increatam
2785 3344 3035 3402 naturam
3056 3351 3352 3422 quidquam
3380 3357 3580 3410 immu—

335 3431 696 3502 ἐσχημάτισε,
729 3432 822 3484 καὶ
854 3431 944 3484 τὸν
968 3429 1248 3502 ἁχώρητον
1278 3433 1625 3503 σαρκωθέντα
1652 3435 1679 3488 6
1701 3435 1903 3505 κόσμος

2013 3437 2162 3504 tavit,
2207 3437 2301 3492 sed
2329 3447 2513 3493 creata
2544 3439 2712 3493 forma
2745 3449 3044 3496 creatorem
3074 3443 3344 3511 formavit,
3371 3461 3432 3500 ac
3455 3462 3578 3501 eum

336 3523 602 3594 ἐχώρησε.
643 3522 935 3592 Γενόμενος
965 3521 1247 3592 ἄνθρωπος
1271 3524 1443 3597 χωρὶς
1484 3525 1780 3596 ἁμαρτίας,
1813 3526 1900 3580 διὰ

335 3617 495 3685 ξύλου
537 3616 635 3689 τὴν
668 3616 828 3686 φύσιν
875 3617 1031 3688 ήμῶν
1083 3618 1191 3672 ἀπὸ
1221 3619 1320 3689 τῆς
1355 3619 1633 3690 ἁμαρτίας
1683 3620 1900 3690 ἠλευθέ-

337 3726 482 3776 ρωσε
503 3725 518 3740 ⁶
555 3709 644 3764 διὰ
675 3711 845 3782 τάφου
879 3714 1106 3771 θάνατον
1135 3717 1404 3788 ἐνέκρωσε
1425 3734 1439 3748 ⁶
1469 3719 1558 3773 διὰ
1585 3718 1796 3790 ὕϐρεως
1821 3719 1907 3773 δό-

337 3801 433 3869 ξαν
477 3803 852 3878 ἐγεώργησενο
904 3809 962 3861 ἐν
1009 3810 1238 3880 ποταμῷ
1278 3809 1340 3863 τὸ
1387 3811 1486 3883 τῆς
1518 3811 1905 3883 κολυμῦήθρας

316 3963 324 3969 _
339 3899 635 3969 μυστήριον
659 3901 1076 3972 ἐσκιογράιρησε.
1110 3903 1220 3956 Καὶ
1238 3904 1318 3957 ὅτι
1343 3903 1472 3967 Θεὸς
1491 3899 1560 3976 ἦν
1591 3906 1619 3958 ό
1649 3904 1897 3975 Χριστὸς,

335 3989 717 4062 ἐμαρτύρησεν
762 3992 962 4063 ἀρτίως
992 3995 1026 4066 ή
1060 3993 1323 4058 θάλασσα,
1356 3995 1450 4048 καὶ
1479 3997 1528 4048 οἱ
1567 3998 1776 4066 ἄνεμοι,
1809 3999 1902 4049 καὶ

333 4085 380 4135 οἱ
408 4082 679 4152 δαίμονες.
727 4083 838 4154 Τῆς
877 4084 976 4153 μὲν
1004 4085 1166 4156 γὰρὴ
1196 4086 1330 4156 ζάλη
1360 4087 1728 4158 κατηυνάζετο
1754 4105 1766 4118 ·
1796 4087 1902 4141 τῶν

332 4174 388 4227 δὲ
411 4175 629 4245 ἀνέμων
653 4179 686 4246 ή
728 4175 816 4246 βία
851 4177 1158 4247 ἐκοιμίζετο
1177 4193 1190 4205 °
1219 4179 1270 4230 οἱ
1290 4178 1346 4231 δὲ
1374 4179 1624 4250 δαίμονες
1656 4179 1900 4250 ἀοράτως

335 4267 709 4337 ἐμαστίςοντο.
751 4267 858 4320 Καὶ
879 4268 1176 4340 ἐμαρτύρει
1213 4270 1280 4323 τὰ
1316 4259 1550 4340 στοιχεῖα
1579 4273 1643 4341 τῇ
1674 4270 1899 4341 δυνάμει

336 4357 428 4411 τοῦ
454 4358 738 4430 παρόντος,
772 4357 852 4411 ὅτι
874 4357 1061 4412 τοῦτον
1086 4358 1450 4430 ἐφοϐήθησαν,
1476 4360 1606 4430 περὶ
1631 4352 1690 4413 οῦ
1720 4361 1748 4412 6
1777 4377 1902 4431 προ-

335 4452 512 4521 φήτης
543 4451 603 4504 ἐν
642 4449 876 4520 ψαλμοῖς
910 4450 1036 4503 ἐϐόα
1059 4466 1072 4478 ·
1122 4448 1385 4504 Εἴδοσάν
1420 4464 1494 4503 σε
1530 4449 1599 4503 τὰ
1626 4449 1834 4516 ὕδατα,
1866 4452 1898 4504 ὀ

333 4543 500 4610 Θεὸς,
530 4542 631 4598 καὶ
658 4541 1064 4611 ἐφοϐήθησαν.

395 4721 468 4775 I".
516 4723 723 4785 Ὄντως
755 4722 932 4776 πάντα
960 4722 1018 4775 ἐν
1050 4722 1208 4791 σοφία
1241 4722 1494 4793 ἐποίησεν
1521 4723 1550 4775 ό
1579 4721 1854 4792 Δεσπότης
1875 4739 1888 4752 ·
1925 4769 1968 4825 D

329 4813 651 4884 κωφευούσῃ
688 4813 795 4884 γὰρ
833 4815 900 4884 τῇ
935 4813 1143 4877 κτίσει,
1173 4814 1417 4883 γλῶτταν
1443 4814 1764 4883 ἐχαρίσατο,
1798 4813 1889 4866 τὸν

2009 3529 2102 3600 qui
2123 3529 2241 3598 capi
2261 3543 2367 3584 non
2399 3536 2594 3599 potest,
2624 3530 2857 3587 mundus
2879 3533 3128 3588 indutum
3149 3550 3312 3589 carne
3337 3538 3480 3606 cepit
3511 3553 3576 3593 ac

2011 3619 2439 3689 comprehendit.
2475 3620 2675 3678 Factus
2706 3623 2868 3678 homo
2899 3625 3017 3680 sine
3034 3637 3257 3696 peccato
3285 3626 3354 3692 ⁸⁵,
3392 3644 3487 3698 per
3510 3629 3580 3684 li-

2010 3729 2173 3783 gnum
2191 3713 2482 3768 humanam
2512 3722 2761 3770 naturam
2785 3731 2814 3770 a
2831 3726 3054 3788 peccato
3085 3719 3330 3774 liberavit
3351 3739 3365 3788 ;
3385 3737 3480 3790 per
3497 3738 3577 3778 se-

2009 3804 2253 3873 pulcrum
2267 3804 2540 3859 interemit
2557 3816 2804 3876 mortem;
2825 3825 2918 3880 per
2934 3812 3316 3864 contumeliam
3349 3812 3576 3883 gloriam

2010 3895 2248 3965 captavit
2281 3915 2294 3950 :
2329 3895 2383 3948 in
2420 3893 2664 3962 ﬂumine,
2702 3897 2904 3953 lavacri
2943 3909 3343 3955 sacramentum
3383 3902 3573 3957 adum-

2008 3987 2204 4042 bravit.
2241 3986 2518 4041 Christum
2547 4005 2710 4058 porro
2748 3989 2914 4044 Deum
2940 4006 3084 4056 esse,
3112 4007 3212 4046 suo
3237 3992 3397 4047 modo
3423 3997 3582 4050 testi~

2009 4080 2190 4133 monio
2225 4079 2360 4150 (26),
2392 4095 2542 4134 mare
2573 4090 2628 4134 et
2667 4081 2810 4135 venti
2837 4082 3216 4153 daemonesque
3253 4087 3568 4155 comproba-

2008 4178 2153 4224 runt.
2195 4169 2330 4224 Nam
2372 4171 2540 4226 maris
2589 4170 2806 4241 quidem
2853 4174 3091 4244 procella
3196 4177 3504 4247 sapiebatur
3552 4194 3567 4238 ;

2007 4270 2293 4317 ventorum
2329 4262 2562 4333 impetus
2598 4263 2910 4329 sedabatur,
2972 4265 3355 4336 daamonesque
3379 4267 3584 4320 invisit

2007 4353 2098 4409 bili
2150 4353 2363 4408 ratione
2404 4353 2863 4407 excruciabantur
2893 4353 2958 4408 “.
2987 4352 3265 4409 Elementa
3307 4355 3425 4424 ejus
3474 4357 3573 4424 qui

2006 4445 2196 4500 aderat
2221 4447 2519 4516 potentiam
2542 4452 2901 4500 contestatam
2935 4446 3252 4512 reddebant,
3274 4448 3418 4517 quod
3441 4463 3566 4502 eum

2007 4539 2310 4606 timuerint,
2355 4539 2422 4592 de
2458 4555 2566 4610 quo
2596 4540 2859 4610 prOpheta
2891 4541 2945 4595 in
2985 4539 3218 4597 Psalmis
3258 4544 3406 4596 clara
3437 4557 3569 4598 voce

2005 4628 2219 4683 dicebat
2251 4646 2264 4682 :
2304 4626 2555 4682 Viderunt
2576 4639 2624 4683 te
2653 4645 2823 4699 aquae,
2850 4628 3013 4696 Deus,
3050 4638 3099 4684 et
3123 4631 3407 4684 timuerunt
3424 4631 3492 4684 ⁵⁷.

2073 4717 2159 4772 Ill.
2197 4717 2336 4774 Vere
2364 4720 2542 4774 omnia
2572 4721 2628 4774 in
2660 4721 2925 4790 sapientia
2955 4719 3084 4775 fecit
3105 4719 3384 4774 Dominus.
3417 4719 3576 4776 Muta-

1995 4811 2264 4882 siquidem
2281 4827 2405 4866 cum
2424 4823 2567 4867 esset
2583 4819 2854 4876 creatura,
2879 4812 3115 4882 linguam
3143 4814 3191 4868 ei
3210 4813 3438 4884 largitus
3457 4825 3560 4880 est,

393 4969 438 5000 ⁸¹
480 4967 625 5023 Psal.
660 4983 780 5032 cm,
805 4967 898 5021 il.
972 4969 1017 5000 ”
1043 4967 1149 5023 lsa.
1180 4983 1268 5027 ιι,
1299 4967 1391 5022 22.
1465 4969 1511 5000 ³³
1540 4967 1682 5023 l’sal.
1723 4985 1884 5031 xvul,

2048 4967 2093 4998 “
2131 4966 2255 5022 Bar.
2295 4982 2385 5036 ut,
2417 4968 2505 5024 58.
2582 4966 2630 4998 ⁸⁸
2666 4963 2832 5026 Hebr.
2865 4955 3048 5036 16,15.
3125 4967 3170 4998 ⁸⁸
3211 4965 3401 5022 Matth.
3440 4985 3558 5036 vm,

321 5041 432 5107 25;
473 5039 608 5093 Luc.
639 5053 759 5104 vnt,
789 5038 878 5092 9'5.
956 5038 1000 5069 ⁸⁷
1041 5037 1186 5091 Psal.
1225 5053 1409 5101 LXXVI,
1445 5037 1532 5091 l7.

397 5195 510 5275 (βό)
540 5195 995 5275 Ignem__temperat
1026 5211 1181 5275 aqua.
1223 5194 1375 5275 Haud
1403 5194 1636 5275 dubium
1673 5194 1887 5275 deside-

320 5268 438 5322 rari
473 5265 656 5322 vocetn
687 5268 1059 5337 aliquam;nec
1081 5265 1225 5319 enim
1256 5267 1376 5321 dua:
1402 5266 1505 5320 illa:
1533 5281 1717 5337 voces,
1749 5265 1882 5336 πῦρ,

1982 5195 2182 5269 habita;
2209 5196 2374 5269 hujus
2406 5199 2674 5254 orationis
2700 5217 2714 5265 ;
2751 5201 3142 5269 nonascilicet
3177 5201 3449 5256 dominica
3481 5202 3550 5258 ab

1982 5267 2306 5333 indictione,
2341 5283 2448 5338 qua
2477 5271 2640 5324 etiam
2674 5278 2854 5325 exstat
2889 5268 3135 5325 Ceramei
3174 5272 3418 5324 homilia.
3452 5269 3546 5323 Li-

323 5337 468 5408 ὕδωρ
506 5340 584 5392 sic
615 5335 858 5391 absolute
887 5338 1198 5399 cohmrent;
1253 5351 1353 5390 nec
1371 5337 1494 5406 quis
1527 5335 1684 5390 facile
1711 5335 1884 5405 possit
1972 5347 2108 5458 ﬂuet
2139 5352 2269 5392 vero
2299 5335 2374 5391 eti
2403 5339 2486 5392 his
2520 5348 2573 5393 et
2602 5338 2875 5418 similibus
2896 5379 2911 5404 ,
2959 5349 3022 5420 ,ιιι
3061 5355 3168 5393 non
3201 5349 3349 5394 esset
3379 5339 3546 5394 unius

323 5422 522 5458 sanare
557 5407 734 5458 locum
759 5408 964 5458 absuue
990 5421 1131 5458 novo
1158 5405 1363 5458 codice.
2001 5405 2236 5458 ‘cclesize
2274 5406 2778 5458 Hierosolvmttanae
2833 5409 3072 5458 traditio-
3099 5417 3156 5458 ut
3193 5417 3313 5458 nost
3350 5409 3545 5458 lectum

2024 5422 2050 5460 ε

323 5405 522 5462 sanare
557 5407 734 5476 locum
759 5408 964 5476 absque
990 5421 1131 5459 novo
1158 5405 1363 5476 codice.

395 5476 526 5547 (26)_
549 5475 658 5531 Suo
703 5476 860 5547 modo,
882 5475 1210 5539 testimonio,
1242 5475 1444 5547 ἀρτίως
1473 5475 1875 5546 ἐμαρτύρησεν.

319 5546 469 5603 Bene
491 5545 802 5617 Riccardus
843 5546 1080 5617 futurum
1109 5545 1465 5617 μαρτυρήσει,
1493 5545 1722 5600 mutavit
1750 5561 1880 5614 prae-

322 5617 508 5673 terito.
550 5616 721 5672 Porro
750 5617 951 5670 indicat
997 5615 1456 5714 Proclus,_}iaulo
1505 5625 1630 5670 ante
1677 5617 1874 5671 lectum

324 5688 496 5714 4"..1..-‘
522 5685 868 5714 D-vnnnnl:nnn\
891 5685 1052 5714 υηηι.
1100 5701 1194 5714 ‘vlll
1241 5686 1310 5714 ω-
1373 5684 1598 5714 .ἶυη1’..η
1643 5703 1735 5714 ..η-
1781 5687 1849 5714 οε

324 5688 498 5743 fuisse
521 5685 871 5756 Evangelium
891 5685 1076 5740 Matth.
1100 5701 1219 5748 vm,
1241 5684 1332 5749 25,
1359 5686 1472 5741 sive
1491 5684 1618 5742 Luc.
1643 5703 1756 5750 vut,
1781 5687 1870 5751 2'5,

323 5759 393 5811 (le
438 5759 628 5813 sedata
672 5756 839 5810 maris
872 5764 1187 5824 tempestate
1229 5772 1292 5811 ac
1336 5757 1574 5825 expulsis
1612 5756 1874 5810 danuoni-

322 5827 428 5884 bus
461 5847 478 5885 :
516 5836 577 5884 ut
608 5829 708 5884 hoc
743 5827 940 5884 iudicio
974 5827 1156 5884 haberi
1193 5825 1364 5899 possit
1403 5834 1610 5882 certum
1660 5835 1872 5902 tempus

2056 5407 2236 5478 clesiar.
2274 5406 2778 5478 Hierosolymitauae
2833 5409 3072 5470 traditio,
3099 5417 3156 5462 ut
3193 5417 3313 5477 post
3350 5409 3545 5464 lectum

1976 5474 2331 5545 Evangelium
2394 5474 2538 5531 inter
2585 5477 2870 5530 Missurum
2931 5474 3206 5531 solemnia
3250 5479 3548 5535 haberetur

1977 5548 2204 5607 concio;
2247 5561 2356 5616 quo
2389 5546 2688 5601 Wastelius
2728 5558 3051 5615 argumento
3085 5548 3211 5602 hinc
3260 5549 3384 5603 inde
3428 5564 3549 5603 mo.

1978 5624 2237 5687 [iumenta
2283 5617 2672 5687 Chrysostomo
2725 5617 2987 5687 inscripta
3016 5656 3031 5681 ,
3079 5617 3274 5672 Joanni
3330 5634 3431 5673 suo
3484 5637 3554 5677 ae

1978 5684 2488 5758 Hierosolymita'no'
2518 5686 2700 5744 minus
2740 5684 2914 5744 solida
2957 5689 3186 5746 veritate
3223 5689 3415 5747 nititur
3463 5709 3549 5749 as..-

1976 5770 2176 5812 serere.
