4028 6330
565 422 673 484 695

1722 435 1779 492 S.
1823 435 2002 494 PROC
2011 438 2074 494 LI
2111 439 2145 496 C

2255 442 2566 500 EPISCOPI
3672 450 3758 507 696

565 560 759 616 nempe
775 545 1048 600 hominem
1071 562 1088 608 ;
1113 545 1430 617 protoplasti
1457 555 1692 614 uterum,
1713 560 1872 608 teme
1901 555 2128 626 virginis

2233 560 2515 634 ἄνθρωπον
2565 560 2736 630 λέγω·
2781 561 2874 614 καὶ
2929 563 3141 634 μήτραν
3196 562 3290 614 τοῦ
3337 563 3760 635 πρωτοπλάστου,

564 636 842 705 pulverem
873 634 1066 690 etl‘ecit.
1101 636 1569 702 Quemadmodum
1604 641 1748 697 enim
1781 643 1833 698 in
1867 651 2021 700 utero
2042 646 2132 701 de-

567 725 804 780 mittitur
841 741 1059 790 semen;
1092 727 1362 797 ellingitur
1401 743 1637 801 corpus;
1671 733 1998 790 informatur
2046 738 2130 792 Iu-

570 825 715 881 tum;
739 815 1010 869 animatur
1030 831 1190 885 caro;
1219 821 1574 876 constituitur
1595 823 2021 891 animal;exsilit
2037 829 2129 897 qui

558 914 650 962 est
667 907 730 960 ad
750 907 1178 979 imaginem(27);
1194 912 1402 981 paritur
1423 915 1561 970 ratio
1583 933 1597 980 ;
1624 927 1916 989 manetque
1936 919 2130 974 nihilo-

567 998 748 1052 minus
775 999 932 1054 testis
961 1015 1155 1070 expers
1182 1002 1509 1071 eﬂ‘ormatio,
1555 1022 1618 1062 ac
1661 1012 1944 1081 generatio
1975 1013 2131 1068 inex-

565 1088 838 1157 plieahilis
869 1109 883 1143 :
925 1091 1007 1147 sic
1041 1093 1096 1146 in
1126 1095 1466 1165 prot0plasto
1499 1098 1704 1168 Adam,
1733 1118 1832 1172 pro
1871 1105 2129 1169 matrice,

545 1181 759 1235 divinae
811 1181 1029 1238 fuerunt
1061 1201 1295 1256 manus;
1327 1205 1424 1259 pro
1452 1191 1660 1248 semine
1683 1233 1698 1259 ,
1730 1201 1978 1252 terrenus
2009 1199 2131 1268 pul-

561 1274 666 1342 vis;
701 1291 801 1346 pro
828 1278 1139 1345 mensibus,
1172 1282 1472 1339 conditoris
1504 1285 1814 1352 aeternitas;
1853 1304 1950 1359 pro
1978 1290 2132 1344 dolo-

541 1364 740 1433 'ribus,
777 1367 983 1424 lictoris
1023 1369 1436 1440 impatibilitas;
1467 1390 1565 1444 pro
1600 1384 1782 1445 partu,
1821 1378 2004 1433 divina
2039 1381 2130 1435 in-

543 1457 838 1539 fsuﬂlatio;
876 1475 975 1530 pro
1008 1461 1184 1526 lacte,
1218 1465 1456 1533 paradisi
1502 1465 1624 1522 fons
1653 1485 1666 1532 ;
1700 1485 1798 1539 pro
1849 1471 2128 1538 alimento,

542 1536 764 1634 linen's‘a'
787 1552 959 1608 'nullo
994 1553 1176 1609 labore
1212 1568 1566 1626 comparata;
1609 1576 1709 1630 pro
1749 1561 1945 1628 forma,
1982 1565 2132 1635 prin-

431 1649 436 1654 '
502 1654 523 1686 ’-
544 1640 702 1712 ‘éipis
723 1639 1252 1717 exemplaris-imago
1276 1665 1289 1714 ;
1321 1665 1418 1718 pro
1439 1649 1723 1722 dignitate,
1751 1655 2133 1714 immortalitas

547 1743 661 1806 'per
688 1737 953 1810 gratiam;
993 1754 1092 1809 pro
1125 1740 1382 1806 subditis,
1407 1759 1515 1797 una
1547 1759 1670 1800 cum
1703 1762 1767 1801 eo
1793 1747 1978 1803 fictum
2014 1751 2133 1806 ani-

565 1826 694 1882 mal.
728 1827 807 1882 Ac
837 1835 1024 1897 partus
1053 1828 1305 1898 quidem,
1354 1832 1532 1900 qualis
1570 1841 1686 1888 erat
1717 1834 1972 1892 formatio
1994 1881 2008 1902 ,
2041 1855 2133 1895 εκ·

2230 654 2320 708 τὸν
2357 653 2483 724 χοῦν
2510 654 2765 726 ἐποίησεν
2798 655 2861 709 ἐκ
2895 656 2999 726 γῆς
3030 655 3401 726 ἀγεωργήτου.
3439 657 3637 729 Ὠσπερ
3670 659 3764 731 γὰρ

2232 745 2290 798 ἐν
2327 746 2510 818 μήτρᾳ
2542 745 2938 800 καταϐάλλεται
2977 747 3200 819 σπέρμα
3223 763 3236 776 ·
3285 746 3653 803 διαπλάττεται
3679 751 3770 803 σῶ-

2235 855 2348 908 μαο
2387 837 2691 910 μορφοῦται
2739 840 2766 892 6
2819 839 2988 911 πηλός
3012 856 3026 870 ο
3070 839 3334 910 ψυχοῦται
3381 843 3413 912 ἡ
3454 841 3613 912 σάρξ·
3649 843 3768 896 ἀπο-

2229 928 2466 982 τελεῖται
2500 929 2561 982 τὺ
2595 929 2703 995 ζῶν
2727 945 2742 962 ⁸
2788 933 2984 1003 σκιρτᾷ
3022 933 3050 985 6
3088 932 3209 986 κατ’
3251 933 3465 985 εἰκόναο
3498 934 3722 987 τίκτεται
3749 935 3774 987 6

2229 1021 2405 1091 λόγος,
2432 1021 2528 1074 καὶ
2555 1021 2870 1094 ἀμάρτυρος
2906 1022 3056 1094 μένει
3079 1025 3112 1093 ή
3141 1023 3446 1088 διάπλασις,
3469 1025 3773 1096 ἀνερμήνευ-

2231 1132 2320 1177 τος
2349 1113 2404 1167 δὲ
2433 1115 2467 1184 ή
2492 1112 2745 1184 γέννησις
2767 1130 2780 1143 ·
2810 1113 2982 1178 οὕτως
3009 1115 3102 1168 καὶ
3140 1116 3230 1168 ἐπὶ
3255 1114 3348 1169 τοῦ
3381 1117 3776 1188 πρωτοπλάστου

2244 1202 2438 1274 ’Λδάμο
2473 1203 2593 1256 ἀντὶ
2623 1204 2855 1275 μήτρας,
2880 1204 2935 1258 αἱ
2967 1203 3107 1258 θεῖαι
3145 1204 3398 1273 γεγόνασι
3431 1207 3635 1276 χεῖρες·
3665 1207 3771 1259 ἀντὶ

2234 1294 2566 1365 σπέρματος,
2602 1295 2630 1347 6
2660 1296 2846 1364 γήϊνος
2888 1293 3016 1364 χοῦς
3037 1311 3052 1327 ’
3093 1295 3214 1347 ἀντὶ
3250 1295 3458 1367 μηνῶν,
3489 1294 3549 1347 τὸ
3573 1293 3780 1367 ἄχρονον

2232 1385 2326 1439 τοῦ
2367 1387 2690 1458 ποιήσαντος
2715 1403 2728 1416 ·
2764 1387 2884 1440 ἀντὶ
2919 1386 3158 1451 ὠδίνων,
3197 1386 3258 1439 τὸ
3288 1387 3494 1450 ἀπαθὲς
3527 1387 3616 1440 τοῦ
3662 1387 3781 1441 πλάο

2235 1491 2456 1538 σαντοςο
2494 1475 2614 1527 ἀντὶ
2651 1473 2832 1534 τόκου,
2885 1473 2944 1526 τὸ
2980 1473 3122 1527 θεῖον
3167 1472 3471 1545 ἐμφύσημα
3493 1491 3505 1504 ·
3551 1475 3664 1528 ἀντὶ
3696 1475 3783 1544 γά-

2231 1566 2427 1629 λακτος
2450 1606 2465 1629 ,
2502 1568 2536 1638 ή
2578 1565 2729 1637 πηγὴ
2781 1564 2876 1618 τοῦ
2911 1565 3241 1637 παραδείσου
3294 1582 3308 1596 ο
3333 1566 3454 1619 ἀντὶ
3495 1565 3711 1636 τροφῆς,
3751 1567 3781 1636 ἡ

2233 1656 2470 1728 ἄμοχθος
2497 1656 2747 1730 τράπεζα
2769 1674 2782 1688 ·
2824 1657 2945 1710 ἀντὶ
2982 1659 3216 1729 μορφῆς,
3263 1659 3299 1729 ή
3332 1655 3494 1711 εἰκὼν
3519 1657 3610 1710 τοῦ
3638 1659 3782 1728 ἀρχε-

2232 1747 2407 1801 τύπου
2435 1764 2448 1778 ’
2485 1749 2607 1806 ἀντὶ
2645 1747 2990 1819 ἀξιώματος,
3029 1748 3090 1801 τὸ
3119 1746 3262 1801 κατὰ
3301 1748 3465 1819 χάριν
3508 1747 3781 1800 ἀθάνατον·

2235 1841 2356 1894 ἀντὶ
2382 1840 2660 1910 ὑπηκόων,
2688 1839 2748 1893 τὸ
2786 1839 3137 1910 συμπλασθὲν
3170 1839 3325 1904 ζῶον.
3364 1838 3469 1892 Καὶ
3492 1839 3677 1908 γέγονε
3705 1836 3787 1906 μὲν

565 1909 738 1982 stitit;
774 1934 1006 1989 eumque
1040 1920 1290 1976 molestia
1329 1923 1478 1977 nulla
1514 1923 1735 1980 violavit
1782 1936 1876 1982 aut
1922 1928 2130 1985 infecit.

2235 1933 2263 1984 6
2298 1931 2439 1985 κατὰ
2467 1909 2756 1985 διάπλασιν
2784 1909 2942 1994 τόκος
2961 1947 2975 1961 ·
3009 1931 3255 2001 κάματος
3288 1930 3373 1996 δὲ,
3405 1931 3496 1983 τὸν
3523 1929 3671 1982 τόκον
3704 1927 3787 1996 οὐχ

567 2008 904 2065 Erubescant
931 2009 1124 2076 Judaei,
1154 2013 1246 2082 qui
1274 2013 1590 2086 virginalem
1615 2026 1830 2087 partum
1857 2020 2134 2076 insectan-

565 2112 655 2156 tur
683 2117 748 2158 ac
778 2103 1026 2170 irrident,
1064 2106 1308 2164 dicentes
1343 2130 1354 2162 :
1392 2109 1448 2164 Si
1481 2111 1630 2182 virgo
1668 2113 1896 2182 peperit,
1928 2129 2134 2184 nequa-

563 2211 728 2264 quam
762 2197 914 2268 virgo
949 2200 1266 2268 permansit.
1308 2199 1472 2257 Miser
1506 2217 1570 2257 ac
1603 2203 1791 2259 infelix
1826 2223 1839 2259 :
1869 2204 2040 2260 Adam
2075 2208 2131 2262 in

564 2287 826 2342 mundum
850 2289 1150 2358 productus
1175 2299 1280 2357 est,
1312 2307 1413 2346 nec
1437 2293 1546 2346 ulla
1574 2295 1826 2350 molestia
1857 2305 1951 2351 aut
1981 2297 2132 2354 Iabes

561 2379 903 2436 etformatum
923 2381 1108 2438 infecit
1133 2401 1146 2436 :
1177 2381 1394 2454 Deoque
1422 2400 1588 2442 carne
1610 2395 1759 2454 nato,
1789 2398 1982 2460 partus
2004 2405 2124 2444 cor-

561 2473 867 2543 ruptionem
903 2475 1176 2531 sustinere
1221 2477 1750 2558 debueritildcirco
1784 2483 1929 2536 enim
1969 2482 2132 2538 Chri-

557 2578 680 2621 stus
724 2565 985 2624 Dominus
1037 2570 1312 2628 secundus
1362 2571 1531 2625 Adam
1567 2573 1870 2628 secundum
1908 2590 2128 2630 carnem

556 2657 737 2714 dictus
778 2665 862 2714 est
898 2661 1155 2730 quoniam
1187 2663 1234 2719 is
1264 2664 1356 2734 qui
1387 2665 1688 2734 praecessit,
1723 2665 1933 2735 primus
1956 2665 2129 2720 Adam

557 2750 761 2807 Christi
792 2751 1008 2809 Domini
1038 2753 1210 2826 figura
1241 2755 1357 2811 fuit.
1418 2755 1690 2812 Nimirum
1725 2759 1898 2812 lutum
1938 2758 2129 2813 adum-

558 2844 740 2897 bravit
804 2844 1047 2916 ﬁgulum.
1096 2847 1366 2904 Adamum
1417 2859 1598 2906 autem
1651 2850 1856 2906 Christi
1899 2850 2127 2922 ﬁguram

555 2937 829 3005 gessisse,
867 2939 993 2992 audi
1034 2956 1100 2994 ex
1145 2941 1303 2996 beato
1345 2941 1516 2997 Paulo
1557 2944 1775 2999 dicente
1816 2963 1828 2999 :
1880 2943 2130 3014 Regnavit

556 3046 699 3085 mors
729 3032 794 3085 ab
835 3033 1005 3086 Adam
1035 3050 1198 3104 usque
1236 3034 1305 3088 ad
1343 3035 1593 3107 Moysen,
1639 3040 1798 3093 etiam
1836 3039 1890 3091 in
1919 3054 2004 3092 eos
2042 3040 2132 3109 qui

558 3138 661 3174 non
715 3133 1059 3192 peccaverunt
1103 3126 1160 3178 in
1210 3127 1616 3182 similitudinem
1671 3131 2129 3199 prwvaricationis

557 3209 725 3274 Adte;
755 3213 846 3281 qui
877 3223 956 3268 est
988 3214 1163 3283 forma
1202 3217 1373 3284 [uturi
1400 3218 1466 3271 ⁸⁸.
1505 3218 1975 3285 Quemadmodum
2005 3235 2131 3276 vero

2235 2022 2476 2094 ὕϐρισεν.
2533 2021 2982 2092 Αἰσχυνέσθωσαν
3053 2021 3325 2074 Ἰουδαίων
3368 2019 3573 2084 παῖδες,
3614 2018 3660 2070 οἱ
3705 2015 3788 2086 τὴν

2233 2114 2568 2187 παρθενικήν
2594 2113 2760 2166 ὠδῖνα
2790 2111 3158 2184 διασύροντες,
3179 2113 3227 2164 οἱ
3251 2111 3509 2181 λέγοντες
3527 2127 3541 2140 ⁶
3573 2109 3631 2163 Et
3656 2110 3786 2160 ἔτεκε

2233 2206 2522 2278 παρθένος,
2575 2206 2675 2259 οὐκ
2707 2205 2890 2276 ἔμεινε
2935 2203 3226 2276 παρθένος.
3267 2203 3461 2256 ΙἈθλιε
3495 2202 3587 2255 καὶ
3631 2199 3788 2253 ταλαί-

2232 2317 2404 2371 πωρε,
2435 2301 2464 2352 6
2487 2297 2658 2369 Ἀδὰμ
2688 2299 2768 2361 είς
2792 2296 2884 2349 τὸν
2912 2296 3115 2366 κόσμον
3139 2295 3422 2366 παρήχθη,
3454 2293 3545 2348 καὶ
3573 2293 3788 2364 κάματος

2229 2387 2327 2459 τὴν
2383 2387 2669 2441 διάπλασιν
2721 2385 2817 2456 οὐχ
2871 2385 3120 2456 ὕϐρισεν·
3177 2386 3206 2438 6
3253 2384 3394 2448 Θεὸς
3449 2382 3585 2437 κατὰ
3637 2382 3788 2452 σάρκα

2233 2477 2492 2550 ἐγεννήθη
2519 2519 2533 2544 ,
2567 2477 2660 2531 καὶ
2689 2476 2897 2550 φθορὰν
2934 2478 2963 2530 6
2993 2475 3153 2540 τόκος
3188 2475 3489 2545 ὑπέμεινε;
3528 2473 3620 2526 me
3655 2471 3789 2526 τοῦτο

2230 2571 2338 2644 γὰρ
2371 2571 2465 2623 καὶ
2520 2569 2772 2642 δεύτερος
2828 2569 3002 2640 Ἀδὰμ
3034 2567 3180 2622 κατὰ
3227 2568 3418 2640 σάρκα
3467 2569 3496 2621 6
3544 2564 3788 2632 Δεσπότης

2229 2663 2494 2734 Χριστός·
2533 2663 2720 2732 ἐπειδὴ
2763 2663 2792 2714 6
2837 2659 3122 2732 προλαϐὼν
3171 2660 3354 2731 Ἀδάμ
3390 2659 3558 2723 τύπος
3587 2657 3672 2710 τοῦ
3709 2657 3790 2707 Δε-

2232 2757 2429 2809 σπότου
2465 2754 2722 2828 Χριστοῦ.
2771 2753 3240 2826 Ἐσκιογράφησεν
3289 2757 3324 2807 ὀ
3369 2753 3539 2825 πηλὸς
3577 2752 3662 2804 τὸν
3709 2765 3786 2802 κε-

2233 2847 2430 2918 ραμέα.
2473 2847 2596 2900 Ὅτι
2617 2847 2674 2899 δὲ
2713 2844 2882 2909 τύπος
2913 2841 3002 2917 ἦν,
3035 2847 3199 2900 ἄκουε
3234 2844 3338 2898 τοῦ
3374 2843 3637 2918 μακαρίου
3665 2837 3789 2894 Παύ-

2229 2939 2321 2992 λου
2373 2940 2654 3009 λέγοντος·
2703 2939 3138 2993 Ἐϐασίλευσεν
3185 2942 3219 2993 ὁ
3263 2939 3529 3004 θάνατος
3560 2934 3670 2991 ἀπὸ
3699 2929 3788 2986 τοῦ

2243 3034 2416 3103 Ἀδὰμ
2441 3032 2616 3103 μέχρι
2644 3031 2941 3098 Μωῠσέως
2959 3071 2974 3096 ,
3004 3033 3101 3086 καὶ
3130 3033 3226 3086 ἐπὶ
3261 3032 3415 3099 τοὺς
3441 3029 3526 3101 μὴ
3559 3023 3788 3098 duumvi-

2232 3141 2462 3190 σαντας
2486 3125 2584 3178 ἐπὶ
2608 3123 2688 3190 τῷ
2705 3123 3023 3194 ὁμοιώματι
3040 3123 3151 3193 τῆς
3177 3125 3574 3192 παραϐάσεως
3608 3117 3785 3184 ’Λδὰμν

2233 3216 2300 3282 ὅς
2323 3217 2453 3270 ἐστι
2487 3217 2675 3282 τύπος
2712 3215 2818 3269 τοῦ
2847 3215 3203 3285 μέλλοντος.
3238 3217 3354 3269 Καὶ
3385 3216 3532 3277 ὅπως
3557 3211 3709 3271 τύπος
3733 3201 3789 3276 ἦν

556 3303 819 3370 ΑιΙεηιιιιε,
873 3306 1074 3361 Christi
1132 3306 1346 3362 Domini
1395 3309 1566 3380 ﬁgura
1611 3311 1776 3366 fuerit
1827 3314 2130 3370 secundum

2234 3308 2262 3360 6
2301 3306 2470 3378 Ἀδὰμ
2495 3306 2587 3359 τοῦ
2610 3307 2881 3361 Δεσπότω
2912 3306 3148 3378 Χριστοῦ
3181 3307 3333 3362 κατὰ
3368 3307 3577 3379 σάρκα,
3616 3303 3787 3358 ᾶκουε“

556 3411 800 3460 carnem,
841 3397 1048 3468 accipe.
1089 3396 1313 3464 Servus,
1350 3409 1560 3456 natura:
1613 3402 1939 3473 principium
1983 3406 2122 3476 (28);

558 3489 825 3546 Dominus
862 3492 1288 3548 interminabilis
1320 3495 1652 3564 principium
1695 3495 1835 3550 vitae.
1864 3495 2130 3552 Efforma-

556 3591 689 3638 runt
712 3583 863 3638 illum
895 3584 1093 3639 divinae
1129 3601 1360 3651 manus;
1405 3587 1522 3650 hic,
1557 3603 1662 3657 qua
1688 3590 1841 3643 novit
1875 3589 1991 3660 ipse
2039 3605 2124 3643 ra-

556 3676 728 3739 tione,
751 3690 970 3730 carnem
999 3677 1106 3733 sibi
1134 3678 1402 3748 adjunxit.
1427 3678 1518 3736 Ille
1547 3679 1613 3734 ad
1639 3682 1924 3753 imaginem
1953 3682 2129 3739 factus

556 3775 680 3830 est;
738 3767 828 3821 hic
864 3768 982 3836 ipsa
1020 3777 1106 3824 est
1135 3771 1379 3827 increata
1411 3773 1607 3844 imago.
1641 3773 1734 3828 Ille
1762 3789 1858 3844 per
1893 3774 2132 3830 insullla-

557 3859 762 3912 tionem
791 3858 1066 3914 animatus
1099 3867 1214 3927 est;
1249 3859 1336 3915 hic
1363 3863 1417 3916 in
1448 3863 1592 3918 servi
1641 3863 1816 3918 forma
1845 3865 1996 3923 visus
2025 3879 2128 3922 est.

559 3949 709 4003 Illius
763 3951 960 4006 domus
999 3961 1084 4008 est
1119 3953 1441 4022 paradisus:
1489 3957 1688 4026 hujus,
1732 3958 1930 4013 cmlum
1974 3961 2131 4016 sedes

556 4054 663 4102 est.
696 4045 791 4100 Ille
825 4045 1012 4116 lingua
1041 4055 1123 4102 est
1165 4055 1460 4113 creaturae;
1489 4048 1610 4114 hic,
1655 4057 1819 4120 caput
1852 4049 2126 4107 Ecclesiae.

555 4141 650 4196 llle
688 4155 912 4194 manum
955 4139 1010 4193 in
1055 4139 1306 4195 arborem
1337 4141 1622 4207 extendit,
1665 4151 2007 4214 mortemque
2037 4144 2132 4198 de-

556 4233 761 4303 cerpsit
792 4233 944 4295 l“U9;
974 4231 1066 4286 hic
1096 4246 1290 4286 manus
1335 4231 1391 4286 in
1437 4247 1601 4287 cruce
1643 4235 1924 4303 expandit,
1970 4251 2130 4289 mun-

554 4325 795 4395 dumque
823 4326 874 4379 in
901 4327 1061 4382 ulnas
1081 4327 1291 4396 accepit
1317 4347 1330 4382 :
1361 4343 1424 4381 ac
1449 4329 1652 4382 clamat
1674 4327 1729 4380 in
1761 4325 2075 4397 Evangeliis
2113 4347 2125 4382 :

555 4416 688 4471 Cum
708 4418 978 4472 exaltatus
1006 4417 1177 4487 fuero,
1194 4419 1373 4472 omnia
1398 4419 1606 4473 traham
1625 4417 1693 4472 ad
1713 4435 1792 4473 me
1816 4419 1988 4488 ipsum
2011 4420 2124 4474 ‘-‘°.

554 4511 650 4565 Ille
685 4511 969 4565 mulierem
1013 4511 1204 4565 habuit
1239 4509 1676 4575 insidiatricem;
1730 4511 1820 4565 hic
1869 4511 1924 4565 iu
1955 4511 2130 4565 thala-

2244 3400 2303 3452 Ὀ
2329 3399 2531 3464 δοῦλος,
2558 3399 2774 3470 φύσεως
2806 3399 2947 3470 ἀρχή
2969 3417 2982 3430 ·
3009 3402 3037 3454 ό
3065 3401 3372 3472 Δεσπότης,
3398 3399 3539 3471 ἀρχὴ
3568 3397 3699 3467 ζωῆς
3719 3392 3790 3446 τέ-

2231 3492 2322 3554 λος
2370 3491 2444 3562 μὴ
2482 3491 2730 3562 ἐχούσης.
2787 3492 3026 3544 Ἐκεῖνον
3058 3493 3113 3544 αἱ
3149 3491 3289 3544 θεῖαι
3333 3495 3514 3562 χεῖρες
3545 3489 3789 3541 ἔπλασαν*

2231 3581 2404 3649 οὗτος,
2437 3584 2512 3649 ὡς
2541 3581 2701 3650 οἶδεν,
2749 3584 2939 3637 ἑαυτὸν
2972 3585 3312 3656 ἐσάρκωσεν.
3358 3586 3593 3645 Ἐκεῖνος
3623 3579 3791 3650 γέγονε

2231 3679 2352 3730 κατ’
2400 3677 2614 3731 εἰκόνα·
2672 3669 2849 3741 οὗτος,
2901 3675 3066 3730 εἰκὼν
3115 3676 3398 3742 ἄκτιστος.
3453 3678 3683 3736 Ἐκεῖνος
3734 3671 3790 3723 δι’

2232 3770 2450 3841 ἐμφυσὴ
2461 3787 2626 3840 ματος
2643 3769 2896 3840 ἐψυχώοη
2927 3786 2940 3801 ⁸
2966 3762 3122 3832 οὗτος
3144 3771 3200 3821 ἐν
3220 3769 3415 3823 δούλου
3436 3769 3614 3840 μορφῇ
3638 3763 3789 3834 ὤφθη.

2244 3860 2483 3914 Ἐκείνου
2510 3863 2537 3914 6
2565 3861 2888 3932 παράδεισος
2916 3857 3062 3924 οἶκος
3083 3877 3098 3893 ο
3127 3860 3325 3914 τούτου
3377 3863 3406 3915 6
3439 3859 3661 3931 οὐρανὸς
3687 3855 3788 3928 θρό-

2231 3972 2341 4019 νος.
2397 3957 2632 4019 Ἐκεῖνος
2675 3954 2892 4023 γλῶττα
2923 3955 3020 4026 τῆς
3056 3955 3286 4019 κτίσεως
3310 3972 3323 3985 ·
3377 3949 3534 4018 οὗτος
3556 3996 3571 4020 ,
3601 3947 3790 4019 κεφαλὴ

2231 4049 2330 4119 τῆς
2377 4047 2720 4119 Ἐκκλησίας.
2766 4049 3004 4111 Ἐκεῖνος
3036 4049 3134 4119 τὴν
3161 4051 3323 4118 χεῖρα
3357 4051 3439 4114 είς
3478 4047 3684 4117 δένδρον
3722 4039 3788 4104 ἐξ·

2231 4140 2422 4204 ἑτεινε,
2475 4141 2569 4194 καὶ
2605 4140 2830 4193 θάνατον
2875 4139 3175 4211 ἐτρύγησεν
3203 4156 3215 4168 ·
3271 4137 3428 4206 οὗτος
3478 4139 3574 4202 τὰς
3629 4137 3792 4207 χεῖρας

2229 4232 2484 4302 ἥπλωσεν
2515 4235 2572 4287 ἐν
2603 4233 2680 4303 τῷ
2714 4233 2931 4305 σταυρῷ
2957 4274 2971 4298 ,
3009 4235 3103 4287 καὶ
3131 4234 3221 4286 τὸν
3262 4233 3476 4304 κόσμον
3531 4222 3789 4300 ἐνηγκαλί·

2233 4342 2389 4378 σατο·
2418 4327 2513 4378 καὶ
2544 4325 2643 4397 βοᾷ
2676 4327 2734 4378 ὲν
2764 4326 3144 4394 Εὑαγγελίοις·
3180 4325 3370 4380 Ὅταν
3397 4321 3641 4393 ὑψωθῶ,
3665 4315 3790 4370 πάν-

2232 4436 2337 4485 τας
2367 4419 2609 4473 ἑλκύσω
2635 4420 2784 4488 πρὸς
2804 4419 3082 4489 ἐμαυτόν.
3127 4419 3369 4482 Ἐκεῖνος
3403 4419 3637 4486 γυναῖκα
3658 4412 3791 4478 ἔσχεν

2233 4511 2513 4565 ἐπίϐουλον
2533 4529 2546 4540 ·
2568 4507 2720 4576 οὗτος
2745 4511 3018 4583 Παρθένον
3049 4511 3175 4581 ἔσχε
3199 4510 3468 4582 θάλαμον.
3503 4507 3609 4561 Τοῦ
3645 4499 3793 4567 Ἀδὰμ

554 4616 702 4655 mum
738 4601 928 4656 habuit
963 4602 1260 4672 Virginem.
1306 4601 1517 4656 Adamo
1542 4603 1832 4658 dormienti
1870 4604 2118 4673 adempta

2234 4600 2584 4665 καθεύδοντος
2625 4603 2658 4673 ή
2705 4603 2914 4672 πλευρά
2950 4603 3227 4674 ἀφῃρέθη,
3280 4602 3379 4654 καὶ
3425 4589 3794 4671 ιξ›κοδομήθηὴ

554 4691 660 4746 fuit
681 4701 835 4747 costa
856 4693 922 4758 “,
955 4701 1117 4762 atque
1137 4710 1206 4750 ex
1221 4711 1284 4750 ea
1308 4695 1576 4750 aedificata
1603 4695 1821 4756 mulier,
1845 4711 1944 4750 nec
1967 4695 2124 4765 quid-

553 4798 718 4852 quam
743 4782 952 4839 Adamo
976 4784 1186 4850 defuit;
1230 4785 1452 4840 Christo
1481 4801 1648 4841 carne
1677 4785 1940 4842 crucifixo
1969 4797 2130 4857 atque

624 4940 672 4973 ⁸⁸
712 4940 871 4996 Rom.
910 4958 963 5005 ν,
991 4941 1076 4999 Μ.

625 5097 740 5170 (27)
781 5099 990 5172 Exsilit
1009 5100 1100 5172 qui
1134 5108 1211 5152 est
1247 5098 1318 5172 ad
1367 5099 1674 5172 imaginem,
1714 5102 1912 5172 σκιρτᾷ
1953 5102 1982 5154 6
2023 5103 2142 5155 κατ’

550 5172 769 5224 είκόνα·
798 5170 918 5238 Ipso
940 5170 1200 5240 nimirum
1231 5170 1481 5236 animus;
1505 5170 1650 5240 quod
1682 5170 1930 5240 sequenti
1968 5187 2141 5227 mem-

551 5241 652 5296 bro
687 5238 1182 5310 magisiexplicat,
1232 5241 1476 5295 τίκτεται
1525 5238 1560 5293 6
1586 5238 1781 5309 λόγοςῖ
1829 5242 1968 5294 ratio
1997 5243 2143 5309 pari-

2233 4694 2391 4764 γυνὴ,
2427 4694 2521 4748 καὶ
2545 4694 2623 4766 τῷ
2656 4696 2828 4767 Ἀδὰμ
2850 4695 3000 4749 οὐδὲν
3026 4695 3205 4765 ἔλειψε
3225 4712 3238 4725 °
3262 4695 3359 4747 τοῦ
3383 4692 3655 4746 Δεσπότου
3681 4683 3792 4784 Χειιί

2238 4787 2366 4840 στοῦ
2405 4787 2545 4842 κατὰ
2594 4789 2774 4861 σάρκα
2822 4787 3224 4860 σταυρωθέντος
3270 4788 3368 4841 καὶ
3411 4784 3691 4856 ταφέντος,
3729 4793 3796 4843 τῳ

1168 4943 1294 4982 δ”-⁸⁸
1329 4941 1464 4996 Gen.
1510 4956 1592 5006 Ill,
1619 4940 1667 4996 6.
1753 4942 1852 4982 ¹-⁵⁰
1889 4941 2047 4999 Joan.
2091 4960 2188 5008 xu,
2218 4943 2308 4999 54.
2389 4944 2432 4975 ⁸¹
2475 4943 2610 4998 Gen.
2646 4958 2708 5009 ιι,
2742 4943 2833 4999 2|.

2313 5101 2427 5171 (28)
2471 5099 2697 5156 Natura:
2721 5101 3072 5171 principium,
3105 5100 3320 5170 φύσεως
3347 5100 3519 5171 ἀρχή.
3553 5095 3692 5152 Nihil
3721 5087 3788 5171 hi3

2241 5164 2420 5227 Procli
2454 5173 2681 5226 clarius.
2718 5164 3074 5241 Prosequitur
3104 5164 3271 5233 enim,
3305 5164 3515 5241 quibus
3559 5164 3789 5241 convenil

2238 5245 2504 5297 Adamum
2541 5243 2682 5297 inter
2734 5251 2788 5296 et
2820 5237 3124 5301 Christum.
3181 5249 3237 5295 ut
3276 5243 3369 5297 ille
3420 5240 3587 5308 hujus
3637 5237 3785 5308 figura

556 5325 666 5366 tur.
698 5305 824 5366 Fuit
871 5305 1013 5366 forte
1041 5311 1096 5364 in
1126 5326 1189 5364 ea
1221 5311 1502 5381 opinione,
1540 5319 1600 5364 ut
1633 5305 1818 5365 anima
1849 5305 2140 5367 rationalis
2239 5312 2340 5368 fuit
2375 5333 2389 5367 :
2423 5329 2595 5382 quare
2622 5311 2778 5367 valde
2819 5311 3047 5365 ridicula
3083 5311 3334 5366 Riecardi
3375 5305 3707 5380 conjectura,
3739 5305 3786 5354 υι

555 5397 617 5462 ac
651 5382 830 5451 λόγος,
885 5396 1016 5436 vere
1060 5382 1334 5462 exiret-ac
1358 5382 1688 5462 educeretur
1719 5398 1749 5462 e
1788 5383 2019 5462 materia
2057 5383 2138 5437 sic

2237 5383 2357 5438 loco
2388 5383 2624 5462 φύσεως,
2671 5383 2743 5437 sit
2779 5383 3065 5462 legendum
3110 5382 3349 5462 φθίσεως
3370 5399 3396 5462 ο.
3420 5397 3522 5462 pro
3563 5387 3784 5462 natura:

554 5448 846 5523 disposita.
868 5467 897 5505 a
922 5468 1029 5523 qua
1058 5467 1168 5536 nec.
1189 5452 1280 5506 alii
1307 5452 1802 5536 quidam'iequales
1832 5452 2134 5536 abhorrue-
2235 5448 2622 5536 corruptionis;
2647 5448 2910 5536 atque_ab
2947 5448 3234 5536 eo.auctor
3264 5448 3475 5536 libri-sti
3522 5448 3782 5536 ac'adattll

555 5521 684 5602 [init
713 5543 725 5578 :
751 5521 1432 5602 quanquam‘fuittandem
1455 5523 1523 5602 ab
1541 5521 2127 5602 EcClesiaproscripta.
2232 5521 2695 5602 comparationem
2707 5521 3084 5602 inchoaverit,
3121 5523 3174 5576 in
3205 5538 3312 5591 quo
3343 5523 3423 5576 illi
3466 5521 3782 5602 maxime?

554 5589 674 5673 Eon
698 5589 853 5673 _Iicet
881 5633 899 5673 ε
918 5589 1024 5646 ὀιιι
1068 5593 1201 5673 libet
1232 5595 1369 5648 alias
1389 5592 1691 5673 _opini_ones
1725 5589 1863 5661 quas
1897 5589 2130 5673 subinde
2231 5589 2430 5648 dentur
2457 5595 2741 5673 contrarii.
2775 5593 3029 5673 Adamus_
3044 5608 3175 5662 ergo
3206 5589 3417 5673 natura;
3448 5589 3776 5673 principiali}.

553 5657 784 5743 Rroclus
809 5663 1038 5743 indicat,
1074 5664 1359 5743 adnotare,
1387 5657 1672 5743 inquibus
1703 5657 2010 5742 praesertim
2043 5662 2128 5716 ni-
2231 5673 2290 5743 ut
2313 5674 2479 5736 caput
2506 5664 2758 5736 generis;
2793 5677 2967 5743 eoque
3000 5657 3177 5732 ligu'ra
3203 5657 3558 5743 Christifqui
3599 5657 3778 5743 princ}-

554 5727 632 5782 hil
665 5737 748 5783 est
770 5733 1033 5798 periculi,
1075 5735 1292 5786 tametsi
1331 5727 1414 5788 est
1458 5727 1844 5803 aliquidnovi,
1872 5748 1934 5786 ac
1962 5748 1992 5785 a
2024 5747 2124 5786 no-
2227 5727 2597 5803 pium'est'ac
2629 5727 2819 5790 auctor
2869 5727 2989 5789 vita;
3022 5727 3254 5798 ἐισί-ηπ,
3311 5727 3627 5803 caput—ipsc
3659 5737 3776 5798 Ρη·

556 5805 802 5871 strorum
843 5816 906 5852 ac
960 5803 1345 5856 model-norum
1379 5802 1719 5871 philosophia
1754 5803 2120 5864 abhorrentis.
2227 5802 2646 5862 destinatorum.

560 5873 619 5919 ut
653 5865 817 5937 paulo
848 5877 990 5934 ante,
1017 5871 1083 5925 de
1115 5865 1439 5928 formatione
1469 5865 1752 5928 stellarum
1781 5887 1848 5927 ex
1876 5873 2098 5929 lumine.
2878 5905 2891 5918 ι
2967 5895 3005 5916 ν
