4122 6330
419 342 434 356 ~
501 305 518 334 "
539 310 612 364 it
1833 316 2089 374 remus

2203 318 2328 376 ,ΡιΕ
2369 318 2431 374 IV
3724 329 3792 380 12

1849 454 1872 455 η
1981 454 2016 456 ἡ
2067 454 2072 455 ,

2086 467 3761 491 ——————————————"__

1382 512 2068 629 FELICIS
2138 515 2678 630 PAPE
2749 522 2961 630 ιν

955 675 3402 872 EPISTOL/EDECRETA.

863 893 1190 950 EPISTOLA
1229 897 1435 950 PRIMA
1474 896 1656 969 (OLIM
1694 898 1803 968 III).

699 1005 854 1044 ΙἚΗΧ
894 1007 1021 1045 ΡΛΡΑ
1069 1008 1122 1044 ιν
1159 1009 1224 1045 ΑΙ)
1265 1007 1535 1047 CxESABIUhI
1577 1009 1977 1046 ARELATENSEM.

552 1076 629 1132 De
657 1077 802 1132 laicis
833 1080 901 1131 ad
938 1079 1283 1134 sacerdotium
1328 1091 1446 1134 ante
1483 1081 1837 1149 probationem
1874 1098 1974 1134 non
2008 1098 2121 1151 pro-

1209 1172 1488 1225 movendis.

623 1259 972 1315 Dilectissimo
994 1259 1141 1314 fratri
1166 1258 1401 1336 Cassario
1430 1261 1598 1315 Felix.
2065 1308 2081 1323 ,

619 1348 743 1416 Legi
777 1349 920 1417 quod
956 1351 1095 1405 inter
1122 1349 1509 1404 fraternitatem
1547 1360 1777 1406 vestram
1807 1360 1890 1406 est
1916 1353 2117 1406 consti-

546 1445 737 1502 tutum,
771 1453 878 1491 non
908 1438 1068 1493 licere
1092 1455 1159 1492 ex
1192 1439 1326 1493 laica
1357 1440 1767 1494 conversatione
1795 1442 1859 1493 ad
1885 1440 2117 1494 ofﬁciunt

547 1529 881 1583 sacerdotale
925 1538 1049 1584 ante
1099 1531 1469 1599 probationem
1521 1539 1723 1586 temere
1773 1533 2114 1600 promoveri:

546 1619 614 1674 de
642 1634 746 1688 qua
776 1635 834 1674 re
862 1621 1022 1674 etiam
1050 1621 1116 1673 ad
1143 1636 1239 1675 nos
1259 1622 1502 1691 pervenit
1530 1622 1732 1690 opinio,
1762 1621 1969 1690 aliquos
1999 1630 2120 1690 post

547 1709 938 1763 ordinationem
975 1709 1041 1763 ad
1072 1710 1193 1763 vita:
1234 1711 1504 1765 szecularis
1541 1727 1718 1766 mores
1764 1711 1925 1766 fuisse
1956 1720 2121 1764 trans-

546 1793 774 1866 gressos.
813 1798 881 1852 Et
911 1799 1035 1854 licet
1062 1800 1131 1854 sit
1168 1801 1288 1854 talis
1335 1800 1560 1855 nefanda
1595 1803 1957 1870 praesumptio,
2003 1802 2120 1870 plus

546 1898 723 1944 tamen
753 1898 832 1944 est
859 1890 1160 1959 periculosa
1202 1890 1486 1961 neglectio’.
1519 1893 1620 1959 Qui
1649 1893 1792 1948 enim
1821 1902 2000 1963 potest
2027 1907 2118 1946 ve-

547 1981 709 2036 nienti
747 1981 888 2036 malo
936 1983 1208 2050 resistere,
1249 1992 1304 2037 et
1343 1984 1446 2038 hoc
1482 1984 1821 2040 dissimulans
1861 1985 1975 2039 ﬁeri
2004 2000 2120 2054 per-

545 2070 724 2131 mittit,
765 2071 876 2138 ipse
920 2071 1089 2139 magis
1138 2072 1261 2125 mali
1312 2081 1498 2127 auctor
1541 2074 1719 2142 operis
1765 2075 2113 2144 approbatur.

545 2157 712 2214 Nemo
731 2174 790 2214 se
829 2160 1006 2228 itaque
1036 2177 1130 2230 per
1157 2162 1427 2229 antiquam
1465 2163 1905 2218 consuetudinem
1933 2174 2115 2234 speret

2145 907 2188 956 Λ
2225 897 2519 968 Ponti/irati
2551 899 3016 958 Rarennatensium
3044 907 3393 976 episcoporum
3422 909 3623 979 vulgato
3651 925 3682 962 a
3713 909 3790 964 Cl.

2224 988 2518 1055 Bacc/iinio,
2546 999 2593 1043 et
2621 1009 2796 1046 recuso
2827 1011 2887 1047 ac
2913 995 2980 1047 ad
3007 1003 3101 1048 ms.
3128 998 3243 1050 cod.
3285 1000 3531 1059 recensita
3560 1017 3591 1051 a
3622 999 3798 1052 Mura-

2223 1080 2350 1132 torio
2382 1079 2500 1133 fier.
2535 1079 2659 1133 Ital.
2687 1093 2806 1135 tom.
2835 1082 2914 1147 II,
2940 1094 3074 1151 part.
3104 1086 3152 1149 I,
3182 1087 3250 1138 ad
3277 1087 3430 1139 vitam
3456 1088 3515 1140 S.
3549 1087 3796 1142 Ecclesia:

2224 1166 2629 1223 Ravennatensis
2657 1173 2878 1242 episcopi
2923 1171 3263 1228 Constitutum
3306 1177 3564 1245 quoddam
3602 1177 3794 1231 Felicis

2219 1273 2367 1325 papae
2395 1261 2630 1322 servavit,
2661 1262 2838 1315 datum
2870 1265 3136 1317 occasione
3174 1265 3377 1318 dissidii
3422 1268 3690 1336 cujusdam
3737 1269 3791 1320 in

2221 1348 2525 1414 Ecclesium,
2554 1361 2604 1404 et
2622 1352 2833 1406 clericos
2859 1355 3068 1408 ditionis
3097 1372 3222 1409 sum.
3252 1356 3330 1408 En
3361 1357 3490 1409 illud
3519 1373 3536 1410 :

2533 1440 3012 1498 CONSTITUTUM
3068 1446 3324 1501 FELICIS
3376 1447 3462 1502 IV.

2608 1549 2674 1586 DE
2715 1549 2962 1587 ECCLESIA
2992 1551 3404 1590 RAVENNATENSI.

2293 1623 2439 1677 Felix
2466 1623 2580 1694 (IV,
2610 1623 2777 1694 Mun.)
2809 1625 3089 1694 episcopus
3115 1627 3260 1681 urbis
3287 1627 3490 1684 Romae.

2294 1714 2576 1768 Laudanda
2614 1724 2697 1769 est
2740 1715 3080 1769 decessorum
3130 1725 3434 1772 nostrorum
3487 1721 3790 1778 sollicitudo

2219 1811 2284 1862 de
2315 1823 2444 1877 pace
2466 1816 2519 1862 et
2540 1809 2719 1876 quiete
2747 1809 3104 1862 ecclesiastica
3145 1810 3535 1879 (constitutum,
3587 1814 3777 1885 Mum),

2219 1902 2342 1970 quia
2379 1907 2563 1970 pastor
2581 1899 2671 1968 qui
2719 1898 3010 1966 advigilans
3051 1900 3328 1953 continere
3370 1901 3528 1956 debet
3567 1916 3760 1958 conten

2222 1993 2414 2057 tiones,
2454 1998 2548 2044 aut
2579 1989 2815 2055 damnat,
2863 1997 2956 2042 aut
2995 1990 3232 2057 corrigit.
3280 1989 3504 2060 Oportet
3553 1994 3604 2046 in
3646 1995 3783 2048 hunc

2220 2086 2391 2154 ipsum
2421 2083 2689 2136 tramitem
2733 2081 2886 2134 nobis
2919 2081 3312 2135 ambulantibus
3353 2083 3540 2138 similis
3567 2099 3685 2138 cum
3709 2087 3786 2141 eis

2220 2173 2492 2244 conspici;
2525 2173 2647 2242 quia
2673 2187 2898 2241 quorum
2926 2187 3022 2241 per
3051 2172 3144 2233 Dei
3171 2173 3589 2228 misericordiam
3612 2176 3784 2235 locum

547 2266 772 2316 eruere;
797 2252 920 2321 quia
941 2267 1059 2320 qua:
1079 2253 1261 2308 illicite
1290 2253 1537 2307 inchoata
1560 2263 1703 2318 sunt,
1729 2255 1772 2308 si
1793 2255 2113 2309 damnentur
2144 2254 2186 2313 Β
2217 2266 2466 2333 gerimus,
2496 2263 2729 2332 ipsorum
2759 2262 2908 2331 sequi
2938 2277 3039 2325 nos
3063 2263 3218 2316 decet
3250 2264 3513 2332 exempla.
3547 2263 3625 2318 Ex
3653 2267 3760 2320 invi

547 2343 598 2396 in
647 2350 938 2412 posterum,
988 2358 1115 2397 suos
1156 2341 1359 2397 fructus
1400 2356 1659 2410 generare
1714 2359 1818 2397 non
1871 2354 2112 2414 possunt.

547 2433 677 2488 Nam
708 2434 850 2503 quod
879 2434 1131 2502 gradibus
1156 2433 1414 2498 eruditur,
1445 2433 1488 2487 si
1519 2433 1634 2487 sine
1668 2433 1998 2502 perfectione
2021 2435 2117 2489 do-

541 2526 726 2578 ctrina:
770 2524 837 2578 ad
888 2540 1044 2579 suum
1099 2525 1376 2594 perveniat
1421 2525 1802 2590 constitutum,
1839 2534 1983 2578 errat
2023 2541 2116 2594 per

540 2616 1014 2680 examinationem,
1035 2616 1159 2684 quia
1182 2631 1287 2670 non
1308 2616 1500 2685 recipit
1522 2617 1862 2681 firmitatem;
1889 2632 1987 2671 nec
2013 2617 2112 2672 ho-

541 2720 725 2758 norem
753 2704 875 2774 quis
899 2719 997 2774 per
1026 2704 1272 2759 timorem
1303 2714 1481 2774 potest
1519 2721 1753 2771 servare,
1779 2707 1871 2775 qui
1902 2708 1955 2761 in
2000 2707 2114 2774 ejus

537 2796 762 2863 gloriam
802 2795 971 2849 semel
1019 2794 1202 2850 labore
1228 2796 1494 2864 pervenit.
1537 2795 1606 2849 Et
1651 2796 1766 2850 laus
1809 2797 1988 2852 inanis
2027 2798 2111 2852 cui

538 2885 786 2938 tribuitur
833 2883 996 2952 lzcdit,
1044 2885 1112 2938 ad
1150 2885 1437 2939 elationem
1485 2885 1726 2939 nutriens
1751 2887 1920 2954 magis
1950 2901 2109 2955 quam

537 2989 837 3045 provocans
882 2975 950 3030 ad
995 2991 1215 3045 operam
1257 2989 1397 3030 vera:
1440 2975 1665 3030 virtutis.
1698 2974 1805 3031 Vas
1834 2976 2110 3031 electionis

534 3066 600 3121 ad
621 3081 777 3121 suum
801 3066 1142 3121 vernaculum
1167 3065 1507 3120 Timotheum
1543 3065 1728 3120 scribit
1755 3064 1937 3120 dicens
1963 3084 1974 3116 :
2008 3064 2112 3118 Nc-

533 3159 661 3212 mini
682 3159 780 3212 cito
810 3174 991 3212 manus
1037 3159 1361 3228 imposueris,
1395 3173 1486 3210 nec
1526 3158 1973 3210 communicaveris
2001 3172 2110 3226 pec-

534 3253 661 3306 catis
709 3251 890 3305 alienis
920 3249 974 3322 (I
1025 3249 1154 3304 Tim.
1199 3250 1276 3318 v).
1323 3249 1458 3316 Quid
1503 3249 1602 3304 sibi
1649 3249 1804 3303 vult:
1838 3263 1906 3303 ne
1951 3247 2108 3302 citius

534 3345 774 3414 imponas
815 3343 1046 3397 manus?
1077 3340 1210 3406 Quia
1239 3341 1468 3408 dignitas
1495 3355 1613 3410 quae
1641 3339 1820 3404 datur,
1861 3338 1981 3393 ideo
2009 3337 2104 3389 da-

533 3443 636 3496 tur,
671 3442 728 3488 ut
755 3432 912 3487 duret
940 3431 1242 3486 immobilis.
1277 3430 1444 3485 Debet
1464 3431 1624 3493 enim,
1659 3437 1945 3496 antequam
1976 3443 2105 3482 con-

531 3525 772 3592 cedatur,
804 3525 961 3592 longa
988 3522 1087 3577 sub
1114 3522 1501 3577 deliberatione
1543 3521 1781 3576 tractari.
1807 3517 1959 3573 Unde
1985 3534 2100 3571 ma-

2219 2359 2306 2412 dia
2333 2354 2698 2412 sacerdotibus
2726 2351 2974 2407 Ecclesia:
3021 2352 3344 2406 Ravennatis
3386 2354 3509 2407 talia
3549 2355 3761 2423 conlige

2216 2456 2359 2510 runt,
2388 2460 2504 2515 qua:
2517 2443 2699 2514 (quod,
2723 2442 2889 2510 Mun.)
2914 2443 3149 2496 omnium
3169 2443 3551 2497 catholicorum
3581 2445 3786 2501 animos

2215 2536 2558 2591 contristasse
2610 2540 2903 2588 noscuntur
2925 2571 2940 2597 ,
2999 2532 3374 2586 altercationes
3397 2573 3410 2596 ,
3457 2533 3742 2588 seditiones
3764 2575 3780 2599 ,

2215 2628 2523 2697 pravitates,
2569 2639 2685 2694 qum
2729 2639 2944 2680 omnem
2988 2623 3318 2692 disciplinam
3361 2624 3778 2680 ecclesiasticam

2211 2717 2541 2786 disrumpere
2596 2715 2910 2768 niterentur.
2961 2712 3065 2766 Ista
3114 2728 3213 2766 nos
3244 2714 3550 2766 iterum.....
3597 2729 3779 2768 verum

2211 2806 2306 2860 Dei
2336 2807 2581 2858 timorem
2635 2812 2760 2858 ante
2807 2803 2993 2857 oculos
3045 2803 3324 2869 habentes,
3356 2810 3413 2856 ut
3451 2817 3549 2857 nec
3586 2803 3782 2857 illicitis

2212 2879 2484 2950 audaciam
2528 2895 2716 2948 demus
2755 2893 3084 2958 excessibus,
3113 2899 3166 2945 et
3205 2907 3310 2944 non
3355 2891 3776 2959 abjiciamus.....

2213 3001 2305 3054 per
2329 2983 2677 3038 constitutum
2707 2989 2948 3036 nostrum
2995 2981 3263 3044 ordinare,
3305 2981 3444 3048 quod
3471 2980 3670 3048 justum
3699 2991 3780 3035 est

2209 3075 2498 3130 secundum
2539 3073 2881 3128 Salomonem
2909 3071 3174 3126 dicentem
3208 3088 3221 3123 :
3255 3063 3376 3124 Non
3407 3070 3557 3123 dures
3582 3071 3776 3139 (dares,

2208 3165 2372 3235 Mun.)
2416 3167 2685 3218 transitum
2722 3180 2886 3232 aqua.
2927 3161 3068 3230 Ergo
3105 3171 3448 3216 recensentes
3475 3161 3720 3230 capitulis
3747 3177 3778 3214 a

2207 3256 2369 3311 fratre
2395 3264 2577 3309 nostro
2611 3255 2797 3325 (deest,
2836 3253 3002 3320 Muu.)
3048 3251 3304 3315 Ecclesia,
3350 3262 3404 3305 et
3443 3268 3472 3305 a
3501 3254 3779 3323 presbyte-

2208 3349 2299 3411 ris,
2331 3354 2386 3400 et
2411 3344 2809 3407 diaconihus,et
2839 3343 3042 3397 clericis
3064 3341 3248 3411 (clero,
3281 3340 3538 3404 Mue.),et
3559 3341 3777 3394 notariis

2208 3436 2457 3491 Ecclesia:
2495 3434 2817 3488 Ravennatis
2856 3432 3007 3486 nobis
3035 3431 3244 3494 oblatis,
3293 3431 3644 3500 praesentibus
3671 3432 3776 3484 fra-

2206 3536 2287 3582 tre
2309 3535 2363 3581 et
2389 3525 2774 3581 consacerdote
2812 3531 2997 3578 nostro
3028 3522 3286 3582 Ecclesio,
3329 3531 3383 3576 et
3409 3523 3525 3591 ejus
3565 3523 3776 3577 clericis

529 3619 694 3686 gisler
741 3618 832 3687 qui
861 3617 1248 3672 elementorum
1279 3614 1709 3683 ignorat'initia?
1739 3611 1889 3666 Unde
1911 3611 2102 3680 guber-
2129 3608 2176 3671 C
2209 3617 2426 3673 inferius
2454 3617 2760 3685 designatis,
2797 3615 2941 3684 quod
2969 3615 3162 3668 rationi
3206 3614 3435 3678 vidimus
3465 3615 3775 3682 convenire,

528 3717 687 3762 nator
717 3709 809 3776 qui
844 3707 985 3762 inter
1014 3714 1203 3759 nautas
1229 3720 1326 3759 sua
1361 3703 1578 3757 servitia
1608 3719 1714 3757 non
1745 3703 2103 3755 monstravit?

527 3797 739 3865 Ignorat
795 3810 1038 3864 quanam
1090 3795 1230 3848 ratio
1282 3793 1550 3859 magistris
1609 3791 1833 3845 debetur
1895 3791 1986 3858 qui
2037 3791 2102 3842 ad

528 3885 888 3941 obedientiam
909 3900 1004 3939 sua
1032 3883 1194 3939 corda
1228 3897 1334 3936 non
1376 3881 1542 3943 flexit,
1588 3880 1727 3934 unde
1753 3878 2102 3948 quemadmo-

527 3979 653 4031 dum
711 3978 765 4030 in
811 3975 972 4030 domo
1015 3974 1109 4028 Dei
1161 3971 1464 4026 conversari
1514 3969 1708 4023 debeat
1760 3967 1988 4037 posteris
2034 3967 2104 4021 sit

528 4067 854 4136 exemplum.
877 4065 961 4119 Sit
986 4065 1040 4118 in
1068 4061 1316 4117 omnibus
1343 4059 1567 4122 clericis,
1610 4067 1664 4112 et
1690 4059 1741 4111 in
1771 4057 1853 4112 his
1873 4057 2101 4110 maxime

506 4159 617 4228 ‘qui
644 4166 770 4214 sunt
814 4157 881 4211 ad
923 4155 1224 4212 sacerdotia
1263 4151 1548 4221 deligendi,
1592 4150 1898 4220 apostolicae
1928 4150 2102 4204 moni-

525 4250 690 4305 tionis
717 4249 1007 4316 eloquium,
1038 4248 1131 4315 qui
1159 4246 1234 4299 ait
1259 4263 1272 4298 :
1311 4244 1526 4314 Oportet
1563 4253 1611 4297 et
1644 4244 1989 4296 testimonium
2016 4243 2106 4296 ha-

526 4338 642 4391 bere
679 4338 863 4393 bonum
913 4337 976 4391 ab
1023 4339 1102 4392 his
1130 4338 1213 4409 qui
1242 4337 1369 4407 foris
1415 4344 1534 4388 sunt
1563 4332 1618 4404 (1
1659 4333 1790 4387 Tim.
1834 4334 1933 4401 ιιι).
1965 4333 2100 4399 Qua-

525 4439 746 4498 pr0pter
765 4428 1034 4484 communi
1069 4441 1356 4490 consensu,
1398 4424 1497 4479 sub
1537 4423 1911 4478 observatione
1939 4437 2100 4477 venee

523 4519 768 4574 rabilium
792 4533 1078 4582 canonum,
1120 4515 1471 4573 ordinandum
1515 4515 1694 4581 eligite
1721 4513 2051 4568 sacerdotem
2083 4531 2094 4564 :

523 4619 584 4664 ut
609 4618 667 4665 et
693 4609 760 4664 de
789 4617 972 4664 nostra
997 4609 1163 4662 simus
1191 4607 1363 4660 salute
1389 4605 1624 4665 solliciti,
1665 4611 1720 4658 et
1750 4603 1959 4657 illorum
1988 4601 2096 4655 uti-

519 4704 758 4759 litatibus
795 4701 1161 4768 consulamus,
1196 4699 1287 4768 qui
1333 4698 1528 4752 fuerint
1568 4695 1635 4750 ad
1674 4696 1817 4750 hunc
1855 4695 2096 4749 ordinem

519 4797 800 4865 diligenter
818 4793 1028 4850 adsciti.
1064 4792 1206 4846 Deus
1246 4799 1298 4845 te
1322 4790 1644 4845 incolumem
1681 4786 1966 4851 custodiat,
1998 4787 2096 4840 fra-

522 4895 603 4940 ter
646 4886 940 4940 carissime.
998 4884 1132 4938 Data
1199 4897 1253 4936 ιιι
1319 4895 1490 4934 nonas
1550 4878 1872 4933 Februarias
1905 4888 1930 4914 ιι
1973 4886 2096 4946 post

2207 3723 2487 3762 censemus
2525 3722 2621 3762 eos
2647 3705 2932 3760 clericatus
2973 3703 3206 3757 officium
3247 3703 3444 3758 debere
3485 3703 3774 3772 suscipere,

2205 3809 2430 3863 quorum
2453 3795 2618 3848 vitam
2645 3800 2700 3846 et
2724 3793 3183 3848 conversationem
3207 3807 3481 3846 sacrorum
3511 3806 3772 3847 canonum

2205 3901 2310 3940 non
2352 3887 2521 3955 possit
2562 3888 2871 3954 impugnare
2912 3885 3219 3939 auctoritas.
3251 3883 3484 3938 Clericos
3523 3899 3652 3937 vero
3690 3900 3774 3938 se-

2203 3977 2432 4033 cundum
2475 3984 2781 4029 sanctorum
2830 3973 3045 4027 Patrum
3088 3976 3300 4042 regulas
3345 3975 3594 4029 volentes
3639 3975 3772 4028 dun-

2204 4074 2350 4120 taxat
2379 4075 2433 4120 et
2455 4066 2823 4128 denuntiatos;
2849 4072 3102 4133 quantum
3126 4064 3191 4117 ad
3225 4065 3565 4134 presbyteros
3587 4073 3640 4118 et
3659 4064 3772 4118 dia-

2203 4170 2370 4210 conos
2411 4155 2662 4225 pertinet,
2703 4155 2916 4208 statutis
2945 4153 3191 4222 jubemus
3221 4154 3548 4222 temporibus
3576 4154 3773 4208 solem-

2203 4250 2342 4302 niter
2371 4246 2690 4315 promoveri.
2722 4245 2798 4299 De
2822 4261 2948 4299 vero
2971 4245 3335 4299 Ravennatum
3361 4253 3414 4298 et
3441 4244 3775 4298 Classicano-

2201 4354 2318 4392 rum
2352 4336 2606 4401 Ecclesia,
2654 4336 2870 4403 antiqua
2904 4335 3232 4389 consuetudo
3274 4343 3533 4389 servetur.
3577 4334 3771 4388 Clerici

2203 4442 2330 4482 vero
2362 4425 2443 4480 vel
2468 4425 2713 4482 monachi
2736 4426 2800 4478 ad
2823 4425 3114 4479 indebitum
3135 4424 3480 4479 obtinendum
3507 4423 3769 4486 ordinem,

2199 4519 2284 4572 vel
2313 4519 2508 4582 locum,
2554 4517 2849 4586 potentium
2881 4518 3175 4586 patrocinia
3217 4532 3323 4570 non
3357 4516 3647 4582 requirant,
3677 4530 3772 4584 per

2198 4625 2335 4679 quae,
2367 4618 2457 4664 aut
2499 4624 2605 4662 non
2652 4608 2893 4662 faciendo
2925 4609 3182 4675 ingratus,
3219 4618 3310 4661 aut
3359 4605 3602 4661 faciendo
3632 4604 3769 4674 inju-

2199 4707 2313 4753 stus
2350 4699 2597 4753 videatur
2637 4698 2939 4766 episcOpus.
2974 4697 3172 4762 Quarta
3216 4697 3518 4766 patrimonii
3565 4696 3772 4748 Raven-

2198 4791 2434 4846 natensis
2456 4789 2724 4854 Ecclesiae,
2758 4789 2860 4843 hoc
2898 4796 2980 4843 est
3016 4790 3115 4842 tria
3145 4789 3308 4842 millia
3347 4788 3663 4853 solidorum,
3684 4803 3772 4840 so-

2198 4881 2306 4936 litis
2326 4881 2726 4949 erogationihus
2740 4880 2949 4934 clericis
2969 4881 3232 4944 omnibus,
3247 4879 3333 4933 vel
3353 4880 3546 4948 quibus
3566 4881 3772 4945 erogari

518 4973 854 5028 consulatum
903 4972 1148 5028 Mavortii
1195 4970 1297 5024 viri
1345 4967 1625 5025 clarissimi
1664 4971 1846 5035 (anno
1897 4966 2093 5022 Christi
2125 4959 2173 5018 D
2199 4981 2282 5027 est
2310 4973 2546 5036 solitum,
2577 4971 2929 5040 compleatur.
2963 4971 3018 5024 Si
3047 4969 3176 5038 quid
3205 4979 3382 5024 tamen
3412 4986 3480 5024 ex
3505 4971 3775 5039 pensioni-

521 5060 660 5130 sas)

591 5153 830 5224 Agnettus
857 5151 1276 5218 Ravennatensis,
1295 5155 1416 5207 noni
1445 5151 1618 5206 saeculi
1646 5153 1882 5222 scriptor,
1912 5153 1967 5205 in
1995 5168 2086 5206 suo

589 5291 616 5320 ⁸
646 5282 775 5337 Post
801 5284 1126 5364 consulatum
1167 5281 1430 5364 Mavortii]
1463 5281 1671 5364 Yulgati
1699 5279 1759 5335 P.
1799 5281 1860 5336 C.
1893 5281 1963 5364 hi.
1983 5297 2091 5364 seu

516 5355 706 5408 Bon-ii
738 5369 787 5406 v.
821 5369 871 5407 c.
905 5351 1032 5416 Qua:
1061 5350 1191 5404 falsa
1221 5350 1539 5422 subscriptio
1567 5367 1854 5422 suspensos
1891 5352 2088 5404 dudum

515 5424 702 5479 habuit
721 5423 866 5477 viros
893 5422 1102 5486 doctos,
1137 5435 1259 5491 cum
1303 5421 1491 5478 Felicis
1530 5422 1595 5476 III
1625 5422 1972 5491 temporibus,
2001 5422 2084 5475 cui

513 5492 632 5549 lucc
657 5493 886 5562 epistola
916 5499 1137 5562 propter
1165 5490 1356 5562 Boetii‘
1373 5494 1706 5547 consulatum
1733 5490 2085 5556 tribuebatur,

515 5559 750 5626 Cmsarii,
778 5563 869 5632 qui
909 5559 1192 5632 epiSCopus
1219 5559 1451 5614 nondum
1491 5571 1962 5632 erat,.congr_'uere
1994 5575 2091 5632 ng-

515 5647 639 5686 men
660 5648 765 5686 non
790 5627 1342 5700 posse'intelligerent,
1366 5639 1419 5684 et
1447 5641 1631 5686 contra
1661 5627 1977 5686 cnm'Felice
2000 5629 2087 5700 IV,

515 5703 601 5757 cui
630 5698 950 5769 congrueret
973 5698 1188 5756 Caesarii
1231 5701 1590 5770 episcopatus,
1636 5700 1808 5754 Boetii
1842 5699 2090 5754 consula

510 5780 628 5826 tum
659 5771 874 5824 minime
913 5772 1219 5825 convenire.
1264 5771 1411 5825 Nunc
1441 5786 1588 5833 vero,
1615 5771 1860 5825 restituta
1890 5785 1956 5824 ex
1999 5784 2090 5822 co-

2200 5064 2299 5118 bus
2333 5063 2420 5118 vel
2460 5061 2858 5116 Inereditatihus
2887 5075 3151 5125 crescere,
3197 5059 3426 5116 Domino
3466 5069 3651 5116 nostro
3681 5076 3769 5111 vo-

2199 5155 2344 5210 lente
2398 5154 2699 5220 contigerit,
2753 5152 2942 5207 eodem
2995 5151 3222 5206 Domino
3273 5151 3562 5213 mediante,
3613 5149 3774 5204 etiam

2196 5288 2314 5342 dice.
2342 5285 2638 5341 Arelatensi
2662 5301 2783 5340 vera
2808 5284 3059 5348 lectione,
3089 5283 3338 5339 discussa:
3359 5292 3480 5338 sunt
3501 5283 3771 5351 ambages,

2196 5368 2252 5411 et
2279 5356 2487 5411 reddita
2516 5357 2721 5411 auctori
2751 5371 2849 5409 suo
2887 5355 3132 5422 epistola,
3170 5355 3219 5407 id
3249 5362 3331 5408 est
3371 5354 3532 5407 Felici
3565 5352 3651 5420 IV,
3682 5367 3772 5406 cu~

2191 5427 2280 5496 jus
2327 5443 2494 5480 annus
2531 5425 2806 5496 secundus
2833 5425 2910 5496 ἰιιΔ
2939 5440 3058 5476 eum
3089 5424 3314 5496 incidit,
3369 5425 3466 5496 qu_i_
3513 5424 3610 5496 t_ui_t
3650 5429 3773 5496 post

2195 5489 2529 5551 consulatum
2568 5494 2833 5557 Mavortii,
2865 5493 2916 5546 id
2964 5501 3043 5546 est
3086 5494 3136 5545 in
3185 5489 3607 5547 annithIiristi
3647 5489 3769 5547 528.

2195 5581 2300 5634 quo
2349 5565 2608 5620 Ctesarius
2646 5579 2855 5634 annum
2881 5562 3070 5634 agebat
3111 5563 3162 5616 in
3211 5564 3520 5634 episcopatu
3561 5577 3665 5634 sup
3703 5558 3773 5611 25

2197 5628 2329 5702 (imo
2352 5635 2440 5698 29,
2465 5650 2587 5689 cum
2609 5633 2677 5702 ad
2698 5647 2817 5702 eum
2836 5628 2944 5698 jam
2967 5632 3033 5684 ab
3057 5647 3181 5685 ann.
3202 5628 3304 5684 602
3325 5628 3599 5700 scripserit
3619 5628 3771 5684 Svm-

2197 5700 2416 5760 machus
2441 5704 2619 5773 papa).
2651 5700 2765 5756 Jac.
2799 5701 3114 5756 Sinuouous.
