4068 6342
334 314 392 369 l3
1097 297 1100 300 ’
1533 322 1886 379 snsruue
1916 324 2005 379 ur
2033 318 2366 383 Decuma:
3509 351 3573 405 μ

324 435 522 495 quarm
561 438 796 497 porticm
836 427 1159 496 adjiciantur
1211 430 1505 501 (proﬁciat,
1550 433 1766 505 Mum);
1820 437 1896 490 sic
1928 445 1975 497 Α
2001 437 2294 505 scriptione
2339 454 2649 510 suscipiant,
2701 454 2759 500 ut
2808 451 3060 517 quotiens
3100 428 3340 524 exeéerit
3388 473 3568 524 causa,

323 525 491 573 tamen
543 524 602 572 ut
647 518 898 573 brevibus
943 519 1220 587 ordinatis,
1270 522 1414 590 quod
1464 522 1685 593 singulis
1709 525 1891 580 distri-a

320 607 497 662 buitur
541 607 712 662 latere
748 624 855 663 non
903 610 1185 678 possit.....
1233 612 1523 667 secundum
1562 615 1774 679 merita,
1804 631 1893 671 se-

317 699 546 754 cundum
571 698 711 763 loca,
741 700 866 768 quia
905 702 1087 758 omnia
1132 703 1274 759 Deus
1308 705 1600 761 secundum
1627 708 1889 777 justitiam

316 799 371 846 et
396 805 700 846 mensuram
728 794 1122 848 constituit.....
1165 795 1239 851 ita
1268 805 1337 870 ut
1353 801 1714 870 unusquisque
1738 808 1891 855 extra

317 883 686 937 necessitatem
716 881 1040 941 inﬁrmitatis
1060 892 1156 939 aut
1193 868 1411 942 causam
1434 868 1679 944 idoneam
1709 891 1893 945 altaris

315 972 492 1026 omnia
541 971 595 1026 in
642 987 743 1027 suo
781 971 960 1028 oﬁicio
1001 973 1283 1041 vigilanter
1326 977 1594 1041 observet.
1635 978 1892 1034 Redditus

317 1064 585 1132 (excepta,
642 1044 809 1132 Mus.)
848 1078 978 1119 vero
1023 1066 1345 1134 praediorum
1399 1069 1512 1124 sive
1555 1071 1893 1126 accessiones

315 1162 532 1223 propter
543 1154 622 1208 rei
642 1151 919 1210 familiaris
938 1170 1226 1225 expensas,
1247 1156 1332 1211 vel
1348 1159 1557 1224 exenia,
1580 1175 1699 1228 qua:
1717 1160 1893 1215 diver-

313 1243 716 1310 sisoii‘eruntur,
736 1251 793 1298 et
803 1243 1048 1298 convivia
1061 1259 1179 1313 quae
1190 1246 1269 1300 eis
1288 1248 1560 1312 exhibere,
1574 1250 1659 1303 vel
1669 1265 1768 1319 pro
1789 1251 1892 1307 loci

314 1333 414 1398 sui,
444 1334 530 1387 vel
566 1334 783 1400 merito,
824 1334 910 1388 vel
954 1350 1053 1405 pro
1097 1336 1493 1393 advenientium
1530 1343 1888 1411 susceptione,

318 1438 534 1478 necesse
561 1431 663 1488 est,
689 1424 942 1493 episcopo
977 1426 1357 1503 constituimus
1384 1429 1581 1485 debere
1607 1433 1889 1501 prolicere.

317 1511 520 1566 Nullam
548 1512 1000 1580 conjurationem,
1030 1516 1236 1571 nullum
1265 1521 1717 1590 conventiculum,
1747 1527 1893 1593 quod

316 1603 398 1658 vel
418 1602 561 1671 apud
589 1602 761 1657 laicus
786 1618 906 1658 esse
943 1619 1050 1658 non
1080 1615 1259 1675 potest
1282 1608 1599 1678 impunitum
1622 1613 1675 1667 in
1707 1613 1891 1672 Eccle-

317 1693 392 1749 sia
417 1692 537 1760 Dei,
565 1694 707 1748 ullus
747 1692 927 1748 facere
956 1702 1127 1751 tentet
1153 1711 1223 1751 ex
1250 1697 1418 1753 clero.
1459 1699 1589 1755 Nam
1631 1704 1771 1758 sicut
1792 1722 1889 1760 nos

1997 525 2224 582 ﬁdeliter
2274 528 2635 598 proferantur,
2675 539 3014 608 contradant,
3072 551 3234 612 atque
3288 547 3566 618 recipiant.

1993 612 2183 670 Omnia
2215 626 2391 672 tamen
2416 636 2536 675 cum
2572 623 2817 691 jussione
2862 637 2917 682 et
2958 631 3298 690 ordinatione
3333 637 3571 708 episcopi

1992 704 2073 758 sui
2108 707 2327 761 eosdem
2374 708 2626 778 jubemus
2680 715 2913 773 elﬁcere.
2946 720 3084 777 ideo
3139 725 3284 779 enim
3324 729 3573 784 universa

1990 794 2341 853 describenda
2382 810 2508 855 sunt
2552 804 2910 863 ecclesiastica
2954 812 3301 883 documenta,
3348 832 3418 873 ne
3466 819 3575 872 ttlln

1992 885 2172 949 modo,
2207 897 2300 941 aut
2327 901 2570 961 suscepta
2596 907 2839 966 pereant,
2882 910 2973 954 aut
3022 910 3265 975 tempore
3301 925 3409 978 quo
3447 921 3575 965 sunt

1991 981 2295 1033 necessaria
2344 983 2660 1041 utilitatibus
2715 992 3095 1049 ecclesiasticis
3159 999 3401 1054 exhiberi
3459 1016 3572 1056 non

1992 1069 2218 1134 possint.
2261 1070 2363 1137 Qui
2402 1080 2581 1129 tamen
2619 1081 2815 1133 notarii
2870 1082 2924 1135 in
2953 1084 3130 1141 ofﬁcio
3158 1105 3258 1143 suo
3287 1092 3571 1146 observan-

1992 1161 2091 1219 tes,
2135 1161 2360 1223 strenui,
2408 1175 2806 1232 consequantur
2853 1171 2969 1226 sine
3008 1175 3382 1235 imminutionc
3421 1198 3570 1237 com-

1991 1248 2148 1301 moda
2187 1250 2306 1313 sibi,
2354 1254 2437 1308 vel
2495 1256 2763 1324 prioribus
2800 1262 2910 1317 suis
2963 1268 3257 1335 antiquitus
3290 1272 3564 1341 deputata.

1991 1335 2095 1407 ipsi
2117 1340 2297 1404 etiam,
2330 1343 2469 1397 sicut
2495 1347 2661 1415 exigit
2689 1351 2852 1417 ratio,
2898 1361 2953 1406 et
2981 1357 3273 1425 antiquitas
3300 1335 3570 1417 ordinavit

1990 1427 2220 1499 libellos,
2245 1441 2300 1487 et
2320 1437 2638 1493 securitates
2668 1444 2830 1497 totius
2859 1448 3162 1514 patrimonii
3197 1454 3565 1518 ecclesiastici,

1989 1534 2217 1589 quorum
2244 1524 2473 1581 interest
2507 1531 2838 1602 subscriptos
2862 1537 3099 1606 episcopi
3127 1555 3316 1606 manu,
3346 1552 3567 1597 contra-

1989 1610 2138 1664 dant.
2167 1611 2370 1678 Quibus
2402 1633 2528 1673 vero
2559 1635 2679 1675 cum
2710 1623 2981 1679 saecularis
3018 1630 3441 1684 conversationis
3469 1631 3541 1685 ho

1992 1701 2223 1759 minibus
2253 1707 2453 1761 nullam
2482 1712 2865 1767 necessitatem
2906 1717 2983 1769 rei
3030 1716 3306 1774 familiaris
3336 1722 3567 1774 toleran-

317 1797 561 1858 optamus
609 1804 679 1843 ne
732 1804 964 1858 superna
1006 1791 1369 1850 misericordia
1398 1796 1631 1864 patiatur
1658 1799 1877 1865 admitti,

1994 1791 2135 1847 tibus
2168 1797 2517 1855 ecclesiastici
2541 1800 2677 1869 juris
2709 1804 2926 1873 praedia,
2969 1806 3055 1861 vel
3086 1808 3305 1873 urbana,
3361 1811 3440 1864 vel
3475 1827 3567 1866 ru-

315 1877 409 1943 sie,
428 1879 474 1933 si
496 1864 625 1948 quis
651 1880 956 1942 tentaverit,
982 1883 1180 1937 sentiat
1198 1886 1570 1941 auctoritatem
1600 1904 1886 1953 canonum,

315 1976 368 2022 et
407 1968 828 2022 ecclesiasticam
865 1970 1198 2040 disciplinam
1241 1975 1535 2030 secundum
1573 1978 1885 2047 Apostolum

313 2059 577 2116 dicentem
610 2078 624 2114 :
656 2060 977 2118 Excedentes
1016 2065 1072 2117 in
1100 2078 1367 2137 conspectu
1406 2072 1631 2125 omnium
1667 2075 1887 2144 corrige,

314 2160 367 2203 ut
402 2152 598 2205 residui
626 2154 856 2209 timorem
893 2156 1133 2211 habeant.
1163 2158 1468 2235 Mereantur
1494 2163 1621 2217 boni
1650 2163 1882 2228 laudem,

313 2240 400 2309 qui
422 2242 474 2295 in
502 2243 757 2311 operibus
794 2244 890 2303 Dei
918 2246 1178 2313 vigilant;
1209 2251 1445 2305 sentiant
1472 2252 1722 2309 allectum
1760 2273 1887 2326 pro-

312 2332 408 2401 prii
434 2334 750 2398 sacerdotis,
789 2337 880 2404 qui
924 2352 1020 2406 per
1056 2339 1416 2396 obedientiam
1446 2359 1599 2399 suam
1638 2347 1886 2402 videntur

310 2439 499 2479 ornare
547 2428 915 2496 propositum;
941 2429 1237 2498 glorientur
1261 2432 1328 2488 de
1373 2436 1456 2490 sui
1490 2452 1678 2493 amore
1706 2442 1886 2509 ponti-

310 2514 436 2579 ﬁcis,
474 2516 573 2585 qui
603 2516 656 2570 in
696 2518 806 2571 suis
846 2517 1035 2575 ofﬁciis
1084 2522 1153 2575 ab
1201 2524 1453 2591 operibus
1510 2526 1623 2582 Deo
1677 2529 1884 2599 placitis

308 2619 424 2658 cum
443 2605 849 2676 ejusnbsequiis
865 2625 970 2663 non
991 2609 1280 2679 desistunt;
1308 2616 1639 2672 sicutdivina
1658 2619 1885 2689 loquun-

310 2703 391 2748 tur
407 2695 655 2764 eloquia:
680 2696 880 2768 Dignus
906 2708 983 2753 est
1009 2704 1274 2770 operarius
1297 2705 1529 2759 mercede
1550 2724 1661 2760 sua.
1687 2708 1765 2764 Ad
1787 2726 1884 2780 pa-

306 2784 612 2839 trimonium
625 2785 1029 2843 vero‘Ecclesim
1050 2805 1117 2843 ex
1138 2805 1323 2845 eorum
1350 2795 1584 2864 episcopi
1609 2796 1875 2864 judicio...

306 2890 367 2930 ex
392 2876 544 2932 clero
573 2893 820 2947 persona:
857 2870 1042 2936 electa:
1088 2897 1211 2937 cum
1256 2884 1462 2941 solatiis
1499 2903 1618 2957 qua:
1646 2906 1744 2958 pro
1784 2908 1882 2946 no—

305 2965 416 3020 titia
458 2967 804 3035 deputaverit
836 2971 1125 3040 episc0pus
1163 2974 1261 3028 sub
1300 2974 1491 3031 idonea
1540 2978 1880 3047 lidejussione

303 3056 598 3121 mittantur,
628 3071 855 3128 quorum
885 3058 1016 3116 ﬁdes
1044 3060 1223 3130 fuerit,
1248 3073 1304 3118 et
1342 3066 1602 3124 industria
1630 3087 1879 3142 compro-

1988 1884 2122 1938 stica
2163 1886 2286 1941 data
2315 1897 2459 1953 sunt,
2491 1892 2729 1962 episcopi
2766 1896 3124 1952 sollicitudine
3162 1914 3258 1967 per
3292 1915 3406 1961 eos,
3450 1902 3567 1968 qui-

1989 1975 2088 2030 bus
2116 1976 2337 2046 jusserit
2371 1982 2597 2039 clericos
2624 1987 2689 2039 ad
2719 1986 3011 2042 dominium
3043 2001 3261 2046 revocet
3293 1993 3563 2055 Ecclesiic,

1988 2080 2089 2120 nec
2122 2067 2391 2140 deinceps,
2444 2084 2639 2143 praeter
2678 2091 2896 2131 causam
2933 2080 3179 2149 superius
3215 2084 3566 2152 comprehen-

1986 2170 2122 2224 sam,
2170 2158 2299 2214 dare
2345 2174 2651 2242 prccsumat.
2707 2167 2929 2223 Mastalo
2978 2188 3105 2227 vero
3158 2176 3564 2235 archidiaconus

1987 2244 2239 2304 Ecclesize
2295 2251 2651 2330 Ravennatis.
2688 2261 2969 2315 commoda
3041 2263 3277 2332 ejusdem
3328 2267 3562 2336 (eidem,

1986 2334 2478 2409 Mus.)10cojuxla
2520 2347 2795 2414 antiquam
2834 2354 3272 2408 consuetudinem
3311 2334 3563 2426 deputata

1983 2425 2098 2479 sine
2125 2428 2493 2487 imminutione
2536 2438 2811 2506 percipiat,
2846 2439 2983 2495 sicut
3023 2458 3117 2496 eos
3157 2447 3246 2512 qui
3285 2455 3411 2500 ante
3439 2464 3562 2502 eum

1984 2514 2219 2581 fuerunt,
2246 2520 2499 2577 claruerit
2525 2539 2862 2583 consecutos.
2915 2530 3236 2587 Monasteria
3265 2552 3393 2590 vero
3421 2538 3563 2593 viro-

1982 2622 2099 2660 rum
2129 2609 2242 2662 sive
2267 2612 2579 2667 ancillarum
2622 2616 2718 2670 Dei
2766 2619 2832 2672 ab
2861 2621 3113 2691 episcopo
3145 2625 3475 2695 ordinentur,
3506 2636 3562 2683 ut

1983 2696 2231 2751 omnibus
2261 2700 2418 2762 ratio,
2470 2701 2698 2769 justitia,
2730 2722 2834 2774 pax
2881 2718 2937 2762 et
2981 2710 3256 2781 disciplina
3300 2725 3560 2775 servetur.

1982 2785 2027 2838 A
2055 2788 2211 2842 nobis
2240 2790 2353 2845 hzec
2388 2793 2490 2847 loci
2527 2798 2697 2850 nostri
2734 2800 2898 2867 exigit
2927 2803 3062 2856 ratio
3094 2820 3198 2857 non
3249 2814 3427 2862 tacere
3456 2810 3561 2881 (ta-

1982 2878 2114 2942 ceri,
2145 2878 2337 2951 Mum),
2369 2881 2519 2937 fratri
2549 2897 2733 2941 nostro
2763 2888 3003 2947 Ecclesia
3033 2908 3094 2946 ea
3122 2895 3362 2950 imminet
3383 2878 3560 2981 custo-

1980 2967 2114 3034 dire,
2156 2971 2279 3039 quia
2327 2989 2513 3042 pacem
2554 2988 2784 3044 generat
2838 2997 2957 3036 cum
3006 2988 3300 3041 canonibus
3350 2969 3561 3048 servata

1974 3059 2200 3127 justitia.
2234 3062 2309 3118 De
2332 3063 2538 3133 justitia
2568 3069 2766 3124 caritas
2794 3073 3053 3141 procedit,
3086 3092 3182 3144 per
3209 3094 3367 3148 quam
3398 3081 3560 3140 Deum

302 3146 438 3210 bata,
472 3155 535 3205 ut
561 3155 617 3202 ct
658 3147 907 3204 alimonia
936 3166 1231 3221 pauperum
1275 3154 1518 3212 fraudem
1569 3176 1673 3215 non
1705 3164 1875 3231 patia-
1902 3151 1947 3213 C
1977 3150 2234 3217 Videmus:
2258 3160 2314 3207 ει
2343 3170 2439 3225 Per
2477 3156 2629 3227 cuius
2663 3161 2889 3227 ετθιίιιηι
2944 3163 3056 3219 him
3108 3183 3389 3236 Possumus
3424 3187 3559 3242 Dm-

298 3242 401 3297 tur,
452 3244 515 3291 et
569 3240 840 3306 quantitas
886 3242 1195 3309 patrimonii
1248 3243 1500 3301 Ecclesia:
1547 3249 1715 3305 latere
1769 3268 1875 3307 non

300 3327 484 3394 possit,
542 3336 593 3382 et
633 3331 997 3399 unusquisque
1034 3332 1261 3388 clericus
1300 3335 1400 3388 sub
1441 3337 1632 3393 timore
1673 3338 1787 3408 Det,
1821 3351 1878 3398 et

298 3419 495 3488 proprii
527 3420 823 3474 sacerdotis
858 3420 926 3476 de
955 3421 1036 3476 his
1081 3437 1199 3492 qua:
1227 3424 1326 3478 sibi
1364 3428 1648 3484 commissa
1679 3428 1877 3487 fuerint

300 3518 534 3578 exponat
562 3509 791 3565 ﬁdeliter
822 3512 1079 3567 rationes.
1122 3514 1255 3569 illud
1300 3532 1429 3572 vero
1473 3520 1615 3588 quod
1653 3525 1874 3579 omnino

297 3612 357 3652 ac
377 3599 635 3668 religioso
662 3600 822 3656 debet
847 3604 1115 3658 exsecrari
1142 3608 1439 3675 proposito,
1464 3626 1563 3665 nos
1593 3628 1691 3668 nec
1712 3631 1875 3684 opor-

300 3691 439 3745 tebat
467 3692 637 3761 loqui,
680 3708 780 3748 nec
807 3680 987 3750 verbis
1025 3711 1318 3766 exponere.
1370 3698 1625 3757 Pervenit
1658 3704 1725 3758 ad
1749 3680 1872 3760 mos

296 3779 498 3851 aliquos
528 3781 595 3836 de
649 3782 794 3838 clem
838 3788 1141 3854 spectaculo
1189 3790 1483 3862 interesse,
1527 3811 1645 3864 qua:
1681 3813 1769 3852 res
1799 3800 1870 3853 ita

299 3869 523 3925 crudelis
549 3881 651 3934 est,
678 3881 735 3927 ut
780 3875 986 3930 animas
1031 3879 1417 3936 catholicorum
1461 3901 1558 3953 pro
1604 3888 1687 3942 sui
1717 3904 1871 3944 exse—

298 3960 534 4015 cratione
552 3964 856 4032 conturbet,
880 3974 939 4020 ut
974 3982 1110 4035 quos
1136 3970 1188 4024 in
1221 3971 1380 4026 domo
1419 3972 1513 4029 Dei
1547 3973 1727 4032 divina
1756 3979 1870 4034 elo-

296 4052 411 4118 quia
458 4052 750 4108 recitantes
799 4056 1020 4124 audivit,
1063 4060 1280 4116 eosdem
1308 4072 1496 4119 contra
1534 4068 1786 4123 mandata
1814 4071 1869 4127 in

293 4147 614 4211 Spectaculis
632 4150 857 4217 aspiciat
881 4155 1190 4209 convenire.
1221 4154 1278 4210 In
1319 4157 1402 4212 his
1437 4158 1717 4230 disciplina
1734 4179 1868 4219 cou-

298 4234 548 4303 funditur,
583 4239 764 4303 divina
812 4253 1076 4312 przccepta
1117 4247 1410 4302 calcantur.
1452 4247 1603 4306 Unde
1650 4263 1867 4322 oportet

294 4323 603 4395 episcopum
637 4338 692 4382 et
720 4330 786 4383 de
807 4331 908 4385 hac
941 4342 1092 4400 parte
1121 4336 1537 4394 sollicitudinem
1564 4355 1772 4410 gerere,
1806 4354 1864 4398 ut

296 4415 470 4473 sinon
502 4418 726 4484 faciunt,
757 4438 863 4476 non
909 4422 1109 4479 faciant
1152 4428 1207 4482 in
1244 4428 1443 4495 futuro,
1483 4439 1536 4487 et
1565 4434 1609 4488 si
1638 4433 1860 4503 faciunt,

295 4503 431 4571 iuxta
468 4507 807 4580 disciplinam
843 4515 1258 4573 ecclesiasticam
1291 4523 1643 4589 corrigantur.
1686 4525 1740 4580 Si
1770 4502 1862 4596 qui
1888 4502 1940 4562 Ῐ)

295 4610 412 4652 vero
439 4599 509 4654 de
540 4600 687 4655 clero
716 4605 911 4671 prmdia
938 4608 1161 4671 urbana,
1207 4610 1293 4664 vel
1332 4614 1531 4667 rustica
1567 4615 1631 4667 ad
1675 4614 1861 4672 Eccle-

295 4687 415 4741 siam
452 4692 779 4759 pertinentia
825 4695 1047 4762 detinet,
1097 4701 1299 4755 eisdem
1336 4702 1531 4759 libellis
1581 4708 1679 4762 sub
1716 4707 1858 4776 jnsta

294 4779 557 4843 pensionis
592 4783 950 4841 :estimatione
994 4788 1147 4844 factis
1191 4794 1471 4849 statuimus
1511 4796 1858 4861 collocanda,

291 4868 382 4925 hac
399 4875 612 4929 ratione
634 4876 716 4947 (ut
734 4878 954 4942 exinde,
980 4880 1145 4952 Mun.)
1177 4884 1319 4953 quod
1347 4887 1398 4940 in
1421 4903 1529 4956 quo
1554 4889 1726 4945 modis
1749 4893 1859 4947 suis

292 4961 457 5017 solent
484 4966 731 5035 accipere
768 4968 868 5039 ipsi
908 4971 1195 5041 retineant,
1233 4977 1378 5046 quod
1406 4987 1653 5048 superest
1683 4981 1858 5039 eccle-

290 5050 508 5113 siasticis
537 5056 769 5113 inierant
795 5063 1127 5131 compendiis
1153 5066 1512 5133 profuturum.
1537 5069 1690 5126 Circa
1722 5088 1857 5141 pra:-

289 5138 367 5194 dia
395 5145 619 5211 urbana,
642 5149 727 5202 vel
754 5151 949 5206 rustica
970 5161 1271 5223 caeteraque
1294 5158 1509 5214 mobilia
1536 5176 1637 5230 pro
1664 5164 1857 5218 anima.-

288 5245 387 5287 ειη
410 5238 666 5293 mercede
693 5255 723 5294 a
764 5240 1006 5299 fidelibus
1033 5247 1349 5300 nominatim
1376 5250 1599 5309 diversis
1626 5254 1857 5309 basilicis

288 5316 552 5387 derelicta,
585 5336 738 5383 vetus
789 5334 1119 5389 consuetudo
1165 5346 1428 5391 servetur.
1482 5340 1684 5397 Notarii
1727 5361 1854 5400 vero

284 5410 427 5478 juxta
466 5418 712 5475 ordinem
754 5425 1043 5480 matricuhc
1067 5468 1082 5494 ,
1121 5428 1442 5502 primicerii,
1481 5434 1851 5502 secundicerii,

291 5506 497 5575 tertius,
525 5520 767 5581 quartus,
810 5516 1047 5584 quintus,
1078 5500 1281 5585 sextus,
1327 5520 1602 5590 septimus,
1636 5540 1733 5580 suo
1761 5542 1857 5595 pe-

288 5603 448 5663 riculo
476 5610 532 5664 in
579 5623 870 5682 conspectu
916 5619 1366 5692 presbyterorum,
1411 5631 1466 5679 et
1506 5624 1855 5685 diaconorum

287 5701 602 5766 documenta
653 5715 1034 5779 ecclesiastica.
1083 5721 1180 5774 sub
1220 5721 1451 5777 ﬁdelium
1493 5725 1732 5782 brevium
1764 5732 1857 5787 de-

1978 3249 2131 3311 cepta
2174 3258 2409 3319 servare.
2464 3246 2520 3301 In
2573 3251 2720 3305 nullo
2764 3267 2892 3320 ergo
2924 3270 3041 3309 esse
3088 3262 3341 3315 convenit
3391 3254 3559 3333 negli—

1976 3340 2183 3398 gentes,
2226 3335 2319 3388 sed
2348 3336 2631 3404 vigilantes
2660 3341 2725 3392 ad
2772 3343 2973 3411 omnia,
3016 3355 3073 3399 ut
3112 3348 3390 3417 talentum,
3420 3355 3559 3424 quod

1976 3422 2132 3477 nobis
2184 3434 2266 3481 est
2320 3427 2598 3493 creditum,
2650 3448 2770 3484 cum
2824 3433 2949 3487 boni
3006 3439 3184 3506 operis
3235 3454 3559 3509 augumento

1977 3514 2324 3583 (augmento,
2379 3517 2519 3574 Muri.
2563 3562 2577 3585 ,
2628 3523 2728 3591 ipsi
2778 3526 3015 3581 omnium
3062 3529 3324 3587 bonorum
3383 3536 3558 3592 datori

1974 3607 2279 3663 reddamus.
2316 3609 2759 3680 Recugnovimns.
2790 3616 3008 3672 Coelius.

2043 3697 2192 3751 Felix
2238 3700 2521 3770 episcopus
2566 3702 2815 3758 Ecclesia:
2853 3709 3130 3765 catholicae
3182 3712 3328 3768 urbis
3374 3714 3555 3774 Roma:

1970 3787 2097 3842 huic
2124 3791 2418 3847 constituto
2442 3792 2582 3847 inter
2607 3804 2787 3864 partes
2814 3799 3124 3870 subscripsi.

1970 3893 2166 3935 NOMINA
2196 3898 2661 3948 PRESBYTEROBUH,
2694 3903 3052 3959 DIACONORUM,
3084 3911 3184 3950 νει.
3223 3890 3554 3957 ειειιιοοιιωι

2038 3964 2469 4008 ιλινιεκκλτεκειδ
2498 3970 2782 4021 εοειεειιε,
2814 3974 2900 4021 QUI
2939 3978 3116 4017 ROMAM
3143 3974 3421 4023 VENERUNT
3451 3987 3553 4026 (ΖΠΗ

2040 4034 2311 4076 EPISCOPO.

1966 4105 2216 4163 Patritius
2242 4113 2540 4181 presbyter.

1964 4196 2268 4267 Stephanus
2290 4204 2589 4275 presbyter.

1964 4286 2343 4347 Constantinus
2370 4295 2649 4365 presbyter

1962 4375 2266 4436 Servandus
2293 4385 2589 4456 presbyter.

1966 4471 1983 4541 (
2004 4470 2268 4529 Honorius
2346 4479 2644 4549 presbyter.
2796 4483 2988 4544 Petrus
3014 4488 3204 4545 lector.

2038 4558 2206 4633 Men.)
2795 4573 3004 4631 Marcus
3031 4578 3220 4635 lector.

1967 4650 2361 4723 Exuperautius
2415 4660 2714 4732 presbyter.
2790 4665 3031 4722 Asterius
3059 4669 3248 4725 lector.

1966 4742 2212 4800 Clemens
2238 4746 2512 4803 diaconus.
2790 4751 2978 4810 Petrus
3000 4758 3138 4811 alter
3162 4761 3345 4815 lector.

1970 4829 2134 4888 Ursus
2159 4833 2432 4891 diaconus.
2790 4843 3029 4900 Andreas
3052 4848 3238 4902 lector.

1964 4920 2324 4982 Felicisslmus
2350 4926 2607 4983 diaconus
2791 4931 3026 4990 Marinus
3052 4935 3319 4994 defensor.

1965 5009 2187 5078 Vigilius
2222 5013 2496 5071 diaconus.
2790 5019 3098 5088 Majoranus
3163 5032 3400 5087 notarius
3450 5034 3546 5089 dc-

2792 4117 3078 4177 Faustinus
3100 4127 3365 4197 acolytus.

2792 4208 3067 4269 Romanus
3104 4218 3365 4288 acolytus.

2787 4299 3077 4360 Severinus
3106 4310 3363 4381 acolytus.

2789 4391 3056 4455 (Andreas
3082 4399 3347 4470 acolytus.
3379 4402 3553 4478 Μωι.)

1963 5098 2115 5156 Neon
2143 5103 2421 5160 diaconus.
2858 5109 3056 5169 fensor.

1961 5189 2194 5246 Joannes
2221 5194 2496 5251 diaconus.
2784 5200 3100 5262 Hermolaus
3208 5211 3543 5281 primicerius

1962 5282 2269 5352 Stephanus
2296 5286 2570 5343 diaconus.
2858 5295 3127 5354 defensor.
3376 5311 3378 5314 ’

2790 5383 3057 5443 llonorius
3085 5383 3292 5444 cantor.

2786 5474 3126 5543 Tranquillus
3151 5489 3356 5535 cantor.

2788 5568 3048 5625 Antonius
3074 5582 3281 5627 cantur-

2788 5658 2995 5714 Melitus
3020 5670 3209 5717 cantor

1963 5370 2250 5428 Gerontius
2270 5375 2644 5436 subdiaconus.

1963 5449 2232 5517 Honorius
2262 5464 2638 5524 subdiaconus.

1964 5556 2152 5612 Petrus
2176 5558 2553 5616 subdiaconus.

1966 5646 2150 5702 Vitalis
2177 5648 2563 5715 subdiaconus.

1962 5735 2203 5791 Julianus
2234 5740 2494 5807 acolytus.
