4122 6330
445 329 520 391 I5

1472 331 1561 385 Al)
1599 315 1966 384 EPISTOLAS
2013 328 2270 386 FELICIS
2307 325 2508 384 MPA;
2546 327 2612 382 tv
3629 317 3694 372 46

447 461 638 502 uanum
684 459 1150 508 l‘lt!2.iBYTEBOﬂl‘II,
1197 458 1526 498 nucesoara
1566 458 1654 506 om
1699 458 1876 497 nonan
1921 458 2015 494 γε·
2048 446 2191 500 Aex
2212 439 2500 495 Manichaee
2528 439 2673 493 circa
2704 439 2817 491 haec
2846 445 3088 504 tempora
3143 447 3407 495 conversa,
3462 432 3696 500 legendis

458 572 463 576 ·
520 554 728 594 Νεκυκτ
769 553 873 591 (Ili!
915 542 1138 591 VICTORE
1191 549 1523 590 PRESBYTERO
1583 549 1650 586 ΕΤ
1713 547 2021 585 ΜΛΞΤΜὩΧΕ

519 644 760 685 DIACONO.

449 721 769 776 Laurentius
797 719 1092 789 presbyter.

406 808 409 813 ”
453 812 700 866 Rusticus
721 811 1018 881 presbyter.

449 903 640 959 Victor
659 903 956 973 presbyter.

452 994 686 1049 Thomas
705 994 1002 1064 presbyter.

450 1085 703 1139 Mastalus
731 1085 1008 1138 diaconus.

440 1160 674 1243 Magnus
695 1174 968 1228 diaconus.

452 1264 648 1320 Paulus
668 1265 940 1319 diaconus.

451 1354 997 1424 Agnellusdiaconus.

449 1446 668 1501 Maurus
687 1446 1063 1501 subdiaconus.

451 1535 756 1605 Stephanus
781 1534 1039 1605 acolytus.
1112 1563 1115 1567 -

452 1626 791 1680 Vincemalus
811 1625 1070 1695 acolytus.

452 1714 684 1769 Thomas
705 1714 894 1786 lector.
1273 1712 1593 1768 Laurentius
1613 1714 1875 1785 acolytus.

455 1804 771 1859 Laurentius
793 1805 982 1860 lector.
1279 1802 1585 1873 Stephanus
1604 1804 1862 1876 acolytus.

558 1919 649 1972 AI)
681 1916 1090 1984 SEQUENTEII
1114 1915 1493 1971 EPISTOLAM
1530 1915 1916 1970 ADMONITIO.

529 2007 811 2077 Antiquam
835 2008 980 2062 illam
1008 2022 1273 2062 canonum
1317 2007 1617 2076 epitomen,
1641 2022 1802 2076 quam
1845 2008 1897 2060 in
1938 2022 2030 2061 ve-

458 2100 751 2153 tustissimo
816 2098 1045 2154 Lucensi
1090 2098 1275 2154 codice
1316 2107 1710 2166 nongentorum
1769 2113 2028 2152 annorum

422 2196 644 2244 nactus
682 2204 829 2252 sum,
876 2188 1182 2252 evolventi,
1212 2188 1446 2242 occurrit
1485 2189 1731 2259 synopsis
1795 2186 2031 2256 epistolae

457 2279 732 2349 cujusdam
756 2280 949 2335 Felicis
980 2279 1047 2333 ad
1096 2280 1408 2337 Siculienses
1450 2281 1745 2350 episcopos,
1790 2294 1896 2348 quo
1935 2279 2032 2331 sub

462 2371 618 2425 titulo
649 2385 886 2426 canones
914 2370 948 2424 8
978 2370 1327 2426 collocantur.
1363 2369 1495 2424 Cum
1516 2386 1647 2424 vero
1687 2370 1739 2424 in
1781 2370 1844 2424 iis
1871 2352 2054 2423 cano:

460 2462 614 2516 nibus
638 2462 881 2532 quaidam
917 2465 1232 2531 agnoverint
1277 2478 1397 2530 quae
1426 2461 1491 2513 ad
1538 2462 1857 2515 Arianorum
1902 2461 2034 2513 resi—

458 2556 779 2625 piscentium
802 2556 1169 2625 reccptionem
1195 2555 1246 2608 in
1292 2552 1583 2610 Ecclesiatn
1607 2552 1904 2625 pertinent,
1933 2551 2034 2603 alia

454 2660 590 2701 vero
619 2662 739 2718 quae
766 2644 1174 2715 Pelagianorum
1210 2646 1293 2699 vel
1335 2644 1884 2714 Semipelagianorutn
1925 2642 2034 2696 lice-

448 2735 968 2805 'rcsiinjugulabant,
993 2750 1056 2790 ac
1078 2734 1292 2789 tandem
1324 2733 1566 2803 qutedam
1614 2732 1667 2785 in
1714 2730 2037 2785 Maniclnco-

450 2842 578 2882 rum
601 2825 793 2893 dogma
836 2826 903 2879 de
943 2825 1086 2880 malo
1127 2840 1156 2879 a
1197 2823 1311 2879 Deo
1352 2823 1618 2892 producto
1661 2821 1903 2885 invecta;
1928 2820 2039 2873 lucc

463 2919 642 2974 omnia
665 2917 877 2972 nonnisi
899 2932 1021 2972 cum
1042 2916 1220 2972 Felice
1245 2916 1310 2970 IV
1335 2930 1634 2984 congruere
1660 2929 1818 2982 posse
1835 2914 2039 2967 censui.

454 3004 647 3064 'Primo
669 3011 811 3064 enim
836 3009 1052 3064 hairesis
1074 3007 1363 3076 Pelagiana
1397 3023 1519 3062 cum
1560 3006 1739 3060 Felice
1784 3003 1827 3057 II
1867 3005 2042 3059 colue-

469 3114 589 3153 rere
628 3086 983 3171 nequaquam
1018 3105 1229 3167 potest,
1254 3096 1346 3151 diu
1411 3096 1553 3150 enim
1596 3102 1716 3164 post
1763 3092 2043 3147 decessum

1275 704 1463 771 Florus
1482 717 1671 771 lector.

1282 808 1581 876 Iteparatns
1602 807 1786 860 lector.

1273 899 1590 953 Lnniinosus
1613 898 1798 951 lector.

1277 988 1568 1042 Calunnius
1591 988 1777 1042 lector.

1278 1078 1450 1132 Ysaac
1469 1077 1659 1132 lector.

1279 1168 1596 1222 Laurentius
1617 1163 1948 1219 horrcarius.

1275 1260 1463 1314 Petrus
1488 1260 1742 1314 decanus.

1276 1352 1582 1420 Stephanus
1600 1350 1856 1404 decanus.

1280 1442 1590 1498 Vindemius
1610 1442 1870 1512 acolytus.

1277 1532 1439 1587 Colos
1460 1533 1719 1603 acolytus.

1273 1624 1559 1677 Cassianus
1579 1624 1840 1694 acolytus.

453 3184 665 3243 ’Felicis
703 3185 751 3240 II
798 3186 1137 3241 innotescere
1164 3202 1227 3239 ac
1248 3184 1487 3239 damnari
1532 3183 1714 3252 erepit.
1757 3180 1836 3237 Eo
1889 3182 2049 3249 igitur

451 3277 723 3348 .pontilice
743 3284 974 3338 remoto,
996 3274 1150 3329 Felix
1169 3272 1237 3328 III
1257 3316 1273 3341 ,
1297 3282 1351 3328 ct
1373 3272 1520 3327 Felix
1566 3271 1630 3325 IV
1677 3270 2043 3326 succederent.

470 3369 714 3425 AFclice
733 3368 799 3422 III
820 3384 917 3423 cur
948 3368 1184 3437 epitome
1237 3366 1352 3421 haec
1392 3375 1574 3419 nostra
1624 3372 1968 3419 removeatur
1996 3364 2046 3417 id

469 3459 677 3524 suadet,
736 3458 881 3529 quod
925 3458 1041 3528 ejus
1074 3466 1325 3527 tempore
1377 3455 1698 3512 Manichteos
1750 3454 2044 3509 Ecclesium

456 3553 713 3607 turbasse
758 3549 945 3606 nullibi
979 3550 1226 3618 legimus.
1272 3548 1516 3604 Vicissim
1568 3555 1746 3601 autem
1772 3561 1893 3600 cum
1941 3544 2043 3598 Fe-

469 3643 573 3699 lice
598 3642 665 3696 IV
686 3641 864 3697 omnia
892 3645 1209 3708 congruunt.
1244 3636 1424 3690 Ariani
1453 3635 1543 3705 qui
1566 3634 1795 3688 Africam
1844 3641 1900 3687 et
1946 3632 2048 3686 Ita-

456 3730 596 3787 ‘Iiam
646 3731 985 3793 infestabant,
1032 3738 1091 3783 ut
1134 3742 1201 3781 ex
1249 3726 1477 3781 concilio
1504 3723 1732 3778 Vasensi
1752 3737 1894 3775 anno
1924 3720 2046 3783 59.9,

472 3821 527 3876 id
552 3829 636 3874 est
680 3820 779 3873 sub
804 3817 982 3871 Felice
1007 3814 1072 3868 IV
1104 3814 1374 3868 celebrato
1425 3827 1544 3881 cap.
1576 3811 1611 3864 5
1652 3810 1920 3865 discimus.
1977 3808 2051 3860 De

462 3909 779 3992 ‘Manic’hmis
828 3908 1048 3977 planum
1095 3915 1178 3959 est
1218 3920 1286 3958 ex
1316 3901 1775 3958 anathematismis
1802 3897 2054 3968 Prosperi

548 4041 624 4114 (a)
655 4041 771 4114 Hoc
798 4042 969 4114 ipsum
1007 4046 1318 4114 excerptum
1350 4036 1595 4114 eiustolze
1618 4034 1832 4114 Felicis
1857 4032 1922 4114 ad
1949 4031 2049 4114 “Si—

475 4102 725 4171 cilienses
751 4113 803 4164 in
817 4102 1129 4164 'Verouensi
1151 4102 1335 4161 codice
1364 4105 1430 4159 59
1458 4106 1597 4160 nacti
1644 4103 1892 4157 Ballerini
1946 4102 2052 4155 l‘ra-

478 4193 589 4238 tres
614 4180 1047 4236 animadvertunt
1071 4178 1368 4232 sententias
1389 4176 1487 4230 sub
1517 4176 1619 4228 hoc
1664 4173 1816 4227 titulo
1862 4171 2051 4225 allatas

477 4251 766 4309 contulisse
805 4265 865 4304 se
905 4264 1028 4303 cum
1066 4246 1204 4301 libro
1233 4247 1295 4299 de
1317 4245 1688 4299 Ecclesiasticis
1720 4240 2051 4313 Dogmatibus

477 4321 622 4377 edito
667 4320 720 4375 in
767 4318 996 4389 append.
1029 4326 1173 4389 tom.
1224 4315 1335 4371 VIII
1473 4313 1960 4389 Augt_tstini,_at_que
1986 4326 2051 4363 ex

483 4390 719 4447 numeris
739 4381 817 4444 ac'
830 4381 992 4443 rebus
1024 4388 1152 4457 ipsis
1179 4386 1513 4454 comperisse
1541 4383 1669 4435 nihil
1720 4382 1859 4433 :riml
1910 4381 2052 4432 hisce

2126 527 2265 598 apud
2288 527 2557 583 Labbeum
2588 536 2716 581 tom.
2752 525 2814 592 V,
2846 538 2966 594 pag.
2997 516 3128 576 ’800
3178 522 3309 577 Ven.
3348 521 3490 576 "edit.
3536 522 3696 578 Deni-

2125 634 2231 686 que
2284 618 2832 688 Semipelagianorum
2885 616 3078 684 dogma
3128 615 3364 682 exagitat
3410 612 3694 669 concilium
3762 610 3769 611 ί

2128 709 2507 764 Arausicanum
2556 724 2592 762 ιι
2636 723 2777 761 anno
2822 705 3012 762 eodem
3060 703 3162 758 529
3201 705 3463 768 habitum.
3510 705 3605 759 His
3642 708 3696 758 in

2126 809 2461 854 antecessum
2510 797 2910 860 animadversis,
2969 795 3129 849 modo
3168 796 3403 864 epitome
3456 794 3544 848 illa
3573 810 3697 863 pro-

2125 891 2345 958 menda,
2366 906 2526 959 quam
2559 889 2773 959 profero
2797 897 2856 943 ut
2882 896 2966 945 est
2993 888 3046 941 in
3075 886 3261 942 codice
3287 901 3408 941 cum
3449 900 3699 940 numera-

2128 981 2263 1035 Iibus
2317 981 2457 1035 notis
2501 979 2722 1047 singulis
2761 978 3056 1035 canonibus
3104 976 3381 1044 ascriptis;
3423 991 3543 1045 qua:
3569 990 3700 1030 sane

2129 1079 2269 1124 uota:
2296 1085 2415 1125 cum
2437 1068 2779 1123 numerorum
2797 1069 3001 1122 “seriem
3044 1066 3262 1119 minime
3311 1064 3525 1133 quidem
3569 1082 3701 1121 con-

2128 1161 2413 1226 tinuatam,
2433 1159 2527 1215 sed
2556 1158 2801 1213 ordinem
2823 1158 3179 1226 interruptum
3219 1163 3454 1218 servent,
3511 1164 3700 1223 aperto

2129 1252 2259 1304 satis
2299 1250 2495 1305 indicio
2533 1250 2902 1303 demonstrant
2949 1262 2982 1300 e
3017 1245 3207 1313 majori
3235 1245 3416 1314 aliquo
3444 1255 3702 1313 excerpta

2130 1355 2191 1394 ea
2220 1355 2337 1408 qum
2358 1340 2428 1393 ibi
2456 1340 2651 1393 dantur
2670 1338 2921 1406 decerpta
2951 1335 3134 1390 fuisse.

2694 1427 2788 1482 EX
2807 1425 3135 1482 EPISTOLA

2436 1537 2636 1576 FELICIS
2662 1537 2730 1574 AD
2757 1534 3070 1574 SICILIENSES
3091 1533 3385 1574 EPISCOPOS.

2202 1610 2357 1665 XVII.
2378 1619 2404 1648 ι
2426 1611 2655 1665 Arianos
2673 1611 2725 1664 in
2753 1609 3018 1664 catholica
3041 1607 3144 1662 ﬁde
3164 1609 3440 1663 venientes
3464 1622 3560 1677 per
3584 1623 3697 1662 ma-

2132 1719 2230 1758 nos
2251 1702 2603 1773 impositionis
2622 1701 2944 1770 recipianter
2965 1698 3083 1772 Heg.
3103 1715 3200 1769 per
3214 1715 3473 1783 manuum,
3486 1700 3699 1770 imposi-

2061 1804 2102 1862 Β
2132 1794 2332 1849 tionem
2353 1789 2656 1862 recipiant].

2166 1914 2170 1918 -
2200 1883 2380 1938 XVIII.
2412 1883 2438 1920 ιι
2470 1880 2625 1935 Omni
2651 1881 2924 1936 dominico
2946 1880 3034 1935 die
3079 1880 3475 1935 communicare
3500 1879 3700 1936 bonum

2131 1985 2232 2041 est,
2262 1975 2307 2028 si
2329 1988 2387 2027 se
2408 1973 2678 2026 abstinent
2697 1986 2726 2024 a
2758 1978 3001 2039 peccato.

2201 2063 2387 2118 XXIV.
2423 2074 2441 2099 τ
2478 2062 2607 2115 Sine
2654 2060 2966 2114 invitatione
3013 2060 3107 2114 Dei
3152 2059 3327 2113 nullus
3373 2059 3453 2113 ad’
3477 2059 3702 2119 salutem

2132 2161 2297 2213 venit.

2202 2249 2408 2303 XXVII.
2433 2245 2457 2283 ἀ
2484 2245 2677 2300 Malum
2708 2262 2812 2301 non
2842 2260 2961 2300 esse
2984 2259 3015 2299 a
3043 2244 3155 2299 Deo
3186 2244 3405 2301 factum.

2204 2338 2416 2393 XXII.c
2446 2337 2606 2390 Bome
2633 2344 2757 2389 sunt
2783 2336 2999 2405 nuptiat.

2206 2431 2393 2488 XXXI.
2429 2429 2615 2484 Melior
2645 2438 2728 2482 est
2750 2428 3102 2482 continentia.

2206 2540 2360 2579 NOTAE
2390 2538 2439 2576 IN
2468 2512 2746 2574 EXCEBI‘TA
2789 2535 3091 2574 SUPERIORIS
3118 2534 3388 2574 ειοιετοι..λε
3418 2534 3634 2574 γειιιιε.

2129 2639 2132 2642 ~
2210 2628 2231 2652 ιι
2258 2615 2499 2675 Arianos,
2526 2620 2612 2665 etc
2684 2609 2761 2662 Ita
2789 2609 3011 2664 Siricius
3057 2624 3193 2678 papa
3235 2608 3300 2663 ad
3348 2607 3705 2664 IIeimericmn

2224 2684 2342 2738 LI.
2774 2728 2789 2741 κ
3410 2724 3419 2731 .

2224 2703 2259 2738 I.
2292 2703 2314 2735 Ἰ
2331 2724 2342 2734 .
2774 2728 2789 2741 κ
3410 2724 3419 2731 .

2138 2703 2234 2793 cali
2263 2754 2418 2806 Omni
2453 2752 2721 2806 Dominico
2752 2751 2861 2807 die.
2889 2757 2991 2802 etc.
3022 2747 3099 2802 De
3120 2747 3499 2802 communione
3520 2747 3707 2803 dieona

2140 2827 2287 2880 festis
2331 2840 2451 2891 qua:
2502 2837 2600 2890 pro
2648 2828 2908 2891 consueto
2952 2833 3100 2891 more
3150 2817 3320 2891 accipi
3371 2815 3712 2891 diebus‘illis

2141 2884 2464 2956 obtinuerat,
2495 2884 2614 2944 vide
2663 2889 2944 2960 concilium
2994 2884 3327 2941 EmeritehSe
3373 2902 3517 2941 anno
3569 2884 3713 2949 666,

2143 2962 2393 3086 0ὓὲἒὶῒῷ
2410 3031 2711 3085 invitatione
2736 3026 2852 3080 Dei.
2877 3025 3010 3079 Vide
3032 3040 3311 3079 conciunm
3335 3024 3714 3079 Arausicanunt

2149 3101 2481 3224 ι”ιιθῗῖιὶδιὲἱ
2504 3185 2606 3222 non
2655 3183 2762 3220 esse
2812 3182 2842 3217 α
2883 3163 2991 3217 Deo
3040 3164 3250 3286 (aetum.
3309 3163 3442 3217 Vide
3494 3161 3715 3217 anathe-

2153 3243 2431 3286 malignum
2474 3255 2502 3286 ιι
2552 3237 2814 3286 Prosttet'o
2866 3233 3155 3286 Maniciaeo
3183 3234 3437 3286 signatos.
3496 3248 3616 3286 can.
3666 3231 3715 3285 ι.

2153 3243 2431 3364 maetismos
2474 3255 2504 3293 a
2551 3237 2814 3305 Prospero
2866 3231 3155 3287 Maniclizco
3183 3234 3442 3306 signatos.
3496 3248 3616 3301 cap.
3666 3231 3717 3285 ι.

2153 3321 2205 3364 et
2269 3351 2284 3364 .

2149 3321 2205 3367 et
2228 3321 2284 3365 ‘2.

2224 3411 2248 3439 ο
2284 3400 2443 3455 Bona:
2470 3407 2589 3453 sunt
2619 3398 2841 3464 nuptiw,
2868 3394 3051 3464 melior
3093 3402 3187 3464 est_
3216 3393 3550 3464 continentia.
3589 3391 3719 3446 Vide

2151 3472 2506 3539 Augustinum
2535 3476 2648 3521 toto
2680 3461 2771 3519 lib.
2803 3465 2869 3517 de
2894 3462 3041 3515 Bono
3068 3461 3333 3530 coniugali
3356 3462 3452 3531 (a).

2445 3575 2770 3633 EPISTOLA
2798 3571 3210 3628 ATHALARICI
3237 3569 3435 3625 REGIS

2608 3706 2674 3743 DE
2707 3700 2999 3741 ELECTIONIS
3046 3698 3265 3737 FELICIS.

2229 3805 2399 3873 (Hanc
2425 3800 2704 3871 epistolam
2752 3795 2943 3850 videsis
2991 3793 3125 3847 inl‘ra
3173 3793 3313 3846 inter
3356 3804 3481 3861 opp.
3513 3788 3698 3844 Cassro

2157 3896 2290 3960 dori,
2325 3893 2603 3945 Variarum
2632 3889 2726 3942 lib.
2756 3902 2866 3948 VIII,
2898 3883 3056 3953 epist.
3084 3880 3205 3951 xv.)

2156 4042 2317 4096 quam
2370 4022 2639 4096 eumdem_
2662 4014 3136 4096 dedogmatibusn
3171 4012 3361 4066 librum
3438 4010 3723 4096 designari;

2160 4077 2545 4151 Nom—enuere
2600 4088 2792 4143 Felicis
2836 4077 2956 4139 ideo
2996 4079 3266 4152 pnrlixum
3313 4088 3534 4152 censent
3583 4077 3725 4152 quod

2158 4149 2465 4227 iii—codice,
2518 4159 2658 4213 unde
2707 4159 2821 4211 haec
2874 4149 3149 4227 breviator
3188 4149 3499 4217 desumpsit,
3538 4149 3727 4227 statim

2160 4218 2281 4304 post
2300 4218 2491 4304 Felicis
2515 4229 2575 4304 III
2604 4227 2884 4304 epistolam
2913 4223 2978 4304 ad
3006 4219 3343 4304 Siciliensem
3351 4218 3726 4304 .suecedergtit.

2161 4285 2770 4427 Σιᾶὲίὲειιοι-ίηύρθτ.
2819 4294 2875 4349 s.
2921 4291 3115 4347 Leonis
3166 4300 3295 4343 toni.
3328 4287 3412 4351 ιιι,
3452 4302 3571 4356 pag.
3606 4285 3726 4338 est.

2216 4390 2346 4427 ANSI.

1797 4584 2494 4698 APENDIX

1045 4795 1232 4911 AD
1379 4769 2814 4966 EPISTOMELlCIS
2938 4774 3132 4891 1v.

1059 4995 1389 5055 EPISTOLA
1409 4995 1469 5049 II.

768 5088 924 5126 FELIX
955 5088 1084 5125 ΡΑΡΑ
1112 5086 1162 5123 IV
1191 5085 1258 5123 ΑΙ)
1287 5081 1457 5121 οιιδεεε
1485 5077 1775 5119 EPISCOPOS.

609 5162 756 5235 (Haec
768 5170 823 5235 et
843 5174 1072 5229 sequens
1090 5158 1316 5235 epistola
1338 5161 1524 5235 νᾳέζςςας
1538 5153 1665 5225 vitio
1678 5149 1967 5235 laborant.

478 5227 527 5283 1.
579 5219 728 5297 Quod
754 5219 1026 5297 missarum
1047 5219 1318 5281 celebratio
1342 5226 1465 5280 alibi
1497 5219 1652 5296 quain
1679 5222 1733 5275 in
1775 5219 2059 5297 D_eo_dica-

557 5291 622 5358 ui
648 5302 773 5367 locis
800 5314 902 5354 non
931 5296 1107 5351 debeat
1127 5298 1245 5365 ﬁeri
1271 5298 1368 5350 nisi
1397 5291 1587 5366 magna
1628 5291 1928 5358 compulerit
1967 5305 2056 5342 ne-

488 5382 1069 5497 llfegemzcclesiarum
1111 5436 1415 5489 sacrationis
1464 5434 1783 5490 aubitatione
1819 5430 1941 5500 quid
1993 5430 2061 5481 sit

556 5512 922 5636 Iisife‘c‘Ili‘s'giinis
951 5574 1201 5630 fratribus
1222 5573 1470 5627 omnibus
1491 5572 1757 5642 episcopis
1779 5585 1874 5641 per
1894 5568 2062 5622 diver-

486 5687 577 5730 sas
600 5671 900 5741 provincias
928 5665 1232 5723 constitutis
1264 5663 1412 5719 Felix
1432 5663 1728 5733 ‘bpiscopus
1750 5665 1806 5717 in
1831 5661 2059 5716 Domino

499 5762 702 5819 alutem

2094 4992 2139 5049 υ
2234 4983 2424 5050 Magno
2463 4990 2683 5032 munere
2726 4974 2811 5045 (S.
2852 4970 2976 5039 Leo,
3004 4989 3083 5042 ep.
3117 4968 3207 5041 55,)
3237 4964 3600 5022 misericordia
3648 4964 3740 5020 Dei

2166 5074 2332 5129 totius
2378 5066 2625 5123 Ecclesiae
2656 5063 2931 5119 catholicae
2976 5060 3320 5130 multiplicata
3360 5064 3487 5113 sunt
3527 5054 3741 5123 gaudia,

2166 5187 2289 5229 cum
2328 5166 2680 5223 Ecclesiarum
2709 5170 2884 5217 status
2909 5175 2976 5214 eo
2998 5159 3139 5228 viget
3166 5156 3353 5212 ordine
3380 5169 3489 5225 quo
3522 5159 3742 5221 aposto-

2170 5265 2346 5319 lorum
2373 5269 2714 5314 successores
2752 5254 2900 5307 illum
2927 5254 3248 5305 statuerunt.
3285 5245 3350 5298 Et
3379 5258 3500 5299 cum
3539 5240 3743 5308 antiqui

2165 5352 2339 5408 hostis
2364 5347 2563 5404 astutia
2603 5358 2727 5399 eum
2756 5340 2959 5395 turbari
2989 5337 3344 5408 agnoscimus,
3386 5349 3492 5388 non
3532 5329 3741 5385 modica

2164 5451 2547 5508 contristamur
2569 5456 2821 5500 mmrore.
2847 5440 3017 5507 Quam
3038 5438 3107 5493 ob
3126 5450 3341 5492 causam
3365 5431 3602 5504 (fratres)
3619 5430 3741 5483 bor-

2171 5563 2365 5619 tamur,
2392 5534 2673 5605 monemus
2695 5554 2749 5599 et
2774 5542 3089 5611 ﬂagitamus,
3132 5549 3192 5594 ut
3229 5555 3258 5593 a
3288 5536 3511 5592 tramite
3530 5541 3738 5603 aposto-

2168 5646 2282 5702 licae
2306 5640 2653 5700 institutionis
2674 5649 3008 5705 nequaquam
3029 5633 3293 5688 recedatis
3316 5628 3509 5703 (Idem,
3531 5643 3613 5697 ep.
3629 5622 3743 5695 84),

2173 5762 2271 5802 nec
2296 5762 2324 5799 a
2356 5745 2531 5807 capite
2580 5734 2900 5801 dissideatis,
2929 5732 3023 5788 sed
3049 5730 3205 5788 fidem
3225 5738 3279 5786 et
3305 5728 3552 5785 ordinem
3587 5738 3742 5793 quem
