4122 6330
397 286 462 339 l7
1844 288 2191 344 APPENDIX.
3568 296 3639 352 l3.

397 399 626 468 apostoli
669 406 727 453 et
771 380 1051 468 apostolici
1098 386 1199 452 viri
1243 386 1546 453 statuerunt
1604 400 1806 468 absque
1867 398 1972 451 ulla
2005 408 2047 460 Α
2080 406 2191 452 tum
2222 399 2567 468 sanguinem,
2608 414 2765 467 quem
2805 398 3062 455 effuderat
3078 441 3105 470 ,.
3130 399 3430 470 prohibitus
3458 408 3567 465 est,
3592 410 3648 453 et

398 487 731 543 haesitatione
759 490 1008 542 teneatis.
1048 487 1180 541 Nam
1208 488 1252 542 si
1298 488 1561 542 columnae
1605 487 1828 556 alicujus
1857 504 1972 542 ma-

394 593 513 648 gna:
534 578 727 634 domus
755 578 991 643 ruerint,
1038 580 1152 648 ipsa
1181 587 1368 648 postea
1397 580 1587 634 domus
1615 580 1831 635 minime
1858 591 1969 634 sta-

395 671 491 725 bit.
522 668 612 726 Sic
651 677 705 723 et
738 686 855 731 vos,
885 670 977 740 qui
1004 671 1266 724 columna:
1294 669 1544 725 Ecclesiae
1572 671 1721 737 estis,
1750 672 1794 725 si
1823 670 1971 725 labe-

397 761 584 817 factari
606 761 897 830 cmperitis,
937 769 1123 815 sancta
1145 759 1400 825 Ecclesia,
1431 775 1549 830 quae
1585 777 1682 831 per
1710 778 1804 817 vos
1828 762 1970 830 regi-

395 860 504 918 tur,
527 851 753 906 tabescit
779 859 836 905 et
862 849 1074 904 labitur.
1107 849 1232 906 Haec
1262 850 1496 923 (fratres)
1523 865 1641 919 qua:
1668 851 1789 906 dico
1816 851 1973 907 valde

395 939 631 996 timenda
660 949 808 1003 sunt,
844 948 900 994 et
926 926 1137 994 su’mmo
1172 941 1537 995 moderamine
1565 940 1854 1011 pensanda,
1886 950 1970 995 at—

393 1045 502 1097 que
532 1045 599 1083 ne
627 1027 759 1083 ﬂant
786 1028 1042 1084 cavenda.
1072 1027 1192 1098 Ipsa
1221 1029 1365 1083 enim
1394 1044 1490 1097 per
1530 1044 1588 1083 se
1617 1030 1816 1084 veritas
1846 1030 1923 1083 ait
1955 1048 1966 1083 :

404 1120 508 1175 Vos
535 1121 657 1175 estis
687 1121 769 1174 sal
796 1128 977 1182 terrm;
1017 1118 1152 1190 quod
1178 1120 1223 1173 si
1252 1119 1334 1173 sal
1359 1118 1639 1183 evanuerit,
1680 1120 1735 1172 in
1762 1136 1859 1189 quo
1883 1136 1969 1172 sa-

395 1209 549 1263 lietur
578 1208 793 1279 (Matth.
824 1209 921 1278 v)?
947 1206 1075 1263 Ideo
1113 1207 1418 1278 (carissimi)
1448 1223 1545 1261 vos
1573 1224 1766 1263 tuoueo
1788 1250 1802 1274 ,
1845 1209 1968 1276 quia

394 1298 607 1353 debitor
631 1312 752 1353 sum
795 1296 979 1362 vobis,
1020 1304 1076 1352 et
1103 1297 1259 1351 valde
1297 1313 1394 1351 vos
1428 1297 1609 1365 diligo.
1660 1295 1730 1350 Et
1756 1297 1968 1365 quando

394 1389 536 1443 bona
558 1386 717 1459 audio
739 1387 807 1442 de
823 1386 997 1451 vobis,
1026 1387 1181 1442 nimis
1217 1401 1333 1440 sum
1369 1386 1621 1456 gavisus:
1649 1395 1706 1451 et
1747 1395 1968 1441 econtra

394 1481 612 1552 quando
639 1482 801 1547 mala,
833 1481 991 1536 nimis
1015 1483 1383 1537 conturbatus.
1414 1481 1526 1550 Ego
1551 1497 1701 1549 vero,
1728 1484 1971 1550 quamvis

395 1589 427 1627 a
470 1572 622 1628 vobis
658 1589 757 1641 per
803 1573 959 1642 longa
988 1579 1251 1627 terrarum
1298 1579 1458 1642 atque
1499 1572 1661 1625 maris
1690 1571 1967 1626 intervalla

395 1663 691 1733 disjunctus
717 1663 840 1728 sim,
862 1677 981 1718 sum
1008 1671 1189 1717 tamen
1217 1663 1436 1717 omnino
1466 1662 1618 1718 vobis
1646 1663 1811 1718 corde
1834 1678 1966 1717 con-

2077 487 2192 557 ipse
2213 488 2501 555 collegerat
2521 503 2803 558 expensas.
2826 489 3187 560 Salomonque
3210 489 3346 544 filius
3367 488 3483 559 ejus
3505 489 3614 558 idip
3629 520 3644 530 -

2074 593 2211 641 sum,
2234 577 2377 647 quod
2398 577 2509 646 ipse
2531 577 2707 633 facere
2727 588 3023 649 optaverat,
3043 578 3262 648 jubentc
3283 587 3340 635 et
3356 580 3649 635 auxiliante

2073 669 2205 736 Deo,
2238 669 2478 739 perfecit,
2504 681 2558 724 et
2586 671 2842 740 templum
2879 689 3000 727 cum
3041 673 3219 738 altari,
3259 681 3315 728 et
3341 672 3545 743 reliqua
3574 670 3646 725 ad

2073 760 2309 813 divinum
2345 761 2545 814 cultum
2582 762 2974 830 paragcndum,
3008 762 3375 822 consecravit.
3415 761 3468 815 in
3507 760 3644 815 libro

2076 850 2280 920 Regum
2319 852 2458 905 inter
2495 860 2687 905 caetera
2727 851 2921 919 legitur
2964 853 3075 905 ita:
3108 851 3405 922 lEdi/icans
3449 852 3646 923 (inquit

2074 942 2327 997 Salomon
2360 937 2583 997 Domino
2615 941 2735 1014 [III
2772 942 2897 1013 Reg.
2932 942 3074 1014 vnt})
3114 945 3372 1014 tediﬁcavi
3402 946 3458 999 in
3498 941 3646 998 habi—

2073 1032 2299 1084 taculum
2342 1039 2508 1094 tuum,
2553 1031 2887 1101 fortissimum
2936 1032 3339 1101 (ﬁrmissimum;
3379 1034 3453 1087 ita
3498 1040 3554 1086 et
3590 1049 3639 1087 c.

2070 1117 2231 1188 Just.)
2260 1119 2444 1174 solium
2479 1129 2622 1171 tuum
2660 1119 2712 1171 in
2748 1121 3127 1189 sempiternum.
3160 1121 3511 1193 Convertitque
3552 1140 3643 1177 rea:

2072 1210 2258 1278 [aciem
2281 1224 2447 1273 suam,
2473 1217 2522 1261 et
2547 1207 2809 1262 benedixit
2835 1210 2973 1263 omni
2991 1212 3219 1265 ecclesia:
3248 1210 3435 1264 Israel.
3461 1211 3644 1267 Omnis

2070 1298 2206 1349 enim
2236 1298 2450 1350 ecclesia
2470 1295 2648 1350 ‘Israel
2683 1296 2874 1361 stabat,
2908 1308 2957 1350 et
2985 1299 3094 1351 ait:
3128 1298 3428 1354 Benedictus
3460 1299 3640 1356 Domi-

2071 1405 2167 1441 nus
2198 1387 2335 1441 Deus
2366 1388 2555 1456 Israel,
2578 1390 2662 1457 qui
2690 1389 2886 1443 locutus
2915 1398 2991 1443 est
3018 1407 3104 1443 ore
3129 1408 3220 1445 suo
3254 1392 3321 1444 ad
3360 1377 3529 1446 David
3546 1411 3642 1463 pa-

2072 1490 2196 1534 trem
2227 1497 2410 1542 meum,
2435 1491 2483 1534 et
2511 1482 2565 1534 in
2595 1482 2831 1535 manibus
2857 1482 2968 1551 ejus
2996 1484 3225 1553 perfecit,
3255 1483 3466 1537 dicens:
3490 1485 3527 1535 Α
3560 1483 3641 1537 die

2070 1587 2172 1641 qua
2198 1570 2355 1623 eduxi
2380 1575 2622 1640 populum
2646 1588 2815 1625 meum
2845 1570 3013 1625 Israel
3032 1572 3095 1625 de
3116 1572 3189 1624 1E
3194 1583 3367 1643 gypto,
3392 1589 3493 1628 non
3513 1574 3644 1645 elegi

2071 1662 2322 1715 civitatem
2351 1662 2415 1715 de
2443 1662 2694 1716 universis
2725 1663 2952 1717 tribubus
2993 1662 3187 1729 Israel,
3216 1674 3271 1718 ut
3299 1666 3643 1736 aediﬁcaretur

397 1756 629 1825 junctus.
659 1753 824 1824 quue
853 1753 922 1808 de
959 1753 1291 1808 beatitudine
1316 1760 1493 1807 vestra
1535 1765 1661 1821 erga
1684 1767 1771 1806 me
1799 1753 1968 1806 modis
2001 1757 2041 1814 Β
2070 1752 2270 1817 domus,
2294 1762 2346 1806 et
2371 1761 2504 1807 esset
2544 1769 2729 1807 nomen
2758 1771 2922 1808 meum
2952 1755 3055 1820 ibi;
3087 1756 3179 1810 sed
3208 1757 3339 1828 elegi
3375 1758 3560 1823 David,
3587 1767 3644 1812 ut

397 1845 648 1902 omnibus
669 1843 899 1907 conﬁdo,
923 1843 1047 1913 quia
1063 1859 1182 1899 cum
1208 1859 1295 1898 me
1319 1844 1552 1899 vicissim
1573 1843 1811 1913 diligitis,
1832 1858 1861 1896 a
1884 1857 1971 1897 me

399 1937 558 2003 longe
596 1949 706 1988 non
748 1934 899 1988 estis.
932 1930 1085 1988 Unde
1131 1933 1330 2000 gratias
1377 1931 1658 1987 referimus
1686 1931 1761 1986 illi
1802 1947 1970 2003 grano

397 2027 575 2099 sinapi
598 2026 745 2099 (Luc.
772 2042 892 2093 xlv;
923 2024 1113 2079 Matth.
1139 2027 1282 2095 xm),
1306 2025 1397 2095 qui
1424 2041 1493 2080 ex
1513 2022 1708 2080 modici
1732 2023 1971 2094 despica-

399 2118 629 2188 bilisque
667 2117 885 2172 seminis
910 2116 1092 2187 specie
1113 2157 1129 2181 ,
1177 2117 1249 2171 ita
1274 2117 1441 2173 ramis
1467 2133 1535 2172 ex
1563 2118 1750 2174 eadem
1794 2119 1974 2174 radice

397 2210 773 2279 surgentibus,
818 2217 979 2279 atque
1020 2225 1080 2266 se
1105 2209 1549 2274 distendentibus,
1593 2225 1975 2281 usquequaque

398 2302 629 2370 diffusis,
658 2309 717 2357 ut
752 2300 807 2356 in
835 2300 914 2356 eis
952 2300 1186 2357 volatilia
1214 2301 1336 2357 εαξη
1381 2302 1614 2374 (cuncta)
1658 2301 1928 2357 nidificent
1958 2321 1972 2355 :

400 2391 681 2461 gratiaque
719 2389 792 2446 sit
816 2388 1080 2446 fermento
1119 2391 1193 2446 illi
1245 2391 1387 2461 quod
1429 2391 1598 2446 tribus
1635 2389 1821 2445 farina:
1847 2391 1977 2446 satis

404 2480 572 2538 totius
596 2481 817 2535 humani
843 2483 1054 2552 generis
1080 2497 1312 2536 massam
1333 2482 1386 2535 in
1413 2482 1618 2536 unitate
1639 2482 1936 2551 conSpersit
1961 2499 1974 2535 :

405 2581 570 2642 atque
596 2588 763 2644 parvo
794 2571 980 2642 lapidi,
1017 2572 1111 2641 qui
1139 2572 1405 2627 abscissus
1434 2579 1517 2626 est
1543 2571 1611 2625 de
1652 2580 1838 2627 monte
1865 2571 1980 2627 sine

406 2664 671 2727 manibus,-
702 2670 759 2717 et
776 2663 1055 2732 occupavit
1083 2663 1389 2717 universam
1413 2662 1603 2716 faciem
1632 2662 1779 2715 orbis
1803 2668 1979 2725 terrae,

406 2758 500 2828 qui
520 2754 587 2809 ad
605 2755 709 2809 hoc
727 2769 787 2809 se
804 2768 1188 2822 usquequaque
1207 2751 1478 2818 distendit,
1505 2760 1565 2806 ut
1583 2753 1727 2807 omni
1748 2753 1981 2807 humano

407 2861 607 2918 genere
632 2846 687 2899 in
715 2845 976 2899 unitatem
1015 2844 1257 2909 redacto,
1280 2844 1445 2899 totius
1470 2852 1664 2913 c'orpus
1694 2843 1982 2914 perlicere-

411 2946 499 2991 tur
525 2933 799 2999 Ecclesite,
823 2940 985 3001 atque
1013 2933 1085 2986 ita
1106 2933 1174 2986 ad
1197 2932 1360 2988 totius
1387 2932 1662 3002 compagis
1690 2932 1985 3002 pertineret

410 3023 750 3082 commodum
772 3023 1130 3078 membrorum
1142 3021 1379 3091 partialis
1398 3022 1498 3076 ista
1519 3022 1809 3078 distinctio.
1834 3021 1985 3077 Unde

2074 1850 2205 1896 esset
2229 1859 2381 1911 super
2400 1843 2641 1913 populum
2666 1861 2832 1898 meum
2855 1843 3039 1900 Israel.
3076 1845 3342 1918 Voluitque
3361 1846 3530 1901 David
3549 1866 3641 1918 pa-

2074 1939 2151 1986 ter
2174 1948 2313 1987 meus
2341 1935 2601 2003 ludificare
2627 1935 2832 1989 domum
2862 1938 3056 1990 nomini
3084 1936 3295 1992 Domini
3321 1937 3416 1992 Dei
3455 1938 3642 2005 Israel,

2072 2031 2123 2077 et
2147 2025 2222 2077 ait
2247 2022 2496 2078 Dominus
2515 2025 2583 2078 ad
2604 2024 2772 2079 David
2790 2036 2987 2096 patrem
3009 2042 3172 2089 meum
3193 2043 3211 2081 :
3235 2025 3383 2092 Quod
3410 2032 3644 2099 cogitasti

2074 2116 2129 2167 in
2157 2115 2311 2169 corde
2343 2124 2426 2169 tuo
2460 2116 2725 2185 aediﬁcare
2752 2116 2957 2170 domum
2986 2118 3181 2171 nomini
3209 2135 3340 2184 meo,
3372 2117 3496 2172 bene
3516 2121 3643 2189 [eci-

2076 2208 2160 2268 sli,
2185 2207 2277 2262 hoc
2295 2208 2459 2277 ipsum
2478 2217 2645 2262 mente
2665 2217 2908 2263 tractans.
2942 2208 3298 2264 Verumtamen
3319 2220 3372 2263 tu
3392 2228 3494 2265 non
3514 2212 3644 2266 tedi-

2076 2296 2258 2366 ﬁcabis
2280 2297 2505 2363 domum,
2528 2297 2618 2352 sed
2638 2298 2776 2368 [ilius
2802 2308 2936 2364 tuus,
2973 2300 3058 2370 qui
3093 2302 3381 2371 egredietur
3409 2302 3473 2356 de
3502 2304 3648 2357 reni-

2079 2387 2170 2441 bus
2192 2389 2311 2450 tuis,
2335 2389 2445 2459 ipse
2465 2387 2740 2458 ludificabit
2761 2389 2966 2443 domum
2988 2390 3182 2445 nomini
3201 2378 3333 2445 meo.
3359 2392 3647 2463 Conﬁrma-

2080 2478 2147 2531 vit
2178 2477 2428 2532 Dominus
2454 2496 2739 2545 sermonem
2766 2496 2931 2537 suum.
2962 2498 3108 2552 quem
3132 2483 3326 2536 locutus
3354 2493 3451 2551 est,
3480 2486 3647 2537 stetit-

2080 2583 2177 2636 que
2195 2584 2289 2637 pro
2309 2566 2476 2620 David
2501 2576 2647 2636 patre
2673 2584 2802 2632 meo,
2829 2579 2877 2622 et
2894 2570 3005 2623 sedi
3027 2586 3180 2640 super
3202 2572 3438 2626 thronum
3458 2571 3647 2637 Israel,

2081 2657 2212 2709 sicut
2240 2656 2435 2710 locutus
2463 2667 2539 2710 est
2560 2657 2829 2711 Dominus.
2853 2658 2922 2711 Et
2943 2660 3194 2730 wdiﬁcavi
3217 2661 3424 2717 domum
3454 2666 3647 2718 nomini

2083 2743 2291 2801 Domini
2324 2745 2417 2799 Dei
2442 2745 2628 2802 Israel.
2651 2746 2720 2800 Et
2746 2750 2985 2803 constitui
3011 2751 3081 2803 ibi
3109 2751 3275 2805 locum
3293 2754 3525 2821 ανεω,,ἱη
3547 2772 3648 2825 qua

2085 2833 2248 2904 )‘mdus
2262 2832 2471 2888 Domini
2502 2844 2595 2901 est,
2608 2835 2749 2907 quod
2767 2839 3015 2907 percussit
3041 2854 3156 2893 cum
3181 2840 3412 2910 patribus
3435 2847 3648 2909 nostris,

2083 2926 2288 2996 quando
2326 2927 2519 2999 egressi
2557 2918 2676 2982 sunt
2721 2928 2784 2983 de
2828 2939 2967 2983 terra
2994 2929 3234 3002 ﬁgypti.
3283 2931 3438 2987 Stetit
3479 2944 3651 2991 autem

2088 3014 2339 3070 Salomon
2388 3024 2510 3070 ante
2555 3016 2720 3070 altare
2761 3016 2971 3074 Domini
3010 3021 3065 3073 in
3107 3020 3378 3092 cons'pectu
3426 3025 3651 3081 ecclesia:

414 3131 514 3175 nos
541 3129 754 3183 quoque
781 3128 815 3168 a
841 3112 992 3168 vobis
1032 3128 1140 3167 non
1178 3111 1337 3183 longe
1377 3126 1559 3166 sumus
1589 3128 1602 3164 :
1631 3112 1757 3180 quia
1796 3111 1849 3165 in
1890 3112 1982 3166 illo
2012 3113 2056 3173 (ζ
2088 3103 2277 3169 Israel,
2302 3112 2352 3158 et
2379 3106 2627 3175 expandit
2653 3122 2837 3161 manus
2861 3125 2983 3163 suas
3001 3111 3057 3163 in
3094 3112 3293 3176 ctutum,
3337 3121 3385 3166 et
3413 3116 3516 3168 ait:
3537 3115 3651 3170 Do-

412 3205 503 3275 qui
525 3205 722 3273 ubique
753 3210 838 3260 est
872 3219 1035 3257 unum
1061 3218 1243 3258 sumus
1264 3201 1442 3273 (Joan.
1469 3202 1583 3272 xx).
1600 3203 1832 3272 Agamus
1853 3218 1981 3272 ergo

413 3295 464 3350 ei
486 3293 703 3362 gratias,
730 3292 856 3362 quia
876 3292 1064 3346 solutis
1083 3291 1371 3346 inimicitiis
1392 3292 1444 3346 in
1461 3306 1623 3349 carne
1651 3309 1746 3347 sua
1769 3292 1897 3349 fecit
1925 3304 1985 3348 ut

415 3384 471 3442 in
500 3382 645 3437 omni
683 3382 816 3437 orbe
862 3389 1125 3436 terrarum
1156 3396 1292 3436 unus
1319 3389 1463 3436 esset
1507 3395 1636 3450 grex
1659 3422 1675 3449 ,
1723 3390 1779 3437 et
1819 3399 2013 3437 unumr

413 3472 557 3528 ovile
579 3471 678 3526 sub
696 3486 754 3526 se
782 3486 891 3526 uno
922 3480 1154 3540 pastore,
1186 3486 1399 3541 semper
1424 3487 1690 3528 memores
1716 3474 1843 3543 quid
1889 3490 1986 3529 nos

413 3563 658 3632 egregius
694 3562 1012 3632 praedicator
1044 3562 1331 3617 admoneat
1365 3562 1548 3617 dicens
1580 3581 1594 3615 :
1626 3563 1850 3619 Solliciti
1878 3582 1986 3619 ser-

415 3668 538 3708 vare
579 3653 827 3705 unitatem
873 3651 1083 3720 spiritus
1114 3651 1168 3704 in
1212 3652 1411 3705 vinculo
1458 3654 1602 3721 pacis
1631 3653 1846 3723 (Ep/tes.
1889 3660 1983 3723 Iv).

414 3743 926 3804 Sanctitatisvestrtc
943 3743 1164 3811 scripta,
1192 3758 1311 3811 qum.
1336 3742 1402 3797 ad
1427 3743 1611 3800 sedem
1638 3746 1985 3815 apostolicam

415 3834 635 3890 misistis
672 3847 834 3901 super
870 3822 1187 3900 quibusdam
1212 3833 1492 3896 consultis.
1534 3836 1687 3903 quasi
1712 3835 1777 3888 ad
1805 3844 1984 3904 caput,

416 3941 478 3978 ut
520 3924 645 3978 inde
683 3923 997 3992 acciperetis
1034 3938 1313 3993 responsa,
1361 3924 1502 3979 unde
1548 3926 1723 3981 omnis
1749 3925 1987 3984 Ecclesia

416 4013 583 4066 totius
608 4011 884 4079 religionis
912 4012 1139 4082 sumpsit
1156 4014 1456 4078 exordium,
1471 4023 1745 4083 gratanter
1757 4019 1985 4089 suscepi,

318 4146 325 4153 .
415 4112 476 4158 et
498 4103 736 4158 breviter
760 4102 915 4157 vobis
940 4103 1270 4172 respondere
1297 4107 1502 4160 curavi.

488 4194 530 4249 Ι.
574 4193 648 4249 De
671 4194 1018 4249 ecclesiarum
1045 4195 1188 4250 enim
1225 4197 1652 4263 consecratione,
1681 4207 1737 4253 et
1763 4198 1832 4253 de
1866 4200 1991 4254 mis-

415 4299 600 4342 sarum
628 4283 1093 4350 celebrationibus,
1126 4301 1237 4340 non
1263 4284 1457 4340 alicubi
1498 4302 1657 4356 quam
1689 4288 1742 4341 in
1771 4290 1992 4344 sacratis

417 4371 649 4428 Domino
678 4372 810 4427 locis
837 4373 1041 4440 absque
1067 4387 1258 4441 magna
1276 4374 1598 4429 necessitate
1627 4374 1741 4430 fieri
1769 4376 1988 4441 debere,

2084 3195 2221 3247 mine
2250 3193 2384 3248 Deus
2408 3193 2596 3261 Israel,
2635 3206 2839 3261 nonest
2865 3199 3048 3253 similis
3088 3201 3163 3254 tui
3192 3201 3395 3275 in-cwlg
3415 3204 3650 3275 desuper,

2084 3293 2133 3335 et
2159 3299 2312 3353 super
2340 3292 2532 3339 terram
2553 3284 2806 3353 deorsum,
2837 3289 2924 3359 qui
2951 3290 3174 3345 custodis
3206 3301 3411 3362 pactum
3432 3302 3482 3349 et
3501 3296 3653 3349 mise-

2084 3372 2363 3427 ricordiam
2389 3376 2548 3429 servis
2574 3376 2697 3441 tuis,
2719 3378 2806 3449 qui
2853 3376 3119 3433 ambulant
3160 3397 3334 3438 coram
3362 3392 3411 3438 te
3453 3386 3509 3439 in
3548 3363 3655 3441 totb

2086 3462 2239 3516 corde
2272 3479 2384 3517 suo.
2432 3462 2533 3528 Qui
2573 3466 2841 3520 custodisti
2879 3484 3020 3522 servo
3052 3478 3137 3523 tuo
3162 3469 3332 3526 David
3376 3475 3515 3543 patri
3542 3492 3655 3530 meo

2085 3568 2200 3621 quae
2226 3554 2422 3607 locutus
2442 3570 2496 3607 es
2519 3556 2586 3608 ei.
2611 3554 2715 3608 Ore
2737 3557 2933 3611 locutus
2954 3575 3031 3625 es,
3052 3569 3102 3612 et
3119 3563 3354 3615 manibus
3372 3568 3655 3634 perfecisti,

2087 3647 2144 3690 ut
2170 3639 2279 3693 haec
2305 3640 2414 3695 dies
2438 3641 2641 3710 probat.
2658 3641 2813 3697 Nunc
2840 3645 3017 3716 igitur,
3045 3646 3431 3706 DomineDeus
3465 3652 3655 3722 Israel,

2088 3743 2330 3783 conserva
2362 3728 2532 3783 David
2564 3734 2758 3803 famulo
2802 3744 2887 3790 tuo
2912 3737 3051 3805 patri
3081 3755 3191 3793 meo
3224 3757 3338 3809 qua:
3365 3743 3563 3801 locutus
3599 3765 3654 3802 es

2088 3819 2157 3885 ei,
2189 3820 2361 3874 dicens
2384 3837 2403 3875 :
2424 3820 2549 3876 Non
2568 3826 2832 3895 auferetur
2859 3827 2922 3880 de
2949 3836 2997 3881 te
3017 3830 3095 3883 vir
3120 3816 3295 3885 coram
3318 3850 3418 3900 me,
3463 3838 3550 3905 qui
3572 3852 3657 3891 se-

2091 3909 2211 3962 deat
2237 3927 2391 3980 super
2419 3911 2658 3966 thronum
2684 3912 2871 3981 Israel,
2903 3917 2978 3970 ita
3024 3928 3218 3986 tamen,
3259 3923 3305 3976 si
3327 3925 3658 3980 custodierint

2090 4001 2189 4072 ﬁlii
2218 4002 2290 4054 tui
2318 4002 2453 4055 viam
2478 4018 2649 4066 suam,
2696 4012 2752 4056 ut
2780 4005 3040 4060 ambulent
3065 4024 3241 4064 coram
3286 4028 3387 4078 me,
3432 4015 3564 4069 sicut
3606 4027 3659 4069 tu

2091 4089 2365 4144 ambulasti
2385 4092 2439 4145 in
2464 4102 2735 4162 conspectu
2759 4111 2890 4148 meo.
2921 4094 2992 4149 Et
3011 4114 3166 4166 nunc,
3192 4099 3329 4155 Deus
3352 4102 3535 4172 Israel,
3562 4108 3660 4176 ﬁr-

2093 4189 2293 4233 mentur
2314 4179 2464 4234 verba
2505 4191 2610 4247 tua,
2633 4183 2967 4253 quae-locutus
2996 4203 3048 4240 es
3077 4186 3247 4243 David
3274 4208 3416 4248 servo
3456 4204 3540 4249 tuo
3563 4214 3662 4267 pa-

2094 4273 2159 4324 tri
2192 4287 2324 4325 meo.
2357 4270 2562 4342 Ergone
2588 4275 2874 4343 putandum
2898 4288 2974 4330 est
3000 4280 3135 4350 quod
3162 4298 3275 4337 vere
3303 4283 3441 4339 Deus
3469 4287 3663 4343 habitet

2095 4380 2245 4433 super
2273 4366 2502 4418 terram?
2530 4365 2590 4419 Si
2611 4368 2748 4420 enim
2775 4369 2955 4423 coelum
2969 4381 3018 4424 et
3032 4373 3144 4426 coeli
3157 4374 3399 4430 ctelorum
3419 4386 3467 4431 te
3481 4395 3664 4449 capere

417 4462 587 4532 liquet
612 4462 862 4516 omnibus
890 4462 1083 4532 quibus
1112 4472 1236 4519 sunt
1264 4471 1391 4518 nota
1416 4463 1550 4519 Novi
1578 4473 1635 4519 et
1656 4465 1867 4521 Veteris
1898 4466 1982 4523 Te

2097 4470 2199 4507 non
2228 4464 2458 4523 possunt,
2490 4464 2680 4523 quanto
2708 4459 2874 4529 magis
2894 4458 3074 4515 domus
3102 4463 3232 4531 haec,
3252 4481 3405 4535 quam
3430 4468 3663 4537 (adiﬁca-

415 4553 670 4607 stamenti
691 4562 978 4623 praecepta.
992 4552 1413 4610 Tabernaculum
1424 4570 1553 4610 vero
1563 4555 1744 4611 Mosen
1767 4558 1992 4613 Domino

418 4640 765 4713 prtecipiente
789 4642 999 4709 fecisse,
1031 4652 1086 4699 et
1112 4659 1374 4710 sacrasse,
1400 4661 1519 4700 cum
1549 4662 1732 4703 mensa
1752 4656 1809 4703 et.
1835 4649 1992 4706 altari

414 4730 553 4799 ejus,
584 4739 644 4786 et
666 4734 876 4787 csa-teris
912 4733 1049 4787 vasis
1078 4734 1391 4789 utensilibus
1428 4735 1496 4790 ad
1526 4736 1762 4791 divinum
1791 4738 1992 4795 cultum

414 4820 741 4888 explendum
770 4821 996 4890 legimus
1025 4820 1211 4891 (Num.
1243 4823 1333 4892 vn)
1360 4842 1372 4876 :
1397 4832 1452 4878 et
1470 4841 1577 4879 non
1601 4827 1773 4880 solum
1803 4826 1994 4883 divinis

418 4910 709 4978 pmceptis
735 4925 800 4964 ac
840 4910 1090 4979 precibus
1128 4928 1191 4964 ea
1226 4926 1485 4978 sacrasse,
1517 4912 1614 4968 sed
1641 4914 1800 4968 etiam
1825 4916 1995 4971 sancti

418 4998 528 5052 olei
571 4999 845 5064 unctione,
886 5000 1113 5056 Domino
1139 5000 1378 5069 iubente,
1408 5003 1688 5073 perlinisse
1728 5006 1991 5062 novimus.

415 5085 662 5151 Qualiter
690 5093 868 5140 autem
889 5088 1005 5142 hmo
1032 5088 1170 5142 facta
1200 5088 1325 5151 sint,
1349 5097 1404 5143 et
1422 5092 1690 5159 quomodo
1713 5093 1824 5162 ipsa
1845 5110 1995 5150 sacra

418 5192 528 5231 non
570 5178 660 5231 alii
697 5192 860 5246 quam
906 5179 1220 5234 sacerdotes
1264 5194 1417 5234 sacra
1460 5183 1712 5237 unctione
1754 5183 1993 5250 delibuti,

416 5266 760 5335 Dominoque
791 5283 915 5322 cum
952 5269 1190 5323 vestibus
1230 5271 1427 5324 sanctis
1465 5274 1693 5342 sacrati,
1732 5282 1788 5329 et
1825 5274 1997 5329 levita:

417 5356 745 5425 tractabant,
774 5355 1037 5426 ferebant,
1060 5359 1353 5429 erigebant,
1378 5368 1436 5415 et
1454 5360 1816 5431 deponebant,
1844 5363 1895 5418 in
1919 5365 1998 5434 ip-

417 5446 494 5500 sis
522 5445 965 5509 institutionibus,
995 5463 1116 5517 qua:
1139 5448 1388 5518 (Domino
1410 5449 1660 5521 jubente)
1687 5467 1783 5522 per
1815 5453 1998 5509 Mosen

418 5535 741 5621 conscripta:
769 5545 917 5603 sunt,
950 5538 1002 5591 in
1036 5537 1156 5604 lege
1193 5537 1404 5595 Domini
1444 5540 1729 5611 reperitur.
1762 5542 2015 5608 Qdaliter‘

419 5639 553 5693 ergo
573 5626 736 5681 David
760 5642 942 5695 regum
960 5626 1227 5695 piissimus
1247 5629 1650 5700 amplificaverit
1664 5631 1863 5686 cultum
1886 5633 1999 5698 Dei,

427 5723 484 5770 et
510 5716 767 5785 templum
790 5716 1000 5772 Domini
1022 5715 1283 5773 aedificare
1307 5722 1492 5787 voluit,
1513 5722 1605 5778 sed
1626 5730 1845 5792 propter
1866 5723 2001 5781 mul-

2097 4544 2186 4597 vi?
2214 4545 2320 4599 Sed
2346 4546 2542 4617 respice
2570 4546 2637 4599 ad
2657 4550 2940 4603 orationem
2973 4553 3103 4605 servi
3147 4556 3242 4620 tui,
3290 4564 3340 4608 et
3383 4556 3455 4608 ad
3489 4573 3664 4624 preces

2097 4632 2226 4703 ejus,
2257 4633 2478 4688 Domine
2508 4634 2643 4689 Deus
2680 4653 2840 4693 meus.
2871 4640 3024 4706 Audi,
3055 4640 3294 4706 Domine,
3346 4644 3589 4713 hymnum
3613 4658 3664 4701 et

2098 4725 2406 4793 orationem,
2427 4742 2579 4796 quam
2605 4743 2777 4781 servus
2808 4739 2920 4783 tuus
2948 4744 3065 4784 orat
3092 4748 3267 4786 coram
3308 4743 3357 4786 te
3399 4735 3588 4791 hodie:
3609 4749 3666 4792 ut

2097 4815 2201 4868 sint
2224 4816 2360 4869 oculi
2387 4818 2458 4870 tui
2501 4820 2666 4888 aperti
2692 4836 2845 4886 super
2869 4820 3074 4875 domum
3111 4824 3244 4877 hanc
3282 4836 3431 4881 nocte
3468 4838 3519 4883 et
3558 4829 3662 4896 die,

2098 4922 2250 4975 super
2277 4905 2484 4961 domum
2511 4908 2574 4962 de
2599 4925 2697 4978 qua
2725 4910 2899 4963 dixisti
2923 4927 2941 4963 :
2968 4910 3083 4965 Erit
3101 4928 3283 4968 nomen
3306 4933 3470 4972 meum
3496 4920 3590 4988 ibi,
3611 4931 3667 4975 ut

2097 4998 2347 5053 exaudias
2371 5001 2675 5067 orationem,
2716 5017 2866 5072 quam
2892 5011 3008 5056 orat
3035 5004 3090 5057 in
3111 5004 3223 5060 loco
3264 5009 3364 5063 isto
3393 5011 3463 5063 ad
3487 5020 3536 5065 te
3560 5002 3667 5073 ser-

2098 5104 2186 5140 vus
2212 5096 2352 5153 tuus;
2383 5101 2438 5143 ut
2465 5091 2711 5145 exaudias
2725 5092 3133 5162 deprecationem
3151 5101 3282 5153 servi
3311 5103 3403 5164 tui,
3419 5112 3468 5157 et
3492 5108 3668 5173 populi

2098 5180 2173 5232 tui
2200 5177 2389 5244 Israel,
2421 5183 2749 5254 quodcunque
2780 5188 3034 5241 oraverint
3058 5189 3113 5243 in
3139 5190 3251 5245 loco
3279 5193 3396 5258 isto,
3426 5202 3475 5247 et
3501 5211 3637 5250 exitu

2100 5271 2213 5326 dias
2242 5274 2297 5326 in
2326 5273 2437 5328 loco
2459 5274 2738 5329 habitaculi
2764 5278 2834 5331 tui
2863 5280 2917 5331 in
2943 5280 3089 5346 ctelo,
3135 5289 3184 5334 et
3211 5299 3324 5336 cum
3352 5258 3676 5354 exaudiens.

2101 5362 2352 5431 propitius
2380 5363 2499 5415 eris.
2540 5361 2602 5418 Si
2630 5369 2911 5435 peccaverit
2938 5368 3088 5424 homo
3110 5371 3164 5423 in
3192 5372 3481 5439 proximum
3501 5391 3662 5441 suum,
3722 5360 3723 5363 η

2102 5458 2152 5502 et
2184 5449 2414 5505 habuerit
2434 5453 2643 5523 aliquod
2655 5456 3029 5525 jnramentum,
3045 5475 3142 5529 quo
3163 5469 3392 5521 teneatur
3412 5465 3666 5528 astrictus,

2103 5550 2151 5592 et
2179 5543 2368 5595 venerit
2397 5553 2606 5613 prOpter
2625 5546 2975 5620 juramentum
2996 5565 3172 5602 coram
3199 5550 3357 5610 altari
3373 5561 3466 5613 ~tuo
3492 5555 3547 5607 in
3573 5554 3668 5608 do-

2105 5647 2244 5683 mum
2273 5639 2429 5697 tuam,
2459 5644 2511 5686 tu
2538 5636 2779 5690 exaudies
2807 5637 2859 5689 in
2879 5637 3027 5703 ctelo,
3049 5640 3311 5709 olfacies,
3336 5650 3385 5695 et
3409 5642 3669 5712 judicabis

2105 5737 2274 5776 servos
2294 5730 2425 5789 tuos,
2446 5727 2790 5781 condemnatis
2811 5728 3044 5797 impium,
3058 5738 3113 5800 gl
3133 5730 3349 5789 reddent
3372 5716 3501 5787 tiam
3525 5748 3687 5793 utaris,
