  <div class='ocr_page' id='page_1' title='image "/cluster/home/n/w/nwhite01/storage/ocr_20150623/65/hvd.32044054128558/016.png"; bbox 0 0 4068 6342; ppageno 0'>
   <div class='ocr_carea' id='block_1_1' title="bbox 363 317 3614 384">
    <p class='ocr_par' dir='ltr' id='par_1_1' title="bbox 363 317 3614 384">
     <span class='ocr_line' id='line_1_1' title="bbox 363 317 3614 384; baseline 0.001 -11"><span class='ocrx_word' id='word_1_1' title='bbox 363 317 425 374; x_wconf 65' lang='grc'><strong>91</strong></span> <span class='ocrx_word' id='word_1_2' title='bbox 1832 321 2179 377; x_wconf 74' lang='grc' dir='ltr'><strong>ᾹΡΡΕΝΒΙΧ.</strong></span> <span class='ocrx_word' id='word_1_3' title='bbox 3544 328 3614 384; x_wconf 65' lang='grc' dir='ltr'><strong>Ωὲ</strong></span> 
     </span>
    </p>
   </div>
   <div class='ocr_carea' id='block_1_2' title="bbox 358 433 3607 510">
    <p class='ocr_par' dir='ltr' id='par_1_2' title="bbox 358 433 3607 510">
     <span class='ocr_line' id='line_1_2' title="bbox 358 433 3607 510; baseline 0.001 -18"><span class='ocrx_word' id='word_1_4' title='bbox 358 435 528 492; x_wconf 80' lang='lat' dir='ltr'><strong>sacris</strong></span> <span class='ocrx_word' id='word_1_5' title='bbox 552 435 850 489; x_wconf 85' lang='lat' dir='ltr'><strong>canonibus</strong></span> <span class='ocrx_word' id='word_1_6' title='bbox 876 433 1134 489; x_wconf 81' lang='lat' dir='ltr'><strong>sacriﬁcia</strong></span> <span class='ocrx_word' id='word_1_7' title='bbox 1180 434 1231 487; x_wconf 90' lang='lat' dir='ltr'><strong>in</strong></span> <span class='ocrx_word' id='word_1_8' title='bbox 1269 433 1513 488; x_wconf 89' lang='lat' dir='ltr'><strong>domibus</strong></span> <span class='ocrx_word' id='word_1_9' title='bbox 1542 434 1717 489; x_wconf 68' lang='lat' dir='ltr'><strong>oder-ri</strong></span> <span class='ocrx_word' id='word_1_10' title='bbox 1746 436 1930 505; x_wconf 88' lang='lat' dir='ltr'><strong>probi-</strong></span> <span class='ocrx_word' id='word_1_11' title='bbox 1959 447 2005 500; x_wconf 79' lang='grc' dir='ltr'><strong>Α</strong></span> <span class='ocrx_word' id='word_1_12' title='bbox 2030 446 2155 502; x_wconf 82' lang='lat' dir='ltr'><strong>tres,</strong></span> <span class='ocrx_word' id='word_1_13' title='bbox 2185 445 2242 490; x_wconf 89' lang='lat' dir='ltr'><strong>ut</strong></span> <span class='ocrx_word' id='word_1_14' title='bbox 2278 437 2416 492; x_wconf 87' lang='lat' dir='ltr'><strong>dicta</strong></span> <span class='ocrx_word' id='word_1_15' title='bbox 2454 439 2731 507; x_wconf 76' lang='lat' dir='ltr'><strong>apostolici</strong></span> <span class='ocrx_word' id='word_1_16' title='bbox 2766 441 3099 510; x_wconf 88' lang='lat' dir='ltr'><strong>replicemus,</strong></span> <span class='ocrx_word' id='word_1_17' title='bbox 3139 440 3382 509; x_wconf 81' lang='lat' dir='ltr'><strong>corripite</strong></span> <span class='ocrx_word' id='word_1_18' title='bbox 3408 442 3607 509; x_wconf 58' lang='lat' dir='ltr'><strong>inquit-</strong></span> 
     </span>
    </p>
   </div>
   <div class='ocr_carea' id='block_1_3' title="bbox 356 521 1933 591">
    <p class='ocr_par' dir='ltr' id='par_1_3' title="bbox 356 521 1933 591">
     <span class='ocr_line' id='line_1_3' title="bbox 356 521 1933 591; baseline -0.003 -12"><span class='ocrx_word' id='word_1_19' title='bbox 356 526 466 581; x_wconf 84' lang='lat' dir='ltr'><strong>bita</strong></span> <span class='ocrx_word' id='word_1_20' title='bbox 506 532 653 590; x_wconf 91' lang='lat' dir='ltr'><strong>sunt,</strong></span> <span class='ocrx_word' id='word_1_21' title='bbox 712 522 807 578; x_wconf 88' lang='lat' dir='ltr'><strong>sed</strong></span> <span class='ocrx_word' id='word_1_22' title='bbox 855 523 910 577; x_wconf 92' lang='lat' dir='ltr'><strong>in</strong></span> <span class='ocrx_word' id='word_1_23' title='bbox 964 521 1337 589; x_wconf 87' lang='lat' dir='ltr'><strong>tabernaculis,</strong></span> <span class='ocrx_word' id='word_1_24' title='bbox 1384 522 1577 576; x_wconf 82' lang='lat' dir='ltr'><strong>divinis</strong></span> <span class='ocrx_word' id='word_1_25' title='bbox 1620 523 1867 591; x_wconf 77' lang='lat' dir='ltr'><strong>precibus</strong></span> <span class='ocrx_word' id='word_1_26' title='bbox 1902 538 1933 575; x_wconf 82' lang='lat' dir='ltr'><strong>s</strong></span> 
     </span>
    </p>
   </div>
   <div class='ocr_carea' id='block_1_4' title="bbox 353 617 1937 688">
    <p class='ocr_par' dir='ltr' id='par_1_4' title="bbox 353 617 1937 688">
     <span class='ocr_line' id='line_1_4' title="bbox 353 617 1937 688; baseline 0 -17"><span class='ocrx_word' id='word_1_27' title='bbox 353 618 701 688; x_wconf 86' lang='lat' dir='ltr'><strong>pontiﬁcibus</strong></span> <span class='ocrx_word' id='word_1_28' title='bbox 723 617 933 683; x_wconf 76' lang='lat' dir='ltr'><strong>dicatis,</strong></span> <span class='ocrx_word' id='word_1_29' title='bbox 955 625 1010 672; x_wconf 93' lang='lat' dir='ltr'><strong>et</strong></span> <span class='ocrx_word' id='word_1_30' title='bbox 1048 617 1102 672; x_wconf 90' lang='lat' dir='ltr'><strong>in</strong></span> <span class='ocrx_word' id='word_1_31' title='bbox 1132 618 1332 672; x_wconf 88' lang='lat' dir='ltr'><strong>mensis</strong></span> <span class='ocrx_word' id='word_1_32' title='bbox 1364 618 1589 673; x_wconf 90' lang='lat' dir='ltr'><strong>Domino</strong></span> <span class='ocrx_word' id='word_1_33' title='bbox 1612 618 1855 685; x_wconf 89' lang='lat' dir='ltr'><strong>sacratis,</strong></span> <span class='ocrx_word' id='word_1_34' title='bbox 1882 626 1937 672; x_wconf 91' lang='lat' dir='ltr'><strong>et</strong></span> 
     </span>
    </p>
   </div>
   <div class='ocr_carea' id='block_1_5' title="bbox 351 706 1932 778">
    <p class='ocr_par' dir='ltr' id='par_1_5' title="bbox 351 706 1932 778">
     <span class='ocr_line' id='line_1_5' title="bbox 351 706 1932 778; baseline 0 -17"><span class='ocrx_word' id='word_1_35' title='bbox 351 709 408 761; x_wconf 90' lang='lat' dir='ltr'><strong>in</strong></span> <span class='ocrx_word' id='word_1_36' title='bbox 429 722 585 764; x_wconf 84' lang='lat' dir='ltr'><strong>sacra</strong></span> <span class='ocrx_word' id='word_1_37' title='bbox 606 708 859 763; x_wconf 87' lang='lat' dir='ltr'><strong>unctione</strong></span> <span class='ocrx_word' id='word_1_38' title='bbox 881 721 913 761; x_wconf 94' lang='lat' dir='ltr'><strong>a</strong></span> <span class='ocrx_word' id='word_1_39' title='bbox 938 706 1280 777; x_wconf 90' lang='lat' dir='ltr'><strong>pontiﬁcibus</strong></span> <span class='ocrx_word' id='word_1_40' title='bbox 1307 706 1577 774; x_wconf 86' lang='lat' dir='ltr'><strong>delibutis,</strong></span> <span class='ocrx_word' id='word_1_41' title='bbox 1606 722 1706 778; x_wconf 90' lang='lat' dir='ltr'><strong>pro</strong></span> <span class='ocrx_word' id='word_1_42' title='bbox 1729 723 1932 762; x_wconf 88' lang='lat' dir='ltr'><strong>summa</strong></span> 
     </span>
    </p>
   </div>
   <div class='ocr_carea' id='block_1_6' title="bbox 350 795 1935 868">
    <p class='ocr_par' dir='ltr' id='par_1_6' title="bbox 350 795 1935 868">
     <span class='ocr_line' id='line_1_6' title="bbox 350 795 1935 868; baseline 0.001 -18"><span class='ocrx_word' id='word_1_43' title='bbox 350 798 439 868; x_wconf 91' lang='lat' dir='ltr'><strong>(ut</strong></span> <span class='ocrx_word' id='word_1_44' title='bbox 466 795 746 868; x_wconf 71' lang='lat' dir='ltr'><strong>praeﬁxum</strong></span> <span class='ocrx_word' id='word_1_45' title='bbox 772 799 875 866; x_wconf 90' lang='lat' dir='ltr'><strong>est)</strong></span> <span class='ocrx_word' id='word_1_46' title='bbox 905 797 1245 862; x_wconf 84' lang='lat' dir='ltr'><strong>necessitate,</strong></span> <span class='ocrx_word' id='word_1_47' title='bbox 1286 805 1342 851; x_wconf 90' lang='lat' dir='ltr'><strong>et</strong></span> <span class='ocrx_word' id='word_1_48' title='bbox 1385 812 1490 852; x_wconf 90' lang='lat' dir='ltr'><strong>non</strong></span> <span class='ocrx_word' id='word_1_49' title='bbox 1532 813 1633 867; x_wconf 91' lang='lat' dir='ltr'><strong>pro</strong></span> <span class='ocrx_word' id='word_1_50' title='bbox 1660 797 1812 851; x_wconf 89' lang='lat' dir='ltr'><strong>libitu</strong></span> <span class='ocrx_word' id='word_1_51' title='bbox 1840 813 1935 851; x_wconf 91' lang='lat' dir='ltr'><strong>cn-</strong></span> 
     </span>
    </p>
   </div>
   <div class='ocr_carea' id='block_1_7' title="bbox 343 884 1933 957">
    <p class='ocr_par' dir='ltr' id='par_1_7' title="bbox 343 884 1933 957">
     <span class='ocr_line' id='line_1_7' title="bbox 343 884 1933 957; baseline 0.001 -17"><span class='ocrx_word' id='word_1_52' title='bbox 343 887 604 956; x_wconf 79' lang='lat' dir='ltr'><strong>jusquam</strong></span> <span class='ocrx_word' id='word_1_53' title='bbox 632 894 689 941; x_wconf 90' lang='lat' dir='ltr'><strong>et</strong></span> <span class='ocrx_word' id='word_1_54' title='bbox 735 887 946 957; x_wconf 78' lang='lat' dir='ltr'><strong>pigritia</strong></span> <span class='ocrx_word' id='word_1_55' title='bbox 1000 893 1204 955; x_wconf 88' lang='lat' dir='ltr'><strong>agatur.</strong></span> <span class='ocrx_word' id='word_1_56' title='bbox 1237 884 1551 956; x_wconf 89' lang='lat' dir='ltr'><strong>(Statutum)</strong></span> <span class='ocrx_word' id='word_1_57' title='bbox 1588 885 1766 941; x_wconf 89' lang='lat' dir='ltr'><strong>Satius</strong></span> <span class='ocrx_word' id='word_1_58' title='bbox 1805 901 1933 955; x_wconf 90' lang='lat' dir='ltr'><strong>ergo</strong></span> 
     </span>
    </p>
   </div>
   <div class='ocr_carea' id='block_1_8' title="bbox 346 975 1929 1046">
    <p class='ocr_par' dir='ltr' id='par_1_8' title="bbox 346 975 1929 1046">
     <span class='ocr_line' id='line_1_8' title="bbox 346 975 1929 1046; baseline -0.001 -15"><span class='ocrx_word' id='word_1_59' title='bbox 346 982 458 1041; x_wconf 87' lang='lat' dir='ltr'><strong>est,</strong></span> <span class='ocrx_word' id='word_1_60' title='bbox 488 976 710 1030; x_wconf 88' lang='lat' dir='ltr'><strong>missam</strong></span> <span class='ocrx_word' id='word_1_61' title='bbox 738 992 849 1032; x_wconf 92' lang='lat' dir='ltr'><strong>non</strong></span> <span class='ocrx_word' id='word_1_62' title='bbox 877 984 1098 1031; x_wconf 89' lang='lat' dir='ltr'><strong>cantare</strong></span> <span class='ocrx_word' id='word_1_63' title='bbox 1127 975 1346 1046; x_wconf 87' lang='lat' dir='ltr'><strong>(Concil.</strong></span> <span class='ocrx_word' id='word_1_64' title='bbox 1395 976 1575 1031; x_wconf 88' lang='lat' dir='ltr'><strong>Paris.</strong></span> <span class='ocrx_word' id='word_1_65' title='bbox 1618 976 1706 1031; x_wconf 84' lang='lat' dir='ltr'><strong>lib.</strong></span> <span class='ocrx_word' id='word_1_66' title='bbox 1745 994 1783 1042; x_wconf 87' lang='grc' dir='ltr'><strong>ι,</strong></span> <span class='ocrx_word' id='word_1_67' title='bbox 1815 992 1929 1045; x_wconf 87' lang='lat' dir='ltr'><strong>cap.</strong></span> 
     </span>
    </p>
   </div>
   <div class='ocr_carea' id='block_1_9' title="bbox 345 1065 1927 1138">
    <p class='ocr_par' dir='ltr' id='par_1_9' title="bbox 345 1065 1927 1138">
     <span class='ocr_line' id='line_1_9' title="bbox 345 1065 1927 1138; baseline 0 -19"><span class='ocrx_word' id='word_1_68' title='bbox 345 1066 464 1134; x_wconf 63' lang='lat'><strong>£7;</strong></span> <span class='ocrx_word' id='word_1_69' title='bbox 491 1075 542 1121; x_wconf 87' lang='lat' dir='ltr'><strong>et</strong></span> <span class='ocrx_word' id='word_1_70' title='bbox 570 1065 796 1137; x_wconf 87' lang='lat' dir='ltr'><strong>Capitul.</strong></span> <span class='ocrx_word' id='word_1_71' title='bbox 831 1083 924 1135; x_wconf 80' lang='lat' dir='ltr'><strong>vn,</strong></span> <span class='ocrx_word' id='word_1_72' title='bbox 954 1065 1099 1135; x_wconf 72' lang='grc'><strong>554),</strong></span> <span class='ocrx_word' id='word_1_73' title='bbox 1131 1074 1223 1121; x_wconf 88' lang='lat' dir='ltr'><strong>aut</strong></span> <span class='ocrx_word' id='word_1_74' title='bbox 1249 1082 1356 1121; x_wconf 91' lang='lat' dir='ltr'><strong>non</strong></span> <span class='ocrx_word' id='word_1_75' title='bbox 1386 1066 1569 1121; x_wconf 89' lang='lat' dir='ltr'><strong>audire</strong></span> <span class='ocrx_word' id='word_1_76' title='bbox 1596 1067 1684 1136; x_wconf 79' lang='lat'><strong>(8.</strong></span> <span class='ocrx_word' id='word_1_77' title='bbox 1715 1066 1927 1138; x_wconf 87' lang='lat' dir='ltr'><strong>Gregor.</strong></span> 
     </span>
    </p>
   </div>
   <div class='ocr_carea' id='block_1_10' title="bbox 343 1144 1931 1225">
    <p class='ocr_par' dir='ltr' id='par_1_10' title="bbox 343 1144 1931 1225">
     <span class='ocr_line' id='line_1_10' title="bbox 343 1144 1931 1225; baseline 0 -16"><span class='ocrx_word' id='word_1_78' title='bbox 343 1172 437 1223; x_wconf 82' lang='lat' dir='ltr'><strong>ep.</strong></span> <span class='ocrx_word' id='word_1_79' title='bbox 466 1154 555 1221; x_wconf 77' lang='lat' dir='ltr'><strong>i8,</strong></span> <span class='ocrx_word' id='word_1_80' title='bbox 586 1144 804 1225; x_wconf 52' lang='lat' dir='ltr'><strong>tilum),</strong></span> <span class='ocrx_word' id='word_1_81' title='bbox 831 1169 990 1224; x_wconf 88' lang='lat' dir='ltr'><strong>quam</strong></span> <span class='ocrx_word' id='word_1_82' title='bbox 1018 1156 1071 1208; x_wconf 90' lang='lat' dir='ltr'><strong>in</strong></span> <span class='ocrx_word' id='word_1_83' title='bbox 1101 1155 1204 1209; x_wconf 91' lang='lat' dir='ltr'><strong>illis</strong></span> <span class='ocrx_word' id='word_1_84' title='bbox 1230 1155 1361 1210; x_wconf 88' lang='lat' dir='ltr'><strong>locis</strong></span> <span class='ocrx_word' id='word_1_85' title='bbox 1382 1155 1472 1210; x_wconf 88' lang='lat' dir='ltr'><strong>ubi</strong></span> <span class='ocrx_word' id='word_1_86' title='bbox 1494 1155 1609 1210; x_wconf 86' lang='lat' dir='ltr'><strong>fieri</strong></span> <span class='ocrx_word' id='word_1_87' title='bbox 1635 1171 1743 1211; x_wconf 92' lang='lat' dir='ltr'><strong>non</strong></span> <span class='ocrx_word' id='word_1_88' title='bbox 1765 1166 1931 1225; x_wconf 87' lang='lat' dir='ltr'><strong>opor-</strong></span> 
     </span>
    </p>
   </div>
   <div class='ocr_carea' id='block_1_11' title="bbox 344 1244 1931 1314">
    <p class='ocr_par' dir='ltr' id='par_1_11' title="bbox 344 1244 1931 1314">
     <span class='ocr_line' id='line_1_11' title="bbox 344 1244 1931 1314; baseline -0.001 -15"><span class='ocrx_word' id='word_1_89' title='bbox 344 1251 470 1299; x_wconf 85' lang='lat' dir='ltr'><strong>tet:</strong></span> <span class='ocrx_word' id='word_1_90' title='bbox 501 1244 607 1298; x_wconf 88' lang='lat' dir='ltr'><strong>nisi</strong></span> <span class='ocrx_word' id='word_1_91' title='bbox 633 1248 714 1314; x_wconf 91' lang='lat' dir='ltr'><strong>(ut</strong></span> <span class='ocrx_word' id='word_1_92' title='bbox 750 1259 892 1313; x_wconf 68' lang='lat' dir='ltr'><strong>stepe</strong></span> <span class='ocrx_word' id='word_1_93' title='bbox 923 1244 1122 1298; x_wconf 90' lang='lat' dir='ltr'><strong>dictum</strong></span> <span class='ocrx_word' id='word_1_94' title='bbox 1153 1244 1254 1313; x_wconf 90' lang='lat' dir='ltr'><strong>est)</strong></span> <span class='ocrx_word' id='word_1_95' title='bbox 1290 1258 1389 1313; x_wconf 89' lang='lat' dir='ltr'><strong>pro</strong></span> <span class='ocrx_word' id='word_1_96' title='bbox 1425 1259 1629 1299; x_wconf 88' lang='lat' dir='ltr'><strong>summa</strong></span> <span class='ocrx_word' id='word_1_97' title='bbox 1657 1245 1931 1311; x_wconf 87' lang='lat' dir='ltr'><strong>contingat</strong></span> 
     </span>
    </p>
   </div>
   <div class='ocr_carea' id='block_1_12' title="bbox 344 1318 1922 1402">
    <p class='ocr_par' dir='ltr' id='par_1_12' title="bbox 344 1318 1922 1402">
     <span class='ocr_line' id='line_1_12' title="bbox 344 1318 1922 1402; baseline 0 -16"><span class='ocrx_word' id='word_1_98' title='bbox 344 1335 695 1397; x_wconf 88' lang='lat' dir='ltr'><strong>necessitate,</strong></span> <span class='ocrx_word' id='word_1_99' title='bbox 738 1333 991 1401; x_wconf 88' lang='lat' dir='ltr'><strong>quoniam</strong></span> <span class='ocrx_word' id='word_1_100' title='bbox 1042 1334 1334 1387; x_wconf 82' lang='lat' dir='ltr'><strong>necessitas</strong></span> <span class='ocrx_word' id='word_1_101' title='bbox 1382 1349 1489 1387; x_wconf 89' lang='lat' dir='ltr'><strong>non</strong></span> <span class='ocrx_word' id='word_1_102' title='bbox 1528 1334 1689 1388; x_wconf 84' lang='lat' dir='ltr'><strong>habet</strong></span> <span class='ocrx_word' id='word_1_103' title='bbox 1732 1318 1922 1402; x_wconf 81' lang='lat' dir='ltr'><strong>legem.</strong></span> 
     </span>
    </p>
   </div>
   <div class='ocr_carea' id='block_1_13' title="bbox 346 1419 1927 1493">
    <p class='ocr_par' dir='ltr' id='par_1_13' title="bbox 346 1419 1927 1493">
     <span class='ocr_line' id='line_1_13' title="bbox 346 1419 1927 1493; baseline 0 -18"><span class='ocrx_word' id='word_1_104' title='bbox 346 1419 508 1476; x_wconf 89' lang='lat' dir='ltr'><strong>Unde</strong></span> <span class='ocrx_word' id='word_1_105' title='bbox 535 1423 797 1493; x_wconf 85' lang='lat' dir='ltr'><strong>scriptum</strong></span> <span class='ocrx_word' id='word_1_106' title='bbox 825 1431 907 1477; x_wconf 88' lang='lat' dir='ltr'><strong>est</strong></span> <span class='ocrx_word' id='word_1_107' title='bbox 938 1440 951 1476; x_wconf 92' lang='lat'>:</span> <span class='ocrx_word' id='word_1_108' title='bbox 992 1421 1123 1476; x_wconf 76' lang='lat' dir='ltr'><strong>Vide</strong></span> <span class='ocrx_word' id='word_1_109' title='bbox 1166 1439 1231 1475; x_wconf 90' lang='lat' dir='ltr'><strong>ne</strong></span> <span class='ocrx_word' id='word_1_110' title='bbox 1275 1423 1466 1491; x_wconf 71' lang='lat' dir='ltr'><strong>oﬁ&#39;eras</strong></span> <span class='ocrx_word' id='word_1_111' title='bbox 1508 1424 1806 1478; x_wconf 73' lang='lat' dir='ltr'><strong>holocausta</strong></span> <span class='ocrx_word' id='word_1_112' title='bbox 1840 1431 1927 1475; x_wconf 88' lang='lat' dir='ltr'><strong>tua</strong></span> 
     </span>
    </p>
   </div>
   <div class='ocr_carea' id='block_1_14' title="bbox 344 1512 1928 1585">
    <p class='ocr_par' dir='ltr' id='par_1_14' title="bbox 344 1512 1928 1585">
     <span class='ocr_line' id='line_1_14' title="bbox 344 1512 1928 1585; baseline 0 -20"><span class='ocrx_word' id='word_1_113' title='bbox 344 1513 405 1565; x_wconf 85' lang='lat' dir='ltr'><strong>in</strong></span> <span class='ocrx_word' id='word_1_114' title='bbox 429 1514 569 1567; x_wconf 86' lang='lat' dir='ltr'><strong>omni</strong></span> <span class='ocrx_word' id='word_1_115' title='bbox 591 1515 706 1567; x_wconf 91' lang='lat' dir='ltr'><strong>loco</strong></span> <span class='ocrx_word' id='word_1_116' title='bbox 733 1529 879 1585; x_wconf 85' lang='lat' dir='ltr'><strong>quem</strong></span> <span class='ocrx_word' id='word_1_117' title='bbox 916 1512 1120 1576; x_wconf 75' lang='lat' dir='ltr'><strong>videris,</strong></span> <span class='ocrx_word' id='word_1_118' title='bbox 1164 1513 1253 1566; x_wconf 87' lang='lat' dir='ltr'><strong>sed</strong></span> <span class='ocrx_word' id='word_1_119' title='bbox 1292 1515 1347 1566; x_wconf 87' lang='lat' dir='ltr'><strong>in</strong></span> <span class='ocrx_word' id='word_1_120' title='bbox 1394 1513 1503 1567; x_wconf 91' lang='lat' dir='ltr'><strong>loco</strong></span> <span class='ocrx_word' id='word_1_121' title='bbox 1533 1530 1678 1584; x_wconf 84' lang='lat' dir='ltr'><strong>quem</strong></span> <span class='ocrx_word' id='word_1_122' title='bbox 1720 1515 1928 1583; x_wconf 77' lang='lat' dir='ltr'><strong>elegerit</strong></span> 
     </span>
    </p>
   </div>
   <div class='ocr_carea' id='block_1_15' title="bbox 342 1600 1921 1671">
    <p class='ocr_par' dir='ltr' id='par_1_15' title="bbox 342 1600 1921 1671">
     <span class='ocr_line' id='line_1_15' title="bbox 342 1600 1921 1671; baseline -0.001 -16"><span class='ocrx_word' id='word_1_123' title='bbox 342 1603 610 1657; x_wconf 77' lang='lat' dir='ltr'><strong>Dominus</strong></span> <span class='ocrx_word' id='word_1_124' title='bbox 635 1601 774 1656; x_wconf 91' lang='lat' dir='ltr'><strong>Deus</strong></span> <span class='ocrx_word' id='word_1_125' title='bbox 803 1611 919 1655; x_wconf 88' lang='lat' dir='ltr'><strong>tuus</strong></span> <span class='ocrx_word' id='word_1_126' title='bbox 949 1600 1125 1670; x_wconf 87' lang='lat' dir='ltr'><strong>(Deut.</strong></span> <span class='ocrx_word' id='word_1_127' title='bbox 1168 1604 1245 1671; x_wconf 72' lang='grc' dir='ltr'><strong>ι).</strong></span> <span class='ocrx_word' id='word_1_128' title='bbox 1280 1602 1347 1655; x_wconf 78' lang='lat' dir='ltr'><strong>Et</strong></span> <span class='ocrx_word' id='word_1_129' title='bbox 1374 1603 1426 1656; x_wconf 89' lang='lat' dir='ltr'><strong>in</strong></span> <span class='ocrx_word' id='word_1_130' title='bbox 1456 1602 1644 1656; x_wconf 79' lang='lat' dir='ltr'><strong>Exodo</strong></span> <span class='ocrx_word' id='word_1_131' title='bbox 1686 1603 1877 1670; x_wconf 81' lang='lat' dir='ltr'><strong>legitur</strong></span> <span class='ocrx_word' id='word_1_132' title='bbox 1909 1619 1921 1653; x_wconf 87' lang='lat'><strong>:</strong></span> 
     </span>
    </p>
   </div>
   <div class='ocr_carea' id='block_1_16' title="bbox 355 1688 1923 1762">
    <p class='ocr_par' dir='ltr' id='par_1_16' title="bbox 355 1688 1923 1762">
     <span class='ocr_line' id='line_1_16' title="bbox 355 1688 1923 1762; baseline 0 -20"><span class='ocrx_word' id='word_1_133' title='bbox 355 1692 459 1746; x_wconf 75' lang='lat' dir='ltr'><strong>Vos</strong></span> <span class='ocrx_word' id='word_1_134' title='bbox 485 1692 707 1756; x_wconf 76' lang='lat' dir='ltr'><strong>vidistis,</strong></span> <span class='ocrx_word' id='word_1_135' title='bbox 745 1694 865 1762; x_wconf 84' lang='lat' dir='ltr'><strong>quia</strong></span> <span class='ocrx_word' id='word_1_136' title='bbox 914 1691 1143 1744; x_wconf 24' lang='lat' dir='ltr'><strong>desueto</strong></span> <span class='ocrx_word' id='word_1_137' title='bbox 1190 1693 1385 1744; x_wconf 84' lang='lat' dir='ltr'><strong>locutus</strong></span> <span class='ocrx_word' id='word_1_138' title='bbox 1431 1706 1541 1744; x_wconf 87' lang='lat' dir='ltr'><strong>sum</strong></span> <span class='ocrx_word' id='word_1_139' title='bbox 1588 1690 1728 1744; x_wconf 72' lang='lat' dir='ltr'><strong>vobis</strong></span> <span class='ocrx_word' id='word_1_140' title='bbox 1750 1706 1768 1743; x_wconf 92' lang='lat'><strong><em>:</em></strong></span> <span class='ocrx_word' id='word_1_141' title='bbox 1797 1688 1923 1743; x_wconf 85' lang='lat' dir='ltr'><strong>Non</strong></span> 
     </span>
    </p>
   </div>
   <div class='ocr_carea' id='block_1_17' title="bbox 340 1779 2007 1862">
    <p class='ocr_par' dir='ltr' id='par_1_17' title="bbox 340 1779 2007 1862">
     <span class='ocr_line' id='line_1_17' title="bbox 340 1779 2007 1862; baseline -0.001 -30"><span class='ocrx_word' id='word_1_142' title='bbox 340 1781 547 1862; x_wconf 63' lang='lat' dir='ltr'><strong>facietis</strong></span> <span class='ocrx_word' id='word_1_143' title='bbox 576 1781 698 1833; x_wconf 86' lang='lat' dir='ltr'><strong>deos</strong></span> <span class='ocrx_word' id='word_1_144' title='bbox 723 1786 1011 1849; x_wconf 85' lang='lat' dir='ltr'><strong>argenteos,</strong></span> <span class='ocrx_word' id='word_1_145' title='bbox 1042 1794 1135 1832; x_wconf 88' lang='lat' dir='ltr'><strong>nec</strong></span> <span class='ocrx_word' id='word_1_146' title='bbox 1170 1779 1291 1833; x_wconf 91' lang='lat' dir='ltr'><strong>deos</strong></span> <span class='ocrx_word' id='word_1_147' title='bbox 1317 1795 1497 1833; x_wconf 81' lang='lat' dir='ltr'><strong>aureos</strong></span> <span class='ocrx_word' id='word_1_148' title='bbox 1526 1781 1726 1850; x_wconf 79' lang='lat' dir='ltr'><strong>facietis</strong></span> <span class='ocrx_word' id='word_1_149' title='bbox 1752 1779 1920 1841; x_wconf 82' lang='lat' dir='ltr'><strong>vobis;</strong></span> <span class='ocrx_word' id='word_1_150' title='bbox 1962 1799 2007 1857; x_wconf 75' lang='grc' dir='ltr'><strong>Β</strong></span> 
     </span>
    </p>
   </div>
   <div class='ocr_carea' id='block_1_18' title="bbox 338 1869 1926 1940">
    <p class='ocr_par' dir='ltr' id='par_1_18' title="bbox 338 1869 1926 1940">
     <span class='ocr_line' id='line_1_18' title="bbox 338 1869 1926 1940; baseline -0.001 -17"><span class='ocrx_word' id='word_1_151' title='bbox 338 1871 510 1924; x_wconf 84' lang='lat' dir='ltr'><strong>altare</strong></span> <span class='ocrx_word' id='word_1_152' title='bbox 548 1871 617 1924; x_wconf 88' lang='lat' dir='ltr'><strong>de</strong></span> <span class='ocrx_word' id='word_1_153' title='bbox 662 1880 797 1924; x_wconf 81' lang='lat' dir='ltr'><strong>terra</strong></span> <span class='ocrx_word' id='word_1_154' title='bbox 840 1871 1039 1940; x_wconf 77' lang='lat' dir='ltr'><strong>facietis</strong></span> <span class='ocrx_word' id='word_1_155' title='bbox 1086 1870 1235 1937; x_wconf 85' lang='lat' dir='ltr'><strong>mihi,</strong></span> <span class='ocrx_word' id='word_1_156' title='bbox 1279 1879 1328 1922; x_wconf 92' lang='lat' dir='ltr'><strong>et</strong></span> <span class='ocrx_word' id='word_1_157' title='bbox 1368 1869 1594 1938; x_wconf 74' lang='lat' dir='ltr'><strong>o/feretis</strong></span> <span class='ocrx_word' id='word_1_158' title='bbox 1622 1886 1774 1940; x_wconf 80' lang='lat' dir='ltr'><strong>super</strong></span> <span class='ocrx_word' id='word_1_159' title='bbox 1797 1870 1926 1923; x_wconf 87' lang='lat' dir='ltr'><strong>illud</strong></span> 
     </span>
    </p>
   </div>
   <div class='ocr_carea' id='block_1_19' title="bbox 338 1959 1924 2031">
    <p class='ocr_par' dir='ltr' id='par_1_19' title="bbox 338 1959 1924 2031">
     <span class='ocr_line' id='line_1_19' title="bbox 338 1959 1924 2031; baseline 0.001 -17"><span class='ocrx_word' id='word_1_160' title='bbox 338 1964 650 2015; x_wconf 76' lang='lat' dir='ltr'><strong>holocausta</strong></span> <span class='ocrx_word' id='word_1_161' title='bbox 677 1969 725 2015; x_wconf 92' lang='lat' dir='ltr'><strong>et</strong></span> <span class='ocrx_word' id='word_1_162' title='bbox 760 1960 981 2031; x_wconf 77' lang='lat' dir='ltr'><strong>paciﬁca</strong></span> <span class='ocrx_word' id='word_1_163' title='bbox 1019 1970 1217 2025; x_wconf 76' lang='lat' dir='ltr'><strong>uestra;</strong></span> <span class='ocrx_word' id='word_1_164' title='bbox 1261 1976 1378 2014; x_wconf 80' lang='lat' dir='ltr'><strong>oves</strong></span> <span class='ocrx_word' id='word_1_165' title='bbox 1404 1970 1598 2014; x_wconf 82' lang='lat' dir='ltr'><strong>vestras</strong></span> <span class='ocrx_word' id='word_1_166' title='bbox 1626 1969 1676 2014; x_wconf 87' lang='lat' dir='ltr'><strong>et</strong></span> <span class='ocrx_word' id='word_1_167' title='bbox 1695 1959 1843 2014; x_wconf 82' lang='lat' dir='ltr'><strong>boves</strong></span> <span class='ocrx_word' id='word_1_168' title='bbox 1870 1960 1924 2015; x_wconf 90' lang='lat' dir='ltr'><strong>in</strong></span> 
     </span>
    </p>
   </div>
   <div class='ocr_carea' id='block_1_20' title="bbox 337 2050 1921 2124">
    <p class='ocr_par' dir='ltr' id='par_1_20' title="bbox 337 2050 1921 2124">
     <span class='ocr_line' id='line_1_20' title="bbox 337 2050 1921 2124; baseline -0.002 -17"><span class='ocrx_word' id='word_1_169' title='bbox 337 2053 482 2107; x_wconf 81' lang='lat' dir='ltr'><strong>omni</strong></span> <span class='ocrx_word' id='word_1_170' title='bbox 509 2053 629 2107; x_wconf 82' lang='lat' dir='ltr'><strong>loco</strong></span> <span class='ocrx_word' id='word_1_171' title='bbox 662 2053 717 2106; x_wconf 84' lang='lat' dir='ltr'><strong>in</strong></span> <span class='ocrx_word' id='word_1_172' title='bbox 740 2068 838 2124; x_wconf 86' lang='lat' dir='ltr'><strong>quo</strong></span> <span class='ocrx_word' id='word_1_173' title='bbox 863 2051 1113 2105; x_wconf 82' lang='lat' dir='ltr'><strong>memoria</strong></span> <span class='ocrx_word' id='word_1_174' title='bbox 1148 2052 1303 2122; x_wconf 81' lang='lat' dir='ltr'><strong>fuerit</strong></span> <span class='ocrx_word' id='word_1_175' title='bbox 1338 2052 1562 2105; x_wconf 85' lang='lat' dir='ltr'><strong>nominis</strong></span> <span class='ocrx_word' id='word_1_176' title='bbox 1600 2052 1701 2106; x_wconf 84' lang='lat' dir='ltr'><strong>mei</strong></span> <span class='ocrx_word' id='word_1_177' title='bbox 1726 2050 1921 2122; x_wconf 71' lang='lat' dir='ltr'><strong>(Exod.</strong></span> 
     </span>
    </p>
   </div>
   <div class='ocr_carea' id='block_1_21' title="bbox 336 2141 1922 2212">
    <p class='ocr_par' dir='ltr' id='par_1_21' title="bbox 336 2141 1922 2212">
     <span class='ocr_line' id='line_1_21' title="bbox 336 2141 1922 2212; baseline -0.003 -15"><span class='ocrx_word' id='word_1_178' title='bbox 336 2146 455 2212; x_wconf 76' lang='lat' dir='ltr'><strong>xx).</strong></span> <span class='ocrx_word' id='word_1_179' title='bbox 484 2141 555 2197; x_wconf 85' lang='lat' dir='ltr'><strong>Et</strong></span> <span class='ocrx_word' id='word_1_180' title='bbox 599 2144 741 2197; x_wconf 85' lang='lat' dir='ltr'><strong>sicut</strong></span> <span class='ocrx_word' id='word_1_181' title='bbox 774 2157 884 2197; x_wconf 91' lang='lat' dir='ltr'><strong>non</strong></span> <span class='ocrx_word' id='word_1_182' title='bbox 915 2142 1006 2196; x_wconf 86' lang='lat' dir='ltr'><strong>alii</strong></span> <span class='ocrx_word' id='word_1_183' title='bbox 1044 2155 1204 2210; x_wconf 88' lang='lat' dir='ltr'><strong>quam</strong></span> <span class='ocrx_word' id='word_1_184' title='bbox 1254 2142 1450 2196; x_wconf 86' lang='lat' dir='ltr'><strong>sacrati</strong></span> <span class='ocrx_word' id='word_1_185' title='bbox 1490 2141 1716 2195; x_wconf 87' lang='lat' dir='ltr'><strong>Domino</strong></span> <span class='ocrx_word' id='word_1_186' title='bbox 1741 2156 1922 2196; x_wconf 91' lang='lat' dir='ltr'><strong>sacer-</strong></span> 
     </span>
    </p>
   </div>
   <div class='ocr_carea' id='block_1_22' title="bbox 334 2230 1923 2299">
    <p class='ocr_par' dir='ltr' id='par_1_22' title="bbox 334 2230 1923 2299">
     <span class='ocr_line' id='line_1_22' title="bbox 334 2230 1923 2299; baseline -0.003 -10"><span class='ocrx_word' id='word_1_187' title='bbox 334 2235 495 2288; x_wconf 83' lang='lat' dir='ltr'><strong>dotes</strong></span> <span class='ocrx_word' id='word_1_188' title='bbox 537 2233 739 2288; x_wconf 87' lang='lat' dir='ltr'><strong>debent</strong></span> <span class='ocrx_word' id='word_1_189' title='bbox 784 2233 974 2286; x_wconf 89' lang='lat' dir='ltr'><strong>missas</strong></span> <span class='ocrx_word' id='word_1_190' title='bbox 1018 2238 1264 2296; x_wconf 88' lang='lat' dir='ltr'><strong>cantare,</strong></span> <span class='ocrx_word' id='word_1_191' title='bbox 1317 2246 1418 2286; x_wconf 91' lang='lat' dir='ltr'><strong>nec</strong></span> <span class='ocrx_word' id='word_1_192' title='bbox 1455 2230 1715 2285; x_wconf 83' lang='lat' dir='ltr'><strong>sacriﬁcia</strong></span> <span class='ocrx_word' id='word_1_193' title='bbox 1760 2245 1923 2299; x_wconf 85' lang='lat' dir='ltr'><strong>super</strong></span> 
     </span>
    </p>
   </div>
   <div class='ocr_carea' id='block_1_23' title="bbox 334 2318 1922 2391">
    <p class='ocr_par' dir='ltr' id='par_1_23' title="bbox 334 2318 1922 2391">
     <span class='ocr_line' id='line_1_23' title="bbox 334 2318 1922 2391; baseline -0.003 -10"><span class='ocrx_word' id='word_1_194' title='bbox 334 2326 509 2381; x_wconf 83' lang='lat' dir='ltr'><strong>altare</strong></span> <span class='ocrx_word' id='word_1_195' title='bbox 538 2326 735 2381; x_wconf 80' lang='lat' dir='ltr'><strong>oﬂ&#39;erre</strong></span> <span class='ocrx_word' id='word_1_196' title='bbox 763 2341 776 2376; x_wconf 83' lang='lat'><strong><em>:</em></strong></span> <span class='ocrx_word' id='word_1_197' title='bbox 805 2325 883 2379; x_wconf 89' lang='lat' dir='ltr'><strong>sic</strong></span> <span class='ocrx_word' id='word_1_198' title='bbox 908 2338 1011 2378; x_wconf 89' lang='lat' dir='ltr'><strong>nec</strong></span> <span class='ocrx_word' id='word_1_199' title='bbox 1038 2324 1093 2377; x_wconf 91' lang='lat' dir='ltr'><strong>in</strong></span> <span class='ocrx_word' id='word_1_200' title='bbox 1136 2322 1253 2377; x_wconf 90' lang='lat' dir='ltr'><strong>aliis</strong></span> <span class='ocrx_word' id='word_1_201' title='bbox 1279 2336 1442 2391; x_wconf 84' lang='lat' dir='ltr'><strong>quam</strong></span> <span class='ocrx_word' id='word_1_202' title='bbox 1470 2322 1524 2376; x_wconf 86' lang='lat' dir='ltr'><strong>in</strong></span> <span class='ocrx_word' id='word_1_203' title='bbox 1561 2318 1796 2390; x_wconf 67' lang='lat' dir='ltr'><strong>pratiatis</strong></span> <span class='ocrx_word' id='word_1_204' title='bbox 1813 2320 1922 2376; x_wconf 88' lang='lat' dir='ltr'><strong>Do-</strong></span> 
     </span>
    </p>
   </div>
   <div class='ocr_carea' id='block_1_24' title="bbox 331 2412 1919 2474">
    <p class='ocr_par' dir='ltr' id='par_1_24' title="bbox 331 2412 1919 2474">
     <span class='ocr_line' id='line_1_24' title="bbox 331 2412 1919 2474; baseline -0.006 0"><span class='ocrx_word' id='word_1_205' title='bbox 331 2419 486 2474; x_wconf 83' lang='lat' dir='ltr'><strong>mino</strong></span> <span class='ocrx_word' id='word_1_206' title='bbox 513 2418 741 2472; x_wconf 83' lang='lat' dir='ltr'><strong>sacratis</strong></span> <span class='ocrx_word' id='word_1_207' title='bbox 768 2416 900 2472; x_wconf 87' lang='lat' dir='ltr'><strong>locis</strong></span> <span class='ocrx_word' id='word_1_208' title='bbox 936 2415 1124 2470; x_wconf 87' lang='lat' dir='ltr'><strong>missas</strong></span> <span class='ocrx_word' id='word_1_209' title='bbox 1172 2423 1389 2469; x_wconf 89' lang='lat' dir='ltr'><strong>cantare</strong></span> <span class='ocrx_word' id='word_1_210' title='bbox 1428 2422 1523 2468; x_wconf 86' lang='lat' dir='ltr'><strong>aut</strong></span> <span class='ocrx_word' id='word_1_211' title='bbox 1547 2412 1805 2470; x_wconf 82' lang='lat' dir='ltr'><strong>sacriﬁcia</strong></span> <span class='ocrx_word' id='word_1_212' title='bbox 1833 2412 1919 2467; x_wconf 88' lang='lat' dir='ltr'><strong>of-</strong></span> 
     </span>
    </p>
   </div>
   <div class='ocr_carea' id='block_1_25' title="bbox 334 2501 1919 2571">
    <p class='ocr_par' dir='ltr' id='par_1_25' title="bbox 334 2501 1919 2571">
     <span class='ocr_line' id='line_1_25' title="bbox 334 2501 1919 2571; baseline -0.005 -8"><span class='ocrx_word' id='word_1_213' title='bbox 334 2508 479 2563; x_wconf 67' lang='lat' dir='ltr'><strong>ﬁcrre</strong></span> <span class='ocrx_word' id='word_1_214' title='bbox 508 2507 710 2562; x_wconf 88' lang='lat' dir='ltr'><strong>licebit.</strong></span> <span class='ocrx_word' id='word_1_215' title='bbox 748 2505 806 2561; x_wconf 89' lang='lat' dir='ltr'><strong>Si</strong></span> <span class='ocrx_word' id='word_1_216' title='bbox 843 2514 1044 2568; x_wconf 85' lang='lat' dir='ltr'><strong>autem,</strong></span> <span class='ocrx_word' id='word_1_217' title='bbox 1069 2511 1127 2558; x_wconf 91' lang='lat' dir='ltr'><strong>ut</strong></span> <span class='ocrx_word' id='word_1_218' title='bbox 1154 2504 1349 2571; x_wconf 76' lang='lat' dir='ltr'><strong>legitur</strong></span> <span class='ocrx_word' id='word_1_219' title='bbox 1376 2507 1430 2557; x_wconf 91' lang='lat' dir='ltr'><strong>in</strong></span> <span class='ocrx_word' id='word_1_220' title='bbox 1468 2503 1697 2558; x_wconf 91' lang='lat' dir='ltr'><strong>concilio</strong></span> <span class='ocrx_word' id='word_1_221' title='bbox 1722 2501 1919 2556; x_wconf 82' lang='lat' dir='ltr'><strong>Laodi-</strong></span> 
     </span>
    </p>
   </div>
   <div class='ocr_carea' id='block_1_26' title="bbox 335 2591 1913 2669">
    <p class='ocr_par' dir='ltr' id='par_1_26' title="bbox 335 2591 1913 2669">
     <span class='ocr_line' id='line_1_26' title="bbox 335 2591 1913 2669; baseline -0.006 -15"><span class='ocrx_word' id='word_1_222' title='bbox 335 2599 489 2655; x_wconf 85' lang='lat' dir='ltr'><strong>censi</strong></span> <span class='ocrx_word' id='word_1_223' title='bbox 512 2599 599 2669; x_wconf 68' lang='lat' dir='ltr'><strong>(ex</strong></span> <span class='ocrx_word' id='word_1_224' title='bbox 616 2599 847 2666; x_wconf 78' lang='lat' dir='ltr'><strong>versione</strong></span> <span class='ocrx_word' id='word_1_225' title='bbox 865 2595 1103 2665; x_wconf 73' lang='lat' dir='ltr'><strong>Dionysii</strong></span> <span class='ocrx_word' id='word_1_226' title='bbox 1129 2594 1341 2665; x_wconf 74' lang='lat' dir='ltr'><strong>Exigui)</strong></span> <span class='ocrx_word' id='word_1_227' title='bbox 1363 2594 1539 2663; x_wconf 85' lang='lat' dir='ltr'><strong>capite</strong></span> <span class='ocrx_word' id='word_1_228' title='bbox 1564 2592 1653 2660; x_wconf 73' lang='lat'><strong>26,</strong></span> <span class='ocrx_word' id='word_1_229' title='bbox 1678 2593 1820 2660; x_wconf 88' lang='lat' dir='ltr'><strong>quod</strong></span> <span class='ocrx_word' id='word_1_230' title='bbox 1837 2591 1913 2661; x_wconf 92' lang='lat' dir='ltr'><strong>(a)</strong></span> 
     </span>
    </p>
   </div>
   <div class='ocr_carea' id='block_1_27' title="bbox 333 2680 1914 2758">
    <p class='ocr_par' dir='ltr' id='par_1_27' title="bbox 333 2680 1914 2758">
     <span class='ocr_line' id='line_1_27' title="bbox 333 2680 1914 2758; baseline -0.005 -16"><span class='ocrx_word' id='word_1_231' title='bbox 333 2689 393 2742; x_wconf 83' lang='lat' dir='ltr'><strong>hi</strong></span> <span class='ocrx_word' id='word_1_232' title='bbox 443 2687 691 2758; x_wconf 57' lang='lat' dir='ltr'><strong>quionon</strong></span> <span class='ocrx_word' id='word_1_233' title='bbox 719 2693 843 2739; x_wconf 88' lang='lat' dir='ltr'><strong>sunt</strong></span> <span class='ocrx_word' id='word_1_234' title='bbox 864 2684 931 2738; x_wconf 86' lang='lat' dir='ltr'><strong>ab</strong></span> <span class='ocrx_word' id='word_1_235' title='bbox 958 2684 1221 2753; x_wconf 87' lang='lat' dir='ltr'><strong>episcopis</strong></span> <span class='ocrx_word' id='word_1_236' title='bbox 1248 2681 1480 2736; x_wconf 85' lang='lat' dir='ltr'><strong>ordinati</strong></span> <span class='ocrx_word' id='word_1_237' title='bbox 1510 2690 1626 2743; x_wconf 82' lang='lat' dir='ltr'><strong>tam</strong></span> <span class='ocrx_word' id='word_1_238' title='bbox 1655 2681 1710 2734; x_wconf 91' lang='lat' dir='ltr'><strong>in</strong></span> <span class='ocrx_word' id='word_1_239' title='bbox 1739 2680 1914 2735; x_wconf 89' lang='lat' dir='ltr'><strong>eccle-</strong></span> 
     </span>
    </p>
   </div>
   <div class='ocr_carea' id='block_1_28' title="bbox 334 2772 1905 2848">
    <p class='ocr_par' dir='ltr' id='par_1_28' title="bbox 334 2772 1905 2848">
     <span class='ocr_line' id='line_1_28' title="bbox 334 2772 1905 2848; baseline -0.006 -15"><span class='ocrx_word' id='word_1_240' title='bbox 334 2778 429 2834; x_wconf 79' lang='lat' dir='ltr'><strong>siis</strong></span> <span class='ocrx_word' id='word_1_241' title='bbox 492 2790 653 2848; x_wconf 88' lang='lat' dir='ltr'><strong>quam</strong></span> <span class='ocrx_word' id='word_1_242' title='bbox 710 2776 762 2829; x_wconf 89' lang='lat' dir='ltr'><strong>in</strong></span> <span class='ocrx_word' id='word_1_243' title='bbox 823 2773 1069 2829; x_wconf 89' lang='lat' dir='ltr'><strong>domibus</strong></span> <span class='ocrx_word' id='word_1_244' title='bbox 1121 2772 1429 2827; x_wconf 76' lang='lat' dir='ltr'><strong>exorcizare</strong></span> <span class='ocrx_word' id='word_1_245' title='bbox 1477 2785 1584 2825; x_wconf 87' lang='lat' dir='ltr'><strong>non</strong></span> <span class='ocrx_word' id='word_1_246' title='bbox 1639 2779 1905 2839; x_wconf 89' lang='lat' dir='ltr'><strong>possunt,</strong></span> 
     </span>
    </p>
   </div>
   <div class='ocr_carea' id='block_1_29' title="bbox 332 2858 1914 2934">
    <p class='ocr_par' dir='ltr' id='par_1_29' title="bbox 332 2858 1914 2934">
     <span class='ocr_line' id='line_1_29' title="bbox 332 2858 1914 2934; baseline -0.005 -11"><span class='ocrx_word' id='word_1_247' title='bbox 332 2867 506 2923; x_wconf 78' lang='lat' dir='ltr'><strong>multo</strong></span> <span class='ocrx_word' id='word_1_248' title='bbox 545 2866 717 2934; x_wconf 85' lang='lat' dir='ltr'><strong>magis</strong></span> <span class='ocrx_word' id='word_1_249' title='bbox 742 2863 954 2934; x_wconf 78' lang='lat' dir='ltr'><strong>(minus)</strong></span> <span class='ocrx_word' id='word_1_250' title='bbox 983 2862 1202 2931; x_wconf 86' lang='lat' dir='ltr'><strong>majoris</strong></span> <span class='ocrx_word' id='word_1_251' title='bbox 1230 2862 1424 2930; x_wconf 88' lang='lat' dir='ltr'><strong>gradus</strong></span> <span class='ocrx_word' id='word_1_252' title='bbox 1451 2860 1766 2924; x_wconf 87' lang='lat' dir='ltr'><strong>ministeria,</strong></span> <span class='ocrx_word' id='word_1_253' title='bbox 1810 2858 1914 2915; x_wconf 83' lang='lat' dir='ltr'><strong>nisi</strong></span> 
     </span>
    </p>
   </div>
   <div class='ocr_carea' id='block_1_30' title="bbox 330 2950 1912 3026">
    <p class='ocr_par' dir='ltr' id='par_1_30' title="bbox 330 2950 1912 3026">
     <span class='ocr_line' id='line_1_30' title="bbox 330 2950 1912 3026; baseline -0.008 -12"><span class='ocrx_word' id='word_1_254' title='bbox 330 2958 403 3014; x_wconf 75' lang='lat' dir='ltr'><strong>ab</strong></span> <span class='ocrx_word' id='word_1_255' title='bbox 428 2958 510 3013; x_wconf 84' lang='lat' dir='ltr'><strong>eis</strong></span> <span class='ocrx_word' id='word_1_256' title='bbox 534 2957 629 3026; x_wconf 87' lang='lat' dir='ltr'><strong>qui</strong></span> <span class='ocrx_word' id='word_1_257' title='bbox 655 2956 723 3010; x_wconf 88' lang='lat' dir='ltr'><strong>ad</strong></span> <span class='ocrx_word' id='word_1_258' title='bbox 749 2970 845 3010; x_wconf 89' lang='lat' dir='ltr'><strong>eos</strong></span> <span class='ocrx_word' id='word_1_259' title='bbox 886 2953 1078 3023; x_wconf 88' lang='lat' dir='ltr'><strong>gradus</strong></span> <span class='ocrx_word' id='word_1_260' title='bbox 1117 2960 1243 3006; x_wconf 86' lang='lat' dir='ltr'><strong>sunt</strong></span> <span class='ocrx_word' id='word_1_261' title='bbox 1282 2952 1477 3005; x_wconf 86' lang='lat' dir='ltr'><strong>sacrati</strong></span> <span class='ocrx_word' id='word_1_262' title='bbox 1525 2950 1718 3019; x_wconf 84' lang='lat' dir='ltr'><strong>quibus</strong></span> <span class='ocrx_word' id='word_1_263' title='bbox 1765 2950 1912 3017; x_wconf 79' lang='lat' dir='ltr'><strong>fungi</strong></span> 
     </span>
    </p>
   </div>
   <div class='ocr_carea' id='block_1_31' title="bbox 331 3038 1911 3110">
    <p class='ocr_par' dir='ltr' id='par_1_31' title="bbox 331 3038 1911 3110">
     <span class='ocr_line' id='line_1_31' title="bbox 331 3038 1911 3110; baseline -0.008 -6"><span class='ocrx_word' id='word_1_264' title='bbox 331 3048 533 3103; x_wconf 81' lang='lat' dir='ltr'><strong>debent</strong></span> <span class='ocrx_word' id='word_1_265' title='bbox 565 3043 741 3101; x_wconf 88' lang='lat' dir='ltr'><strong>ofﬁcia</strong></span> <span class='ocrx_word' id='word_1_266' title='bbox 779 3044 863 3110; x_wconf 81' lang='lat' dir='ltr'><strong>agi</strong></span> <span class='ocrx_word' id='word_1_267' title='bbox 914 3044 999 3098; x_wconf 65' lang='lat' dir='ltr'><strong>vel</strong></span> <span class='ocrx_word' id='word_1_268' title='bbox 1045 3040 1304 3096; x_wconf 87' lang='lat' dir='ltr'><strong>sacriﬁcia</strong></span> <span class='ocrx_word' id='word_1_269' title='bbox 1350 3038 1530 3094; x_wconf 80' lang='lat' dir='ltr'><strong>oﬁ‘erri</strong></span> <span class='ocrx_word' id='word_1_270' title='bbox 1581 3040 1726 3094; x_wconf 84' lang='lat' dir='ltr'><strong>licet.</strong></span> <span class='ocrx_word' id='word_1_271' title='bbox 1756 3038 1911 3105; x_wconf 86' lang='lat' dir='ltr'><strong>Quod</strong></span> 
     </span>
    </p>
   </div>
   <div class='ocr_carea' id='block_1_32' title="bbox 330 3130 1982 3209">
    <p class='ocr_par' dir='ltr' id='par_1_32' title="bbox 330 3130 1982 3209">
     <span class='ocr_line' id='line_1_32' title="bbox 330 3130 1982 3209; baseline -0.006 -16"><span class='ocrx_word' id='word_1_272' title='bbox 330 3147 515 3194; x_wconf 85' lang='lat' dir='ltr'><strong>autem</strong></span> <span class='ocrx_word' id='word_1_273' title='bbox 544 3139 627 3208; x_wconf 88' lang='lat' dir='ltr'><strong>(ut</strong></span> <span class='ocrx_word' id='word_1_274' title='bbox 660 3137 819 3208; x_wconf 90' lang='lat' dir='ltr'><strong>paulo</strong></span> <span class='ocrx_word' id='word_1_275' title='bbox 846 3134 1088 3204; x_wconf 87' lang='lat' dir='ltr'><strong>superius</strong></span> <span class='ocrx_word' id='word_1_276' title='bbox 1122 3131 1450 3202; x_wconf 70' lang='lat' dir='ltr'><strong>prmlibatum</strong></span> <span class='ocrx_word' id='word_1_277' title='bbox 1479 3130 1583 3202; x_wconf 88' lang='lat' dir='ltr'><strong>est)</strong></span> <span class='ocrx_word' id='word_1_278' title='bbox 1614 3131 1911 3185; x_wconf 87' lang='lat' dir='ltr'><strong>oblationes</strong></span> <span class='ocrx_word' id='word_1_279' title='bbox 1936 3148 1982 3209; x_wconf 69' lang='grc' dir='ltr'><strong>ρ</strong></span> 
     </span>
    </p>
   </div>
   <div class='ocr_carea' id='block_1_33' title="bbox 331 3221 1908 3288">
    <p class='ocr_par' dir='ltr' id='par_1_33' title="bbox 331 3221 1908 3288">
     <span class='ocr_line' id='line_1_33' title="bbox 331 3221 1908 3288; baseline -0.006 -3"><span class='ocrx_word' id='word_1_280' title='bbox 331 3221 386 3285; x_wconf 82' lang='grc' dir='ltr'><strong>ιη</strong></span> <span class='ocrx_word' id='word_1_281' title='bbox 412 3229 661 3284; x_wconf 88' lang='lat' dir='ltr'><strong>domibus</strong></span> <span class='ocrx_word' id='word_1_282' title='bbox 705 3226 882 3283; x_wconf 71' lang='lat' dir='ltr'><strong>oﬁ&#39;er‘ri</strong></span> <span class='ocrx_word' id='word_1_283' title='bbox 922 3241 1032 3279; x_wconf 88' lang='lat' dir='ltr'><strong>non</strong></span> <span class='ocrx_word' id='word_1_284' title='bbox 1074 3224 1299 3288; x_wconf 88' lang='lat' dir='ltr'><strong>debent,</strong></span> <span class='ocrx_word' id='word_1_285' title='bbox 1350 3224 1405 3277; x_wconf 90' lang='lat' dir='ltr'><strong>in</strong></span> <span class='ocrx_word' id='word_1_286' title='bbox 1451 3222 1641 3277; x_wconf 89' lang='lat' dir='ltr'><strong>eodem</strong></span> <span class='ocrx_word' id='word_1_287' title='bbox 1679 3222 1908 3277; x_wconf 88' lang='lat' dir='ltr'><strong>concilio</strong></span> 
     </span>
    </p>
   </div>
   <div class='ocr_carea' id='block_1_34' title="bbox 328 3310 1908 3391">
    <p class='ocr_par' dir='ltr' id='par_1_34' title="bbox 328 3310 1908 3391">
     <span class='ocr_line' id='line_1_34' title="bbox 328 3310 1908 3391; baseline -0.008 -15"><span class='ocrx_word' id='word_1_288' title='bbox 328 3322 508 3391; x_wconf 80' lang='lat' dir='ltr'><strong>capite</strong></span> <span class='ocrx_word' id='word_1_289' title='bbox 551 3318 622 3373; x_wconf 84' lang='lat'><strong>58</strong></span> <span class='ocrx_word' id='word_1_290' title='bbox 652 3319 725 3389; x_wconf 90' lang='lat' dir='ltr'><strong>(b)</strong></span> <span class='ocrx_word' id='word_1_291' title='bbox 761 3316 1088 3387; x_wconf 89' lang='lat' dir='ltr'><strong>prohibitum</strong></span> <span class='ocrx_word' id='word_1_292' title='bbox 1125 3314 1368 3379; x_wconf 88' lang='lat' dir='ltr'><strong>habetur,</strong></span> <span class='ocrx_word' id='word_1_293' title='bbox 1407 3314 1479 3367; x_wconf 89' lang='lat' dir='ltr'><strong>ita</strong></span> <span class='ocrx_word' id='word_1_294' title='bbox 1508 3331 1520 3365; x_wconf 91' lang='lat'><strong>:</strong></span> <span class='ocrx_word' id='word_1_295' title='bbox 1555 3310 1679 3367; x_wconf 90' lang='lat' dir='ltr'><strong>Non</strong></span> <span class='ocrx_word' id='word_1_296' title='bbox 1712 3320 1908 3381; x_wconf 85' lang='lat' dir='ltr'><strong>oportet</strong></span> 
     </span>
    </p>
   </div>
   <div class='ocr_carea' id='block_1_35' title="bbox 324 3402 1906 3474">
    <p class='ocr_par' dir='ltr' id='par_1_35' title="bbox 324 3402 1906 3474">
     <span class='ocr_line' id='line_1_35' title="bbox 324 3402 1906 3474; baseline -0.008 -6"><span class='ocrx_word' id='word_1_297' title='bbox 324 3415 382 3468; x_wconf 77' lang='lat' dir='ltr'><strong>ist</strong></span> <span class='ocrx_word' id='word_1_298' title='bbox 400 3410 637 3468; x_wconf 82' lang='lat' dir='ltr'><strong>domibus</strong></span> <span class='ocrx_word' id='word_1_299' title='bbox 660 3409 945 3465; x_wconf 86' lang='lat' dir='ltr'><strong>oblationes</strong></span> <span class='ocrx_word' id='word_1_300' title='bbox 971 3406 1218 3460; x_wconf 85' lang='lat' dir='ltr'><strong>celebrari</strong></span> <span class='ocrx_word' id='word_1_301' title='bbox 1252 3403 1315 3457; x_wconf 89' lang='lat' dir='ltr'><strong>ab</strong></span> <span class='ocrx_word' id='word_1_302' title='bbox 1343 3404 1595 3474; x_wconf 81' lang='lat' dir='ltr'><strong>episcopis</strong></span> <span class='ocrx_word' id='word_1_303' title='bbox 1621 3402 1906 3474; x_wconf 82' lang='lat' dir='ltr'><strong>et-presby-</strong></span> 
     </span>
    </p>
   </div>
   <div class='ocr_carea' id='block_1_36' title="bbox 329 3495 1901 3559">
    <p class='ocr_par' dir='ltr' id='par_1_36' title="bbox 329 3495 1901 3559">
     <span class='ocr_line' id='line_1_36' title="bbox 329 3495 1901 3559; baseline -0.007 0"><span class='ocrx_word' id='word_1_304' title='bbox 329 3506 471 3559; x_wconf 85' lang='lat' dir='ltr'><strong>teris.</strong></span> <span class='ocrx_word' id='word_1_305' title='bbox 513 3502 893 3557; x_wconf 88' lang='lat' dir='ltr'><strong>Solemnitates</strong></span> <span class='ocrx_word' id='word_1_306' title='bbox 938 3514 1068 3553; x_wconf 77' lang='lat' dir='ltr'><strong>vero</strong></span> <span class='ocrx_word' id='word_1_307' title='bbox 1114 3497 1509 3552; x_wconf 86' lang='lat' dir='ltr'><strong>dedicationum</strong></span> <span class='ocrx_word' id='word_1_308' title='bbox 1557 3495 1901 3550; x_wconf 87' lang='lat' dir='ltr'><strong>ecclesiarum</strong></span> 
     </span>
    </p>
   </div>
   <div class='ocr_carea' id='block_1_37' title="bbox 324 3573 1904 3663">
    <p class='ocr_par' dir='ltr' id='par_1_37' title="bbox 324 3573 1904 3663">
     <span class='ocr_line' id='line_1_37' title="bbox 324 3573 1904 3663; baseline -0.009 -10"><span class='ocrx_word' id='word_1_309' title='bbox 324 3607 382 3654; x_wconf 90' lang='lat' dir='ltr'><strong>et</strong></span> <span class='ocrx_word' id='word_1_310' title='bbox 419 3573 762 3651; x_wconf 81' lang='lat' dir='ltr'><strong>sacerdotum</strong></span> <span class='ocrx_word' id='word_1_311' title='bbox 797 3576 894 3663; x_wconf 79' lang='lat' dir='ltr'><strong>per</strong></span> <span class='ocrx_word' id='word_1_312' title='bbox 930 3589 1166 3659; x_wconf 84' lang='lat' dir='ltr'><strong>singulos</strong></span> <span class='ocrx_word' id='word_1_313' title='bbox 1218 3604 1389 3643; x_wconf 87' lang='lat' dir='ltr'><strong>annos</strong></span> <span class='ocrx_word' id='word_1_314' title='bbox 1434 3587 1744 3644; x_wconf 85' lang='lat' dir='ltr'><strong>solemniter</strong></span> <span class='ocrx_word' id='word_1_315' title='bbox 1777 3595 1904 3641; x_wconf 89' lang='lat' dir='ltr'><strong>sunt</strong></span> 
     </span>
    </p>
   </div>
   <div class='ocr_carea' id='block_1_38' title="bbox 325 3675 1901 3752">
    <p class='ocr_par' dir='ltr' id='par_1_38' title="bbox 325 3675 1901 3752">
     <span class='ocr_line' id='line_1_38' title="bbox 325 3675 1901 3752; baseline -0.009 -11"><span class='ocrx_word' id='word_1_316' title='bbox 325 3686 676 3750; x_wconf 65' lang='lat' dir='ltr'><strong>celebrandae,</strong></span> <span class='ocrx_word' id='word_1_317' title='bbox 703 3684 818 3752; x_wconf 89' lang='lat' dir='ltr'><strong>ipso</strong></span> <span class='ocrx_word' id='word_1_318' title='bbox 857 3680 1085 3735; x_wconf 90' lang='lat' dir='ltr'><strong>Domino</strong></span> <span class='ocrx_word' id='word_1_319' title='bbox 1112 3679 1355 3746; x_wconf 81' lang='lat' dir='ltr'><strong>exempla</strong></span> <span class='ocrx_word' id='word_1_320' title='bbox 1402 3677 1580 3736; x_wconf 89' lang='lat' dir='ltr'><strong>dante.</strong></span> <span class='ocrx_word' id='word_1_321' title='bbox 1612 3676 1701 3746; x_wconf 90' lang='lat' dir='ltr'><strong>qui</strong></span> <span class='ocrx_word' id='word_1_322' title='bbox 1731 3676 1797 3729; x_wconf 85' lang='lat' dir='ltr'><strong>ad</strong></span> <span class='ocrx_word' id='word_1_323' title='bbox 1823 3675 1901 3728; x_wconf 83' lang='lat' dir='ltr'><strong>l&#39;e-</strong></span> 
     </span>
    </p>
   </div>
   <div class='ocr_carea' id='block_1_39' title="bbox 320 3766 1899 3841">
    <p class='ocr_par' dir='ltr' id='par_1_39' title="bbox 320 3766 1899 3841">
     <span class='ocr_line' id='line_1_39' title="bbox 320 3766 1899 3841; baseline -0.01 -7"><span class='ocrx_word' id='word_1_324' title='bbox 320 3786 465 3834; x_wconf 80' lang='lat' dir='ltr'><strong>stum</strong></span> <span class='ocrx_word' id='word_1_325' title='bbox 504 3774 851 3830; x_wconf 87' lang='lat' dir='ltr'><strong>dedicationis</strong></span> <span class='ocrx_word' id='word_1_326' title='bbox 890 3771 1093 3841; x_wconf 89' lang='lat' dir='ltr'><strong>templi,</strong></span> <span class='ocrx_word' id='word_1_327' title='bbox 1134 3771 1380 3825; x_wconf 88' lang='lat' dir='ltr'><strong>omnibus</strong></span> <span class='ocrx_word' id='word_1_328' title='bbox 1415 3768 1465 3822; x_wconf 91' lang='lat' dir='ltr'><strong>id</strong></span> <span class='ocrx_word' id='word_1_329' title='bbox 1498 3767 1739 3821; x_wconf 81' lang='lat' dir='ltr'><strong>faciendo</strong></span> <span class='ocrx_word' id='word_1_330' title='bbox 1768 3766 1899 3819; x_wconf 89' lang='lat' dir='ltr'><strong>dans</strong></span> 
     </span>
    </p>
   </div>
   <div class='ocr_carea' id='block_1_40' title="bbox 324 3855 1896 3931">
    <p class='ocr_par' dir='ltr' id='par_1_40' title="bbox 324 3855 1896 3931">
     <span class='ocr_line' id='line_1_40' title="bbox 324 3855 1896 3931; baseline -0.008 -10"><span class='ocrx_word' id='word_1_331' title='bbox 324 3866 713 3928; x_wconf 81' lang='lat' dir='ltr'><strong>lonnam,cum</strong></span> <span class='ocrx_word' id='word_1_332' title='bbox 758 3860 976 3931; x_wconf 84' lang='lat' dir='ltr'><strong>reliquis</strong></span> <span class='ocrx_word' id='word_1_333' title='bbox 1015 3859 1226 3931; x_wconf 82' lang='lat' dir='ltr'><strong>p0puﬁs</strong></span> <span class='ocrx_word' id='word_1_334' title='bbox 1260 3856 1505 3913; x_wconf 79' lang='lat' dir='ltr'><strong>eamdem</strong></span> <span class='ocrx_word' id='word_1_335' title='bbox 1550 3855 1896 3910; x_wconf 67' lang='lat' dir='ltr'><strong>feStivitatem</strong></span> 
     </span>
    </p>
   </div>
   <div class='ocr_carea' id='block_1_41' title="bbox 320 3943 1898 4018">
    <p class='ocr_par' dir='ltr' id='par_1_41' title="bbox 320 3943 1898 4018">
     <span class='ocr_line' id='line_1_41' title="bbox 320 3943 1898 4018; baseline -0.008 -7"><span class='ocrx_word' id='word_1_336' title='bbox 320 3956 688 4011; x_wconf 80' lang='lat' dir='ltr'><strong>celebraturns</strong></span> <span class='ocrx_word' id='word_1_337' title='bbox 723 3952 887 4016; x_wconf 77' lang='lat' dir='ltr'><strong>venit,</strong></span> <span class='ocrx_word' id='word_1_338' title='bbox 935 3950 1074 4005; x_wconf 89' lang='lat' dir='ltr'><strong>sicut</strong></span> <span class='ocrx_word' id='word_1_339' title='bbox 1118 3950 1372 4018; x_wconf 90' lang='lat' dir='ltr'><strong>scriptum</strong></span> <span class='ocrx_word' id='word_1_340' title='bbox 1425 3955 1509 4001; x_wconf 91' lang='lat' dir='ltr'><strong>est</strong></span> <span class='ocrx_word' id='word_1_341' title='bbox 1538 3964 1550 4000; x_wconf 91' lang='lat'><strong>:</strong></span> <span class='ocrx_word' id='word_1_342' title='bbox 1581 3943 1750 3999; x_wconf 87' lang='lat' dir='ltr'><strong>Facta</strong></span> <span class='ocrx_word' id='word_1_343' title='bbox 1777 3952 1898 3999; x_wconf 83' lang='lat' dir='ltr'><strong>sunt</strong></span> 
     </span>
    </p>
   </div>
   <div class='ocr_carea' id='block_1_42' title="bbox 317 4034 1893 4111">
    <p class='ocr_par' dir='ltr' id='par_1_42' title="bbox 317 4034 1893 4111">
     <span class='ocr_line' id='line_1_42' title="bbox 317 4034 1893 4111; baseline -0.008 -10"><span class='ocrx_word' id='word_1_344' title='bbox 317 4047 548 4101; x_wconf 77' lang='lat' dir='ltr'><strong>enctenia</strong></span> <span class='ocrx_word' id='word_1_345' title='bbox 572 4046 626 4098; x_wconf 90' lang='lat' dir='ltr'><strong>in</strong></span> <span class='ocrx_word' id='word_1_346' title='bbox 662 4041 1055 4111; x_wconf 80' lang='lat' dir='ltr'><strong>Hierosolymis,</strong></span> <span class='ocrx_word' id='word_1_347' title='bbox 1084 4047 1134 4094; x_wconf 90' lang='lat' dir='ltr'><strong>et</strong></span> <span class='ocrx_word' id='word_1_348' title='bbox 1163 4040 1324 4092; x_wconf 83' lang='lat' dir='ltr'><strong>hiems</strong></span> <span class='ocrx_word' id='word_1_349' title='bbox 1351 4047 1497 4103; x_wconf 89' lang='lat' dir='ltr'><strong>erat;</strong></span> <span class='ocrx_word' id='word_1_350' title='bbox 1521 4044 1569 4090; x_wconf 87' lang='lat' dir='ltr'><strong>et</strong></span> <span class='ocrx_word' id='word_1_351' title='bbox 1598 4034 1893 4090; x_wconf 81' lang='lat' dir='ltr'><strong>ambulabat</strong></span> 
     </span>
    </p>
   </div>
   <div class='ocr_carea' id='block_1_43' title="bbox 317 4124 1890 4201">
    <p class='ocr_par' dir='ltr' id='par_1_43' title="bbox 317 4124 1890 4201">
     <span class='ocr_line' id='line_1_43' title="bbox 317 4124 1890 4201; baseline -0.007 -10"><span class='ocrx_word' id='word_1_352' title='bbox 317 4137 466 4191; x_wconf 71' lang='lat' dir='ltr'><strong>Iesus</strong></span> <span class='ocrx_word' id='word_1_353' title='bbox 486 4137 542 4188; x_wconf 87' lang='lat' dir='ltr'><strong>in</strong></span> <span class='ocrx_word' id='word_1_354' title='bbox 572 4133 778 4201; x_wconf 84' lang='lat' dir='ltr'><strong>templo,</strong></span> <span class='ocrx_word' id='word_1_355' title='bbox 800 4131 855 4185; x_wconf 87' lang='lat' dir='ltr'><strong>in</strong></span> <span class='ocrx_word' id='word_1_356' title='bbox 869 4131 1073 4200; x_wconf 77' lang='lat' dir='ltr'><strong>porticu</strong></span> <span class='ocrx_word' id='word_1_357' title='bbox 1101 4128 1395 4182; x_wconf 86' lang='lat' dir='ltr'><strong>Salomonis</strong></span> <span class='ocrx_word' id='word_1_358' title='bbox 1420 4124 1598 4196; x_wconf 81' lang='lat' dir='ltr'><strong>(Joan.</strong></span> <span class='ocrx_word' id='word_1_359' title='bbox 1630 4126 1708 4195; x_wconf 71' lang='grc' dir='ltr'><strong>χ).</strong></span> <span class='ocrx_word' id='word_1_360' title='bbox 1736 4124 1890 4190; x_wconf 87' lang='lat' dir='ltr'><strong>Quod</strong></span> 
     </span>
    </p>
   </div>
   <div class='ocr_carea' id='block_1_44' title="bbox 317 4216 1892 4282">
    <p class='ocr_par' dir='ltr' id='par_1_44' title="bbox 317 4216 1892 4282">
     <span class='ocr_line' id='line_1_44' title="bbox 317 4216 1892 4282; baseline -0.009 0"><span class='ocrx_word' id='word_1_361' title='bbox 317 4236 498 4282; x_wconf 85' lang='lat' dir='ltr'><strong>autem</strong></span> <span class='ocrx_word' id='word_1_362' title='bbox 525 4233 652 4279; x_wconf 90' lang='lat' dir='ltr'><strong>octo</strong></span> <span class='ocrx_word' id='word_1_363' title='bbox 686 4223 890 4276; x_wconf 78' lang='lat' dir='ltr'><strong>dierum</strong></span> <span class='ocrx_word' id='word_1_364' title='bbox 917 4222 1023 4274; x_wconf 88' lang='lat' dir='ltr'><strong>sint</strong></span> <span class='ocrx_word' id='word_1_365' title='bbox 1049 4220 1285 4274; x_wconf 77' lang='lat' dir='ltr'><strong>encamia</strong></span> <span class='ocrx_word' id='word_1_366' title='bbox 1310 4216 1649 4281; x_wconf 85' lang='lat' dir='ltr'><strong>celebranda,</strong></span> <span class='ocrx_word' id='word_1_367' title='bbox 1671 4216 1724 4270; x_wconf 90' lang='lat' dir='ltr'><strong>in</strong></span> <span class='ocrx_word' id='word_1_368' title='bbox 1753 4216 1892 4269; x_wconf 91' lang='lat' dir='ltr'><strong>libro</strong></span> 
     </span>
    </p>
   </div>
   <div class='ocr_carea' id='block_1_45' title="bbox 316 4294 1884 4385">
    <p class='ocr_par' dir='ltr' id='par_1_45' title="bbox 316 4294 1884 4385">
     <span class='ocr_line' id='line_1_45' title="bbox 316 4294 1884 4385; baseline -0.009 -14"><span class='ocrx_word' id='word_1_369' title='bbox 316 4317 523 4385; x_wconf 75' lang='lat' dir='ltr'><strong>Regum</strong></span> <span class='ocrx_word' id='word_1_370' title='bbox 553 4313 677 4381; x_wconf 87' lang='lat' dir='ltr'><strong>(III</strong></span> <span class='ocrx_word' id='word_1_371' title='bbox 706 4313 834 4383; x_wconf 87' lang='lat' dir='ltr'><strong>Reg.</strong></span> <span class='ocrx_word' id='word_1_372' title='bbox 862 4312 997 4380; x_wconf 81' lang='lat' dir='ltr'><strong>Vill),</strong></span> <span class='ocrx_word' id='word_1_373' title='bbox 1044 4317 1257 4380; x_wconf 88' lang='lat' dir='ltr'><strong>peracta</strong></span> <span class='ocrx_word' id='word_1_374' title='bbox 1301 4294 1636 4364; x_wconf 84' lang='lat' dir='ltr'><strong>dedicatione</strong></span> <span class='ocrx_word' id='word_1_375' title='bbox 1682 4304 1884 4375; x_wconf 91' lang='lat' dir='ltr'><strong>templi,</strong></span> 
     </span>
    </p>
   </div>
   <div class='ocr_carea' id='block_1_46' title="bbox 315 4400 920 4471">
    <p class='ocr_par' dir='ltr' id='par_1_46' title="bbox 315 4400 920 4471">
     <span class='ocr_line' id='line_1_46' title="bbox 315 4400 920 4471; baseline -0.013 -10"><span class='ocrx_word' id='word_1_376' title='bbox 315 4406 552 4471; x_wconf 85' lang='lat' dir='ltr'><strong>reperies</strong></span> <span class='ocrx_word' id='word_1_377' title='bbox 579 4400 920 4471; x_wconf 84' lang='lat' dir='ltr'><strong>(reperietis).</strong></span> 
     </span>
    </p>
   </div>
   <div class='ocr_carea' id='block_1_47' title="bbox 312 4544 1886 4634">
    <p class='ocr_par' dir='ltr' id='par_1_47' title="bbox 312 4544 1886 4634">
     <span class='ocr_line' id='line_1_47' title="bbox 312 4544 1886 4634; baseline -0.006 -18"><span class='ocrx_word' id='word_1_378' title='bbox 312 4567 461 4634; x_wconf 82' lang='lat' dir='ltr'><strong>epist.</strong></span> <span class='ocrx_word' id='word_1_379' title='bbox 490 4562 578 4625; x_wconf 68' lang='lat'><strong>92,</strong></span> <span class='ocrx_word' id='word_1_380' title='bbox 607 4578 721 4631; x_wconf 86' lang='lat' dir='ltr'><strong>cap.</strong></span> <span class='ocrx_word' id='word_1_381' title='bbox 770 4558 857 4627; x_wconf 77' lang='grc'><strong>15)</strong></span> <span class='ocrx_word' id='word_1_382' title='bbox 885 4559 1096 4626; x_wconf 81' lang='lat' dir='ltr'><strong>quaties</strong></span> <span class='ocrx_word' id='word_1_383' title='bbox 1141 4544 1433 4621; x_wconf 87' lang='lat' dir='ltr'><strong>dubitatur,</strong></span> <span class='ocrx_word' id='word_1_384' title='bbox 1481 4562 1540 4609; x_wconf 90' lang='lat' dir='ltr'><strong>et</strong></span> <span class='ocrx_word' id='word_1_385' title='bbox 1591 4570 1692 4609; x_wconf 91' lang='lat' dir='ltr'><strong>nec</strong></span> <span class='ocrx_word' id='word_1_386' title='bbox 1741 4564 1886 4608; x_wconf 89' lang='lat' dir='ltr'><strong>certa</strong></span> 
     </span>
    </p>
   </div>
   <div class='ocr_carea' id='block_1_48' title="bbox 310 4645 1884 4721">
    <p class='ocr_par' dir='ltr' id='par_1_48' title="bbox 310 4645 1884 4721">
     <span class='ocr_line' id='line_1_48' title="bbox 310 4645 1884 4721; baseline -0.007 -11"><span class='ocrx_word' id='word_1_387' title='bbox 310 4656 595 4721; x_wconf 84' lang='lat' dir='ltr'><strong>scriptura,</strong></span> <span class='ocrx_word' id='word_1_388' title='bbox 619 4665 717 4704; x_wconf 92' lang='lat' dir='ltr'><strong>nec</strong></span> <span class='ocrx_word' id='word_1_389' title='bbox 745 4649 879 4704; x_wconf 89' lang='lat' dir='ltr'><strong>certi</strong></span> <span class='ocrx_word' id='word_1_390' title='bbox 915 4657 1081 4702; x_wconf 85' lang='lat' dir='ltr'><strong>testes</strong></span> <span class='ocrx_word' id='word_1_391' title='bbox 1124 4647 1376 4709; x_wconf 80' lang='lat' dir='ltr'><strong>existunt,</strong></span> <span class='ocrx_word' id='word_1_392' title='bbox 1407 4661 1440 4698; x_wconf 93' lang='lat' dir='ltr'><strong>a</strong></span> <span class='ocrx_word' id='word_1_393' title='bbox 1466 4645 1658 4715; x_wconf 85' lang='lat' dir='ltr'><strong>quibus</strong></span> <span class='ocrx_word' id='word_1_394' title='bbox 1695 4660 1884 4700; x_wconf 90' lang='lat' dir='ltr'><strong>conse-</strong></span> 
     </span>
    </p>
   </div>
   <div class='ocr_carea' id='block_1_49' title="bbox 311 4736 1883 4807">
    <p class='ocr_par' dir='ltr' id='par_1_49' title="bbox 311 4736 1883 4807">
     <span class='ocr_line' id='line_1_49' title="bbox 311 4736 1883 4807; baseline -0.005 -8"><span class='ocrx_word' id='word_1_395' title='bbox 311 4744 484 4799; x_wconf 85' lang='lat' dir='ltr'><strong>cratio</strong></span> <span class='ocrx_word' id='word_1_396' title='bbox 526 4745 750 4807; x_wconf 86' lang='lat' dir='ltr'><strong>sciatur,</strong></span> <span class='ocrx_word' id='word_1_397' title='bbox 797 4740 998 4807; x_wconf 89' lang='lat' dir='ltr'><strong>absque</strong></span> <span class='ocrx_word' id='word_1_398' title='bbox 1036 4738 1144 4792; x_wconf 88' lang='lat' dir='ltr'><strong>ulla</strong></span> <span class='ocrx_word' id='word_1_399' title='bbox 1181 4737 1511 4792; x_wconf 87' lang='lat' dir='ltr'><strong>dubitatione</strong></span> <span class='ocrx_word' id='word_1_400' title='bbox 1561 4736 1753 4791; x_wconf 86' lang='lat' dir='ltr'><strong>scitote</strong></span> <span class='ocrx_word' id='word_1_401' title='bbox 1790 4751 1883 4791; x_wconf 87' lang='lat' dir='ltr'><strong>eas</strong></span> 
     </span>
    </p>
   </div>
   <div class='ocr_carea' id='block_1_50' title="bbox 309 4825 1879 4898">
    <p class='ocr_par' dir='ltr' id='par_1_50' title="bbox 309 4825 1879 4898">
     <span class='ocr_line' id='line_1_50' title="bbox 309 4825 1879 4898; baseline -0.005 -10"><span class='ocrx_word' id='word_1_402' title='bbox 309 4849 429 4888; x_wconf 81' lang='lat' dir='ltr'><strong>esse</strong></span> <span class='ocrx_word' id='word_1_403' title='bbox 456 4831 868 4893; x_wconf 74' lang='lat' dir='ltr'><strong>consecrandus,</strong></span> <span class='ocrx_word' id='word_1_404' title='bbox 907 4844 976 4883; x_wconf 86' lang='lat' dir='ltr'><strong>ne</strong></span> <span class='ocrx_word' id='word_1_405' title='bbox 1003 4829 1121 4883; x_wconf 89' lang='lat' dir='ltr'><strong>talis</strong></span> <span class='ocrx_word' id='word_1_406' title='bbox 1151 4827 1434 4898; x_wconf 88' lang='lat' dir='ltr'><strong>trepidatio</strong></span> <span class='ocrx_word' id='word_1_407' title='bbox 1463 4825 1623 4881; x_wconf 82' lang='lat' dir='ltr'><strong>faciat</strong></span> <span class='ocrx_word' id='word_1_408' title='bbox 1649 4827 1879 4882; x_wconf 88' lang='lat' dir='ltr'><strong>deterio-</strong></span> 
     </span>
    </p>
   </div>
   <div class='ocr_carea' id='block_1_51' title="bbox 308 4918 1875 4991">
    <p class='ocr_par' dir='ltr' id='par_1_51' title="bbox 308 4918 1875 4991">
     <span class='ocr_line' id='line_1_51' title="bbox 308 4918 1875 4991; baseline -0.004 -13"><span class='ocrx_word' id='word_1_409' title='bbox 308 4925 576 4978; x_wconf 86' lang='lat' dir='ltr'><strong>rationem</strong></span> <span class='ocrx_word' id='word_1_410' title='bbox 602 4939 616 4975; x_wconf 89' lang='lat'><strong>:</strong></span> <span class='ocrx_word' id='word_1_411' title='bbox 642 4922 891 4991; x_wconf 88' lang='lat' dir='ltr'><strong>quoniam</strong></span> <span class='ocrx_word' id='word_1_412' title='bbox 937 4936 1045 4975; x_wconf 88' lang='lat' dir='ltr'><strong>non</strong></span> <span class='ocrx_word' id='word_1_413' title='bbox 1098 4927 1427 4974; x_wconf 87' lang='lat' dir='ltr'><strong>monstratur</strong></span> <span class='ocrx_word' id='word_1_414' title='bbox 1470 4933 1589 4973; x_wconf 87' lang='lat' dir='ltr'><strong>esse</strong></span> <span class='ocrx_word' id='word_1_415' title='bbox 1630 4918 1875 4974; x_wconf 88' lang='lat' dir='ltr'><strong>iteratum</strong></span> 
     </span>
    </p>
   </div>
   <div class='ocr_carea' id='block_1_52' title="bbox 306 5007 1874 5085">
    <p class='ocr_par' dir='ltr' id='par_1_52' title="bbox 306 5007 1874 5085">
     <span class='ocr_line' id='line_1_52' title="bbox 306 5007 1874 5085; baseline -0.003 -17"><span class='ocrx_word' id='word_1_416' title='bbox 306 5014 450 5085; x_wconf 85' lang='lat' dir='ltr'><strong>quod</strong></span> <span class='ocrx_word' id='word_1_417' title='bbox 478 5014 717 5067; x_wconf 78' lang='lat' dir='ltr'><strong>nescitur</strong></span> <span class='ocrx_word' id='word_1_418' title='bbox 739 5011 958 5066; x_wconf 82' lang='lat' dir='ltr'><strong>factum.</strong></span> <span class='ocrx_word' id='word_1_419' title='bbox 990 5010 1104 5076; x_wconf 79' lang='lat' dir='ltr'><strong>liis,</strong></span> <span class='ocrx_word' id='word_1_420' title='bbox 1133 5010 1349 5077; x_wconf 77' lang='lat' dir='ltr'><strong>fratres,</strong></span> <span class='ocrx_word' id='word_1_421' title='bbox 1378 5009 1696 5063; x_wconf 86' lang='lat' dir='ltr'><strong>testimoniis</strong></span> <span class='ocrx_word' id='word_1_422' title='bbox 1728 5007 1874 5063; x_wconf 90' lang='lat' dir='ltr'><strong>Scri-</strong></span> 
     </span>
    </p>
   </div>
   <div class='ocr_carea' id='block_1_53' title="bbox 306 5088 1873 5175">
    <p class='ocr_par' dir='ltr' id='par_1_53' title="bbox 306 5088 1873 5175">
     <span class='ocr_line' id='line_1_53' title="bbox 306 5088 1873 5175; baseline -0.004 -16"><span class='ocrx_word' id='word_1_423' title='bbox 306 5088 585 5175; x_wconf 85' lang='lat' dir='ltr'><strong>pturarum</strong></span> <span class='ocrx_word' id='word_1_424' title='bbox 630 5102 924 5172; x_wconf 90' lang='lat' dir='ltr'><strong>apostolica</strong></span> <span class='ocrx_word' id='word_1_425' title='bbox 971 5102 1293 5157; x_wconf 86' lang='lat' dir='ltr'><strong>auctoritate</strong></span> <span class='ocrx_word' id='word_1_426' title='bbox 1337 5097 1691 5162; x_wconf 89' lang='lat' dir='ltr'><strong>conﬁrmatis,</strong></span> <span class='ocrx_word' id='word_1_427' title='bbox 1741 5114 1873 5154; x_wconf 85' lang='lat' dir='ltr'><strong>con-</strong></span> 
     </span>
    </p>
   </div>
   <div class='ocr_carea' id='block_1_54' title="bbox 303 5189 1873 5270">
    <p class='ocr_par' dir='ltr' id='par_1_54' title="bbox 303 5189 1873 5270">
     <span class='ocr_line' id='line_1_54' title="bbox 303 5189 1873 5270; baseline -0.004 -19"><span class='ocrx_word' id='word_1_428' title='bbox 303 5197 459 5251; x_wconf 88' lang='lat' dir='ltr'><strong>sultis</strong></span> <span class='ocrx_word' id='word_1_429' title='bbox 479 5196 675 5251; x_wconf 78' lang='lat' dir='ltr'><strong>vestris</strong></span> <span class='ocrx_word' id='word_1_430' title='bbox 700 5194 934 5252; x_wconf 74' lang='lat' dir='ltr'><strong>breviter</strong></span> <span class='ocrx_word' id='word_1_431' title='bbox 954 5192 1294 5263; x_wconf 82' lang='lat' dir='ltr'><strong>respondisse</strong></span> <span class='ocrx_word' id='word_1_432' title='bbox 1328 5189 1574 5245; x_wconf 83' lang='lat' dir='ltr'><strong>sulﬁciat.</strong></span> <span class='ocrx_word' id='word_1_433' title='bbox 1599 5189 1764 5270; x_wconf 64' lang='lat' dir='ltr'><strong>Yobis</strong></span> <span class='ocrx_word' id='word_1_434' title='bbox 1792 5199 1873 5245; x_wconf 86' lang='lat' dir='ltr'><strong>ta-</strong></span> 
     </span>
    </p>
   </div>
   <div class='ocr_carea' id='block_1_55' title="bbox 303 5280 1872 5357">
    <p class='ocr_par' dir='ltr' id='par_1_55' title="bbox 303 5280 1872 5357">
     <span class='ocr_line' id='line_1_55' title="bbox 303 5280 1872 5357; baseline -0.004 -15"><span class='ocrx_word' id='word_1_435' title='bbox 303 5302 424 5342; x_wconf 84' lang='lat' dir='ltr'><strong>men</strong></span> <span class='ocrx_word' id='word_1_436' title='bbox 452 5284 849 5357; x_wconf 66' lang='lat' dir='ltr'><strong>praevidendum</strong></span> <span class='ocrx_word' id='word_1_437' title='bbox 877 5291 978 5349; x_wconf 88' lang='lat' dir='ltr'><strong>est,</strong></span> <span class='ocrx_word' id='word_1_438' title='bbox 1008 5292 1065 5338; x_wconf 90' lang='lat' dir='ltr'><strong>et</strong></span> <span class='ocrx_word' id='word_1_439' title='bbox 1092 5283 1341 5338; x_wconf 90' lang='lat' dir='ltr'><strong>omnibus</strong></span> <span class='ocrx_word' id='word_1_440' title='bbox 1366 5280 1782 5350; x_wconf 64' lang='lat' dir='ltr'><strong>praedicandum,</strong></span> <span class='ocrx_word' id='word_1_441' title='bbox 1814 5290 1872 5336; x_wconf 91' lang='lat' dir='ltr'><strong>ut</strong></span> 
     </span>
    </p>
   </div>
   <div class='ocr_carea' id='block_1_56' title="bbox 304 5372 1869 5444">
    <p class='ocr_par' dir='ltr' id='par_1_56' title="bbox 304 5372 1869 5444">
     <span class='ocr_line' id='line_1_56' title="bbox 304 5372 1869 5444; baseline -0.004 -12"><span class='ocrx_word' id='word_1_442' title='bbox 304 5372 485 5433; x_wconf 76' lang='lat' dir='ltr'><strong>illith</strong></span> <span class='ocrx_word' id='word_1_443' title='bbox 512 5393 621 5432; x_wconf 89' lang='lat' dir='ltr'><strong>non</strong></span> <span class='ocrx_word' id='word_1_444' title='bbox 651 5386 895 5443; x_wconf 75' lang='lat' dir='ltr'><strong>agantur,</strong></span> <span class='ocrx_word' id='word_1_445' title='bbox 923 5386 977 5430; x_wconf 88' lang='lat' dir='ltr'><strong>et</strong></span> <span class='ocrx_word' id='word_1_446' title='bbox 1003 5375 1212 5429; x_wconf 89' lang='lat' dir='ltr'><strong>Domini</strong></span> <span class='ocrx_word' id='word_1_447' title='bbox 1242 5381 1506 5444; x_wconf 62' lang='lat' dir='ltr'><strong>praecepta</strong></span> <span class='ocrx_word' id='word_1_448' title='bbox 1545 5388 1869 5428; x_wconf 86' lang='lat' dir='ltr'><strong>conserven-</strong></span> 
     </span>
    </p>
   </div>
   <div class='ocr_carea' id='block_1_57' title="bbox 300 5462 1870 5536">
    <p class='ocr_par' dir='ltr' id='par_1_57' title="bbox 300 5462 1870 5536">
     <span class='ocr_line' id='line_1_57' title="bbox 300 5462 1870 5536; baseline -0.003 -15"><span class='ocrx_word' id='word_1_449' title='bbox 300 5476 403 5532; x_wconf 88' lang='lat' dir='ltr'><strong>tur,</strong></span> <span class='ocrx_word' id='word_1_450' title='bbox 431 5475 489 5521; x_wconf 89' lang='lat' dir='ltr'><strong>et</strong></span> <span class='ocrx_word' id='word_1_451' title='bbox 526 5463 754 5521; x_wconf 82' lang='lat' dir='ltr'><strong>ﬁdeliter</strong></span> <span class='ocrx_word' id='word_1_452' title='bbox 775 5468 1117 5536; x_wconf 84' lang='lat' dir='ltr'><strong>peraganttlr.</strong></span> <span class='ocrx_word' id='word_1_453' title='bbox 1148 5462 1408 5534; x_wconf 79' lang='lat' dir='ltr'><strong>Rogamus</strong></span> <span class='ocrx_word' id='word_1_454' title='bbox 1429 5472 1594 5516; x_wconf 86' lang='lat' dir='ltr'><strong>autem</strong></span> <span class='ocrx_word' id='word_1_455' title='bbox 1623 5479 1726 5528; x_wconf 79' lang='lat' dir='ltr'><strong>vos,</strong></span> <span class='ocrx_word' id='word_1_456' title='bbox 1760 5464 1870 5533; x_wconf 80' lang='lat' dir='ltr'><strong>fra-</strong></span> 
     </span>
    </p>
   </div>
   <div class='ocr_carea' id='block_1_58' title="bbox 362 5643 985 5717">
    <p class='ocr_par' dir='ltr' id='par_1_58' title="bbox 362 5643 985 5717">
     <span class='ocr_line' id='line_1_58' title="bbox 362 5643 985 5717; baseline -0.003 -19"><span class='ocrx_word' id='word_1_457' title='bbox 362 5646 443 5717; x_wconf 76' lang='lat' dir='ltr'><strong>(a)</strong></span> <span class='ocrx_word' id='word_1_458' title='bbox 474 5643 674 5717; x_wconf 40' lang='lat' dir='ltr'><strong>Dutch:</strong></span> <span class='ocrx_word' id='word_1_459' title='bbox 702 5645 889 5717; x_wconf 79' lang='lat' dir='ltr'><strong>inserit</strong></span> <span class='ocrx_word' id='word_1_460' title='bbox 922 5645 985 5698; x_wconf 80' lang='lat' dir='ltr'><strong>si.</strong></span> 
     </span>
    </p>
   </div>
   <div class='ocr_carea' id='block_1_59' title="bbox 361 5713 728 5787">
    <p class='ocr_par' dir='ltr' id='par_1_59' title="bbox 361 5713 728 5787">
     <span class='ocr_line' id='line_1_59' title="bbox 361 5713 728 5787; baseline 0.003 -19"><span class='ocrx_word' id='word_1_461' title='bbox 361 5713 442 5787; x_wconf 72' lang='lat' dir='ltr'><strong>(b)</strong></span> <span class='ocrx_word' id='word_1_462' title='bbox 477 5715 609 5785; x_wconf 77' lang='lat' dir='ltr'><strong>Cap.</strong></span> <span class='ocrx_word' id='word_1_463' title='bbox 643 5713 728 5769; x_wconf 68' lang='lat'><strong>51&#39;.</strong></span> 
     </span>
    </p>
   </div>
   <div class='ocr_carea' id='block_1_60' title="bbox 2039 526 3605 600">
    <p class='ocr_par' dir='ltr' id='par_1_60' title="bbox 2039 526 3605 600">
     <span class='ocr_line' id='line_1_60' title="bbox 2039 526 3605 600; baseline 0.004 -21"><span class='ocrx_word' id='word_1_464' title='bbox 2039 537 2135 591; x_wconf 88' lang='lat' dir='ltr'><strong>tos,</strong></span> <span class='ocrx_word' id='word_1_465' title='bbox 2157 526 2493 581; x_wconf 72' lang='lat' dir='ltr'><strong>consulamini</strong></span> <span class='ocrx_word' id='word_1_466' title='bbox 2518 528 2889 595; x_wconf 75' lang='lat' dir='ltr'><strong>pusillanimes,</strong></span> <span class='ocrx_word' id='word_1_467' title='bbox 2932 530 3174 595; x_wconf 83' lang='lat' dir='ltr'><strong>suscipite</strong></span> <span class='ocrx_word' id='word_1_468' title='bbox 3215 530 3471 599; x_wconf 81' lang='lat' dir='ltr'><strong>inﬁrmos,</strong></span> <span class='ocrx_word' id='word_1_469' title='bbox 3508 547 3605 600; x_wconf 73' lang='lat' dir='ltr'><strong>pit-</strong></span> 
     </span>
    </p>
   </div>
   <div class='ocr_carea' id='block_1_61' title="bbox 2037 616 3607 690">
    <p class='ocr_par' dir='ltr' id='par_1_61' title="bbox 2037 616 3607 690">
     <span class='ocr_line' id='line_1_61' title="bbox 2037 616 3607 690; baseline 0.003 -22"><span class='ocrx_word' id='word_1_470' title='bbox 2037 617 2214 669; x_wconf 87' lang='lat' dir='ltr'><strong>tientes</strong></span> <span class='ocrx_word' id='word_1_471' title='bbox 2254 624 2413 669; x_wconf 87' lang='lat' dir='ltr'><strong>estote</strong></span> <span class='ocrx_word' id='word_1_472' title='bbox 2453 616 2521 669; x_wconf 90' lang='lat' dir='ltr'><strong>ad</strong></span> <span class='ocrx_word' id='word_1_473' title='bbox 2567 633 2759 670; x_wconf 74' lang='lat' dir='ltr'><strong>omnes.</strong></span> <span class='ocrx_word' id='word_1_474' title='bbox 2800 618 2993 672; x_wconf 53' lang='lat' dir='ltr'><strong>Videte</strong></span> <span class='ocrx_word' id='word_1_475' title='bbox 3034 634 3100 671; x_wconf 89' lang='lat' dir='ltr'><strong>ne</strong></span> <span class='ocrx_word' id='word_1_476' title='bbox 3140 620 3252 689; x_wconf 82' lang='lat' dir='ltr'><strong>quis</strong></span> <span class='ocrx_word' id='word_1_477' title='bbox 3295 618 3487 673; x_wconf 85' lang='lat' dir='ltr'><strong>malum</strong></span> <span class='ocrx_word' id='word_1_478' title='bbox 3514 635 3607 690; x_wconf 85' lang='lat' dir='ltr'><strong>pro</strong></span> 
     </span>
    </p>
   </div>
   <div class='ocr_carea' id='block_1_62' title="bbox 2034 705 3606 781">
    <p class='ocr_par' dir='ltr' id='par_1_62' title="bbox 2034 705 3606 781">
     <span class='ocr_line' id='line_1_62' title="bbox 2034 705 3606 781; baseline 0.002 -22"><span class='ocrx_word' id='word_1_479' title='bbox 2034 705 2355 759; x_wconf 86' lang='lat' dir='ltr'><strong>malo-alicui</strong></span> <span class='ocrx_word' id='word_1_480' title='bbox 2390 706 2571 760; x_wconf 82' lang='lat' dir='ltr'><strong>reddat</strong></span> <span class='ocrx_word' id='word_1_481' title='bbox 2593 708 2728 771; x_wconf 68' lang='lat' dir='ltr'><strong>{sed</strong></span> <span class='ocrx_word' id='word_1_482' title='bbox 2772 724 2989 778; x_wconf 84' lang='lat' dir='ltr'><strong>semper,</strong></span> <span class='ocrx_word' id='word_1_483' title='bbox 3016 710 3152 781; x_wconf 86' lang='lat' dir='ltr'><strong>quod</strong></span> <span class='ocrx_word' id='word_1_484' title='bbox 3189 708 3377 763; x_wconf 87' lang='lat' dir='ltr'><strong>bonum</strong></span> <span class='ocrx_word' id='word_1_485' title='bbox 3415 718 3493 763; x_wconf 90' lang='lat' dir='ltr'><strong>est</strong></span> <span class='ocrx_word' id='word_1_486' title='bbox 3525 726 3606 771; x_wconf 73' lang='lat' dir='ltr'><strong>se-</strong></span> 
     </span>
    </p>
   </div>
   <div class='ocr_carea' id='block_1_63' title="bbox 2034 795 3604 868">
    <p class='ocr_par' dir='ltr' id='par_1_63' title="bbox 2034 795 3604 868">
     <span class='ocr_line' id='line_1_63' title="bbox 2034 795 3604 868; baseline 0.003 -22"><span class='ocrx_word' id='word_1_487' title='bbox 2034 795 2247 847; x_wconf 85' lang='lat' dir='ltr'><strong>ctamini</strong></span> <span class='ocrx_word' id='word_1_488' title='bbox 2284 797 2340 849; x_wconf 87' lang='lat' dir='ltr'><strong>in</strong></span> <span class='ocrx_word' id='word_1_489' title='bbox 2384 797 2615 861; x_wconf 86' lang='lat' dir='ltr'><strong>invicem,</strong></span> <span class='ocrx_word' id='word_1_490' title='bbox 2660 806 2711 850; x_wconf 91' lang='lat' dir='ltr'><strong>et</strong></span> <span class='ocrx_word' id='word_1_491' title='bbox 2752 798 2807 851; x_wconf 86' lang='lat' dir='ltr'><strong>in</strong></span> <span class='ocrx_word' id='word_1_492' title='bbox 2858 814 3051 853; x_wconf 78' lang='lat' dir='ltr'><strong>omnes.</strong></span> <span class='ocrx_word' id='word_1_493' title='bbox 3101 798 3314 868; x_wconf 87' lang='lat' dir='ltr'><strong>Semper</strong></span> <span class='ocrx_word' id='word_1_494' title='bbox 3364 798 3604 868; x_wconf 45' lang='lat' dir='ltr'><strong>gaudete.</strong></span> 
     </span>
    </p>
   </div>
   <div class='ocr_carea' id='block_1_64' title="bbox 2031 884 3574 960">
    <p class='ocr_par' dir='ltr' id='par_1_64' title="bbox 2031 884 3574 960">
     <span class='ocr_line' id='line_1_64' title="bbox 2031 884 3574 960; baseline 0.001 -23"><span class='ocrx_word' id='word_1_495' title='bbox 2031 884 2145 937; x_wconf 86' lang='lat' dir='ltr'><strong>sine</strong></span> <span class='ocrx_word' id='word_1_496' title='bbox 2170 884 2544 939; x_wconf 83' lang='lat' dir='ltr'><strong>intermissione</strong></span> <span class='ocrx_word' id='word_1_497' title='bbox 2560 896 2720 950; x_wconf 90' lang='lat' dir='ltr'><strong>orate,</strong></span> <span class='ocrx_word' id='word_1_498' title='bbox 2746 887 2800 940; x_wconf 89' lang='lat' dir='ltr'><strong>in</strong></span> <span class='ocrx_word' id='word_1_499' title='bbox 2820 887 3054 942; x_wconf 85' lang='lat' dir='ltr'><strong>omnibus</strong></span> <span class='ocrx_word' id='word_1_500' title='bbox 3075 890 3272 960; x_wconf 85' lang='lat' dir='ltr'><strong>gratias</strong></span> <span class='ocrx_word' id='word_1_501' title='bbox 3293 889 3448 958; x_wconf 82' lang='lat' dir='ltr'><strong>agite.</strong></span> <span class='ocrx_word' id='word_1_502' title='bbox 3474 886 3574 940; x_wconf 74' lang='lat' dir='ltr'><strong>Har</strong></span> 
     </span>
    </p>
   </div>
   <div class='ocr_carea' id='block_1_65' title="bbox 2020 972 3596 1031">
    <p class='ocr_par' dir='ltr' id='par_1_65' title="bbox 2020 972 3596 1031">
     <span class='ocr_line' id='line_1_65' title="bbox 2020 972 3596 1031; baseline 0.001 -4"><span class='ocrx_word' id='word_1_503' title='bbox 2020 972 2109 1027; x_wconf 77' lang='lat' dir='ltr'><strong>&#39;est</strong></span> <span class='ocrx_word' id='word_1_504' title='bbox 2131 973 2266 1026; x_wconf 88' lang='lat' dir='ltr'><strong>enim</strong></span> <span class='ocrx_word' id='word_1_505' title='bbox 2288 974 2518 1028; x_wconf 83' lang='lat' dir='ltr'><strong>uoluntas</strong></span> <span class='ocrx_word' id='word_1_506' title='bbox 2541 974 2636 1028; x_wconf 88' lang='lat' dir='ltr'><strong>Dei</strong></span> <span class='ocrx_word' id='word_1_507' title='bbox 2664 977 2719 1028; x_wconf 86' lang='lat' dir='ltr'><strong>in</strong></span> <span class='ocrx_word' id='word_1_508' title='bbox 2744 975 2947 1030; x_wconf 80' lang='lat' dir='ltr'><strong>Christo</strong></span> <span class='ocrx_word' id='word_1_509' title='bbox 2973 975 3096 1031; x_wconf 76' lang='lat' dir='ltr'><strong>less</strong></span> <span class='ocrx_word' id='word_1_510' title='bbox 3113 979 3167 1030; x_wconf 89' lang='lat' dir='ltr'><strong>in</strong></span> <span class='ocrx_word' id='word_1_511' title='bbox 3188 978 3421 1031; x_wconf 87' lang='lat' dir='ltr'><strong>omnibus</strong></span> <span class='ocrx_word' id='word_1_512' title='bbox 3441 977 3596 1030; x_wconf 74' lang='lat' dir='ltr'><strong>vobis.</strong></span> 
     </span>
    </p>
   </div>
   <div class='ocr_carea' id='block_1_66' title="bbox 2034 1062 3600 1137">
    <p class='ocr_par' dir='ltr' id='par_1_66' title="bbox 2034 1062 3600 1137">
     <span class='ocr_line' id='line_1_66' title="bbox 2034 1062 3600 1137; baseline 0.001 -20"><span class='ocrx_word' id='word_1_513' title='bbox 2034 1062 2287 1133; x_wconf 84' lang='lat' dir='ltr'><strong>Spiritum</strong></span> <span class='ocrx_word' id='word_1_514' title='bbox 2329 1066 2486 1119; x_wconf 83' lang='lat' dir='ltr'><strong>nolite</strong></span> <span class='ocrx_word' id='word_1_515' title='bbox 2532 1068 2874 1136; x_wconf 69' lang='lat' dir='ltr'><strong>exstinguere,</strong></span> <span class='ocrx_word' id='word_1_516' title='bbox 2922 1067 3215 1137; x_wconf 87' lang='lat' dir='ltr'><strong>prophetias</strong></span> <span class='ocrx_word' id='word_1_517' title='bbox 3256 1066 3414 1121; x_wconf 89' lang='lat' dir='ltr'><strong>nolite</strong></span> <span class='ocrx_word' id='word_1_518' title='bbox 3455 1083 3600 1134; x_wconf 84' lang='lat' dir='ltr'><strong>sper-</strong></span> 
     </span>
    </p>
   </div>
   <div class='ocr_carea' id='block_1_67' title="bbox 2031 1154 3596 1227">
    <p class='ocr_par' dir='ltr' id='par_1_67' title="bbox 2031 1154 3596 1227">
     <span class='ocr_line' id='line_1_67' title="bbox 2031 1154 3596 1227; baseline 0.003 -22"><span class='ocrx_word' id='word_1_519' title='bbox 2031 1170 2178 1219; x_wconf 85' lang='lat' dir='ltr'><strong>nere;</strong></span> <span class='ocrx_word' id='word_1_520' title='bbox 2220 1156 2394 1208; x_wconf 82' lang='lat' dir='ltr'><strong>omnia</strong></span> <span class='ocrx_word' id='word_1_521' title='bbox 2435 1165 2604 1209; x_wconf 81' lang='lat' dir='ltr'><strong>antem</strong></span> <span class='ocrx_word' id='word_1_522' title='bbox 2630 1154 2870 1223; x_wconf 86' lang='lat' dir='ltr'><strong>probate,</strong></span> <span class='ocrx_word' id='word_1_523' title='bbox 2900 1158 3035 1227; x_wconf 86' lang='lat' dir='ltr'><strong>quod</strong></span> <span class='ocrx_word' id='word_1_524' title='bbox 3081 1156 3265 1211; x_wconf 88' lang='lat' dir='ltr'><strong>bonum</strong></span> <span class='ocrx_word' id='word_1_525' title='bbox 3303 1166 3378 1211; x_wconf 85' lang='lat' dir='ltr'><strong>est</strong></span> <span class='ocrx_word' id='word_1_526' title='bbox 3417 1167 3596 1210; x_wconf 84' lang='lat' dir='ltr'><strong>tenete.</strong></span> 
     </span>
    </p>
   </div>
   <div class='ocr_carea' id='block_1_68' title="bbox 2029 1242 3691 1329">
    <p class='ocr_par' dir='ltr' id='par_1_68' title="bbox 2029 1242 3691 1329">
     <span class='ocr_line' id='line_1_68' title="bbox 2029 1242 3691 1329; baseline 0.003 -35"><span class='ocrx_word' id='word_1_527' title='bbox 2029 1242 2106 1295; x_wconf 84' lang='lat' dir='ltr'><strong>Ab</strong></span> <span class='ocrx_word' id='word_1_528' title='bbox 2129 1245 2270 1297; x_wconf 86' lang='lat' dir='ltr'><strong>omni</strong></span> <span class='ocrx_word' id='word_1_529' title='bbox 2293 1246 2462 1312; x_wconf 87' lang='lat' dir='ltr'><strong>specie</strong></span> <span class='ocrx_word' id='word_1_530' title='bbox 2486 1244 2628 1298; x_wconf 87' lang='lat' dir='ltr'><strong>mala</strong></span> <span class='ocrx_word' id='word_1_531' title='bbox 2669 1243 2916 1300; x_wconf 86' lang='lat' dir='ltr'><strong>abstinete</strong></span> <span class='ocrx_word' id='word_1_532' title='bbox 2962 1263 3065 1301; x_wconf 80' lang='lat' dir='ltr'><strong>vos.</strong></span> <span class='ocrx_word' id='word_1_533' title='bbox 3115 1245 3237 1315; x_wconf 86' lang='lat' dir='ltr'><strong>Ipse</strong></span> <span class='ocrx_word' id='word_1_534' title='bbox 3263 1257 3432 1300; x_wconf 88' lang='lat' dir='ltr'><strong>autem</strong></span> <span class='ocrx_word' id='word_1_535' title='bbox 3461 1246 3598 1301; x_wconf 86' lang='lat' dir='ltr'><strong>Deus</strong></span> <span class='ocrx_word' id='word_1_536' title='bbox 3684 1320 3691 1329; x_wconf 16' lang='grc' dir='ltr'>ι</span> 
     </span>
    </p>
   </div>
   <div class='ocr_carea' id='block_1_69' title="bbox 2028 1334 3597 1405">
    <p class='ocr_par' dir='ltr' id='par_1_69' title="bbox 2028 1334 3597 1405">
     <span class='ocr_line' id='line_1_69' title="bbox 2028 1334 3597 1405; baseline 0.002 -20"><span class='ocrx_word' id='word_1_537' title='bbox 2028 1334 2170 1400; x_wconf 84' lang='lat' dir='ltr'><strong>pacis</strong></span> <span class='ocrx_word' id='word_1_538' title='bbox 2195 1334 2480 1402; x_wconf 78' lang='lat' dir='ltr'><strong>sanctiﬁcet</strong></span> <span class='ocrx_word' id='word_1_539' title='bbox 2516 1350 2604 1387; x_wconf 80' lang='lat' dir='ltr'><strong>uos</strong></span> <span class='ocrx_word' id='word_1_540' title='bbox 2642 1350 2735 1403; x_wconf 85' lang='lat' dir='ltr'><strong>per</strong></span> <span class='ocrx_word' id='word_1_541' title='bbox 2759 1335 2952 1399; x_wconf 86' lang='lat' dir='ltr'><strong>omnia,</strong></span> <span class='ocrx_word' id='word_1_542' title='bbox 2983 1344 3038 1387; x_wconf 89' lang='lat' dir='ltr'><strong>ut</strong></span> <span class='ocrx_word' id='word_1_543' title='bbox 3063 1336 3260 1405; x_wconf 87' lang='lat' dir='ltr'><strong>integer</strong></span> <span class='ocrx_word' id='word_1_544' title='bbox 3278 1337 3486 1404; x_wconf 82' lang='lat' dir='ltr'><strong>spiritus</strong></span> <span class='ocrx_word' id='word_1_545' title='bbox 3518 1352 3597 1388; x_wconf 76' lang='lat' dir='ltr'><strong>ve-</strong></span> 
     </span>
    </p>
   </div>
   <div class='ocr_carea' id='block_1_70' title="bbox 2028 1422 3596 1494">
    <p class='ocr_par' dir='ltr' id='par_1_70' title="bbox 2028 1422 3596 1494">
     <span class='ocr_line' id='line_1_70' title="bbox 2028 1422 3596 1494; baseline 0.004 -22"><span class='ocrx_word' id='word_1_546' title='bbox 2028 1428 2153 1487; x_wconf 86' lang='lat' dir='ltr'><strong>ster,</strong></span> <span class='ocrx_word' id='word_1_547' title='bbox 2181 1431 2231 1474; x_wconf 92' lang='lat' dir='ltr'><strong>et</strong></span> <span class='ocrx_word' id='word_1_548' title='bbox 2254 1422 2449 1485; x_wconf 82' lang='lat' dir='ltr'><strong>animo,</strong></span> <span class='ocrx_word' id='word_1_549' title='bbox 2497 1430 2546 1476; x_wconf 86' lang='lat' dir='ltr'><strong>et</strong></span> <span class='ocrx_word' id='word_1_550' title='bbox 2592 1438 2775 1493; x_wconf 89' lang='lat' dir='ltr'><strong>corpus</strong></span> <span class='ocrx_word' id='word_1_551' title='bbox 2800 1425 2911 1476; x_wconf 87' lang='lat' dir='ltr'><strong>sine</strong></span> <span class='ocrx_word' id='word_1_552' title='bbox 2936 1423 3139 1494; x_wconf 84' lang='lat' dir='ltr'><strong>querela</strong></span> <span class='ocrx_word' id='word_1_553' title='bbox 3166 1424 3221 1477; x_wconf 86' lang='lat' dir='ltr'><strong>in</strong></span> <span class='ocrx_word' id='word_1_554' title='bbox 3247 1424 3465 1477; x_wconf 75' lang='lat' dir='ltr'><strong>adventu</strong></span> <span class='ocrx_word' id='word_1_555' title='bbox 3488 1422 3596 1478; x_wconf 88' lang='lat' dir='ltr'><strong>Do-</strong></span> 
     </span>
    </p>
   </div>
   <div class='ocr_carea' id='block_1_71' title="bbox 2026 1512 3594 1584">
    <p class='ocr_par' dir='ltr' id='par_1_71' title="bbox 2026 1512 3594 1584">
     <span class='ocr_line' id='line_1_71' title="bbox 2026 1512 3594 1584; baseline 0.003 -20"><span class='ocrx_word' id='word_1_556' title='bbox 2026 1513 2153 1565; x_wconf 85' lang='lat' dir='ltr'><strong>mini</strong></span> <span class='ocrx_word' id='word_1_557' title='bbox 2181 1515 2347 1567; x_wconf 86' lang='lat' dir='ltr'><strong>nostri</strong></span> <span class='ocrx_word' id='word_1_558' title='bbox 2383 1513 2509 1568; x_wconf 81' lang='lat' dir='ltr'><strong>Jesn</strong></span> <span class='ocrx_word' id='word_1_559' title='bbox 2546 1512 2738 1568; x_wconf 78' lang='lat' dir='ltr'><strong>Christi</strong></span> <span class='ocrx_word' id='word_1_560' title='bbox 2781 1522 3006 1568; x_wconf 78' lang='lat' dir='ltr'><strong>servetur</strong></span> <span class='ocrx_word' id='word_1_561' title='bbox 3030 1512 3120 1582; x_wconf 83' lang='lat' dir='ltr'><strong>(II</strong></span> <span class='ocrx_word' id='word_1_562' title='bbox 3150 1512 3325 1569; x_wconf 86' lang='lat' dir='ltr'><strong>Thess.</strong></span> <span class='ocrx_word' id='word_1_563' title='bbox 3358 1514 3432 1584; x_wconf 74' lang='grc' dir='ltr'><strong>ὅ).</strong></span> <span class='ocrx_word' id='word_1_564' title='bbox 3464 1515 3594 1569; x_wconf 86' lang='lat' dir='ltr'><strong>Data</strong></span> 
     </span>
    </p>
   </div>
   <div class='ocr_carea' id='block_1_72' title="bbox 2026 1602 3593 1674">
    <p class='ocr_par' dir='ltr' id='par_1_72' title="bbox 2026 1602 3593 1674">
     <span class='ocr_line' id='line_1_72' title="bbox 2026 1602 3593 1674; baseline 0.003 -20"><span class='ocrx_word' id='word_1_565' title='bbox 2026 1602 2260 1656; x_wconf 86' lang='lat' dir='ltr'><strong>calendis</strong></span> <span class='ocrx_word' id='word_1_566' title='bbox 2286 1602 2483 1672; x_wconf 82' lang='lat' dir='ltr'><strong>Martii,</strong></span> <span class='ocrx_word' id='word_1_567' title='bbox 2513 1603 2805 1674; x_wconf 87' lang='lat' dir='ltr'><strong>Lampadio</strong></span> <span class='ocrx_word' id='word_1_568' title='bbox 2832 1616 2887 1659; x_wconf 84' lang='lat' dir='ltr'><strong>et</strong></span> <span class='ocrx_word' id='word_1_569' title='bbox 2912 1604 3103 1661; x_wconf 87' lang='lat' dir='ltr'><strong>Oreste</strong></span> <span class='ocrx_word' id='word_1_570' title='bbox 3140 1604 3265 1659; x_wconf 83' lang='lat' dir='ltr'><strong>viris</strong></span> <span class='ocrx_word' id='word_1_571' title='bbox 3292 1604 3593 1659; x_wconf 85' lang='lat' dir='ltr'><strong>clarissimis</strong></span> 
     </span>
    </p>
   </div>
   <div class='ocr_carea' id='block_1_73' title="bbox 2025 1692 2929 1764">
    <p class='ocr_par' dir='ltr' id='par_1_73' title="bbox 2025 1692 2929 1764">
     <span class='ocr_line' id='line_1_73' title="bbox 2025 1692 2929 1764; baseline 0.003 -20"><span class='ocrx_word' id='word_1_572' title='bbox 2025 1692 2333 1748; x_wconf 88' lang='lat' dir='ltr'><strong>consulibus</strong></span> <span class='ocrx_word' id='word_1_573' title='bbox 2363 1696 2527 1764; x_wconf 92' lang='lat' dir='ltr'><strong>(anno</strong></span> <span class='ocrx_word' id='word_1_574' title='bbox 2553 1693 2753 1749; x_wconf 81' lang='lat' dir='ltr'><strong>Christi</strong></span> <span class='ocrx_word' id='word_1_575' title='bbox 2781 1693 2929 1764; x_wconf 81' lang='lat'><strong>550).</strong></span> 
     </span>
    </p>
   </div>
   <div class='ocr_carea' id='block_1_74' title="bbox 2423 1799 3460 1874">
    <p class='ocr_par' dir='ltr' id='par_1_74' title="bbox 2423 1799 3460 1874">
     <span class='ocr_line' id='line_1_74' title="bbox 2423 1799 3460 1874; baseline 0.001 -19"><span class='ocrx_word' id='word_1_576' title='bbox 2423 1799 2750 1857; x_wconf 82' lang='lat' dir='ltr'><strong>EPISTOLA</strong></span> <span class='ocrx_word' id='word_1_577' title='bbox 2786 1802 2852 1856; x_wconf 85' lang='lat' dir='ltr'><strong>[ll</strong></span> <span class='ocrx_word' id='word_1_578' title='bbox 2891 1801 3075 1874; x_wconf 75' lang='lat' dir='ltr'><strong>(omit</strong></span> <span class='ocrx_word' id='word_1_579' title='bbox 3112 1802 3198 1874; x_wconf 80' lang='grc' dir='ltr'><strong>ιι).</strong></span> <span class='ocrx_word' id='word_1_580' title='bbox 3434 1826 3460 1844; x_wconf 88' lang='grc'><strong><em>-</em></strong></span> 
     </span>
    </p>
   </div>
   <div class='ocr_carea' id='block_1_75' title="bbox 2632 1909 2974 1949">
    <p class='ocr_par' dir='ltr' id='par_1_75' title="bbox 2632 1909 2974 1949">
     <span class='ocr_line' id='line_1_75' title="bbox 2632 1909 2974 1949; baseline 0.006 -2"><span class='ocrx_word' id='word_1_581' title='bbox 2632 1911 2697 1948; x_wconf 73' lang='grc' dir='ltr'><strong>ΑΒ</strong></span> <span class='ocrx_word' id='word_1_582' title='bbox 2735 1909 2974 1949; x_wconf 74' lang='lat' dir='ltr'><strong>SABINAI.</strong></span> 
     </span>
    </p>
   </div>
   <div class='ocr_carea' id='block_1_76' title="bbox 2026 1979 3689 2066">
    <p class='ocr_par' dir='ltr' id='par_1_76' title="bbox 2026 1979 3689 2066">
     <span class='ocr_line' id='line_1_76' title="bbox 2026 1979 3689 2066; baseline 0.004 -33"><span class='ocrx_word' id='word_1_583' title='bbox 2026 1979 2241 2066; x_wconf 45' lang='lat' dir='ltr'><strong>Laudat.</strong></span> <span class='ocrx_word' id='word_1_584' title='bbox 2257 1983 2397 2066; x_wconf 44' lang='lat' dir='ltr'><strong>in‘ea</strong></span> <span class='ocrx_word' id='word_1_585' title='bbox 2416 1983 2643 2037; x_wconf 87' lang='lat' dir='ltr'><strong>studium</strong></span> <span class='ocrx_word' id='word_1_586' title='bbox 2669 1986 2956 2055; x_wconf 85' lang='lat' dir='ltr'><strong>cultumque</strong></span> <span class='ocrx_word' id='word_1_587' title='bbox 2980 1985 3035 2037; x_wconf 90' lang='lat' dir='ltr'><strong>in</strong></span> <span class='ocrx_word' id='word_1_588' title='bbox 3053 1984 3337 2066; x_wconf 56' lang='lat' dir='ltr'><strong>ecclesiam,</strong></span> <span class='ocrx_word' id='word_1_589' title='bbox 3362 1985 3590 2065; x_wconf 66' lang='lat' dir='ltr'><strong>quodqu</strong></span> <span class='ocrx_word' id='word_1_590' title='bbox 3670 2004 3689 2019; x_wconf 67' lang='grc' dir='ltr'><strong>ι</strong></span> 
     </span>
    </p>
   </div>
   <div class='ocr_carea' id='block_1_77' title="bbox 2091 2052 3589 2174">
    <p class='ocr_par' dir='ltr' id='par_1_77' title="bbox 2091 2052 3589 2174">
     <span class='ocr_line' id='line_1_77' title="bbox 2091 2052 3589 2174; baseline 0.001 -68"><span class='ocrx_word' id='word_1_591' title='bbox 2091 2052 2277 2174; x_wconf 48' lang='grc' dir='ltr'><strong>Σεξῐῇ</strong></span> <span class='ocrx_word' id='word_1_592' title='bbox 2312 2052 2529 2107; x_wconf 81' lang='lat' dir='ltr'><strong>honores</strong></span> <span class='ocrx_word' id='word_1_593' title='bbox 2572 2052 3137 2125; x_wconf 58' lang='lat' dir='ltr'><strong>vanamque&#39;pompam</strong></span> <span class='ocrx_word' id='word_1_594' title='bbox 3169 2052 3407 2125; x_wconf 79' lang='lat' dir='ltr'><strong>religioni</strong></span> <span class='ocrx_word' id='word_1_595' title='bbox 3446 2052 3589 2125; x_wconf 77' lang='lat' dir='ltr'><strong>post-</strong></span> 
     </span>
    </p>
   </div>
   <div class='ocr_carea' id='block_1_78' title="bbox 2090 2211 3585 2284">
    <p class='ocr_par' dir='ltr' id='par_1_78' title="bbox 2090 2211 3585 2284">
     <span class='ocr_line' id='line_1_78' title="bbox 2090 2211 3585 2284; baseline 0.003 -17"><span class='ocrx_word' id='word_1_596' title='bbox 2090 2211 2371 2282; x_wconf 87' lang='lat' dir='ltr'><strong>Singulare</strong></span> <span class='ocrx_word' id='word_1_597' title='bbox 2414 2214 2714 2269; x_wconf 86' lang='lat' dir='ltr'><strong>membrum</strong></span> <span class='ocrx_word' id='word_1_598' title='bbox 2760 2214 3041 2280; x_wconf 71' lang='lat' dir='ltr'><strong>Ecclesiae,</strong></span> <span class='ocrx_word' id='word_1_599' title='bbox 3085 2219 3101 2236; x_wconf 83' lang='grc'><strong>⁹</strong></span> <span class='ocrx_word' id='word_1_600' title='bbox 3157 2224 3262 2270; x_wconf 61' lang='lat' dir='ltr'><strong>tua:</strong></span> <span class='ocrx_word' id='word_1_601' title='bbox 3315 2215 3585 2284; x_wconf 81' lang='lat' dir='ltr'><strong>religionis</strong></span> 
     </span>
    </p>
   </div>
   <div class='ocr_carea' id='block_1_79' title="bbox 2019 2302 3586 2371">
    <p class='ocr_par' dir='ltr' id='par_1_79' title="bbox 2019 2302 3586 2371">
     <span class='ocr_line' id='line_1_79' title="bbox 2019 2302 3586 2371; baseline 0.003 -16"><span class='ocrx_word' id='word_1_602' title='bbox 2019 2302 2420 2371; x_wconf 85' lang='lat' dir='ltr'><strong>amplitudinem</strong></span> <span class='ocrx_word' id='word_1_603' title='bbox 2466 2304 2727 2369; x_wconf 83' lang='lat' dir='ltr'><strong>existere,</strong></span> <span class='ocrx_word' id='word_1_604' title='bbox 2773 2314 2828 2359; x_wconf 93' lang='lat' dir='ltr'><strong>et</strong></span> <span class='ocrx_word' id='word_1_605' title='bbox 2883 2320 2914 2358; x_wconf 89' lang='lat' dir='ltr'><strong>a</strong></span> <span class='ocrx_word' id='word_1_606' title='bbox 2960 2305 3115 2360; x_wconf 89' lang='lat' dir='ltr'><strong>nobis</strong></span> <span class='ocrx_word' id='word_1_607' title='bbox 3159 2303 3586 2359; x_wconf 80' lang='lat' dir='ltr'><strong>reverentissime</strong></span> 
     </span>
    </p>
   </div>
   <div class='ocr_carea' id='block_1_80' title="bbox 2018 2389 3582 2463">
    <p class='ocr_par' dir='ltr' id='par_1_80' title="bbox 2018 2389 3582 2463">
     <span class='ocr_line' id='line_1_80' title="bbox 2018 2389 3582 2463; baseline 0.001 -19"><span class='ocrx_word' id='word_1_608' title='bbox 2018 2389 2140 2454; x_wconf 88' lang='lat' dir='ltr'><strong>coli,</strong></span> <span class='ocrx_word' id='word_1_609' title='bbox 2191 2390 2323 2444; x_wconf 88' lang='lat' dir='ltr'><strong>satis</strong></span> <span class='ocrx_word' id='word_1_610' title='bbox 2368 2399 2453 2446; x_wconf 88' lang='lat' dir='ltr'><strong>est</strong></span> <span class='ocrx_word' id='word_1_611' title='bbox 2495 2392 2742 2447; x_wconf 84' lang='lat' dir='ltr'><strong>omnibus</strong></span> <span class='ocrx_word' id='word_1_612' title='bbox 2782 2391 3139 2448; x_wconf 86' lang='lat' dir='ltr'><strong>manifestum.</strong></span> <span class='ocrx_word' id='word_1_613' title='bbox 3193 2393 3248 2447; x_wconf 85' lang='lat' dir='ltr'><strong>in</strong></span> <span class='ocrx_word' id='word_1_614' title='bbox 3288 2394 3406 2463; x_wconf 89' lang='lat' dir='ltr'><strong>ipso</strong></span> <span class='ocrx_word' id='word_1_615' title='bbox 3443 2393 3582 2448; x_wconf 86' lang='lat' dir='ltr'><strong>enim</strong></span> 
     </span>
    </p>
   </div>
   <div class='ocr_carea' id='block_1_81' title="bbox 2017 2478 3583 2547">
    <p class='ocr_par' dir='ltr' id='par_1_81' title="bbox 2017 2478 3583 2547">
     <span class='ocr_line' id='line_1_81' title="bbox 2017 2478 3583 2547; baseline 0.002 -16"><span class='ocrx_word' id='word_1_616' title='bbox 2017 2478 2170 2547; x_wconf 87' lang='lat' dir='ltr'><strong>apice</strong></span> <span class='ocrx_word' id='word_1_617' title='bbox 2190 2478 2502 2546; x_wconf 86' lang='lat' dir='ltr'><strong>nobilitatis,</strong></span> <span class='ocrx_word' id='word_1_618' title='bbox 2535 2479 2704 2534; x_wconf 88' lang='lat' dir='ltr'><strong>multo</strong></span> <span class='ocrx_word' id='word_1_619' title='bbox 2734 2481 3051 2536; x_wconf 87' lang='lat' dir='ltr'><strong>nobiliorem</strong></span> <span class='ocrx_word' id='word_1_620' title='bbox 3080 2480 3331 2535; x_wconf 78' lang='lat' dir='ltr'><strong>Ecclesia:</strong></span> <span class='ocrx_word' id='word_1_621' title='bbox 3351 2479 3583 2534; x_wconf 83' lang='lat' dir='ltr'><strong>devotio-</strong></span> 
     </span>
    </p>
   </div>
   <div class='ocr_carea' id='block_1_82' title="bbox 2016 2565 3581 2638">
    <p class='ocr_par' dir='ltr' id='par_1_82' title="bbox 2016 2565 3581 2638">
     <span class='ocr_line' id='line_1_82' title="bbox 2016 2565 3581 2638; baseline 0.004 -21"><span class='ocrx_word' id='word_1_622' title='bbox 2016 2580 2138 2619; x_wconf 92' lang='lat' dir='ltr'><strong>nem</strong></span> <span class='ocrx_word' id='word_1_623' title='bbox 2166 2565 2447 2634; x_wconf 85' lang='lat' dir='ltr'><strong>impendis,</strong></span> <span class='ocrx_word' id='word_1_624' title='bbox 2495 2575 2551 2621; x_wconf 89' lang='lat' dir='ltr'><strong>et</strong></span> <span class='ocrx_word' id='word_1_625' title='bbox 2577 2568 2744 2636; x_wconf 87' lang='lat' dir='ltr'><strong>magis</strong></span> <span class='ocrx_word' id='word_1_626' title='bbox 2773 2568 2892 2623; x_wconf 62' lang='lat' dir='ltr'><strong>laeta</strong></span> <span class='ocrx_word' id='word_1_627' title='bbox 2921 2568 3116 2624; x_wconf 83' lang='lat' dir='ltr'><strong>Christi</strong></span> <span class='ocrx_word' id='word_1_628' title='bbox 3145 2569 3414 2637; x_wconf 85' lang='lat' dir='ltr'><strong>agnitione</strong></span> <span class='ocrx_word' id='word_1_629' title='bbox 3442 2583 3581 2638; x_wconf 75' lang='lat' dir='ltr'><strong>pra:-</strong></span> 
     </span>
    </p>
   </div>
   <div class='ocr_carea' id='block_1_83' title="bbox 2015 2645 3576 2727">
    <p class='ocr_par' dir='ltr' id='par_1_83' title="bbox 2015 2645 3576 2727">
     <span class='ocr_line' id='line_1_83' title="bbox 2015 2645 3576 2727; baseline 0.003 -20"><span class='ocrx_word' id='word_1_630' title='bbox 2015 2655 2185 2723; x_wconf 89' lang='lat' dir='ltr'><strong>ceptis</strong></span> <span class='ocrx_word' id='word_1_631' title='bbox 2211 2654 2325 2722; x_wconf 85' lang='lat' dir='ltr'><strong>ejus</strong></span> <span class='ocrx_word' id='word_1_632' title='bbox 2352 2645 2711 2725; x_wconf 84' lang='lat' dir='ltr'><strong>obtemperas,</strong></span> <span class='ocrx_word' id='word_1_633' title='bbox 2752 2665 2807 2711; x_wconf 92' lang='lat' dir='ltr'><strong>et</strong></span> <span class='ocrx_word' id='word_1_634' title='bbox 2850 2658 2903 2712; x_wconf 93' lang='lat' dir='ltr'><strong>in</strong></span> <span class='ocrx_word' id='word_1_635' title='bbox 2951 2658 3054 2712; x_wconf 88' lang='lat' dir='ltr'><strong>ﬁde</strong></span> <span class='ocrx_word' id='word_1_636' title='bbox 3099 2659 3277 2727; x_wconf 86' lang='lat' dir='ltr'><strong>potius</strong></span> <span class='ocrx_word' id='word_1_637' title='bbox 3320 2658 3576 2719; x_wconf 75' lang='lat' dir='ltr'><strong>exsultas,</strong></span> 
     </span>
    </p>
   </div>
   <div class='ocr_carea' id='block_1_84' title="bbox 2017 2741 3579 2816">
    <p class='ocr_par' dir='ltr' id='par_1_84' title="bbox 2017 2741 3579 2816">
     <span class='ocr_line' id='line_1_84' title="bbox 2017 2741 3579 2816; baseline 0.004 -21"><span class='ocrx_word' id='word_1_638' title='bbox 2017 2756 2175 2810; x_wconf 90' lang='lat' dir='ltr'><strong>quam</strong></span> <span class='ocrx_word' id='word_1_639' title='bbox 2218 2745 2350 2798; x_wconf 88' lang='lat' dir='ltr'><strong>tanti</strong></span> <span class='ocrx_word' id='word_1_640' title='bbox 2397 2746 2610 2813; x_wconf 87' lang='lat' dir='ltr'><strong>generis</strong></span> <span class='ocrx_word' id='word_1_641' title='bbox 2657 2746 2788 2801; x_wconf 83' lang='lat' dir='ltr'><strong>ﬂore</strong></span> <span class='ocrx_word' id='word_1_642' title='bbox 2843 2748 3082 2816; x_wconf 88' lang='lat' dir='ltr'><strong>jactaris.</strong></span> <span class='ocrx_word' id='word_1_643' title='bbox 3146 2741 3368 2802; x_wconf 86' lang='lat' dir='ltr'><strong>Summa</strong></span> <span class='ocrx_word' id='word_1_644' title='bbox 3411 2747 3579 2802; x_wconf 79' lang='lat' dir='ltr'><strong>virtus</strong></span> 
     </span>
    </p>
   </div>
   <div class='ocr_carea' id='block_1_85' title="bbox 2014 2832 3573 2904">
    <p class='ocr_par' dir='ltr' id='par_1_85' title="bbox 2014 2832 3573 2904">
     <span class='ocr_line' id='line_1_85' title="bbox 2014 2832 3573 2904; baseline 0.002 -17"><span class='ocrx_word' id='word_1_645' title='bbox 2014 2832 2276 2903; x_wconf 73' lang='lat' dir='ltr'><strong>(Summae</strong></span> <span class='ocrx_word' id='word_1_646' title='bbox 2313 2836 2555 2904; x_wconf 82' lang='lat' dir='ltr'><strong>virtutis)</strong></span> <span class='ocrx_word' id='word_1_647' title='bbox 2601 2844 2687 2893; x_wconf 89' lang='lat' dir='ltr'><strong>est</strong></span> <span class='ocrx_word' id='word_1_648' title='bbox 2736 2837 2928 2891; x_wconf 81' lang='lat' dir='ltr'><strong>vicisse</strong></span> <span class='ocrx_word' id='word_1_649' title='bbox 2964 2837 3188 2904; x_wconf 85' lang='lat' dir='ltr'><strong>gloriam</strong></span> <span class='ocrx_word' id='word_1_650' title='bbox 3238 2837 3452 2900; x_wconf 88' lang='lat' dir='ltr'><strong>carnis,</strong></span> <span class='ocrx_word' id='word_1_651' title='bbox 3517 2846 3573 2890; x_wconf 91' lang='lat' dir='ltr'><strong>et</strong></span> 
     </span>
    </p>
   </div>
   <div class='ocr_carea' id='block_1_86' title="bbox 2011 2926 3573 3001">
    <p class='ocr_par' dir='ltr' id='par_1_86' title="bbox 2011 2926 3573 3001">
     <span class='ocr_line' id='line_1_86' title="bbox 2011 2926 3573 3001; baseline 0.001 -21"><span class='ocrx_word' id='word_1_652' title='bbox 2011 2939 2204 2993; x_wconf 82' lang='lat' dir='ltr'><strong>magna</strong></span> <span class='ocrx_word' id='word_1_653' title='bbox 2239 2934 2323 2981; x_wconf 91' lang='lat' dir='ltr'><strong>est</strong></span> <span class='ocrx_word' id='word_1_654' title='bbox 2369 2926 2568 2982; x_wconf 88' lang='lat' dir='ltr'><strong>Christi</strong></span> <span class='ocrx_word' id='word_1_655' title='bbox 2612 2929 2783 2996; x_wconf 82' lang='lat' dir='ltr'><strong>gratia</strong></span> <span class='ocrx_word' id='word_1_656' title='bbox 2831 2929 3059 3001; x_wconf 63' lang='lat' dir='ltr'><strong>(magnae</strong></span> <span class='ocrx_word' id='word_1_657' title='bbox 3105 2928 3330 2997; x_wconf 65' lang='lat' dir='ltr'><strong>gratiae)</strong></span> <span class='ocrx_word' id='word_1_658' title='bbox 3380 2927 3573 2983; x_wconf 84' lang='lat' dir='ltr'><strong>nobili-</strong></span> 
     </span>
    </p>
   </div>
   <div class='ocr_carea' id='block_1_87' title="bbox 2012 3018 3575 3088">
    <p class='ocr_par' dir='ltr' id='par_1_87' title="bbox 2012 3018 3575 3088">
     <span class='ocr_line' id='line_1_87' title="bbox 2012 3018 3575 3088; baseline 0.002 -18"><span class='ocrx_word' id='word_1_659' title='bbox 2012 3025 2178 3070; x_wconf 84' lang='lat' dir='ltr'><strong>tatem</strong></span> <span class='ocrx_word' id='word_1_660' title='bbox 2218 3018 2457 3072; x_wconf 88' lang='lat' dir='ltr'><strong>moribus</strong></span> <span class='ocrx_word' id='word_1_661' title='bbox 2502 3034 2804 3088; x_wconf 89' lang='lat' dir='ltr'><strong>superasse,</strong></span> <span class='ocrx_word' id='word_1_662' title='bbox 2851 3018 3067 3074; x_wconf 90' lang='lat' dir='ltr'><strong>domina</strong></span> <span class='ocrx_word' id='word_1_663' title='bbox 3096 3019 3202 3073; x_wconf 91' lang='lat' dir='ltr'><strong>ﬁlia</strong></span> <span class='ocrx_word' id='word_1_664' title='bbox 3245 3020 3436 3075; x_wconf 88' lang='lat' dir='ltr'><strong>merito</strong></span> <span class='ocrx_word' id='word_1_665' title='bbox 3464 3019 3575 3073; x_wconf 83' lang='lat' dir='ltr'><strong>illu-</strong></span> 
     </span>
    </p>
   </div>
   <div class='ocr_carea' id='block_1_88' title="bbox 2011 3104 3572 3178">
    <p class='ocr_par' dir='ltr' id='par_1_88' title="bbox 2011 3104 3572 3178">
     <span class='ocr_line' id='line_1_88' title="bbox 2011 3104 3572 3178; baseline 0.003 -17"><span class='ocrx_word' id='word_1_666' title='bbox 2011 3107 2156 3162; x_wconf 86' lang='lat' dir='ltr'><strong>stris.</strong></span> <span class='ocrx_word' id='word_1_667' title='bbox 2177 3104 2334 3162; x_wconf 87' lang='lat' dir='ltr'><strong>Certa</strong></span> <span class='ocrx_word' id='word_1_668' title='bbox 2365 3109 2526 3176; x_wconf 89' lang='lat' dir='ltr'><strong>igitur</strong></span> <span class='ocrx_word' id='word_1_669' title='bbox 2553 3109 2808 3173; x_wconf 81' lang='lat' dir='ltr'><strong>existens,</strong></span> <span class='ocrx_word' id='word_1_670' title='bbox 2846 3107 3209 3174; x_wconf 89' lang='lat' dir='ltr'><strong>dilectissima,</strong></span> <span class='ocrx_word' id='word_1_671' title='bbox 3239 3110 3361 3165; x_wconf 74' lang='lat' dir='ltr'><strong>vita:</strong></span> <span class='ocrx_word' id='word_1_672' title='bbox 3396 3109 3572 3178; x_wconf 85' lang='lat' dir='ltr'><strong>hujus,</strong></span> 
     </span>
    </p>
   </div>
   <div class='ocr_carea' id='block_1_89' title="bbox 2011 3198 3574 3269">
    <p class='ocr_par' dir='ltr' id='par_1_89' title="bbox 2011 3198 3574 3269">
     <span class='ocr_line' id='line_1_89' title="bbox 2011 3198 3574 3269; baseline 0.004 -18"><span class='ocrx_word' id='word_1_673' title='bbox 2011 3212 2340 3266; x_wconf 63' lang='lat' dir='ltr'><strong>quaecunque</strong></span> <span class='ocrx_word' id='word_1_674' title='bbox 2396 3207 2539 3264; x_wconf 91' lang='lat' dir='ltr'><strong>sunt,</strong></span> <span class='ocrx_word' id='word_1_675' title='bbox 2592 3201 2763 3269; x_wconf 88' lang='lat' dir='ltr'><strong>spatia</strong></span> <span class='ocrx_word' id='word_1_676' title='bbox 2791 3200 3007 3257; x_wconf 59' lang='lat' dir='ltr'><strong>aeternis</strong></span> <span class='ocrx_word' id='word_1_677' title='bbox 3050 3198 3348 3269; x_wconf 64' lang='lat' dir='ltr'><strong>diiinisque</strong></span> <span class='ocrx_word' id='word_1_678' title='bbox 3387 3199 3574 3257; x_wconf 81' lang='lat' dir='ltr'><strong>ofﬁciis</strong></span> 
     </span>
    </p>
   </div>
   <div class='ocr_carea' id='block_1_90' title="bbox 2009 3284 3571 3360">
    <p class='ocr_par' dir='ltr' id='par_1_90' title="bbox 2009 3284 3571 3360">
     <span class='ocr_line' id='line_1_90' title="bbox 2009 3284 3571 3360; baseline 0.005 -22"><span class='ocrx_word' id='word_1_679' title='bbox 2009 3285 2277 3340; x_wconf 85' lang='lat' dir='ltr'><strong>illustrare</strong></span> <span class='ocrx_word' id='word_1_680' title='bbox 2302 3287 2588 3353; x_wconf 86' lang='lat' dir='ltr'><strong>contende,</strong></span> <span class='ocrx_word' id='word_1_681' title='bbox 2621 3296 2678 3342; x_wconf 90' lang='lat' dir='ltr'><strong>ut</strong></span> <span class='ocrx_word' id='word_1_682' title='bbox 2706 3289 2797 3359; x_wconf 86' lang='lat' dir='ltr'><strong>qui</strong></span> <span class='ocrx_word' id='word_1_683' title='bbox 2822 3288 3081 3357; x_wconf 86' lang='lat' dir='ltr'><strong>insignem</strong></span> <span class='ocrx_word' id='word_1_684' title='bbox 3103 3298 3154 3344; x_wconf 89' lang='lat' dir='ltr'><strong>te</strong></span> <span class='ocrx_word' id='word_1_685' title='bbox 3174 3284 3436 3360; x_wconf 59' lang='lat' dir='ltr'><strong>praestitit,</strong></span> <span class='ocrx_word' id='word_1_686' title='bbox 3460 3290 3571 3346; x_wconf 73' lang='lat' dir='ltr'><strong>red~</strong></span> 
     </span>
    </p>
   </div>
   <div class='ocr_carea' id='block_1_91' title="bbox 2005 3375 2899 3447">
    <p class='ocr_par' dir='ltr' id='par_1_91' title="bbox 2005 3375 2899 3447">
     <span class='ocr_line' id='line_1_91' title="bbox 2005 3375 2899 3447; baseline 0.006 -19"><span class='ocrx_word' id='word_1_687' title='bbox 2005 3375 2099 3430; x_wconf 88' lang='lat' dir='ltr'><strong>dat</strong></span> <span class='ocrx_word' id='word_1_688' title='bbox 2125 3378 2224 3431; x_wconf 89' lang='lat' dir='ltr'><strong>sibi</strong></span> <span class='ocrx_word' id='word_1_689' title='bbox 2255 3392 2349 3447; x_wconf 89' lang='lat' dir='ltr'><strong>per</strong></span> <span class='ocrx_word' id='word_1_690' title='bbox 2374 3378 2569 3433; x_wconf 71' lang='lat' dir='ltr'><strong>saecula</strong></span> <span class='ocrx_word' id='word_1_691' title='bbox 2595 3379 2899 3434; x_wconf 90' lang='lat' dir='ltr'><strong>clariorem.</strong></span> 
     </span>
    </p>
   </div>
   <div class='ocr_carea' id='block_1_92' title="bbox 2077 3462 3568 3540">
    <p class='ocr_par' dir='ltr' id='par_1_92' title="bbox 2077 3462 3568 3540">
     <span class='ocr_line' id='line_1_92' title="bbox 2077 3462 3568 3540; baseline 0.004 -17"><span class='ocrx_word' id='word_1_692' title='bbox 2077 3468 2416 3540; x_wconf 85' lang='lat' dir='ltr'><strong>Quapropter</strong></span> <span class='ocrx_word' id='word_1_693' title='bbox 2460 3462 2608 3524; x_wconf 73' lang='lat' dir='ltr'><strong>tuam</strong></span> <span class='ocrx_word' id='word_1_694' title='bbox 2652 3471 2927 3525; x_wconf 86' lang='lat' dir='ltr'><strong>hortamur</strong></span> <span class='ocrx_word' id='word_1_695' title='bbox 2953 3469 3318 3540; x_wconf 74' lang='lat' dir='ltr'><strong>dilectionem,</strong></span> <span class='ocrx_word' id='word_1_696' title='bbox 3366 3480 3426 3527; x_wconf 90' lang='lat' dir='ltr'><strong>ut</strong></span> <span class='ocrx_word' id='word_1_697' title='bbox 3468 3472 3568 3529; x_wconf 88' lang='lat' dir='ltr'><strong>bo-</strong></span> 
     </span>
    </p>
   </div>
   <div class='ocr_carea' id='block_1_93' title="bbox 2005 3559 3568 3632">
    <p class='ocr_par' dir='ltr' id='par_1_93' title="bbox 2005 3559 3568 3632">
     <span class='ocr_line' id='line_1_93' title="bbox 2005 3559 3568 3632; baseline 0.001 -19"><span class='ocrx_word' id='word_1_698' title='bbox 2005 3577 2151 3622; x_wconf 87' lang='lat' dir='ltr'><strong>num,</strong></span> <span class='ocrx_word' id='word_1_699' title='bbox 2170 3561 2313 3630; x_wconf 89' lang='lat' dir='ltr'><strong>quod</strong></span> <span class='ocrx_word' id='word_1_700' title='bbox 2335 3561 2561 3629; x_wconf 83' lang='lat' dir='ltr'><strong>coepisti,</strong></span> <span class='ocrx_word' id='word_1_701' title='bbox 2578 3575 2792 3629; x_wconf 84' lang='lat' dir='ltr'><strong>semper</strong></span> <span class='ocrx_word' id='word_1_702' title='bbox 2813 3560 3033 3630; x_wconf 85' lang='lat' dir='ltr'><strong>implere</strong></span> <span class='ocrx_word' id='word_1_703' title='bbox 3052 3575 3158 3615; x_wconf 86' lang='lat' dir='ltr'><strong>non</strong></span> <span class='ocrx_word' id='word_1_704' title='bbox 3180 3559 3420 3627; x_wconf 87' lang='lat' dir='ltr'><strong>diﬁ&#39;eras;</strong></span> <span class='ocrx_word' id='word_1_705' title='bbox 3444 3563 3568 3632; x_wconf 86' lang='lat' dir='ltr'><strong>quia</strong></span> 
     </span>
    </p>
   </div>
   <div class='ocr_carea' id='block_1_94' title="bbox 2003 3651 3567 3723">
    <p class='ocr_par' dir='ltr' id='par_1_94' title="bbox 2003 3651 3567 3723">
     <span class='ocr_line' id='line_1_94' title="bbox 2003 3651 3567 3723; baseline 0.003 -19"><span class='ocrx_word' id='word_1_706' title='bbox 2003 3668 2108 3705; x_wconf 90' lang='lat' dir='ltr'><strong>non</strong></span> <span class='ocrx_word' id='word_1_707' title='bbox 2136 3653 2380 3706; x_wconf 89' lang='lat' dir='ltr'><strong>laudatur</strong></span> <span class='ocrx_word' id='word_1_708' title='bbox 2406 3652 2635 3715; x_wconf 86' lang='lat' dir='ltr'><strong>initium,</strong></span> <span class='ocrx_word' id='word_1_709' title='bbox 2678 3652 2774 3711; x_wconf 84' lang='lat' dir='ltr'><strong>sed</strong></span> <span class='ocrx_word' id='word_1_710' title='bbox 2802 3651 2942 3706; x_wconf 85' lang='lat' dir='ltr'><strong>ﬁnis.</strong></span> <span class='ocrx_word' id='word_1_711' title='bbox 2984 3651 3312 3723; x_wconf 86' lang='lat' dir='ltr'><strong>Sapientiam</strong></span> <span class='ocrx_word' id='word_1_712' title='bbox 3342 3654 3484 3708; x_wconf 88' lang='lat' dir='ltr'><strong>enim</strong></span> <span class='ocrx_word' id='word_1_713' title='bbox 3513 3660 3567 3708; x_wconf 88' lang='lat' dir='ltr'><strong>te</strong></span> 
     </span>
    </p>
   </div>
   <div class='ocr_carea' id='block_1_95' title="bbox 2000 3741 3566 3810">
    <p class='ocr_par' dir='ltr' id='par_1_95' title="bbox 2000 3741 3566 3810">
     <span class='ocr_line' id='line_1_95' title="bbox 2000 3741 3566 3810; baseline 0.001 -14"><span class='ocrx_word' id='word_1_714' title='bbox 2000 3744 2276 3796; x_wconf 87' lang='lat' dir='ltr'><strong>hortamur</strong></span> <span class='ocrx_word' id='word_1_715' title='bbox 2307 3741 2528 3810; x_wconf 87' lang='lat' dir='ltr'><strong>diligere</strong></span> <span class='ocrx_word' id='word_1_716' title='bbox 2578 3750 2634 3795; x_wconf 92' lang='lat' dir='ltr'><strong>et</strong></span> <span class='ocrx_word' id='word_1_717' title='bbox 2681 3741 2928 3803; x_wconf 84' lang='lat' dir='ltr'><strong>scrutari,</strong></span> <span class='ocrx_word' id='word_1_718' title='bbox 2978 3750 3038 3795; x_wconf 81' lang='lat' dir='ltr'><strong>ut</strong></span> <span class='ocrx_word' id='word_1_719' title='bbox 3079 3744 3469 3798; x_wconf 88' lang='lat' dir='ltr'><strong>rationabiliter</strong></span> <span class='ocrx_word' id='word_1_720' title='bbox 3509 3754 3566 3799; x_wconf 90' lang='lat' dir='ltr'><strong>et</strong></span> 
     </span>
    </p>
   </div>
   <div class='ocr_carea' id='block_1_96' title="bbox 1995 3830 3562 3901">
    <p class='ocr_par' dir='ltr' id='par_1_96' title="bbox 1995 3830 3562 3901">
     <span class='ocr_line' id='line_1_96' title="bbox 1995 3830 3562 3901; baseline 0.002 -16"><span class='ocrx_word' id='word_1_721' title='bbox 1995 3831 2267 3900; x_wconf 84' lang='lat' dir='ltr'><strong>sapienter</strong></span> <span class='ocrx_word' id='word_1_722' title='bbox 2292 3830 2542 3901; x_wconf 85' lang='lat' dir='ltr'><strong>disponas</strong></span> <span class='ocrx_word' id='word_1_723' title='bbox 2568 3839 2624 3884; x_wconf 84' lang='lat' dir='ltr'><strong>et</strong></span> <span class='ocrx_word' id='word_1_724' title='bbox 2663 3830 2873 3899; x_wconf 83' lang='lat' dir='ltr'><strong>judices</strong></span> <span class='ocrx_word' id='word_1_725' title='bbox 2898 3845 2960 3883; x_wconf 87' lang='lat' dir='ltr'><strong>ea</strong></span> <span class='ocrx_word' id='word_1_726' title='bbox 2991 3846 3113 3899; x_wconf 67' lang='lat' dir='ltr'><strong>quae</strong></span> <span class='ocrx_word' id='word_1_727' title='bbox 3155 3832 3251 3886; x_wconf 85' lang='lat' dir='ltr'><strong>tibi</strong></span> <span class='ocrx_word' id='word_1_728' title='bbox 3279 3834 3562 3888; x_wconf 79' lang='lat' dir='ltr'><strong>commissa</strong></span> 
     </span>
    </p>
   </div>
   <div class='ocr_carea' id='block_1_97' title="bbox 1995 3916 3561 3996">
    <p class='ocr_par' dir='ltr' id='par_1_97' title="bbox 1995 3916 3561 3996">
     <span class='ocr_line' id='line_1_97' title="bbox 1995 3916 3561 3996; baseline 0.002 -21"><span class='ocrx_word' id='word_1_729' title='bbox 1995 3929 2141 3987; x_wconf 84' lang='lat' dir='ltr'><strong>sunt,</strong></span> <span class='ocrx_word' id='word_1_730' title='bbox 2169 3920 2381 3976; x_wconf 82' lang='lat' dir='ltr'><strong>dicente</strong></span> <span class='ocrx_word' id='word_1_731' title='bbox 2399 3921 2628 3976; x_wconf 77' lang='lat' dir='ltr'><strong>Domino</strong></span> <span class='ocrx_word' id='word_1_732' title='bbox 2648 3935 2745 3991; x_wconf 90' lang='lat' dir='ltr'><strong>per</strong></span> <span class='ocrx_word' id='word_1_733' title='bbox 2765 3922 3077 3990; x_wconf 76' lang='lat' dir='ltr'><strong>prophetam</strong></span> <span class='ocrx_word' id='word_1_734' title='bbox 3103 3940 3121 3976; x_wconf 69' lang='grc' dir='ltr'><strong>ι</strong></span> <span class='ocrx_word' id='word_1_735' title='bbox 3142 3916 3454 3991; x_wconf 74' lang='lat' dir='ltr'><strong>Erudimim’,</strong></span> <span class='ocrx_word' id='word_1_736' title='bbox 3475 3927 3561 3996; x_wconf 84' lang='lat' dir='ltr'><strong>qui</strong></span> 
     </span>
    </p>
   </div>
   <div class='ocr_carea' id='block_1_98' title="bbox 1986 4009 3562 4081">
    <p class='ocr_par' dir='ltr' id='par_1_98' title="bbox 1986 4009 3562 4081">
     <span class='ocr_line' id='line_1_98' title="bbox 1986 4009 3562 4081; baseline 0.003 -18"><span class='ocrx_word' id='word_1_737' title='bbox 1986 4010 2234 4081; x_wconf 84' lang='lat' dir='ltr'><strong>judicatis</strong></span> <span class='ocrx_word' id='word_1_738' title='bbox 2282 4018 2489 4063; x_wconf 88' lang='lat' dir='ltr'><strong>terram.</strong></span> <span class='ocrx_word' id='word_1_739' title='bbox 2543 4009 2687 4064; x_wconf 87' lang='lat' dir='ltr'><strong>Time</strong></span> <span class='ocrx_word' id='word_1_740' title='bbox 2721 4028 2840 4081; x_wconf 89' lang='lat' dir='ltr'><strong>ergo</strong></span> <span class='ocrx_word' id='word_1_741' title='bbox 2877 4010 3175 4075; x_wconf 87' lang='lat' dir='ltr'><strong>Dominum,</strong></span> <span class='ocrx_word' id='word_1_742' title='bbox 3224 4023 3273 4066; x_wconf 89' lang='lat' dir='ltr'><strong>et</strong></span> <span class='ocrx_word' id='word_1_743' title='bbox 3312 4015 3562 4067; x_wconf 84' lang='lat' dir='ltr'><strong>mandata</strong></span> 
     </span>
    </p>
   </div>
   <div class='ocr_carea' id='block_1_99' title="bbox 1991 4098 3558 4173">
    <p class='ocr_par' dir='ltr' id='par_1_99' title="bbox 1991 4098 3558 4173">
     <span class='ocr_line' id='line_1_99' title="bbox 1991 4098 3558 4173; baseline 0.004 -20"><span class='ocrx_word' id='word_1_744' title='bbox 1991 4098 2103 4169; x_wconf 88' lang='lat' dir='ltr'><strong>ejus</strong></span> <span class='ocrx_word' id='word_1_745' title='bbox 2128 4116 2295 4162; x_wconf 84' lang='lat' dir='ltr'><strong>serva,</strong></span> <span class='ocrx_word' id='word_1_746' title='bbox 2316 4108 2365 4153; x_wconf 88' lang='lat' dir='ltr'><strong>et</strong></span> <span class='ocrx_word' id='word_1_747' title='bbox 2385 4099 2538 4170; x_wconf 83' lang='lat' dir='ltr'><strong>dilige</strong></span> <span class='ocrx_word' id='word_1_748' title='bbox 2558 4116 2677 4153; x_wconf 74' lang='lat' dir='ltr'><strong>eum</strong></span> <span class='ocrx_word' id='word_1_749' title='bbox 2706 4102 2836 4155; x_wconf 77' lang='lat' dir='ltr'><strong>totis</strong></span> <span class='ocrx_word' id='word_1_750' title='bbox 2854 4101 3145 4166; x_wconf 83' lang='lat' dir='ltr'><strong>visceribus,</strong></span> <span class='ocrx_word' id='word_1_751' title='bbox 3192 4114 3241 4156; x_wconf 89' lang='lat' dir='ltr'><strong>et</strong></span> <span class='ocrx_word' id='word_1_752' title='bbox 3268 4105 3558 4173; x_wconf 80' lang='lat' dir='ltr'><strong>proximum</strong></span> 
     </span>
    </p>
   </div>
   <div class='ocr_carea' id='block_1_100' title="bbox 1990 4187 3556 4261">
    <p class='ocr_par' dir='ltr' id='par_1_100' title="bbox 1990 4187 3556 4261">
     <span class='ocr_line' id='line_1_100' title="bbox 1990 4187 3556 4261; baseline 0.004 -20"><span class='ocrx_word' id='word_1_753' title='bbox 1990 4197 2133 4241; x_wconf 88' lang='lat' dir='ltr'><strong>tuum</strong></span> <span class='ocrx_word' id='word_1_754' title='bbox 2149 4190 2279 4242; x_wconf 85' lang='lat' dir='ltr'><strong>sicut</strong></span> <span class='ocrx_word' id='word_1_755' title='bbox 2296 4190 2535 4259; x_wconf 77' lang='lat' dir='ltr'><strong>‘teipsum.</strong></span> <span class='ocrx_word' id='word_1_756' title='bbox 2568 4187 2705 4242; x_wconf 84' lang='lat' dir='ltr'><strong>Deus</strong></span> <span class='ocrx_word' id='word_1_757' title='bbox 2735 4190 3014 4243; x_wconf 85' lang='lat' dir='ltr'><strong>altissimus</strong></span> <span class='ocrx_word' id='word_1_758' title='bbox 3041 4193 3229 4245; x_wconf 86' lang='lat' dir='ltr'><strong>creavit</strong></span> <span class='ocrx_word' id='word_1_759' title='bbox 3253 4195 3556 4261; x_wconf 83' lang='lat' dir='ltr'><strong>sapientiam</strong></span> 
     </span>
    </p>
   </div>
   <div class='ocr_carea' id='block_1_101' title="bbox 1987 4279 3553 4349">
    <p class='ocr_par' dir='ltr' id='par_1_101' title="bbox 1987 4279 3553 4349">
     <span class='ocr_line' id='line_1_101' title="bbox 1987 4279 3553 4349; baseline 0.003 -17"><span class='ocrx_word' id='word_1_760' title='bbox 1987 4280 2043 4332; x_wconf 86' lang='lat' dir='ltr'><strong>in</strong></span> <span class='ocrx_word' id='word_1_761' title='bbox 2068 4279 2268 4347; x_wconf 85' lang='lat' dir='ltr'><strong>Spiritu</strong></span> <span class='ocrx_word' id='word_1_762' title='bbox 2295 4289 2492 4341; x_wconf 88' lang='lat' dir='ltr'><strong>sancto,</strong></span> <span class='ocrx_word' id='word_1_763' title='bbox 2542 4288 2593 4332; x_wconf 91' lang='lat' dir='ltr'><strong>et</strong></span> <span class='ocrx_word' id='word_1_764' title='bbox 2620 4280 2761 4339; x_wconf 68' lang='lat' dir='ltr'><strong>cidit,</strong></span> <span class='ocrx_word' id='word_1_765' title='bbox 2809 4287 2856 4333; x_wconf 89' lang='lat' dir='ltr'><strong>et</strong></span> <span class='ocrx_word' id='word_1_766' title='bbox 2890 4280 3227 4334; x_wconf 79' lang='lat' dir='ltr'><strong>dinumeravit</strong></span> <span class='ocrx_word' id='word_1_767' title='bbox 3252 4298 3314 4335; x_wconf 90' lang='lat' dir='ltr'><strong>ea</strong></span> <span class='ocrx_word' id='word_1_768' title='bbox 3343 4292 3553 4349; x_wconf 88' lang='lat' dir='ltr'><strong>terram,</strong></span> 
     </span>
    </p>
   </div>
   <div class='ocr_carea' id='block_1_102' title="bbox 1986 4368 3551 4441">
    <p class='ocr_par' dir='ltr' id='par_1_102' title="bbox 1986 4368 3551 4441">
     <span class='ocr_line' id='line_1_102' title="bbox 1986 4368 3551 4441; baseline 0.002 -19"><span class='ocrx_word' id='word_1_769' title='bbox 1986 4378 2035 4422; x_wconf 90' lang='lat' dir='ltr'><strong>et</strong></span> <span class='ocrx_word' id='word_1_770' title='bbox 2064 4385 2265 4423; x_wconf 84' lang='lat' dir='ltr'><strong>mensus</strong></span> <span class='ocrx_word' id='word_1_771' title='bbox 2287 4377 2382 4434; x_wconf 86' lang='lat' dir='ltr'><strong>est,</strong></span> <span class='ocrx_word' id='word_1_772' title='bbox 2414 4377 2463 4422; x_wconf 89' lang='lat' dir='ltr'><strong>et</strong></span> <span class='ocrx_word' id='word_1_773' title='bbox 2489 4368 2669 4437; x_wconf 80' lang='lat' dir='ltr'><strong>effudit</strong></span> <span class='ocrx_word' id='word_1_774' title='bbox 2702 4369 2847 4422; x_wconf 88' lang='lat' dir='ltr'><strong>illam</strong></span> <span class='ocrx_word' id='word_1_775' title='bbox 2875 4385 3026 4439; x_wconf 88' lang='lat' dir='ltr'><strong>super</strong></span> <span class='ocrx_word' id='word_1_776' title='bbox 3052 4371 3226 4423; x_wconf 89' lang='lat' dir='ltr'><strong>omnia</strong></span> <span class='ocrx_word' id='word_1_777' title='bbox 3254 4387 3410 4441; x_wconf 86' lang='lat' dir='ltr'><strong>opera</strong></span> <span class='ocrx_word' id='word_1_778' title='bbox 3437 4389 3551 4438; x_wconf 87' lang='lat' dir='ltr'><strong>sua,</strong></span> 
     </span>
    </p>
   </div>
   <div class='ocr_carea' id='block_1_103' title="bbox 482 4460 3555 4551">
    <p class='ocr_par' dir='ltr' id='par_1_103' title="bbox 482 4460 3555 4551">
     <span class='ocr_line' id='line_1_103' title="bbox 482 4460 3555 4551; baseline -0.003 -27"><span class='ocrx_word' id='word_1_779' title='bbox 482 4474 560 4527; x_wconf 76' lang='lat' dir='ltr'><strong>De</strong></span> <span class='ocrx_word' id='word_1_780' title='bbox 585 4460 597 4470; x_wconf 68' lang='grc'>’</span> <span class='ocrx_word' id='word_1_781' title='bbox 614 4460 962 4526; x_wconf 71' lang='lat' dir='ltr'><strong>ecclesiarum</strong></span> <span class='ocrx_word' id='word_1_782' title='bbox 1002 4482 1131 4522; x_wconf 75' lang='lat' dir='ltr'><strong>vero</strong></span> <span class='ocrx_word' id='word_1_783' title='bbox 1171 4465 1575 4522; x_wconf 86' lang='lat' dir='ltr'><strong>consecratione</strong></span> <span class='ocrx_word' id='word_1_784' title='bbox 1602 4464 1621 4535; x_wconf 94' lang='lat'><strong>(</strong></span> <span class='ocrx_word' id='word_1_785' title='bbox 1644 4463 1704 4519; x_wconf 87' lang='lat' dir='ltr'><strong>S.</strong></span> <span class='ocrx_word' id='word_1_786' title='bbox 1736 4462 1843 4518; x_wconf 86' lang='lat' dir='ltr'><strong>Leo</strong></span> <span class='ocrx_word' id='word_1_787' title='bbox 1864 4502 1881 4527; x_wconf 90' lang='lat'><strong>,</strong></span> <span class='ocrx_word' id='word_1_788' title='bbox 1913 4493 1962 4551; x_wconf 67' lang='grc' dir='ltr'><strong>Β</strong></span> <span class='ocrx_word' id='word_1_789' title='bbox 1986 4468 2036 4512; x_wconf 88' lang='lat' dir='ltr'><strong>et</strong></span> <span class='ocrx_word' id='word_1_790' title='bbox 2062 4476 2215 4529; x_wconf 86' lang='lat' dir='ltr'><strong>super</strong></span> <span class='ocrx_word' id='word_1_791' title='bbox 2233 4476 2435 4513; x_wconf 86' lang='lat' dir='ltr'><strong>omnem</strong></span> <span class='ocrx_word' id='word_1_792' title='bbox 2454 4476 2661 4514; x_wconf 88' lang='lat' dir='ltr'><strong>carnem</strong></span> <span class='ocrx_word' id='word_1_793' title='bbox 2679 4460 2953 4513; x_wconf 83' lang='lat' dir='ltr'><strong>secundum</strong></span> <span class='ocrx_word' id='word_1_794' title='bbox 2973 4461 3151 4514; x_wconf 85' lang='lat' dir='ltr'><strong>datum</strong></span> <span class='ocrx_word' id='word_1_795' title='bbox 3169 4478 3316 4514; x_wconf 85' lang='lat' dir='ltr'><strong>suum</strong></span> <span class='ocrx_word' id='word_1_796' title='bbox 3338 4463 3555 4531; x_wconf 79' lang='lat' dir='ltr'><strong>prwbuit</strong></span> 
     </span>
    </p>
   </div>
   <div class='ocr_carea' id='block_1_104' title="bbox 1983 4544 3551 4619">
    <p class='ocr_par' dir='ltr' id='par_1_104' title="bbox 1983 4544 3551 4619">
     <span class='ocr_line' id='line_1_104' title="bbox 1983 4544 3551 4619; baseline 0.002 -19"><span class='ocrx_word' id='word_1_797' title='bbox 1983 4548 2128 4601; x_wconf 89' lang='lat' dir='ltr'><strong>illam</strong></span> <span class='ocrx_word' id='word_1_798' title='bbox 2157 4546 2483 4617; x_wconf 79' lang='lat' dir='ltr'><strong>diligentibus</strong></span> <span class='ocrx_word' id='word_1_799' title='bbox 2518 4561 2593 4600; x_wconf 88' lang='lat' dir='ltr'><strong>se.</strong></span> <span class='ocrx_word' id='word_1_800' title='bbox 2626 4544 2807 4601; x_wconf 71' lang='lat' dir='ltr'><strong>Timbr</strong></span> <span class='ocrx_word' id='word_1_801' title='bbox 2828 4545 3058 4614; x_wconf 80' lang='lat' dir='ltr'><strong>Domini,</strong></span> <span class='ocrx_word' id='word_1_802' title='bbox 3087 4550 3251 4619; x_wconf 85' lang='lat' dir='ltr'><strong>gloria</strong></span> <span class='ocrx_word' id='word_1_803' title='bbox 3279 4559 3329 4602; x_wconf 88' lang='lat' dir='ltr'><strong>et</strong></span> <span class='ocrx_word' id='word_1_804' title='bbox 3354 4550 3551 4619; x_wconf 84' lang='lat' dir='ltr'><strong>gloria-</strong></span> 
     </span>
    </p>
   </div>
   <div class='ocr_carea' id='block_1_105' title="bbox 1987 4634 3552 4700">
    <p class='ocr_par' dir='ltr' id='par_1_105' title="bbox 1987 4634 3552 4700">
     <span class='ocr_line' id='line_1_105' title="bbox 1987 4634 3552 4700; baseline -0.001 -11"><span class='ocrx_word' id='word_1_805' title='bbox 1987 4638 2164 4700; x_wconf 66' lang='lat' dir='ltr'><strong>tio,,et</strong></span> <span class='ocrx_word' id='word_1_806' title='bbox 2186 4651 2377 4693; x_wconf 88' lang='lat' dir='ltr'><strong>corona</strong></span> <span class='ocrx_word' id='word_1_807' title='bbox 2403 4634 2779 4690; x_wconf 69' lang='lat' dir='ltr'><strong>exsultationis.</strong></span> <span class='ocrx_word' id='word_1_808' title='bbox 2835 4635 3010 4690; x_wconf 86' lang='lat' dir='ltr'><strong>Timor</strong></span> <span class='ocrx_word' id='word_1_809' title='bbox 3045 4635 3257 4691; x_wconf 87' lang='lat' dir='ltr'><strong>Domini</strong></span> <span class='ocrx_word' id='word_1_810' title='bbox 3285 4636 3552 4690; x_wconf 86' lang='lat' dir='ltr'><strong>delectabit</strong></span> 
     </span>
    </p>
   </div>
   <div class='ocr_carea' id='block_1_106' title="bbox 1982 4723 3550 4794">
    <p class='ocr_par' dir='ltr' id='par_1_106' title="bbox 1982 4723 3550 4794">
     <span class='ocr_line' id='line_1_106' title="bbox 1982 4723 3550 4794; baseline 0 -15"><span class='ocrx_word' id='word_1_811' title='bbox 1982 4740 2089 4789; x_wconf 86' lang='lat' dir='ltr'><strong>cor,</strong></span> <span class='ocrx_word' id='word_1_812' title='bbox 2118 4732 2169 4778; x_wconf 89' lang='lat' dir='ltr'><strong>et</strong></span> <span class='ocrx_word' id='word_1_813' title='bbox 2195 4723 2339 4777; x_wconf 85' lang='lat' dir='ltr'><strong>dabit</strong></span> <span class='ocrx_word' id='word_1_814' title='bbox 2365 4723 2599 4778; x_wconf 68' lang='lat' dir='ltr'><strong>latitiam</strong></span> <span class='ocrx_word' id='word_1_815' title='bbox 2624 4730 2673 4777; x_wconf 85' lang='lat' dir='ltr'><strong>et</strong></span> <span class='ocrx_word' id='word_1_816' title='bbox 2700 4724 2944 4794; x_wconf 86' lang='lat' dir='ltr'><strong>gaudium</strong></span> <span class='ocrx_word' id='word_1_817' title='bbox 2968 4726 3024 4778; x_wconf 91' lang='lat' dir='ltr'><strong>in</strong></span> <span class='ocrx_word' id='word_1_818' title='bbox 3047 4724 3416 4794; x_wconf 85' lang='lat' dir='ltr'><strong>longitudinem</strong></span> <span class='ocrx_word' id='word_1_819' title='bbox 3442 4724 3550 4779; x_wconf 85' lang='lat' dir='ltr'><strong>die-</strong></span> 
     </span>
    </p>
   </div>
   <div class='ocr_carea' id='block_1_107' title="bbox 1981 4812 3641 4879">
    <p class='ocr_par' dir='ltr' id='par_1_107' title="bbox 1981 4812 3641 4879">
     <span class='ocr_line' id='line_1_107' title="bbox 1981 4812 3641 4879; baseline 0.002 -10"><span class='ocrx_word' id='word_1_820' title='bbox 1981 4832 2115 4869; x_wconf 85' lang='lat' dir='ltr'><strong>rum.</strong></span> <span class='ocrx_word' id='word_1_821' title='bbox 2168 4813 2387 4868; x_wconf 86' lang='lat' dir='ltr'><strong>Timenti</strong></span> <span class='ocrx_word' id='word_1_822' title='bbox 2418 4813 2694 4867; x_wconf 74' lang='lat' dir='ltr'><strong>Demittunt</strong></span> <span class='ocrx_word' id='word_1_823' title='bbox 2718 4812 2843 4868; x_wconf 87' lang='lat' dir='ltr'><strong>bene</strong></span> <span class='ocrx_word' id='word_1_824' title='bbox 2869 4814 2967 4867; x_wconf 89' lang='lat' dir='ltr'><strong>erit</strong></span> <span class='ocrx_word' id='word_1_825' title='bbox 3008 4815 3063 4866; x_wconf 90' lang='lat' dir='ltr'><strong>in</strong></span> <span class='ocrx_word' id='word_1_826' title='bbox 3108 4815 3369 4879; x_wconf 72' lang='lat' dir='ltr'><strong>extremis,</strong></span> <span class='ocrx_word' id='word_1_827' title='bbox 3418 4817 3550 4872; x_wconf 80' lang='lat' dir='ltr'><strong>etin</strong></span> <span class='ocrx_word' id='word_1_828' title='bbox 3638 4842 3641 4847; x_wconf 94' lang='grc'>·</span> 
     </span>
    </p>
   </div>
   <div class='ocr_carea' id='block_1_108' title="bbox 1979 4900 3551 4975">
    <p class='ocr_par' dir='ltr' id='par_1_108' title="bbox 1979 4900 3551 4975">
     <span class='ocr_line' id='line_1_108' title="bbox 1979 4900 3551 4975; baseline 0 -17"><span class='ocrx_word' id='word_1_829' title='bbox 1979 4906 2061 4958; x_wconf 88' lang='lat' dir='ltr'><strong>die</strong></span> <span class='ocrx_word' id='word_1_830' title='bbox 2092 4904 2434 4975; x_wconf 77' lang='lat' dir='ltr'><strong>defunctionis</strong></span> <span class='ocrx_word' id='word_1_831' title='bbox 2456 4918 2563 4956; x_wconf 79' lang='lat' dir='ltr'><strong>sua:</strong></span> <span class='ocrx_word' id='word_1_832' title='bbox 2592 4901 2929 4957; x_wconf 86' lang='lat' dir='ltr'><strong>benedicetur.</strong></span> <span class='ocrx_word' id='word_1_833' title='bbox 2954 4900 3175 4955; x_wconf 86' lang='lat' dir='ltr'><strong>Dilectio</strong></span> <span class='ocrx_word' id='word_1_834' title='bbox 3196 4900 3297 4955; x_wconf 90' lang='lat' dir='ltr'><strong>Dei</strong></span> <span class='ocrx_word' id='word_1_835' title='bbox 3324 4907 3551 4959; x_wconf 86' lang='lat' dir='ltr'><strong>honora-</strong></span> 
     </span>
    </p>
   </div>
   <div class='ocr_carea' id='block_1_109' title="bbox 1981 4991 3549 5064">
    <p class='ocr_par' dir='ltr' id='par_1_109' title="bbox 1981 4991 3549 5064">
     <span class='ocr_line' id='line_1_109' title="bbox 1981 4991 3549 5064; baseline 0.004 -21"><span class='ocrx_word' id='word_1_836' title='bbox 1981 4991 2097 5047; x_wconf 88' lang='lat' dir='ltr'><strong>bilis</strong></span> <span class='ocrx_word' id='word_1_837' title='bbox 2124 4993 2411 5061; x_wconf 87' lang='lat' dir='ltr'><strong>sapientia;</strong></span> <span class='ocrx_word' id='word_1_838' title='bbox 2437 4992 2614 5064; x_wconf 84' lang='lat' dir='ltr'><strong>quibus</strong></span> <span class='ocrx_word' id='word_1_839' title='bbox 2643 5002 2812 5045; x_wconf 88' lang='lat' dir='ltr'><strong>autem</strong></span> <span class='ocrx_word' id='word_1_840' title='bbox 2842 4992 3136 5060; x_wconf 73' lang='lat' dir='ltr'><strong>apparuerit</strong></span> <span class='ocrx_word' id='word_1_841' title='bbox 3163 4992 3218 5045; x_wconf 90' lang='lat' dir='ltr'><strong>in</strong></span> <span class='ocrx_word' id='word_1_842' title='bbox 3244 4994 3374 5062; x_wconf 85' lang='lat' dir='ltr'><strong>visu,</strong></span> <span class='ocrx_word' id='word_1_843' title='bbox 3425 4994 3549 5049; x_wconf 86' lang='lat' dir='ltr'><strong>dili-</strong></span> 
     </span>
    </p>
   </div>
   <div class='ocr_carea' id='block_1_110' title="bbox 1978 5080 3548 5152">
    <p class='ocr_par' dir='ltr' id='par_1_110' title="bbox 1978 5080 3548 5152">
     <span class='ocr_line' id='line_1_110' title="bbox 1978 5080 3548 5152; baseline 0.002 -17"><span class='ocrx_word' id='word_1_844' title='bbox 1978 5092 2104 5152; x_wconf 87' lang='lat' dir='ltr'><strong>gunt</strong></span> <span class='ocrx_word' id='word_1_845' title='bbox 2141 5098 2254 5135; x_wconf 85' lang='lat' dir='ltr'><strong>eam</strong></span> <span class='ocrx_word' id='word_1_846' title='bbox 2280 5083 2334 5135; x_wconf 89' lang='lat' dir='ltr'><strong>in</strong></span> <span class='ocrx_word' id='word_1_847' title='bbox 2361 5082 2574 5145; x_wconf 85' lang='lat' dir='ltr'><strong>visione,</strong></span> <span class='ocrx_word' id='word_1_848' title='bbox 2617 5093 2665 5133; x_wconf 87' lang='lat' dir='ltr'><strong>et</strong></span> <span class='ocrx_word' id='word_1_849' title='bbox 2706 5082 2760 5133; x_wconf 90' lang='lat' dir='ltr'><strong>in</strong></span> <span class='ocrx_word' id='word_1_850' title='bbox 2788 5080 3050 5150; x_wconf 87' lang='lat' dir='ltr'><strong>agnitione</strong></span> <span class='ocrx_word' id='word_1_851' title='bbox 3088 5083 3402 5152; x_wconf 88' lang='lat' dir='ltr'><strong>magnalium</strong></span> <span class='ocrx_word' id='word_1_852' title='bbox 3424 5100 3548 5139; x_wconf 89' lang='lat' dir='ltr'><strong>suo-</strong></span> 
     </span>
    </p>
   </div>
   <div class='ocr_carea' id='block_1_111' title="bbox 1977 5168 3547 5241">
    <p class='ocr_par' dir='ltr' id='par_1_111' title="bbox 1977 5168 3547 5241">
     <span class='ocr_line' id='line_1_111' title="bbox 1977 5168 3547 5241; baseline 0.001 -17"><span class='ocrx_word' id='word_1_853' title='bbox 1977 5187 2110 5224; x_wconf 88' lang='lat' dir='ltr'><strong>rum.</strong></span> <span class='ocrx_word' id='word_1_854' title='bbox 2144 5170 2359 5224; x_wconf 87' lang='lat' dir='ltr'><strong>Initium</strong></span> <span class='ocrx_word' id='word_1_855' title='bbox 2385 5171 2652 5240; x_wconf 84' lang='lat' dir='ltr'><strong>sapientite</strong></span> <span class='ocrx_word' id='word_1_856' title='bbox 2672 5171 2823 5224; x_wconf 89' lang='lat' dir='ltr'><strong>timor</strong></span> <span class='ocrx_word' id='word_1_857' title='bbox 2841 5168 3080 5235; x_wconf 88' lang='lat' dir='ltr'><strong>Domini;</strong></span> <span class='ocrx_word' id='word_1_858' title='bbox 3103 5181 3151 5224; x_wconf 88' lang='lat' dir='ltr'><strong>et</strong></span> <span class='ocrx_word' id='word_1_859' title='bbox 3177 5188 3290 5225; x_wconf 89' lang='lat' dir='ltr'><strong>cum</strong></span> <span class='ocrx_word' id='word_1_860' title='bbox 3310 5173 3547 5241; x_wconf 75' lang='lat' dir='ltr'><strong>fidelibus</strong></span> 
     </span>
    </p>
   </div>
   <div class='ocr_carea' id='block_1_112' title="bbox 1974 5260 3544 5333">
    <p class='ocr_par' dir='ltr' id='par_1_112' title="bbox 1974 5260 3544 5333">
     <span class='ocr_line' id='line_1_112' title="bbox 1974 5260 3544 5333; baseline 0.001 -18"><span class='ocrx_word' id='word_1_861' title='bbox 1974 5262 2031 5315; x_wconf 86' lang='lat' dir='ltr'><strong>in</strong></span> <span class='ocrx_word' id='word_1_862' title='bbox 2059 5261 2204 5316; x_wconf 76' lang='lat' dir='ltr'><strong>vulva</strong></span> <span class='ocrx_word' id='word_1_863' title='bbox 2229 5269 2526 5315; x_wconf 86' lang='lat' dir='ltr'><strong>concreatus</strong></span> <span class='ocrx_word' id='word_1_864' title='bbox 2550 5268 2646 5321; x_wconf 89' lang='lat' dir='ltr'><strong>est,</strong></span> <span class='ocrx_word' id='word_1_865' title='bbox 2669 5269 2716 5312; x_wconf 90' lang='lat' dir='ltr'><strong>et</strong></span> <span class='ocrx_word' id='word_1_866' title='bbox 2738 5276 2849 5313; x_wconf 89' lang='lat' dir='ltr'><strong>cum</strong></span> <span class='ocrx_word' id='word_1_867' title='bbox 2869 5260 3040 5314; x_wconf 89' lang='lat' dir='ltr'><strong>electis</strong></span> <span class='ocrx_word' id='word_1_868' title='bbox 3068 5264 3269 5333; x_wconf 78' lang='lat' dir='ltr'><strong>feminis</strong></span> <span class='ocrx_word' id='word_1_869' title='bbox 3289 5265 3544 5332; x_wconf 87' lang='lat' dir='ltr'><strong>graditur,</strong></span> 
     </span>
    </p>
   </div>
   <div class='ocr_carea' id='block_1_113' title="bbox 1975 5348 3544 5423">
    <p class='ocr_par' dir='ltr' id='par_1_113' title="bbox 1975 5348 3544 5423">
     <span class='ocr_line' id='line_1_113' title="bbox 1975 5348 3544 5423; baseline 0.003 -19"><span class='ocrx_word' id='word_1_870' title='bbox 1975 5360 2167 5405; x_wconf 86' lang='lat' dir='ltr'><strong>etcum</strong></span> <span class='ocrx_word' id='word_1_871' title='bbox 2198 5351 2355 5421; x_wconf 85' lang='lat' dir='ltr'><strong>justis</strong></span> <span class='ocrx_word' id='word_1_872' title='bbox 2394 5359 2443 5403; x_wconf 89' lang='lat' dir='ltr'><strong>et</strong></span> <span class='ocrx_word' id='word_1_873' title='bbox 2481 5348 2716 5420; x_wconf 80' lang='lat' dir='ltr'><strong>ﬁdelibus</strong></span> <span class='ocrx_word' id='word_1_874' title='bbox 2750 5353 3063 5423; x_wconf 89' lang='lat' dir='ltr'><strong>agnoscitur.</strong></span> <span class='ocrx_word' id='word_1_875' title='bbox 3110 5352 3283 5407; x_wconf 86' lang='lat' dir='ltr'><strong>Timor</strong></span> <span class='ocrx_word' id='word_1_876' title='bbox 3308 5353 3544 5418; x_wconf 88' lang='lat' dir='ltr'><strong>Domini,</strong></span> 
     </span>
    </p>
   </div>
   <div class='ocr_carea' id='block_1_114' title="bbox 1974 5440 3543 5513">
    <p class='ocr_par' dir='ltr' id='par_1_114' title="bbox 1974 5440 3543 5513">
     <span class='ocr_line' id='line_1_114' title="bbox 1974 5440 3543 5513; baseline 0.001 -18"><span class='ocrx_word' id='word_1_877' title='bbox 1974 5443 2202 5496; x_wconf 77' lang='lat' dir='ltr'><strong>scientia:</strong></span> <span class='ocrx_word' id='word_1_878' title='bbox 2229 5440 2558 5511; x_wconf 87' lang='lat' dir='ltr'><strong>religiositas.</strong></span> <span class='ocrx_word' id='word_1_879' title='bbox 2596 5440 2923 5513; x_wconf 83' lang='lat' dir='ltr'><strong>Religiositas</strong></span> <span class='ocrx_word' id='word_1_880' title='bbox 2952 5442 3221 5509; x_wconf 86' lang='lat' dir='ltr'><strong>custodiet,</strong></span> <span class='ocrx_word' id='word_1_881' title='bbox 3268 5451 3318 5496; x_wconf 89' lang='lat' dir='ltr'><strong>et</strong></span> <span class='ocrx_word' id='word_1_882' title='bbox 3346 5442 3543 5513; x_wconf 80' lang='lat' dir='ltr'><strong>justiﬁ-</strong></span> 
     </span>
    </p>
   </div>
   <div class='ocr_carea' id='block_1_115' title="bbox 1973 5529 3543 5603">
    <p class='ocr_par' dir='ltr' id='par_1_115' title="bbox 1973 5529 3543 5603">
     <span class='ocr_line' id='line_1_115' title="bbox 1973 5529 3543 5603; baseline 0.001 -18"><span class='ocrx_word' id='word_1_883' title='bbox 1973 5531 2107 5585; x_wconf 89' lang='lat' dir='ltr'><strong>cabit</strong></span> <span class='ocrx_word' id='word_1_884' title='bbox 2135 5547 2240 5596; x_wconf 90' lang='lat' dir='ltr'><strong>cor,</strong></span> <span class='ocrx_word' id='word_1_885' title='bbox 2265 5529 2641 5600; x_wconf 87' lang='lat' dir='ltr'><strong>jucunditatem</strong></span> <span class='ocrx_word' id='word_1_886' title='bbox 2672 5540 2821 5602; x_wconf 85' lang='lat' dir='ltr'><strong>atque</strong></span> <span class='ocrx_word' id='word_1_887' title='bbox 2848 5532 3090 5603; x_wconf 84' lang='lat' dir='ltr'><strong>gaudium</strong></span> <span class='ocrx_word' id='word_1_888' title='bbox 3129 5530 3288 5585; x_wconf 87' lang='lat' dir='ltr'><strong>dabit.</strong></span> <span class='ocrx_word' id='word_1_889' title='bbox 3319 5529 3543 5589; x_wconf 86' lang='lat' dir='ltr'><strong>Timenti</strong></span> 
     </span>
    </p>
   </div>
   <div class='ocr_carea' id='block_1_116' title="bbox 2089 5638 3541 5711">
    <p class='ocr_par' dir='ltr' id='par_1_116' title="bbox 2089 5638 3541 5711">
     <span class='ocr_line' id='line_1_116' title="bbox 2089 5638 3541 5711; baseline 0.001 -15"><span class='ocrx_word' id='word_1_890' title='bbox 2089 5642 2219 5708; x_wconf 63' lang='lat' dir='ltr'><strong>Quae</strong></span> <span class='ocrx_word' id='word_1_891' title='bbox 2246 5648 2540 5709; x_wconf 83' lang='lat' dir='ltr'><strong>sequuntur</strong></span> <span class='ocrx_word' id='word_1_892' title='bbox 2559 5642 2821 5711; x_wconf 87' lang='lat' dir='ltr'><strong>descripta</strong></span> <span class='ocrx_word' id='word_1_893' title='bbox 2852 5650 2977 5697; x_wconf 88' lang='lat' dir='ltr'><strong>sunt</strong></span> <span class='ocrx_word' id='word_1_894' title='bbox 3005 5658 3069 5711; x_wconf 65' lang='lat' dir='ltr'><strong>es</strong></span> <span class='ocrx_word' id='word_1_895' title='bbox 3101 5642 3265 5711; x_wconf 65' lang='lat' dir='ltr'><strong>epist.</strong></span> <span class='ocrx_word' id='word_1_896' title='bbox 3292 5639 3359 5698; x_wconf 76' lang='lat' dir='ltr'><strong>l5</strong></span> <span class='ocrx_word' id='word_1_897' title='bbox 3381 5638 3541 5707; x_wconf 75' lang='lat' dir='ltr'><strong>inno-</strong></span> 
     </span>
    </p>
   </div>
   <div class='ocr_carea' id='block_1_117' title="bbox 1971 5709 3291 5780">
    <p class='ocr_par' dir='ltr' id='par_1_117' title="bbox 1971 5709 3291 5780">
     <span class='ocr_line' id='line_1_117' title="bbox 1971 5709 3291 5780; baseline 0.001 -14"><span class='ocrx_word' id='word_1_898' title='bbox 1971 5711 2134 5767; x_wconf 88' lang='lat' dir='ltr'><strong>centii</strong></span> <span class='ocrx_word' id='word_1_899' title='bbox 2160 5724 2280 5780; x_wconf 69' lang='lat' dir='ltr'><strong>qum</strong></span> <span class='ocrx_word' id='word_1_900' title='bbox 2306 5716 2388 5765; x_wconf 89' lang='lat' dir='ltr'><strong>est</strong></span> <span class='ocrx_word' id='word_1_901' title='bbox 2416 5710 2481 5765; x_wconf 87' lang='lat' dir='ltr'><strong>ad</strong></span> <span class='ocrx_word' id='word_1_902' title='bbox 2509 5709 2791 5768; x_wconf 68' lang='lat' dir='ltr'><strong>lulianum.</strong></span> <span class='ocrx_word' id='word_1_903' title='bbox 2817 5711 2963 5765; x_wconf 86' lang='lat' dir='ltr'><strong>Tom.</strong></span> <span class='ocrx_word' id='word_1_904' title='bbox 3000 5710 3085 5775; x_wconf 92' lang='lat' dir='ltr'><strong>Ill,</strong></span> <span class='ocrx_word' id='word_1_905' title='bbox 3113 5709 3167 5780; x_wconf 76' lang='lat' dir='ltr'><strong>p.</strong></span> <span class='ocrx_word' id='word_1_906' title='bbox 3197 5709 3291 5767; x_wconf 71' lang='grc'><strong>25.</strong></span> 
     </span>
    </p>
   </div>
  </div>
