4122 6330
429 320 499 382 23
1394 327 1719 384 PROSPERI
1755 325 1842 381 EX
1884 327 2258 384 MANICHIEO
2293 328 2622 386 CONVERSI
3589 331 3668 391 24

430 443 704 511 Dominum
730 441 855 496 bene
880 443 999 507 erit,
1025 450 1079 494 et
1096 443 1148 495 in
1175 441 1348 495 diebus
1378 444 1829 497 consummationis
1854 443 1992 496 illius
2024 451 2066 503 Α
2095 440 2192 494 Est
2212 444 2354 496 enim
2388 444 2624 512 confusio
2649 444 2908 497 adducens
2937 454 3219 514 peccatum,
3247 453 3301 497 et
3328 453 3411 497 est
3434 446 3667 515 confusio

427 533 771 587 beneaicetur.
799 532 1071 587 Plenitudo
1099 535 1367 602 sapientia:
1395 543 1471 587 est
1495 536 1669 588 timere
1692 532 1989 591 Dominum.

424 635 473 678 et
502 624 763 694 plenitudo
805 641 836 676 a
870 624 1096 677 ructibus
1131 624 1290 678 illius.
1341 624 1556 678 Omnem
1601 626 1807 679 domum
1854 626 1993 679 illius

425 714 653 785 implebit
681 732 714 767 a
740 715 1171 785 generationibus,
1214 724 1265 768 et
1311 717 1629 784 receptacula
1677 734 1708 768 a
1738 718 1992 772 thesauris

424 806 584 858 illius.
614 802 820 858 Corona
848 804 1132 872 sapientiw,
1162 807 1311 858 timor
1332 803 1567 869 Domini,
1594 808 1791 875 replens
1818 825 1995 877 pacem

425 904 472 947 et
498 893 680 947 salutis
709 896 959 965 fructum;
980 904 1036 965 et
1065 896 1204 958 vidit,
1234 905 1283 947 et
1324 897 1659 951 dinumeravit
1686 916 1819 960 eam,
1850 909 1991 953 utru-

425 1002 521 1054 que
549 994 719 1039 autem
761 996 879 1039 sunt
922 987 1058 1040 dona
1100 985 1217 1038 Dei.
1266 985 1550 1041 Scientiam
1588 998 1637 1041 et
1682 991 1992 1044 intellectunt
2032 994 2041 1004 ’

426 1075 711 1137 prudentiae
746 1077 998 1145 sapientia
1035 1078 1417 1145 compartietur,
1466 1078 1514 1131 et
1557 1080 1777 1149 gloriam
1816 1092 1993 1134 tenen-
2035 1070 2039 1073 ’

426 1166 553 1218 tium
601 1182 653 1218 se
707 1166 923 1219 exultat.
966 1163 1141 1220 Radix
1168 1169 1433 1232 sapientia
1474 1180 1549 1223 est
1580 1172 1757 1224 timere
1813 1171 1994 1226 Domi-

427 1274 568 1320 uum,
611 1266 659 1309 et
704 1257 835 1309 rami
875 1256 1013 1310 illius
1050 1256 1288 1328 longaevi.
1330 1258 1396 1312 In
1428 1261 1678 1316 thesauris
1706 1265 1992 1331 sapientiae,

427 1347 706 1400 intellectus
734 1356 782 1398 et
822 1347 1055 1402 scientiae
1102 1350 1410 1418 religiositas
1451 1367 1468 1403 :
1507 1354 1789 1407 exsecratio
1827 1364 1993 1407 autem

425 1436 791 1505 peccatoribus,
840 1439 1115 1507 sapientia.
1165 1438 1337 1493 Timor
1384 1440 1592 1495 Domini
1637 1446 1843 1513 expellit
1887 1465 2000 1514 pecn

426 1536 628 1591 catum;
676 1543 796 1581 nam
824 1527 909 1598 qui
934 1529 1044 1581 sine
1071 1529 1254 1582 timore
1278 1538 1375 1594 est,
1406 1548 1508 1584 non
1538 1534 1723 1601 poterit
1755 1535 1998 1605 iustiﬁca-

426 1619 491 1670 ri.
522 1615 803 1670 Iracundia
839 1618 974 1669 enim
1004 1618 1349 1671 auimositatis
1372 1620 1532 1684 illius,
1573 1624 1831 1676 subversio
1859 1624 1997 1677 illius

428 1718 521 1762 est.
549 1707 719 1776 Usque
745 1711 797 1760 in
828 1718 1023 1776 tempus
1049 1708 1315 1762 sustinebit
1344 1711 1565 1776 patiens,
1596 1722 1647 1765 et
1671 1723 1846 1783 postea
1875 1715 1995 1767 red-

2093 532 2353 585 adducens
2373 533 2597 603 gratiam
2634 543 2682 585 et
2713 532 2951 603 gloriam.
2997 531 3081 587 Ne
3119 536 3340 602 accipias
3369 536 3550 603 [aciem
3575 537 3670 587 ad-

2092 638 2263 675 versus
2303 623 2485 692 {aciem
2516 632 2675 687 tuam,
2703 638 2795 674 nec
2831 622 3073 675 adversus
3097 623 3325 677 animum
3372 633 3510 675 tuam
3534 639 3673 678 men-

2095 711 2318 764 dacium.
2349 710 2470 765 Non
2498 713 2776 765 reverearis
2804 712 3095 780 proximum
3131 722 3273 766 tuum
3316 714 3370 767 in
3402 729 3525 766 casu
3559 721 3673 777 tuo,

2094 820 2185 856 nec
2212 804 2434 856 retineas
2462 804 2666 856 verbum
2693 805 2747 856 in
2773 813 2996 872 tempore
3019 805 3223 858 salutis.
3243 803 3366 859 Non
3387 803 3673 858 abscondas

2093 894 2402 963 sapientiam
2436 904 2573 947 tuam
2601 896 2654 946 in
2683 895 2862 947 decore
2889 893 3019 963 ejus.
3054 893 3118 947 In
3145 896 3320 965 lingua
3353 895 3487 947 enim
3516 910 3671 965 agna»

2094 986 2253 1037 scitur
2280 986 2556 1053 sapientia,
2583 993 2861 1052 etvsensus,
2889 995 2938 1039 et
2974 988 3210 1052 scientia,
3250 996 3299 1040 et
3339 987 3574 1041 doctrina
3618 989 3673 1042 in

2094 1073 2257 1126 verbis
2284 1074 2511 1126 veritatis
2544 1072 2711 1139 (verbo
2741 1074 2973 1139 sensati),
3005 1083 3053 1128 et
3079 1076 3457 1144 ﬁrmamentum
3480 1076 3534 1128 in
3555 1092 3675 1145 ope-

2094 1164 2236 1217 ribus
2255 1164 2491 1233 justitiaz.
2524 1163 2649 1218 Non
2673 1148 2998 1220 contradicas
3042 1167 3245 1220 veritati
3270 1167 3375 1220 ullo
3404 1168 3579 1230 modo,
3624 1177 3672 1220 et

2095 1253 2158 1305 de
2184 1255 2450 1306 mendacio
2492 1254 2851 1307 ineruditionis
2893 1262 2994 1307 tute
3021 1256 3357 1325 confundere.
3408 1254 3535 1309 Non
3560 1270 3662 1308 con.

2097 1343 2333 1412 fundaris
2363 1343 2593 1415 conﬁteri
2639 1354 2848 1412 peccata
2885 1353 3005 1408 tua;
3034 1354 3082 1397 et
3110 1361 3175 1397 ne
3202 1346 3446 1415 subjicias
3467 1355 3515 1398 te
3536 1348 3673 1401 omni

2096 1436 2291 1488 homini
2321 1452 2413 1504 pro
2447 1446 2676 1505 peccato.
2709 1434 2837 1490 Noli
2874 1438 3107 1490 resistere
3134 1447 3313 1491 contra
3354 1440 3537 1508 faciem
3581 1455 3672 1507 po-

2097 1527 2277 1590 tentis;
2304 1543 2396 1579 nec
2424 1528 2627 1581 coneris
2651 1536 2830 1580 contra
2869 1529 3025 1580 ictum
3053 1530 3297 1596 ﬂuminis.
3338 1528 3439 1581 l’ro
3464 1529 3670 1598 justitia

2096 1615 2377 1685 agonizare
2425 1633 2519 1681 pro
2564 1617 2738 1668 anima
2785 1625 2891 1677 tua,
2932 1625 2980 1668 et
3016 1633 3172 1688 usque
3196 1618 3264 1670 ad
3291 1627 3504 1671 mortem
3537 1628 3673 1671 certa

2097 1723 2190 1774 pro
2210 1706 2437 1776 justitia.
2468 1716 2518 1759 et
2543 1705 2683 1760 Deus
2722 1708 3033 1777 expugnabit
3061 1725 3154 1777 pro
3203 1718 3249 1762 te
3281 1710 3517 1763 inimicos
3542 1719 3672 1765 tuos.

429 1800 552 1852 ditio
571 1799 934 1868 jucundttatis.
966 1798 1139 1852 Bonus
1164 1816 1341 1853 sensus
1368 1818 1525 1873 usque
1553 1803 1622 1855 ad
1650 1813 1843 1872 tempus
1871 1804 1992 1859 ubs-
2034 1797 2073 1852 Β
2100 1796 2228 1851 Noli
2255 1799 2439 1850 citatus
2469 1814 2579 1851 esse
2604 1799 2660 1851 in
2679 1798 2856 1869 lingua
2883 1808 3011 1863 tua;
3041 1809 3089 1853 ct
3123 1800 3321 1852 inutilis
3348 1809 3397 1853 et
3438 1802 3672 1855 remissus

429 1889 609 1942 condet
645 1889 795 1942 verba
814 1889 953 1941 illius
970 1933 984 1955 ,
1014 1900 1062 1943 et
1089 1889 1228 1944 labia
1250 1891 1524 1945 multorum
1550 1894 1862 1948 enarrabunt
1884 1913 1999 1951 sen-

360 2006 381 2023 ο
430 1998 542 2035 sum
581 1980 747 2034 illius.
789 1979 855 2032 In
884 1981 1134 2036 thesauris
1174 1984 1442 2052 sapientia
1486 1985 1798 2054 signiﬁcatio
1841 1987 1999 2041 disci—

430 2072 613 2140 plinae;
652 2071 935 2124 exsecratio
973 2081 1147 2133 autem
1185 2075 1443 2142 peccatori
1484 2076 1685 2128 cultura
1728 2074 1841 2129 Dei.
1873 2075 1997 2140 Fili,

431 2161 789 2230 concupiscens
815 2161 1140 2231 sapientiam,
1172 2179 1315 2216 serva
1330 2164 1604 2233 justitiam,
1636 2174 1685 2219 et
1712 2165 1847 2237 Deus
1868 2182 2003 2236 pra:-

432 2244 565 2302 bebit
605 2249 749 2302 illam
781 2248 893 2303 tibi.
943 2248 1216 2320 Sapientia
1260 2252 1395 2305 enim
1435 2262 1484 2304 et
1526 2253 1815 2323 disciplina,
1850 2256 2003 2309 timor

438 2338 673 2401 Domini;
727 2347 776 2391 et
828 2338 941 2401 hoc,
983 2338 1117 2408 quod
1167 2338 1533 2406 beneplacitum
1572 2351 1648 2395 est
1674 2342 1769 2407 illi,
1801 2342 1929 2412 fides
1955 2352 2010 2396 et

433 2428 787 2491 mansuetudo,
820 2439 869 2482 et
898 2427 1196 2498 adimplebit
1230 2430 1493 2485 thesauros
1530 2432 1687 2486 illius.
1715 2430 2009 2487 Contumax

434 2535 534 2572 non
558 2521 648 2583 sis,
673 2528 724 2572 et
749 2518 1060 2573 incredibilis
1102 2521 1271 2572 timori
1316 2520 1542 2582 Domini,
1572 2532 1620 2574 et
1648 2539 1711 2575 ne
1734 2526 2004 2578 accesseris

433 2610 507 2662 ad
528 2609 674 2663 illum
714 2610 907 2680 duplici
946 2610 1116 2663 corde.
1171 2608 1255 2663 Ne
1295 2612 1453 2681 fueris
1486 2611 1752 2682 hypocrita
1796 2615 1849 2666 in
1878 2630 2003 2667 con-

432 2709 604 2769 spectu
640 2701 919 2764 hominum,
966 2709 1014 2753 et
1061 2717 1161 2755 non
1199 2700 1566 2754 scandalizeris
1593 2701 1741 2767 labiis
1769 2704 1886 2756 tuis.
1916 2703 2005 2755 At-

435 2790 585 2844 tende
612 2791 665 2844 in
684 2791 808 2856 illis,
837 2807 903 2843 ne
923 2794 1054 2861 {orte
1080 2792 1256 2855 cadas,
1279 2800 1329 2845 et
1365 2809 1529 2860 ponas
1555 2793 1857 2846 scandalum
1885 2795 2005 2846 ani-

437 2895 535 2934 ma:
567 2892 685 2944 tute,
731 2892 779 2935 et
825 2883 1051 2936 adducas
1100 2883 1542 2938 inhonorationem
1598 2885 1687 2939 tibi
1729 2897 1779 2939 et
1825 2889 2009 2942 revelet

439 2970 577 3025 Deus
602 2970 855 3025 absconsa
878 2981 986 3025 tua.
1016 2972 1123 3026 Pro
1162 2974 1266 3042 [ide
1303 2982 1353 3026 et
1388 2974 1612 3043 justitia,
1643 2992 1703 3028 ac
1726 2992 1818 3043 pro
1845 2976 2009 3030 salute

440 3062 627 3117 anima:
645 3072 782 3117 certa
810 3080 1027 3134 semper,
1068 3073 1120 3116 et
1144 3081 1237 3133 pro
1264 3064 1522 3134 adjutorio
1553 3068 1768 3135 fratrum
1797 3067 2011 3121 viriliter

2100 1893 2155 1945 in
2174 1890 2410 1962 operibus
2436 1894 2553 1945 tuis.
2583 1889 2637 1944 Ν
2641 1893 2711 1946 oli
2732 1908 2845 1946 esse
2863 1893 2995 1945 sicut
3021 1892 3098 1946 leo
3125 1892 3179 1945 in
3222 1892 3371 1946 domo
3394 1901 3503 1956 tua,
3533 1909 3673 1946 ever-

2102 1992 2211 2035 tens
2239 1981 2544 2036 domesticos
2573 1989 2705 2044 tuos,
2736 1990 2783 2034 et
2810 1983 3100 2051 opprimens
3133 1981 3386 2052 subjectos
3407 1981 3516 2036 tibi.
3548 1980 3672 2035 Non

2101 2072 2169 2124 sit
2196 2070 2288 2124 tibi
2318 2087 2499 2125 manus
2521 2080 2608 2124 tua
2634 2081 2869 2141 porrecta
2887 2072 2955 2124 ad
2983 2073 3354 2142 accipiendum,
3384 2082 3434 2127 et
3460 2073 3530 2126 ad
3548 2073 3671 2126 dan-

2101 2160 2222 2213 dum
2250 2161 2485 2214 collecta.
2532 2160 2626 2215 His
2664 2159 2791 2214 fulta
2831 2160 3227 2229 Scripturarum
3271 2162 3673 2217 auctoritatibus

2101 2266 2313 2321 semper
2335 2258 2419 2305 sta
2447 2260 2613 2316 recta,
2645 2260 2700 2306 et
2726 2266 2756 2305 a
2796 2252 2881 2305 via
2913 2252 3155 2311 veritatis
3200 2268 3268 2307 ne
3311 2253 3592 2320 avertaris,
3621 2262 3673 2308 ut

2102 2343 2326 2409 gratiam
2350 2342 2445 2398 Dei
2469 2343 2736 2411 acquiras,
2766 2350 2822 2397 et
2843 2342 3104 2397 bonorum
3134 2344 3409 2399 hominum
3446 2344 3676 2400 amicitia

2104 2432 2294 2495 fruaris
2327 2451 2340 2486 :
2372 2441 2629 2501 tantoque
2682 2440 2772 2486 tua
2826 2432 3076 2487 voluntas
3121 2432 3314 2503 (mens)
3355 2432 3561 2488 facilius
3610 2432 3677 2487 ab

2104 2508 2291 2579 amore
2310 2523 2469 2592 huius
2496 2523 2672 2578 seculi
2696 2531 2879 2586 exeat,
2905 2529 3106 2591 quanto
3144 2531 3200 2576 et
3226 2522 3531 2592 impellitur,
3551 2521 3679 2577 dum

2105 2622 2342 2670 vocatur.
2374 2612 2505 2672 Nam
2532 2628 2631 2667 nos
2658 2621 2715 2666 et
2749 2620 3038 2681 praesentes
3066 2627 3162 2666 vos
3200 2611 3382 2666 videre
3409 2611 3677 2681 cupimus,

2103 2715 2160 2761 et
2185 2705 2491 2761 absentibus
2518 2719 2616 2775 per
2657 2703 2937 2773 epistolam
2985 2703 3173 2757 saltem
3209 2700 3444 2769 colloqui
3469 2698 3676 2757 deside-

2105 2812 2305 2852 ramus.
2335 2795 2486 2851 Unde
2513 2802 2568 2850 et
2592 2803 2867 2864 optamus,
2888 2802 2946 2848 ut
2991 2808 3086 2848 vos
3115 2793 3306 2846 beatus
3335 2789 3525 2845 Petrus
3550 2804 3678 2858 apo-

2106 2886 2367 2940 stolorum
2393 2886 2640 2954 princeps
2673 2883 2739 2937 ad
2779 2898 2874 2937 sua
2909 2883 3090 2938 limina
3137 2882 3364 2936 feliciter
3402 2878 3678 2950 perducat,

2107 2984 2371 3046 quatenus
2397 2976 2452 3030 in
2489 2975 2875 3045 omnipotentis
2898 2975 3077 3043 gratia
3100 2973 3304 3044 perfrui
3335 2981 3509 3027 vestra
3547 2986 3679 3041 pra:-

2106 3065 2277 3120 sentia
2322 3080 2641 3119 mereamur.
2685 3074 2709 3102 η
2766 3064 2899 3119 Data
2940 3080 3017 3117 xu
3066 3060 3321 3116 calendas
3370 3059 3685 3116 Novembris

442 3169 551 3224 age,
582 3162 698 3206 uta
736 3152 958 3208 Dontino
988 3156 1205 3224 recipias
1233 3158 1710 3211 remunerationem.
1740 3157 2005 3228 Scriptum
2035 3142 2080 3205 C
2113 3165 2258 3219 (ann.
2309 3154 2410 3209 5‘50
2463 3162 2695 3210 exeunte
2748 3152 2970 3209 Octobri
3021 3152 3245 3207 sedebat
3295 3150 3479 3205 Roma:
3523 3149 3685 3204 Boni-

442 3251 521 3296 est
546 3242 689 3296 enim
713 3241 898 3313 (Eccli.
929 3244 1002 3313 tv)
1038 3262 1049 3296 :
1083 3241 1215 3312 Fili,
1243 3261 1485 3298 conserva
1515 3255 1727 3315 tempus,
1767 3255 1815 3299 et
1844 3247 2010 3300 devita

446 3349 471 3385 ι
491 3334 648 3387 malo.
684 3333 789 3387 Pro
817 3336 990 3389 anima
1021 3344 1107 3389 tua
1134 3352 1236 3389 non
1263 3336 1595 3406 confundaris
1623 3337 1791 3389 dicere
1817 3353 2006 3391 verum.

511 3484 535 3510 η
564 3473 704 3528 Data
745 3491 817 3530 xu
863 3475 1062 3547 calend.
1114 3474 1463 3545 Novembris.)
1512 3474 1641 3530 Haec
1666 3476 2008 3547 chronolctgta

452 3555 713 3599 nenstrua
742 3544 996 3600 mendosa
1022 3554 1106 3600 est
1139 3547 1253 3615 (sed
1285 3555 1339 3599 et
1369 3544 1479 3599 tota
1507 3548 1664 3615 epist.
1690 3546 1852 3614 licta).
1881 3544 2009 3600 Nam

464 3644 3615 3680 ww

456 3686 549 3699 -ιῖ

2109 3246 2295 3308 lacius,
2327 3259 2432 3300 non
2462 3243 2658 3314 Felix),
2684 3241 2975 3312 Lampadio
3012 3250 3068 3295 et
3104 3240 3294 3294 Oreste
3323 3238 3450 3294 viris
3475 3237 3687 3294 clariss.

2109 3353 2253 3393 COSS.

2113 3480 2217 3533 hoc
2243 3491 2426 3531 mense
2452 3476 2757 3532 Bonifacius
2795 3476 2907 3544 jam
2946 3472 3183 3544 pontifex
3223 3477 3435 3526 creatus
3467 3476 3603 3532 erat,
3624 3473 3685 3521 ut

2116 3555 2266 3618 patet
2288 3562 2469 3616 supra.
2500 3547 2626 3600 ch.
2660 3547 2857 3601 BINIUS.

3609 3642 3689 3671 Α

538 3676 3630 3702 ww
898 3676 1113 3679 77—7777
1446 3681 1450 3685 ‘
2010 3676 2027 3678 ᾖ
2209 3685 2217 3690 ’
2387 3687 2392 3690 ·
2468 3676 2606 3692 ὲ-
2678 3676 2701 3677 Ὗ
2726 3676 2761 3689 ᾖ
2906 3676 2909 3677 ν
2938 3676 3043 3679 V—
3638 3677 3653 3688 '

1782 3767 1999 3809 EODEM
2046 3769 2366 3810 TEMPORE.

560 3865 1279 4071 'PROSPER
1347 3870 1557 3992 EX
1616 3867 2486 4064 MA_1‘_J_I_Q_I_I_/EO
2556 3868 3525 4000 CONVERSUS.

1182 4109 1804 4211 PROSPERI
1865 4104 2043 4212 AN
2048 4103 2943 4211 ATHEMATISMI

1256 4263 1385 4337 ET
1420 4261 1686 4338 FIDE]
1719 4261 2299 4340 CATHOLICIE
2328 4258 2902 4339 PROFESSIO.

440 4430 693 4475 uvtwu
723 4430 905 4471 sascrt
935 4429 1345 4477 AUGUSTINIQUJS
1371 4429 1609 4468 DEBEANT
1642 4430 1853 4469 PUBLICA
1882 4432 2011 4470 voce
2045 4426 2087 4477 ι)
2183 4418 2267 4471 Ill.
2300 4417 2401 4482 Qui
2450 4413 2620 4469 credit
2645 4422 2850 4481 partem
2891 4410 2985 4465 Dei
3023 4409 3236 4477 ligatam
3268 4415 3322 4461 et
3366 4405 3701 4473 inquinatam

506 4502 785 4543 RELEGERE
816 4502 884 4539 ET
914 4501 1053 4539 IANIJ
1101 4499 1319 4538 PROPR“
1367 4498 1712 4538 SUBSCBIBEBE
1739 4500 1789 4537 IN
1831 4501 2012 4548 QUIBUS

506 4572 739 4612 SUSPICIO
774 4572 870 4610 εετ
898 4571 1036 4618 QUOD
1065 4569 1329 4608 ΙΔΝΙΩΗΕΙ
1358 4569 1494 4607 SINT.

507 4670 547 4723 l.
579 4669 678 4735 Qui
703 4666 874 4722 credit
912 4665 1061 4721 duas
1093 4678 1212 4719 esse
1250 4671 1467 4717 naturas
1505 4664 1766 4732 ingenitas
1791 4665 2015 4719 diversis

440 4763 714 4835 principiis
738 4762 1049 4823 existentes,
1080 4773 1242 4813 unam
1298 4758 1512 4827 bonam,
1563 4758 1707 4826 quod
1743 4768 1827 4814 est
1853 4759 2011 4823 Deus,

442 4855 663 4906 alteram
688 4852 903 4917 malam,
924 4865 1084 4921 quam
1115 4864 1220 4904 non
1251 4849 1453 4903 creavit
1473 4848 1632 4913 Deus,
1663 4850 1764 4904 sibi
1790 4850 2015 4906 invicem

443 4945 804 5008 adversantes,
830 4944 1115 4998 anathema
1161 4943 1231 4997 sit
1260 4941 1346 5004 (In
1380 4941 1552 4993 codice
1590 4940 1901 4996 Gervasiano
1924 4942 2021 4995 ha-

444 5037 657 5090 bentem
684 5034 954 5104 principes
990 5051 1137 5099 suos,
1169 5042 1224 5089 et
1249 5034 1387 5086 mala
1416 5048 1511 5086 sua
1539 5048 1658 5102 quae
1688 5049 1794 5086 non
1821 5035 2025 5087 creavit

445 5126 606 5189 Deus,
632 5124 816 5178 anath.
849 5124 960 5192 sit).

515 5236 576 5288 ll.
603 5233 703 5301 Qui
732 5232 903 5288 credit
945 5232 1081 5286 duas
1125 5243 1345 5290 naturas
1391 5233 1586 5288 bellum
1635 5232 1774 5286 inter
1814 5248 1873 5286 se
1904 5247 2026 5300 gos-

448 5329 612 5381 sisse:
646 5336 700 5380 et
728 5333 933 5395 partem
981 5332 1184 5378 natur-1c
1213 5325 1306 5378 Dei
1344 5326 1397 5379 in
1435 5322 1622 5379 eodem
1667 5323 1806 5379 bello
1830 5323 2032 5392 princi-'

448 5422 600 5487 pilms
631 5420 990 5480 tenebrarum,
1038 5426 1091 5470 et
1137 5417 1383 5471 omnibus
1429 5416 1677 5484 gentibus
1717 5414 1781 5468 ad
1827 5414 2021 5467 malam

450 5518 691 5563 naturam
738 5508 1125 5578 pertinentibus
1180 5504 1341 5562 fuisse
1397 5509 1719 5578 permixtam
1762 5516 1818 5562 et
1854 5507 1920 5561 ab
1944 5506 2023 5562 eis

432 5600 618 5653 'tcneri
648 5601 972 5667 culligalam,
1002 5615 1331 5670 oppressam,
1381 5600 1728 5669 inquinatam,
1759 5613 1854 5668 per
1880 5596 2020 5667 quod

451 5701 503 5741 ρι
545 5689 689 5744 credi
720 5689 842 5743 facit
876 5690 967 5743 Dei
1006 5699 1248 5744 naturam
1284 5706 1401 5744 esse
1431 5689 1736 5745 mutabilem
1779 5697 1833 5741 et
1872 5688 2022 5743 coin—

450 5781 793 5852 quinabilem,
826 5782 1103 5836 anathema
1136 5784 1223 5838 sit.

2121 4508 2289 4562 teneri
2320 4509 2372 4561 in
2401 4504 2754 4569 (immunibus,
2784 4511 2839 4555 et
2867 4502 2918 4554 in
2943 4500 3190 4555 omnibus
3221 4497 3555 4555 animalibus,
3581 4493 3686 4547 fruo

2121 4609 2409 4668 ctuumque
2433 4594 2832 4666 (fruticumque)
2854 4593 3162 4661 generibus,
3197 4601 3250 4645 et
3275 4605 3373 4661 per
3410 4603 3562 4644 escas
3586 4585 3672 4640 Ma

2121 4691 2447 4745 nichacorum
2486 4688 2780 4742 electorum
2823 4685 2956 4740 solvi
2997 4692 3158 4752 atque
3198 4681 3451 4751 purgari;
3488 4686 3546 4732 ut
3580 4691 3693 4733 cre-

2122 4779 2281 4833 datur
2329 4792 2453 4847 pars
2500 4775 2595 4830 Dei
2648 4774 2852 4844 polluta
2902 4773 3070 4826 teneri
3118 4771 3171 4825 in
3209 4768 3601 4830 cucumeribus,
3645 4766 3702 4823 in

2125 4872 2458 4936 melonibus,
2500 4876 2557 4922 et
2603 4866 2882 4927 radiculis,
2932 4872 2988 4918 et
3030 4863 3234 4932 porris,
3279 4869 3335 4915 et
3374 4860 3700 4928 quibusom-

2124 4979 2230 5033 qne
2280 4960 2552 5016 vilissimis
2604 4957 2840 5011 herbulis
2886 4955 3138 5025 (herbis),
3189 4961 3243 5006 et
3291 4951 3340 5006 ei
3395 4946 3699 5008 subveniri,

2123 5071 2244 5110 cum
2293 5055 2360 5107 ab
2404 5050 2591 5106 electis
2643 5047 3052 5103 Manichmorum
3104 5045 3205 5097 ista
3254 5042 3524 5105 eduntur,
3570 5051 3700 5090 ana-

2126 5146 2306 5200 thema
2347 5145 2433 5198 sit.

2196 5237 2284 5291 IV.
2315 5235 2414 5302 Qui
2437 5220 2894 5289 creditbominem
2918 5228 3146 5297 primum
3170 5225 3384 5296 (quiest
3405 5220 3705 5291 appellatus

2130 5325 2320 5392 Adam)
2354 5339 2459 5377 non
2494 5338 2524 5376 a
2563 5322 2675 5376 Deo
2704 5320 2924 5380 factum,
2960 5315 3054 5370 sed
3101 5330 3133 5369 a
3184 5312 3511 5383 principibus
3549 5320 3701 5364 teneo

2128 5417 2342 5471 brarum
2380 5414 2637 5480 genitum,
2668 5419 2727 5464 ut
2759 5425 2883 5479 pars
2911 5407 3025 5468 Dei,
3052 5420 3173 5474 qua:
3227 5405 3280 5457 in
3309 5417 3496 5456 eorum
3526 5410 3703 5479 ntem-

2131 5505 2239 5560 bris
2262 5504 2469 5572 captiva
2491 5501 2792 5563 tenebatur,
2817 5497 3086 5567 cupiosius
3104 5503 3159 5549 et
3185 5491 3539 5549 abundantius
3563 5490 3613 5543 in
3636 5504 3702 5541 cn

2129 5603 2420 5654 teneretur,
2454 5591 2735 5645 anathema
2767 5588 2855 5643 sit.

2202 5683 2263 5735 V.
2318 5681 2415 5747 Qui
2458 5679 2629 5734 credit
2675 5692 2741 5729 eo
2782 5676 2940 5728 modo
2969 5681 3207 5729 creatum
3238 5671 3529 5737 hominem,
3559 5667 3704 5737 quod

2133 5774 2352 5830 masculi
2384 5780 2436 5826 et
2471 5769 2676 5823 lcminzr
2708 5766 2975 5829 principes
3016 5764 3352 5819 tenebrarum
3383 5757 3704 5817 concubuis-
