4122 6330
329 375 401 429 2'.
1270 364 1826 432 ANATIIEMATISMI
1862 371 1947 429 ET
1985 373 2155 430 FIDEI
2193 332 2577 431 pabvcssm.
3507 377 3579 434 ss

330 493 476 553 sent,
503 493 559 540 et
586 495 723 541 tctus
744 502 889 543 ’θυοδ
928 488 1116 557 majori
1156 489 1381 560 principi
1427 492 1765 545 tenebrarum
1809 488 1907 543 de-
1934 490 1980 546 Λ
2009 486 2252 554 rendam,
2279 497 2334 542 et
2362 489 2621 543 honorem
2645 490 2742 553 eis,
2775 491 2855 544 vel
2904 492 3008 547 luci
3045 492 3130 547 isti
3158 491 3350 547 visibili
3382 492 3581 562 aliquid

330 575 551 640 dissent,
584 576 747 631 etille
769 591 956 633 omnes
974 577 1313 644 comedisset,
1333 586 1389 633 et
1411 595 1531 634 cum
1557 593 1652 632 sua
1679 576 1906 645 conjuge

334 665 730 733 concubuisset,
772 674 934 735 atque
966 668 1040 722 ita
1069 682 1135 723 ex
1164 668 1253 722 illa
1280 667 1551 722 Atlantem
1578 681 1738 736 quem
1764 667 1907 721 blas-

329 758 589 826 phemant
614 766 821 825 patrem
861 756 989 814 Adae
1024 767 1354 826 generasset,
1397 758 1564 826 ligans
1591 758 1648 811 in
1681 756 1775 811 illo
1800 771 1909 810 ma-

328 860 489 914 gnam
516 854 724 914 partem
754 847 867 912 Dei,
907 862 1027 916 qua:
1056 848 1215 916 ligata
1252 847 1427 903 fuerat
1465 849 1519 902 in
1550 846 1796 902 omnibus
1828 846 1908 900 fe-

329 932 477 989 tibus
504 934 800 1004 principum
832 935 1190 1000 tenebrarum,
1246 950 1381 1004 quos
1418 935 1471 990 ei
1512 933 1909 990 manducandos

328 1022 621 1091 dederunt,
638 1025 921 1080 anathema
941 1026 1034 1082 sit.

411 1113 495 1166 VI.
526 1113 628 1181 Qui
669 1114 840 1170 credit
884 1116 1151 1187 principes
1193 1119 1533 1174 tenebrarum
1576 1118 1768 1187 ligatos
1793 1134 1911 1174 esse

333 1203 391 1257 in
416 1204 555 1259 caelo
579 1202 728 1258 velut
765 1205 992 1284 sphtcra,
1023 1206 1285 1263 habentes
1323 1209 1375 1263 in
1416 1224 1475 1264 se
1507 1209 1808 1277 colligatam
1855 1209 1909 1264 in

333 1296 599 1364 angustiis
645 1305 807 1367 atque
842 1299 1127 1367 angoribus
1165 1299 1379 1355 vitalem
1407 1302 1911 1365 substantiam,~hoc

334 1394 422 1439 est
439 1392 650 1455 partem
677 1386 802 1449 Dei,
822 1395 876 1440 et
899 1389 1061 1442 modo
1094 1388 1306 1443 liberari
1333 1389 1402 1444 de
1430 1391 1681 1445 membris
1699 1406 1908 1456 eorum,

334 1489 459 1527 cum
488 1474 679 1530 beatus
700 1485 871 1546 pater,
900 1477 990 1546 qui
1015 1477 1215 1533 lucidas
1241 1494 1404 1534 naves
1430 1480 1596 1534 habet
1621 1480 1910 1536 diversoria

334 1574 395 1619 et
414 1565 743 1633 habitacula,
783 1565 833 1620 id
882 1575 964 1621 est
996 1567 1164 1622 solem
1190 1576 1245 1623 et
1269 1569 1483 1635 lunam,
1521 1570 1747 1624 virtutes
1788 1585 1912 1624 suas

337 1652 683 1723 transﬁgurat
710 1656 765 1710 in
791 1654 1015 1712 feminas
1042 1657 1324 1727 pulchras,
1361 1673 1494 1726 quas
1534 1660 1759 1728 opponit
1784 1674 1914 1714 con-

335 1744 690 1817 cupiscendas
726 1748 976 1804 masculis
1012 1749 1309 1819 principum
1352 1750 1723 1817 tenebrarum;
1763 1760 1819 1805 et
1858 1752 1911 1805 in

2009 577 2301 631 divinitatis
2323 580 2559 641 ascribit,
2592 564 2646 634 et
2673 596 2780 635 non
2813 583 2948 636 sicut
2997 583 3253 652 reliquam
3280 592 3580 639 creaturam

2009 666 2077 720 ad
2120 667 2473 722 ministerium
2505 670 2790 724 humanum
2820 687 2850 725 a
2890 671 3118 726 Domino
3152 672 3273 726 οωιὶ
3321 688 3386 727 ac
3424 680 3581 727 teme

2009 756 2302 824 conditam,
2335 759 2617 812 anathema
2642 759 2728 813 sit.

2082 846 2215 900 XIV.
2269 847 2367 913 Qui
2415 847 2586 902 credit
2640 863 2856 903 onmem
2899 834 3119 905 carnem
3155 849 3576 919 quadrupedum,

2010 938 2359 1005 serpentium,
2401 937 2694 993 volatilium
2744 947 2801 993 et
2846 941 3166 1007 natatilium,
3209 940 3296 995 vel
3341 940 3580 997 omnium

2011 1040 2129 1093 qum
2157 1027 2210 1079 in
2238 1027 2435 1081 mundo
2462 1037 2604 1092 sunt,
2637 1043 2742 1094 non
2773 1043 2804 1081 a
2842 1028 2953 1110 Dep
2982 1044 3110 1084 vero
3135 1038 3392 1094 creatam,
3426 1030 3520 1085 sed
3549 1046 3581 1085 a

2012 1115 2340 1184 principibus
2361 1117 2720 1176 tenebrarum.
2753 1117 3037 1171 anathema
3064 1118 3152 1171 sit.

2083 1203 2193 1257 XV.
2237 1203 2334 1269 Qui
2370 1205 2669 1275 symbolum
2713 1205 2795 1258 vel
2835 1206 3132 1261 orationem
3172 1205 3582 1263 Manichazorum

2014 1309 2121 1346 non
2149 1292 2439 1354 detestans,
2476 1295 2568 1347 sed
2601 1307 2878 1358 venerans,
2910 1302 3002 1347 aut
3037 1295 3327 1361 recordari,
3355 1305 3448 1351 aut
3481 1314 3583 1352 ore

2015 1383 2254 1453 proferre
2278 1384 2528 1444 voluerit,
2561 1383 2842 1437 anathema
2869 1384 2958 1437 sit.

2084 1470 2220 1525 XVI.
2252 1457 2353 1536 Qui
2376 1472 2546 1526 credit
2566 1470 2772 1525 animas
2794 1472 3054 1527 humanas
3080 1489 3147 1528 ex
3175 1476 3467 1530 substantia
3490 1476 3584 1532 Dei

2014 1577 2156 1630 esse,
2183 1570 2238 1616 et
2266 1577 2491 1631 corpora
2511 1563 2764 1616 humana
2793 1579 2822 1616 a
2868 1564 3108 1634 principe
3137 1566 3473 1621 tenebrarum
3500 1569 3584 1623 vel

2014 1652 2158 1706 facta
2186 1652 2270 1706 vel
2302 1650 2440 1715 ﬁeri,
2468 1654 2753 1706 anathema
2793 1654 2880 1707 sit.

2087 1741 2244 1796 XVII.
2277 1741 2377 1808 Qui
2399 1743 2570 1796 credit
2596 1742 2869 1797 diabolum
2895 1759 3000 1797 non
3034 1759 3153 1799 esse
3179 1760 3210 1798 a
3251 1745 3362 1799 Deo
3389 1744 3585 1800 factum

336 1836 611 1893 masculos
663 1838 913 1907 pulchros
935 1879 953 1906 ,
1008 1853 1145 1907 quos
1194 1840 1419 1910 ορροηίι
1463 1841 1917 1911 concupiscendos
1947 1846 1995 1904 Β
2021 1834 2265 1902 angelum
2334 1834 2535 1886 bonum
2560 1874 2574 1894 ,
2628 1840 2686 1887 ct
2735 1834 2950 1905 propria
3020 1836 3293 1889 voluntate
3349 1850 3446 1905 per
3498 1852 3584 1891 su~

336 1927 555 1982 feminis
582 1928 881 1997 principum
912 1929 1269 1993 tenebrarum,
1302 1938 1360 1984 ut
1391 1945 1489 2000 per
1515 1931 1685 1999 ipsam
1711 1947 1917 1986 concu-

338 2020 660 2089 piscentiam
688 2020 926 2075 solvatur
952 2034 1017 2076 ex
1047 2023 1126 2076 eis
1173 2022 1352 2077 vitalis
1398 2024 1715 2092 substantia,
1758 2025 1810 2079 id
1835 2031 1917 2079 est

340 2125 471 2180 pars
496 2102 632 2174 Dei,
662 2118 720 2164 et
763 2125 828 2165 ex
867 2124 1053 2171 eorum
1089 2112 1339 2167 membris
1382 2113 1607 2169 liberata
1641 2122 1914 2184 purgetur,

343 2200 635 2254 anathema
663 2200 752 2254 sit.

415 2290 527 2345 VII.
571 2289 674 2356 Qui
710 2289 881 2346 credit
917 2300 1123 2361 partem
1162 2291 1281 2359 Dei,
1327 2307 1446 2362 qua:
1485 2292 1553 2347 de
1590 2292 1918 2349 admixtione

345 2380 776 2452 (commixtione)
803 2383 978 2449 gentis
1007 2383 1345 2437 tenebrarum
1375 2399 1480 2438 non
1518 2385 1754 2452 potuerit
1778 2384 1914 2438 libe-

345 2472 455 2527 rari
484 2481 647 2540 atque
681 2473 916 2542 purgari,
943 2470 1187 2529 damnari
1214 2490 1351 2539 eam,
1382 2484 1437 2528 et
1466 2475 1516 2529 in
1552 2484 1811 2530 aeternum
1841 2477 1921 2529 af-

346 2563 439 2631 figi
468 2561 656 2634 (afﬁci)
700 2558 940 2618 horribili
987 2564 1166 2632 globo,
1218 2566 1271 2618 in
1313 2579 1420 2634 quo
1447 2565 1606 2632 globo
1636 2555 1937 2622 includitur'

346 2666 479 2721 gens
507 2652 867 2721 tenebrarum,
899 2654 1178 2709 anathema
1209 2655 1296 2709 sit.

417 2741 552 2797 VIII.
582 2742 686 2810 Qui
711 2742 882 2798 credit
919 2744 1088 2812 legem
1118 2760 1236 2815 qua:
1277 2744 1399 2800 data
1426 2754 1510 2801 est
1546 2761 1643 2815 per
1681 2745 1917 2817 Moyscm

350 2848 460 2887 non
490 2847 607 2888 esse
634 2848 665 2887 a
692 2833 838 2887 bono
866 2842 921 2888 et
946 2847 1077 2887 vero
1105 2833 1215 2887 Deo
1242 2833 1440 2897 datam,
1472 2843 1529 2890 et
1555 2834 1697 2906 (nec)
1721 2834 1920 2906 Spiritu

350 2921 447 2976 Dei
488 2921 616 2977 boni
669 2931 723 2976 et
749 2922 860 2977 veri
910 2914 1116 2977 locutos
1163 2923 1453 2992 prephetas
1487 2924 1580 2992 qui
1630 2924 1842 2978 fuerunt
1868 2925 1921 2979 in

349 3013 553 3082 populo
597 3009 788 3077 Israel,
838 3019 893 3067 et
930 3012 983 3067 in
1030 3027 1238 3067 canone
1283 3012 1678 3083 Scripturarum
1720 3013 1924 3068 divina-

351 3112 471 3156 rum
509 3101 774 3157 habentur
808 3100 950 3171 apud
986 3100 1305 3156 catholicam
1352 3100 1667 3170 Ecclesiam,
1701 3104 1925 3158 anathe-

352 3209 441 3247 ma
479 3188 573 3246 sit.

422 3282 516 3338 IX.
548 3282 650 3351 Qui
677 3283 847 3340 credit
872 3299 979 3339 non
1007 3283 1257 3339 habuisse
1281 3298 1462 3339 veram
1492 3300 1707 3340 carnem
1737 3284 1927 3340 Filium

355 3374 451 3429 Dei
492 3373 673 3428 Iesum
698 3373 987 3440 Christum,
1028 3388 1203 3444 neque
1228 3388 1297 3429 ex
1323 3375 1525 3430 semine
1551 3375 1716 3429 David
1743 3383 1927 3429 natum

353 3478 477 3519 esse
502 3463 571 3519 de
596 3463 800 3531 virgine
827 3462 1014 3532 Maria,
1028 3479 1201 3533 neque
1229 3480 1413 3519 verum
1440 3480 1635 3534 corpus
1661 3463 1929 3529 habuisse,

356 3567 461 3608 nec
505 3568 687 3607 veram
731 3566 896 3608 carne
940 3562 1171 3608 mortem
1224 3552 1386 3609 fuisse
1439 3569 1767 3624 perpessum,
1816 3564 1871 3609 et
1896 3571 1927 3608 a

355 3645 586 3699 mortuis
637 3646 999 3699 resurrexisse
1019 3683 1036 3709 ,
1103 3645 1197 3699 sed
1257 3645 1629 3700 tantummodo
1683 3646 1929 3715 spiritum

355 3734 522 3790 fuisse
550 3734 687 3806 (sine
711 3736 915 3805 carne),
962 3734 1038 3790 sic
1064 3743 1240 3790 autem
1271 3735 1323 3788 in
1361 3751 1520 3789 carne
1545 3750 1803 3804 apparere
1834 3750 1930 3789 vo-

357 3824 542 3888 luisse,
575 3831 712 3879 utet
736 3840 863 3879 caro
900 3833 1177 3894 putaretur
1198 3840 1314 3893 quae
1341 3841 1449 3879 non
1474 3834 1616 3890 erat;
1640 3814 1804 3893 atque
1829 3826 1931 3881 hoc

356 3916 521 3970 modo
545 3914 867 3970 contradicit
908 3914 1214 3983 Evangelio,
1258 3915 1485 3968 Domino
1523 3914 1638 3983 ipso
1679 3914 1928 3969 dicente:

370 4003 555 4058 Videte
587 4021 768 4058 manus
798 4021 936 4058 meas
963 4015 1011 4057 et
1032 4005 1184 4074 pedes
1224 4020 1399 4060 meos:
1426 4007 1634 4074 palpate
1660 4015 1711 4058 et
1751 4006 1929 4069 videte,

356 4099 481 4167 quia
517 4096 728 4166 spiritus
756 4114 873 4150 ossa
898 4106 947 4149 et
971 4113 1175 4150 carnem
1202 4114 1304 4151 non
1332 4096 1499 4159 habet,
1529 4100 1660 4151 sicut
1686 4113 1767 4151 me
1793 4097 1931 4150 vide-

358 4188 425 4239 tis
454 4184 644 4238 habere
668 4183 818 4255 (Luc.
844 4184 1012 4255 xxrv).
1056 4184 1159 4251 Qui
1185 4192 1313 4253 ergo
1354 4187 1433 4241 sic
1467 4186 1753 4249 confitetur
1778 4184 1935 4241 Chri-

348 4286 503 4332 stum
531 4275 699 4333 Deum
720 4290 929 4343 verum,
961 4284 1021 4330 ut
1048 4276 1310 4343 integrum
1353 4278 1515 4330 etiam
1546 4276 1818 4331 hominem
1841 4291 1935 4330 ne-

357 4374 470 4434 get,
498 4366 787 4420 anathema
809 4366 904 4422 sit.

434 4455 503 4510 Χ.
535 4457 852 4525 Quicunque
886 4458 1173 4513 adventum
1207 4458 1437 4529 Spiritus
1463 4455 1747 4523 Paracleti,
1774 4470 1933 4524 quem

2015 1924 2253 1993 perbiam
2300 1923 2506 1993 lapsum
2547 1922 2743 1978 factum
2786 1939 2907 1978 esse
2948 1923 3245 1990 diabolum,
3304 1925 3585 1980 eumdem-

2015 2028 2121 2081 que
2158 2013 2350 2068 asserit
2385 2027 2494 2067 non
2542 2027 2662 2068 esse
2702 2013 2841 2068 inter
2864 2012 3113 2081 reliquos
3156 2016 3376 2081 angelos
3409 2030 3440 2068 a
3478 2016 3584 2069 Deo

2015 2110 2293 2172 creatum,
2321 2103 2415 2157 sed
2466 2118 2681 2173 semper
2721 2111 3043 2158 catcternum
3090 2102 3201 2157 Deo
3240 2102 3432 2170 fuisse,
3460 2118 3585 2158 ana-

2021 2195 2200 2248 thema
2239 2195 2328 2249 sit.

2088 2281 2266 2335 XVIll.
2308 2281 2411 2348 Qui
2461 2282 2631 2338 credit
2672 2282 2902 2347 Manent,
2937 2284 3054 2338 sive
3100 2282 3470 2351 Manichzeum,
3499 2284 3591 2353 qui

2017 2372 2380 2441 suprascripta
2408 2372 2585 2426 omnia
2613 2385 2734 2439 qua:
2773 2373 3115 2426 anathemate
3151 2379 3207 2426 et
3250 2370 3605 2426 damnatione

2017 2470 2144 2516 sunt
2181 2462 2339 2529 digna
2377 2460 2705 2531 prmdicavit,
2761 2459 3015 2530 Spiritum
3062 2469 3304 2515 sanctum
3349 2459 3591 2515 habuisse

2021 2550 2373 2615 Paracletum,
2395 2550 2516 2605 cum
2535 2565 2599 2604 ea
2626 2550 2806 2604 omnia
2825 2550 3022 2604 docere
3047 2565 3154 2603 non
3176 2549 3348 2619 potuit
3365 2548 3592 2618 Spiritus

2019 2640 2282 2707 veritatis,
2311 2640 2403 2696 sed
2431 2639 2649 2709 Spiritus
2675 2638 2941 2704 falsitatis,
2969 2638 3247 2692 anathema
3272 2637 3361 2689 sit.

2097 2725 2226 2780 XIX.
2260 2725 2557 2780 Anathema
2603 2725 2766 2780 etiam
2807 2725 2908 2794 ipsi
2944 2725 3103 2788 Mani,
3149 2723 3236 2778 vel
3280 2722 3590 2793 Manicbmo,

2020 2819 2112 2887 qui
2136 2833 2325 2872 omnes
2352 2818 2684 2887 supradictas
2722 2818 3041 2888 impietates,
3073 2825 3128 2870 et
3153 2816 3286 2871 alias
3310 2815 3592 2884 sacrilegas

2022 2916 2078 2962 et
2104 2907 2434 2962 damnabiles
2474 2907 2680 2962 fabulas
2723 2907 2904 2962 docuit
2942 2913 2998 2960 et
3032 2905 3365 2976 conscripsit,
3396 2911 3453 2959 et
3479 2919 3594 2958 cre-

2023 2997 2226 3053 dendas
2255 2997 2466 3051 miseris
2519 2997 2842 3066 persuadere
2888 3003 3114 3049 conatus
3160 3003 3261 3058 est,
3319 2992 3596 3048 intendens

2026 3090 2302 3159 spiritibus
2325 3089 2716 3151 seductoribus,
2750 3096 2808 3143 et
2839 3087 3097 3143 doctrinis
3132 3087 3516 3142 daemoniorum
3541 3097 3596 3141 et

1953 3200 1999 3262 ο
2030 3177 2576 3245 mendaciloqooruzn.

2098 3264 2211 3319 XX.
2248 3265 2547 3321 Auathema
2587 3266 2891 3327 Adimanto,
2940 3275 2996 3321 et
3041 3266 3286 3322 omnibus
3327 3266 3597 3337 discipulis

2028 3369 2093 3409 ac
2118 3355 2473 3410 sectatoribus
2499 3354 2654 3424 ejus;
2684 3363 2761 3420 et,
2800 3355 2939 3409 sicut
2976 3353 3087 3423 jam
3131 3356 3330 3410 dictum
3376 3364 3477 3421 est,
3506 3357 3611 3425 qui'

2030 3442 2083 3496 in
2124 3458 2247 3497 eum
2292 3442 2548 3512 Spiritum
2597 3441 2929 3498 Paracletum
2965 3443 3175 3498 venisse
3217 3444 3420 3511 credit,
3464 3459 3599 3498 ana-

2029 3531 2207 3597 thema
2235 3530 2325 3585 sit.

2099 3621 2232 3674 XXI.
2264 3619 2519 3676 Omnibus
2545 3622 2706 3676 etiam
2748 3621 3063 3689 supradicta:
3108 3622 3473 3689 perversitatis
3498 3637 3615 3676 au-t

2029 3708 2285 3771 ctoribus,
2314 3716 2370 3761 et
2391 3708 2665 3771 doctrinae,
2710 3708 2795 3762 vel
2839 3707 2943 3776 legi
2989 3722 3197 3773 eorum,
3243 3708 3326 3762 vel
3353 3708 3601 3764 omnibus

2029 3795 2276 3861 secretis,
2299 3802 2356 3849 et
2381 3794 2659 3849 catholicae
2697 3794 3147 3861 Ildeicontrariis,
3178 3795 3511 3863 orationibus
3536 3813 3613 3853 ac.

2030 3883 2320 3951 sacrilegiis
2363 3898 2568 3947 eorum,
2611 3893 2668 3939 et
2708 3884 2913 3940 cunctis
2949 3883 3228 3954 scripturis
3264 3897 3451 3938 eorum
3483 3899 3602 3953 qua:

2031 3973 2163 4028 citra
2192 3988 2453 4027 canoncm
2482 3973 2746 4029 habentur
2791 3972 3061 4037 Ecclesiae,
3108 3986 3242 4042 quas
3288 3969 3418 4027 ﬁdes
3460 3984 3603 4030 reeta

1993 4114 2006 4125 ,
2035 4079 2142 4118 non
2165 4062 2409 4134 suscipit,
2428 4063 2712 4119 anathema
2737 4064 2828 4118 sit.

2328 4188 2611 4227 ABJURATIO
2640 4190 2708 4228 ετ
2734 4189 3014 4229 ιιιιοηεειο
3042 4175 3309 4228 ruoseeni.
3348 4227 3359 4239 ,

2103 4280 2160 4335 In
2188 4279 2387 4335 Christi
2424 4282 2661 4344 nomine,
2704 4295 2806 4349 ego
2853 4279 3084 4352 Prosper
3128 4282 3267 4336 hanc
3311 4281 3620 4336 chartulam

2040 4371 2392 4426 anathematis
2418 4370 2833 4427 Manichaeorum
2874 4372 3058 4440 relegi,
3109 4382 3164 4427 et
3198 4374 3475 4428 anathema
3529 4373 3603 4427 di-

2036 4476 2163 4515 cens
2208 4461 2474 4527 omnibus,
2516 4463 2894 4532 suprascriptis
2940 4463 3231 4530 erroribus,
3282 4480 3439 4519 manu
3486 4480 3609 4535 pro-

362 4547 626 4602 Dominus
668 4548 722 4603 in
760 4547 1050 4617 Evangelio
1104 4548 1367 4619 promittit
1410 4563 1528 4602 esse
1563 4556 1842 4602 venturum
1883 4546 1936 4599 in
1968 4554 2016 4610 ι)
2041 4552 2159 4620 pria
2176 4551 2485 4620 subscripsi.
2518 4560 2574 4606 et
2615 4553 2909 4622 repudiatis
2937 4554 3182 4608 omnibus
3209 4569 3394 4609 eorum
3421 4554 3616 4624 impie—

362 4636 661 4704 apostolos,
691 4645 815 4706 post
858 4639 1226 4693 ascensionem
1254 4638 1484 4702 Domini,
1524 4638 1577 4692 i'n
1611 4636 1699 4692 die
1742 4634 1940 4691 Pentco

362 4736 565 4790 eostes,
595 4744 699 4781 non
734 4729 914 4783 statim
938 4728 1108 4783 credit
1133 4729 1405 4798 impletum
1430 4746 1445 4795 ;
1475 4729 1569 4784 sed
1595 4738 1719 4798 post
1741 4730 1939 4783 multos

364 4831 541 4869 annos
563 4815 614 4868 in
643 4815 798 4871 Mane
824 4818 907 4871 vel
929 4818 981 4872 in
1003 4817 1287 4874 Adimanto
1307 4819 1565 4889 discipqu
1584 4818 1699 4889 ejus
1727 4821 1938 4875 venisse

364 4908 541 4961 credit
568 4908 851 4962 anathema
880 4911 967 4964 sit.

436 4994 527 5049 XI.
565 4998 582 5015 '
609 4996 922 5067 Quicunque
954 5014 1170 5054 carnem
1200 5000 1338 5055 hanc
1381 5017 1541 5071 quam
1569 5013 1855 5072 gestamus,
1887 5005 1937 5059 id

364 5097 452 5143 est
501 5103 729 5159 corpora
784 5091 1051 5155 humana,
1102 5100 1520 5147 resurrecturum
1577 5103 1763 5164 negat,
1813 5112 1941 5150 aua-

366 5180 550 5233 thema
588 5179 658 5232 sit
710 5228 719 5233 _
1022 5210 1025 5215 -
1329 5187 1337 5193 '

440 5266 555 5323 XII.
595 5268 695 5336 Qui
743 5269 950 5327 animas
997 5258 1256 5328 humanas
1303 5272 1600 5327 transfundi
1648 5276 1841 5330 iterum
1888 5278 1942 5330 in

366 5362 490 5414 aliis
517 5362 836 5431 corporibus
860 5365 944 5418 vel
969 5352 1288 5420 animalibus
1313 5364 1504 5429 credit,
1539 5366 1823 5422 anathema
1851 5367 1940 5421 sit.

441 5449 576 5503 Xlll.
609 5451 931 5521 Quicunque
970 5455 1137 5509 solem
1165 5463 1221 5509 ct
1250 5456 1429 5513 lunam
1472 5472 1637 5512 naves
1674 5472 1793 5514 esse
1836 5473 1946 5514 οω-

372 5539 537 5593 Icstes
564 5540 710 5606 dicit,
744 5540 810 5596 ad
848 5544 1053 5598 animas
1083 5546 1167 5600 vel
1203 5546 1295 5601 Dei
1342 5548 1693 5602 substantiam
1724 5549 1947 5604 transfe-

448 5682 467 5699 '
493 5676 595 5745 Qui
621 5689 916 5746 sequuntur
942 5684 1146 5737 articuli
1178 5701 1282 5739 nou
1299 5662 1557 5746 leguntur
1586 5670 1637 5741 in
1666 5703 1712 5742 c.
1740 5686 1936 5743 Gcrvaa

373 5750 553 5812 siauo,
584 5750 821 5817 exceptis
856 5750 917 5804 l8
954 5762 1009 5805 ct
1044 5751 1125 5813 l9,
1152 5750 1601 5823 quemadmodum
1641 5773 1738 5813 nec
1777 5760 1829 5812 iu
1859 5776 1947 5828 ap-

2045 4643 2258 4706 tatibns,
2291 4641 2394 4697 fide
2421 4643 2725 4712 plenissima
2753 4643 3014 4699 doctrinis
3051 4660 3239 4699 eorum
3286 4654 3340 4699 et
3373 4645 3614 4697 traditio-

2044 4732 2199 4785 nibus
2252 4731 2535 4785 anathema
2585 4731 2698 4785 dixi
2748 4741 2805 4785 et
2849 4732 3001 4796 dico;
3058 4742 3112 4786 et
3161 4749 3249 4787 me
3284 4748 3615 4800 quaecunque

2042 4818 2277 4872 Ecclesia
2303 4818 2562 4873 catholica
2583 4819 2869 4873 conﬁtetur
2887 4821 3107 4875 credere
3140 4829 3197 4875 et
3232 4821 3384 4888 sequi
3414 4821 3466 4874 in
3494 4837 3612 4877 om-

2042 4909 2198 4962 nibus
2223 4907 2323 4962 sub
2358 4908 2732 4964 testiﬁcatione
2774 4908 2950 4963 divina
2993 4910 3249 4979 polliceor
3284 4910 3447 4980 atque
3486 4928 3614 4983 pro-

2044 5000 2215 5054 mitto.
2264 4997 2385 5053 Not.
2427 5000 2527 5054 sub
2565 4999 2652 5054 die
2700 5016 2789 5056 xm
2833 5000 3082 5056 calendas
3120 4999 3446 5065 Decembris,
3492 5001 3615 5075 Oly-

2044 5091 2162 5143 hrio
2206 5089 2427 5147 Juniore
2472 5091 2589 5147 viro
2630 5091 2925 5147 clarissimo
2962 5090 3383 5162 consule‘(anno
3421 5092 3623 5148 Christi

2045 5179 2192 5248 526).

2436 5266 2573 5307 NOTA
2606 5266 2779 5305 ιλοοιιι
2808 5265 3077 5315 BIRIONDI,
3108 5268 3156 5307 8.
3183 5270 3228 5306 δ.

2117 5341 2178 5411 In
2205 5341 2393 5397 codice
2414 5339 2664 5411 Ecclesiae
2699 5337 3083 5411 Lugdunensis,
3112 5344 3202 5410 qui
3230 5343 3344 5411 haac
3385 5342 3623 5411 capitula

2044 5410 2200 5467 nobis
2225 5410 2619 5480 suppeditavit,_
2636 5409 2984 5480 subjiciuntur
3005 5409 3232 5466 concilio
3266 5409 3620 5480 Carpentora-

2045 5481 2216 5549 cteusi
2249 5498 2261 5532 :
2294 5478 2387 5534 sed
2439 5478 2719 5549 consulum
2736 5478 2743 5549 ξ
2764 5479 2897 5533 ordo
2928 5480 3114 5549 “exigit
3166 5490 3225 5534 ut
3278 5478 3617 5535 antecedant.

2045 5548 2293 5621 Olybrius
2318 5550 2459 5604 enim
2503 5565 2647 5604 anno
2685 5548 2880 5605 Christi
2924 5547 3026 5604 526
3052 5547 3410 5606 consulatum
3435 5550 3619 5617 gessit.

2048 5664 2270 5812 pAendic‘e
2309 5687 2600 5767 penultima
2642 5689 2706 5741 ad
2757 5698 2885 5741 tom.
2944 5687 2984 5739 X
3031 5704 3254 5759 operum
3284 5690 3521 5745 outuium
3562 5686 3617 5743 5.

2096 5770 2227 5812 uitus
2256 5774 2348 5812 nu.
2605 5796 2620 5807 .

2096 5770 2348 5825 ugustuu.
