4122 6330
513 406 578 478 27
637 403 651 420 '
822 413 1152 476 PROSPERI
1191 419 1279 472 nx
1315 415 1688 472 MANICHAEO
1723 414 2056 470 CONVEltSl

2191 408 2651 496 ATHEMATISMI
2689 421 2774 475 ET
2813 422 2988 476 FlDEl
3028 423 3412 481 PROFESSIO.
3699 425 3766 478 9.8

513 532 802 589 Iavortius
838 548 980 586 anno
1023 530 1284 599 sequenti.
1321 528 1608 606 llisﬁporro
1645 527 1910 606 simillima
1940 539 2085 606 sunt.
2121 538 2159 586 Α
2189 529 2296 581 lum
2324 530 2516 584 timuit.
2545 529 2684 597 Quid
2724 541 2780 586 tu
2827 533 3070 602 gloriaris
3119 539 3242 606 quia
3297 554 3406 592 non
3463 537 3619 591 times
3664 540 3763 591 ho-

514 606 616 658 nisi
645 604 785 672 quod
817 603 1066 670 pauciora
1094 594 1212 665 qum
1240 599 1381 672 apud
1493 596 1842 672 Augustinum
1871 604 2017 672 tonio
2043 594 2088 649 X

515 675 565 726 in
588 665 880 741 appendice
905 671 1150 741 leguntur
1174 665 1401 741 subhoc
1422 666 1576 720 titulo
1601 684 1612 718 :
1629 665 2090 741 gommpnitoriunt

516 743 577 794 Β.
600 733 869 810 Augustini
897 733 1275 810 ad'Ecclesiant
1293 738 1599 810 (unirersant
1620 733 1909 810 Ecclesium
1933 736 2088 810 desti-

515 805 712 887 natum)
743 811 833 887 sub
864 827 961 887 qua
991 809 1191 860 cautela
1221 806 1514 868 Munia/tari,
1545 805 1591 856 si
1625 806 1852 858 conversi
1878 806 2086 875 fuerint,

517 881 706 945 suampi
737 879 972 934 debeant.

831 984 1152 1025 OBSERVATIO
1181 981 1403 1020 PHILIPPI
1428 981 1611 1029 LABBE,
1646 981 1692 1019 8.
1724 981 1765 1019 1.

583 1059 642 1115 In
673 1061 841 1116 veteri
865 1061 1066 1120 codice,
1093 1057 1184 1126 qui
1204 1063 1286 1109 est
1314 1056 1366 1108 in
1387 1055 1704 1126 bibliotheca
1727 1055 1937 1126 collegii
1957 1053 2091 1108 Ger-

515 1132 720 1184 vasiani
766 1130 1020 1194 Parisiis,
1073 1125 1370 1192 diciturque
1424 1125 1587 1180 fuisse
1641 1125 1776 1194 liber
1825 1125 2092 1193 prioratus

516 1200 574 1254 S.
613 1199 774 1254 Salvii
830 1193 1064 1267 episcopi
1120 1205 1176 1267 et
1229 1195 1480 1266 martyris
1528 1193 1985 1267 ad__Valen_tianas
2025 1195 2088 1267 in

516 1269 750 1323 marchia
779 1261 1028 1321 Francizc'
1054 1266 1282 1334 scriptus
1306 1261 1560 1334 tempore
1592 1261 1845 1334 Hugonis
1873 1263 2084 1334 prioris,

517 1346 639 1406 post
665 1338 857 1389 librum
885 1333 942 1388 S.
979 1331 1256 1406 Augustini
1289 1333 1356 1385 de
1384 1331 1686 1386 Hmresibus
1709 1331 1774 1385 ad
1794 1331 2090 1406 Quodvult-

515 1401 672 1459 deum
701 1407 1008 1474 episcopum
1057 1401 1296 1474 proxime
1338 1410 1632 1474 sequuntur
1671 1401 1942 1466 nonnulla,
1974 1415 2090 1470 qua:

517 1476 691 1530 lucem
719 1472 1007 1530 concilient
1033 1473 1351 1542 praecedenti
1379 1472 1656 1540 opusculo.

584 1581 715 1620 ιηκ
738 1557 1056 1620 AUGUSTINUS
1083 1577 1354 1616 EPISCOPUS
1390 1577 1654 1616 εαειεδιλε
1684 1575 2014 1616 ελτιιοιιολε.

587 1655 703 1710 Jam
732 1654 1067 1707 anathemavi
1097 1651 1462 1716 Manicheum,
1487 1663 1542 1706 et
1568 1652 1866 1706 doctrinam
1892 1652 2009 1718 ejus
2034 1659 2089 1705 et

517 1747 757 1815 spiritum
787 1744 876 1813 qui
919 1759 1015 1813 per
1042 1759 1162 1798 eum
1197 1751 1305 1798 tam
1347 1745 1700 1800 exsecrabiles
1731 1741 2089 1811 blasphemias

519 1837 726 1891 locutus
754 1842 856 1901 est,
881 1835 1005 1902 quia
1033 1834 1249 1903 spiritus
1276 1833 1526 1888 seductor
1563 1841 1697 1897 erat,
1737 1849 1845 1887 non
1885 1833 2086 1886 verita-

518 1927 607 1989 tis,
637 1925 734 1981 sed
765 1923 975 1978 nefandi
1013 1923 1232 1990 erroris,
1280 1931 1336 1977 et
1380 1939 1521 1978 nunc
1573 1924 1860 1978 anathemo
1901 1939 2088 1993 supra-

518 2016 716 2070 dictum
746 2014 1090 2068 Manicheum
1139 2023 1194 2067 et
1238 2014 1481 2082 spiritum
1532 2015 1731 2070 erroris
1759 2015 1942 2083 ipsius.
1975 2013 2087 2084 Ego

519 2106 666 2161 Felix
695 2105 787 2173 qui
814 2103 1106 2161 Manichaco
1135 2103 1466 2159 credideram
1493 2121 1632 2160 nunc
1652 2106 1938 2161 anathemo
1964 2121 2088 2160 eum

520 2206 576 2249 et
621 2194 916 2248 doctrinam
962 2193 1128 2262 ipsius
1167 2201 1223 2246 et
1267 2193 1511 2261 spiritum
1548 2193 1886 2249 seductorem
1914 2196 2004 2264 qui
2034 2195 2087 2249 in

521 2287 611 2341 illo
658 2284 777 2352 fuit,
805 2284 897 2354 qui
925 2285 1056 2338 dixit
1100 2283 1268 2338 Deum
1316 2283 1530 2338 Patrem
1557 2301 1709 2339 suum
1759 2288 1902 2354 genti
1938 2294 2088 2340 tene-

521 2377 735 2430 brarum
763 2373 1039 2428 miscuisse
1068 2382 1332 2442 naturam,
1360 2382 1414 2427 et
1441 2389 1558 2428 eam
1589 2376 1815 2444 turpiter
1839 2376 2084 2443 liberare,

520 2473 581 2520 ut
614 2467 838 2520 virtutes
871 2479 996 2519 suas
1025 2450 1364 2533 transfiguret
1411 2466 1464 2519 in
1493 2466 1714 2521 feminas
1741 2477 1927 2522 contra
1971 2485 2076 2523 mas

519 2558 721 2612 sculina
774 2556 1073 2623 daemonia,
1125 2558 1200 2610 ita
1255 2565 1313 2609 ut
1367 2566 1556 2626 postea
1617 2558 1869 2626 reliquias
1923 2559 2089 2629 ipsius

518 2650 684 2718 partis
733 2664 842 2705 sua:
886 2649 1118 2717 conligat
1162 2649 1214 2701 in
1259 2657 1518 2705 :cternum
1555 2649 1672 2704 labe
1726 2649 2084 2705 tenebrarum.

518 2741 624 2797 llas
651 2756 838 2798 omnes
877 2750 926 2796 et
976 2750 1198 2796 caeteras
1242 2740 1599 2811 blasphemias
1644 2741 1916 2797 Maniebsei
1951 2756 2082 2796 ana-

518 2832 718 2886 themo.

590 2922 701 2990 Ego
747 2938 1038 2978 conversus
1081 2939 1217 2978 unus
1257 2941 1323 2978 ex
1369 2923 1671 2980 Manichaais
1709 2925 1926 2994 scripsi,
1962 2927 2086 2995 quia

519 3013 564 3067 si
634 3012 932 3067 discessero
987 3022 1272 3082 antequam
1335 3024 1482 3083 gesta
1549 3015 1950 3068 subscribantur
2009 3017 2089 3069 sic

519 3117 670 3156 suum
710 3101 984 3157 habendus
1011 3117 1073 3156 ac
1117 3103 1162 3157 si
1201 3101 1546 3158 Maniclncum
1590 3120 1696 3157 non
1735 3105 2088 3160 anathemati-

519 3207 580 3244 za
587 3207 750 3245 vertm
759 3230 772 3245 .

2194 617 2411 683 minem,
2454 634 2574 674 cum
2623 619 2789 675 Deum
2826 623 2987 677 talem
3027 624 3123 678 tibi
3170 626 3336 694 fingas
3379 627 3469 696 qui
3518 627 3766 681 tenebras

2190 706 2386 772 timuit,
2419 714 2477 761 ut
2505 709 2875 764 commisceret
2896 712 3096 766 bonum
3117 722 3171 768 et
3199 716 3416 769 malum.
3439 715 3555 769 Noli
3584 724 3763 770 autem

2190 796 2378 849 extolli
2403 797 2583 851 animo
2611 799 2748 852 sicut
2772 800 3051 868 scripsisti,
3097 804 3220 873 quia
3248 819 3344 858 vos
3377 819 3597 872 magnos
3632 805 3763 860 faci-

2189 899 2309 938 mus
2332 899 2398 939 eo
2421 885 2565 954 quod
2592 887 2851 957 impedire
2881 890 3124 946 volumus
3146 907 3350 946 venena
3373 901 3569 956 vestra,
3602 908 3668 947 ne
3697 895 3764 948 ad

2190 973 2434 1030 homines
2455 977 2756 1044 pestilentia
2785 989 2983 1048 serpat.
3015 980 3130 1035 Non
3158 983 3296 1036 enim
3326 984 3598 1051 apostolus
3625 999 3762 1052 quos

2190 1077 2352 1117 canes
2377 1065 2628 1134 appellat,
2659 1082 2878 1135 magnos
2905 1068 3029 1123 facit
3049 1085 3165 1124 cum
3191 1071 3348 1126 dicit:
3373 1071 3554 1126 Cavete
3573 1091 3724 1128 canes
3740 1092 3759 1139 ;

2191 1159 2283 1204 aut
2312 1153 2431 1206 illos
2459 1168 2681 1221 magnos
2725 1156 2972 1223 faciebat,
3019 1173 3246 1227 quorum
3283 1175 3585 1215 sermonem
3610 1163 3758 1217 dice-

2189 1239 2281 1294 bat
2306 1259 2508 1312 serpere
2533 1254 2587 1297 ut
2616 1261 2819 1300 cancer.
2843 1247 3026 1317 Itaque
3053 1249 3308 1306 denuntio
3337 1252 3432 1306 tibi
3461 1252 3513 1306 in
3544 1255 3758 1308 nomine

2190 1329 2406 1396 Christi,
2448 1342 2506 1386 ut
2533 1335 2577 1388 si
2606 1344 2823 1403 paratus
2851 1352 2908 1391 es
2934 1339 3142 1393 solvere
3170 1341 3538 1408 qumstionem,
3572 1342 3624 1395 in
3653 1359 3755 1413 qua

2188 1417 2386 1473 defecit
2413 1435 2709 1489 praecessor
2739 1432 2858 1478 tuus
2899 1424 3240 1492 Fortunatus,
3267 1436 3321 1481 et
3348 1429 3421 1481 ita
3451 1429 3571 1484 hinc
3599 1429 3752 1494 ierat,
3823 1477 3832 1485 .

2193 1516 2249 1560 ut
2277 1523 2381 1561 non
2408 1510 2608 1564 rediret
2647 1512 2745 1565 nisi
2775 1529 2895 1568 cum
2941 1516 3052 1569 suis
3078 1515 3437 1586 disputatione
3465 1519 3655 1573 collata
3683 1519 3754 1573 in-

2191 1599 2396 1652 veniret
2423 1601 2548 1668 quid
2575 1612 2761 1656 contra
2789 1606 3114 1673 respondere
3139 1619 3339 1676 posset,
3369 1611 3606 1680 disputes
3633 1629 3751 1667 cum

2188 1684 2460 1742 fratribus.
2506 1686 2564 1743 Si
2613 1700 2790 1745 autem
2843 1693 2909 1747 ad
2937 1694 3041 1749 hoc
3086 1696 3194 1750 non
3247 1712 3306 1752 es
3351 1707 3595 1768 paratus,
3647 1702 3752 1756 dis~

2189 1775 2321 1829 cede
2343 1775 2466 1831 hinc
2491 1785 2545 1831 et
2567 1779 2675 1832 noli
2723 1792 3029 1848 pervertere
3052 1785 3165 1839 vias
3184 1785 3393 1842 Domini
3423 1798 3476 1842 et
3501 1790 3750 1859 illaquea~

2120 1883 2162 1941 Β
2191 1882 2267 1929 re,
2291 1875 2344 1920 et
2363 1871 2583 1925 venenis
2621 1871 2838 1926 inlicere
2875 1875 3076 1930 animas
3096 1875 3351 1943 infirmas,
3381 1894 3448 1934 ne
3471 1879 3751 1949 adjuvante

2189 1957 2407 2013 dextera
2434 1958 2642 2016 Domini
2671 1964 2838 2018 nostri
2877 1965 3146 2033 quomodo
3183 1983 3290 2023 non
3335 1972 3605 2039 putaveris
3631 1987 3751 2026 eru-

2186 2048 2392 2102 bescas.

2188 2151 2620 2196 COIIONITORIUI
2661 2157 2846 2198 SANCTI
2898 2159 3171 2200 Αυουετικι
3219 2163 3444 2203 EPISCOP]
3490 2165 3749 2205 εροιεςιε

2259 2223 2589 2274 ΟΑἸἪΟΗΟΕ,
2632 2227 2876 2274 ουοιιουο
2916 2230 2996 2268 SIT
3038 2231 3278 2271 AGENDUM
3320 2234 3424 2272 CUI
3464 2235 3750 2274 IANICIIEIS

2257 2292 2343 2339 QUI
2371 2294 2812 2350 CONVERTUNTUR,
2837 2300 2904 2338 ΕΤ
2925 2300 3054 2349 QUOS
3073 2301 3321 2342 ΝΕΝΙΤΕΤ
3348 2303 3507 2343 HUIUS
3530 2305 3750 2345 NEFANDI

2260 2362 2500 2401 EBRORIS.

2258 2435 2390 2492 Cum
2427 2439 2998 2498 anathematizaverint
3042 2447 3282 2500 eamdem
3313 2447 3552 2503 haeresim
3581 2448 3772 2516 Mania

2188 2524 2456 2582 chtcorum
2495 2530 2786 2584 secundum
2832 2530 3055 2586 formam
3101 2535 3236 2589 infra
3281 2537 3530 2606 scriptam
3556 2555 3571 2603 ;
3597 2538 3750 2594 libel-

2189 2615 2406 2685 lumque
2447 2617 2655 2673 dederit
2682 2623 3043 2691 unusquisque
3089 2640 3276 2679 eorum
3313 2627 3658 2681 confessionis
3698 2636 3750 2683 et

2188 2709 2515 2776 pmnitentia:
2543 2725 2670 2775 suae,
2720 2721 2880 2782 atque
2918 2714 3268 2770 anathematis
3295 2732 3481 2770 eorum
3518 2725 3705 2786 petens
3732 2720 3750 2737 ‘

2188 2799 2240 2851 in
2262 2799 2486 2853 ecclesia
2511 2801 2597 2854 vel
2625 2803 3013 2868 catechumeni,
3043 2804 3126 2858 vel
3155 2806 3459 2875 paenitentis
3488 2806 3681 2871 locum,
3708 2808 3750 2863 si

2187 2890 2397 2944 libellus
2424 2890 2539 2958 ejus
2566 2893 2608 2913 “
2635 2892 2887 2962 episcopo
2919 2895 3198 2964 placuerit,
3247 2913 3474 2966 eumque
3501 2913 3751 2968 suscepe-

2186 2979 2274 3042 rit,
2306 2979 2396 3032 det
2422 2980 2470 3032 ei
2497 2979 2776 3049 epistolam
2799 2998 2918 3037 cum
2941 2972 3025 3038 die
3047 2993 3103 3039 et
3123 2986 3358 3051 consule,
3389 2995 3445 3039 ut
3465 2987 3660 3041 nullam
3686 2988 3752 3042 de

2187 3072 2464 3139 superiore
2495 3081 2733 3141 tempore
2750 3074 3066 3140 molestiam,
3093 3075 3175 3130 vel
3195 3077 3262 3130 de
3281 3077 3504 3147 publicis
3529 3078 3749 3145 legibus,

2190 3161 2272 3216 vel
2301 3162 2368 3215 de
2396 3162 2673 3233 disciplina
2704 3167 3064 3223 ecclesiastica
3110 3171 3361 3238 patiatur.
3409 3169 3476 3224 Et
3522 3182 3642 3240 post
3669 3173 3750 3243 ip—

585 3231 1069 3338 belli-ruminersns
1116 3299 1182 3338 ex
1229 3282 1529 3339 Manichzeis
1564 3284 1673 3340 dixi
1709 3286 1808 3356 sub
1846 3285 2091 3342 testifica-
2115 3231 2161 3292 Ο
2191 3253 2474 3356 5"“1df‘im
2495 3255 2834 3356 ,aliquibujs
2864 3259 3068 3314 indicas
3089 3260 3403 3356 ΜδηίθῨῗῖθυδ
3426 3265 3748 3356 aPpamf‘Fv

517 3374 662 3428 tione
687 3373 784 3428 Dei
810 3389 896 3427 me
921 3375 1100 3428 omnia
1124 3391 1249 3429 vera
1287 3379 1547 3440 confiteri,
1581 3377 1649 3431 de
1688 3393 1796 3446 quo
1837 3379 1948 3432 scio
1969 3393 2089 3433 esse

517 3463 834 3518 Manichaeos
856 3465 938 3518 vel
967 3463 1282 3541 Manichmas
1312 3468 1364 3520 in
1391 3477 1570 3536 partes
1597 3467 1948 3524 Caesarienses
1977 3468 2089 3521 Ma-

516 3553 648 3607 riam
698 3563 754 3608 et
807 3553 1150 3622 Lampadiam
1205 3573 1428 3612 uxorem
1481 3558 1728 3613 Mercurii
1775 3561 2083 3627 argentarii,

515 3659 632 3698 cum
661 3645 853 3712 quibus
881 3646 1039 3698 etiam
1070 3643 1209 3714 apud
1236 3647 1465 3702 electum
1513 3647 1861 3703 Eucharisnm
1890 3651 2088 3718 pariter

514 3738 803 3801 oravimus,
829 3737 1115 3794 Caesar-iam
1159 3747 1216 3793 et
1255 3739 1512 3794 Lucillam
1543 3741 1703 3796 ﬁliam
1744 3758 1917 3809 suam,
1948 3741 2087 3797 Can-

515 3825 691 3880 didum
729 3829 818 3895 qui
873 3836 1236 3882 commoratur
1282 3829 1529 3898 Thipasa,
1590 3832 1944 3895 Victorinum,
1995 3831 2087 3884 lli-

514 3930 754 3984 spanam,
786 3915 1184 3986 Simplicianum
1217 3917 1467 3973 Antonini
1497 3928 1724 3989 patrem,
1765 3930 1818 3974 et
1865 3921 2083 3974 Paulum

517 4013 570 4058 et
603 4020 843 4060 sororem
892 4023 1040 4061 suam
1071 4009 1159 4076 qui
1199 4007 1297 4062 fuit
1343 4007 1606 4078 Hippone,
1635 4025 1766 4077 quas
1796 4011 1956 4063 etiam
1991 4026 2086 4078 per

517 4093 732 4148 Mariam
769 4104 825 4150 et
873 4095 1209 4166 Lampadium
1240 4099 1369 4153 scivi
1415 4113 1532 4152 esse
1580 4099 1914 4154 Manichaeas.
1971 4100 2085 4155 lloc

515 4193 718 4239 tantum
747 4187 878 4240 scio.
911 4188 1063 4253 Quod
1092 4189 1135 4242 si
1163 4190 1303 4242 aliud
1339 4190 1608 4244 inventum
1646 4190 1803 4244 fuerit
1835 4207 1919 4245 me
1948 4192 2083 4246 scire

428 4343 438 4361 ν
515 4294 670 4348 supra
700 4293 856 4345 quam
886 4278 1012 4342 dixi,
1040 4295 1125 4334 me
1151 4297 1298 4334 reum
1330 4296 1429 4349 ego
1458 4282 1571 4350 ipse
1599 4282 1878 4338 conliteor.

515 4385 941 4426 COMMOMTORIUM
969 4386 1149 4424 SANCTI
1197 4387 1473 4428 AUGUSTI!“
1517 4389 1746 4429 EPISCOPI
1774 4389 1841 4430 AD
1869 4390 2083 4430 PRESBY-

1014 4477 1190 4515 TERUI
1223 4479 1562 4517 MANICIIEUM.

580 4549 708 4606 Sine
729 4566 895 4608 causa
925 4553 1310 4617 tergiversaris,
1341 4569 1462 4613 cum
1493 4553 1648 4620 longe
1671 4564 1926 4624 appareat
1952 4571 2084 4623 qua—

513 4639 576 4696 lis
618 4640 704 4694 sit.
751 4640 849 4704 Qui
889 4647 1062 4693 tccum
1095 4640 1254 4695 locuti
1282 4651 1407 4695 sunt
1454 4642 1664 4700 fratres.
1717 4644 2082 4699 indicaverunt

509 4730 660 4785 mihi.
694 4728 836 4784 Bene
866 4731 990 4798 quia
1037 4746 1146 4783 non
1188 4732 1340 4784 times
1375 4740 1620 4797 mortem,
1663 4733 1756 4786 sed
1785 4749 1902 4787 eam
1934 4751 2079 4789 mor-

512 4833 620 4878 tem
646 4823 807 4878 debes
841 4823 1028 4876 timere
1057 4837 1214 4892 quam
1255 4822 1347 4876 tibi
1392 4823 1504 4892 ipse
1549 4822 1679 4879 facis
1726 4825 1848 4878 talia
1877 4825 1943 4878 de
1972 4825 2081 4879 Deo

513 4914 946 4978 blasphemando,
979 4922 1034 4968 et
1062 4915 1204 4983 quod
1245 4915 1493 4982 intelligis
1524 4925 1752 4984 mortem
1777 4917 1931 4970 istam
1957 4918 2082 4972 visi-

513 5001 670 5054 bilem
709 5017 866 5069 quam
905 5020 1091 5059 onmes
1143 5005 1388 5060 homines
1442 5003 1639 5058 norunt
1687 5007 2080 5074 separationem

513 5092 849 5145 essementis
879 5108 908 5144 a
939 5109 1164 5163 corpore
1212 5111 1317 5150 non
1355 5103 1438 5148 est
1478 5109 1727 5161 magnum
1766 5096 2078 5164 intelligere.

513 5179 616 5235 Sed
648 5181 790 5248 quod
817 5181 1058 5250 adjungis
1084 5187 1149 5258 de
1185 5196 1362 5242 vestro
1391 5185 1781 5254 separationem
1811 5201 1929 5238 esse
1955 5187 2080 5242 boni

514 5288 542 5325 a
575 5273 734 5336 malo,
779 5275 823 5327 si
865 5289 1016 5328 mens
1060 5275 1258 5329 bonum
1298 5287 1401 5339 est,
1432 5285 1488 5331 et
1522 5291 1714 5344 corpus
1743 5276 1960 5338 malum,
1991 5278 2081 5345 qui

513 5379 576 5416 ea
605 5365 942 5420 commiscuit
967 5380 1074 5419 non
1103 5375 1185 5418 est
1230 5368 1398 5421 bonus
1423 5386 1435 5420 :
1467 5367 1642 5422 dicitis
1668 5367 1788 5436 quia
1820 5365 1961 5420 Deus
1989 5368 2084 5421 bo-

515 5468 612 5506 nus
641 5452 740 5507 ista
769 5455 1123 5509 commiscuit.
1173 5455 1312 5523 Ergo
1359 5466 1451 5510 aut
1503 5457 1672 5512 malus
1709 5464 1810 5519 est,
1842 5466 1933 5510 aut
1971 5474 2084 5510 ma-

587 5585 884 5662 '_Mendose
913 5587 964 5662 i_n
1003 5587 1161 5662 editis
1207 5589 1587 5655 appendicibus
1625 5601 1754 5646 tom.
1790 5591 1834 5644 Χ
1862 5608 2083 5662 operum

515 5655 570 5710 S.
608 5655 885 5726 Augustini
916 5657 1107 5726 legitur
1135 5665 1333 5726 potens.

591 5726 631 5744 “
655 5723 776 5796 llaec
801 5741 925 5796 vox,
955 5723 1167 5796 penitus
1195 5727 1510 5790 necessaria,
1538 5729 1688 5783 abest
1717 5732 1783 5783 ab
1812 5731 1984 5784 editis.

590 5797 654 5815 "'
683 5793 932 5848 Momlose
959 5793 1131 5851 habet
1164 5798 1422 5864 :tppettlix
1450 5809 1575 5850 tom.
1611 5796 1656 5851 Χ
1687 5801 1942 5858 hactenus
1972 5807 2084 5858 vul—

2187 3343 2380 3396 scntiat
2403 3343 2617 3411 justitiae
2646 3348 3005 3415 severitatem,
3055 3365 3172 3418 qua:
3201 3352 3389 3406 talibus
3416 3353 3575 3406 rebus
3603 3353 3752 3407 adhi~

2187 3435 2358 3489 benda
2389 3443 2489 3500 est,
2519 3435 2571 3490 id
2599 3445 2696 3513 e_st,
2727 3446 2784 3490 ut
2810 3438 2876 3491 ab
2904 3439 3018 3508 ejus
3041 3441 3330 3505 consortio,
3373 3441 3457 3494 vel
3501 3443 3748 3505 amicitia,

2185 3522 2267 3576 vel
2295 3539 2610 3594 quacunque
2655 3525 2910 3581 societate
2951 3527 3225 3604 christiani
3252 3544 3309 3582 se
3341 3531 3640 3585 abstineant
3667 3547 3750 3588 se~

2185 3611 2417 3666 cundum
2446 3615 2792 3682 apostolicam
2819 3615 3150 3685 disciplinam
3181 3619 3616 3686 (auctoritatem).

2255 3699 2704 3756 Commendentur
2747 3714 2923 3758 autem
2967 3706 3057 3772 qui
3096 3707 3349 3775 epistolas
3393 3708 3459 3762 ab
3499 3709 3750 3778 episcopo

2185 3789 2490 3857 acceperint
2519 3791 2779 3857 religiosis
2825 3792 3101 3850 catholicis
3148 3796 3336 3852 vicinis
3374 3797 3454 3851 vel
3483 3799 3748 3852 cohabita-

2186 3877 2388 3930 toribus
2415 3878 2546 3943 suis,
2599 3880 2712 3932 sive
2754 3880 2980 3948 clericis,
3033 3883 3145 3937 sive
3194 3885 3358 3950 laicis,
3403 3901 3498 3954 per
3525 3903 3749 3956 quorum

2184 3979 2308 4033 erga
2337 3982 2395 4020 se
2423 3983 2604 4020 curam
2634 3967 2968 4038 frequentent
2993 3973 3318 4029 audientiam
3348 3978 3607 4032 sermonis
3635 3977 3746 4042 Dei,

2184 4065 2238 4108 et
2263 4071 2487 4124 quorum
2517 4059 2820 4115 testimonio
2847 4064 3052 4132 possint
3077 4065 3428 4121 innotescere.
3460 4066 3570 4121 Nec
3596 4067 3749 4122 facile

2184 4144 2529 4199 admittantur
2553 4148 2619 4200 ad
2645 4149 2974 4220 baptismum
3008 4153 3052 4207 si
3082 4153 3450 4208 catechumeni
3488 4156 3610 4220 sint,
3651 4171 3750 4210 nec

2183 4233 2249 4286 ad
2301 4224 2827 4304 reconciliationem,
2885 4241 2930 4294 si
2985 4243 3312 4310 poenitentiae
3366 4242 3537 4297 locum
3599 4260 3750 4299 acce-

2186 4324 2390 4391 perint,
2454 4326 2554 4378 nisi
2606 4328 2842 4395 periculo
2887 4331 3077 4384 mortis
3129 4340 3384 4398 urgente,
3432 4333 3518 4387 vel
3567 4334 3612 4387 si
3658 4350 3752 4390 eos

2182 4411 2456 4478 aliquanto
2503 4422 2746 4483 tempore
2799 4419 3051 4485 probatos
3091 4435 3209 4473 csse
3255 4423 3600 4489 cognoverint
3646 4424 3749 4491 epi-

2182 4501 2329 4570 scopi
2371 4517 2468 4570 pcr
2506 4517 2692 4557 eorum
2724 4505 3085 4560 testimonium
3135 4509 3328 4578 quibus
3377 4509 3570 4564 fuerint
3606 4527 3749 4566 com-

2113 4581 2158 4638 D
2187 4593 2440 4648 mendati.

2257 4683 2448 4738 Forma
2471 4701 2617 4753 ergo,
2649 4687 2936 4741 secundum
2965 4704 3125 4757 quam
3172 4689 3368 4746 debent
3404 4693 3541 4748 hanc
3586 4694 3749 4748 ἥλω-ρο

2186 4774 2286 4829 sim
2305 4775 2395 4843 qui
2423 4777 2778 4844 corriguntur,
2809 4779 3276 4846 anathematizare,
3309 4782 3406 4836 ista
3436 4791 3536 4836 est.

2255 4865 2294 4919 l.
2328 4865 2428 4932 Qui
2470 4868 2640 4922 credit
2676 4868 2807 4922 duas
2853 4885 2971 4924 esse
3009 4879 3247 4938 naturas,
3293 4880 3420 4931 ete.,
3453 4890 3564 4943 qua
3599 4875 3750 4942 paulo

2187 4965 2305 5009 ante
2337 4967 2455 5009 sunt
2480 4973 2666 5010 excusa
2713 4959 2972 5012 nonnulli:
3013 4961 3232 5024 omissis,
3259 4969 3315 5012 ut
3360 4962 3413 5012 in
3453 4973 3574 5015 nota
3622 4963 3749 5014 urti-

2189 5047 2288 5102 culi
2319 5063 2369 5100 ιι
2389 5048 2602 5100 strictim
2629 5047 3015 5103 observavimus.

2327 5153 2452 5191 nan
2476 5153 2647 5193 rom“
2665 5155 2931 5194 msrou-z
2956 5143 3043 5208 “',
3067 5158 3204 5204 QUAM
3229 5159 3330 5197 nn
3357 5160 3626 5200 EPISCOPUS

2665 5223 2946 5264 CONVERSIS
2990 5220 3118 5264 ιδῃ·
3135 5228 3248 5265 EST.

2257 5296 2517 5364 Quoniam
2547 5308 2601 5352 te
2629 5298 3038 5355 Manichaeorum
3065 5302 3360 5369 auditorem
3388 5304 3611 5371 poenitet
3628 5303 3753 5360 fuis-

2189 5407 2264 5454 se,
2296 5393 2434 5446 sicut
2463 5391 2574 5461 ipse
2602 5391 2875 5447 confessus
2903 5408 2961 5446 es
2989 5395 3268 5447 anathema
3299 5395 3481 5448 dicens
3509 5395 3752 5465 blasphe~

2191 5480 2308 5535 miis
2345 5490 2402 5534 et
2437 5481 2761 5550 impiissimae
2788 5490 2950 5551 atque
2977 5482 3408 5537 immundissimze
3450 5481 3636 5538 haeresi
3661 5499 3751 5536 eo-

2187 5619 2308 5676 gata
2339 5612 2400 5663 de
2426 5614 2644 5691 quodam
2689 5615 2924 5691 episeopo
2953 5614 3111 5681 ipsius
3143 5623 3311 5691 sectm.
3357 5613 3590 5691 Indidem
3617 5629 3751 5691 quo-

2186 5682 2628 5802 qultigravissimn
2657 5683 2962 5736 sustulimus
3009 5683 3216 5745 menda,
3269 5693 3326 5736 ut
3370 5699 3434 5735 ex
3471 5682 3752 5739 collatione

2186 5763 2250 5802 co
2295 5762 2418 5816 lges.
