4122 6330
314 387 386 442 99
1453 373 1846 439 BONIFACIUS
1887 382 2062 437 PAPA
2095 384 2155 439 ll.
2199 385 2488 441 NOTITIA.
3520 395 3592 450 30

317 513 463 566 rum,
491 513 556 554 ex
583 511 690 568 quo
720 505 774 553 te
799 511 908 553 non
925 496 1048 568 .uisl
1073 495 1202 553 tldes
1223 495 1486 552 catholica
1515 496 1720 550 salvum
1748 495 1896 561 fecit,
1930 503 1973 557 Α
2004 498 2352 563 monasterio,
2409 501 2489 552 vel
2546 503 2597 554 in
2652 503 3006 570 xenodochio,
3064 507 3237 563 donec
3290 519 3591 578 appareant

323 588 549 643 habebis
587 588 729 644 hanc
772 588 1059 658 epistolam
1107 588 1361 642 adversus
1398 602 1492 642 eos
1519 587 1610 655 qui
1643 587 1737 642 tibi
1764 596 1904 642 tem-

315 679 468 746 poris
496 679 756 748 pneteriti
777 693 1016 733 errorem
1036 719 1052 746 ,
1081 685 1339 746 quantum
1371 677 1438 731 ad
1463 677 1620 731 istam
1647 676 1902 731 nefariam

315 768 558 835 pertinet
581 776 804 833 sectam,
830 766 1186 835 ohjiciendum
1213 768 1537 840 putaverint,
1566 783 1683 838 qua:
1708 766 1903 835 scriptu

318 864 404 910 est
431 856 634 912 dieillo
655 866 711 912 et
737 858 956 911 consule
985 858 1096 911 illo.

386 946 590 1000 Electis
614 961 743 1000 vero
785 946 1196 1002 Manichaeorum
1225 947 1316 1015 qui
1344 962 1403 1002 se
1441 946 1680 1001 converti
1719 946 1905 999 dicunt

315 1034 385 1088 ad
409 1035 727 1089 catholicam
759 1035 942 1103 tidem,
969 1037 1177 1090 etiamsi
1210 1045 1263 1089 et
1303 1036 1401 1104 ipsi
1426 1035 1716 1088 secundum
1745 1051 1904 1103 supc-

312 1125 517 1178 riorem
564 1123 792 1179 formam
842 1127 1086 1179 eamdem
1129 1125 1371 1180 hmresim
1415 1125 1902 1178 anathematizave-

311 1216 442 1278 rint,
473 1229 582 1268 non
624 1213 780 1269 facile
827 1215 1015 1269 dandze
1065 1225 1187 1268 sunt
1239 1216 1466 1278 litteras;
1507 1213 1600 1269 sed
1647 1229 1766 1268 cum
1805 1212 1899 1265 Dei

305 1304 480 1360 servis
531 1318 651 1372 esse
703 1304 993 1372 debebunt,
1049 1305 1162 1358 sive
1204 1305 1448 1372 clericis,
1492 1304 1606 1358 sive
1636 1304 1801 1367 laicis,
1845 1303 1896 1354 in

2011 589 2221 656 penitus
2251 590 2362 658 ipsa
2403 594 2781 660 superstitione
2819 597 3055 650 caruisse
3083 615 3095 649 :
3125 603 3180 652 et
3225 607 3352 653 tunc
3388 600 3470 654 vel
3498 601 3591 655 ba-

2009 679 2294 746 ptizeutur,
2340 681 2384 733 si
2416 697 2521 733 non
2563 682 2758 737 fuerint
2798 685 3077 752 baptizati,
3108 687 3190 741 vel
3237 691 3594 744 reconcilien-

2008 776 2118 833 tur,
2164 769 2208 822 si
2251 771 2578 838 poenitentia:
2629 773 2804 827 locum
2843 779 3189 846 acceperint,
3242 794 3308 832 ue
3355 781 3591 848 acceptis

2006 857 2114 912 cito
2135 858 2326 914 litteris
2356 860 2496 926 loca,
2528 863 2578 914 in
2609 863 2802 931 quibus
2828 864 3051 921 'fuerant
3091 868 3474 933 commendati,
3503 869 3590 923 de-

2007 957 2209 1000 serant.

2079 1037 2307 1109 Exi/ficit
2360 1043 2804 1094 commonitorium
2858 1042 2990 1096 beati
3040 1045 3310 1115 Augustini
3363 1045 3588 1114 episcopi

2006 1131 2067 1184 de
2117 1116 2299 1185 heresi
2345 1131 2783 1205 Manichaeorum
2814 1134 2903 1186 sub
2959 1138 3306 1191 exsecratione
3368 1137 3588 1190 anathe‘

2003 1222 2176 1274 matis.

1598 1558 1780 1603 ANNIS
1811 1558 2044 1600 DXXX-
2062 1555 2291 1599 DXXXI.

321 1679 2262 1908 'BONIFACIUS
2353 1688 3133 1906 PAPA
3223 1693 3546 1908 ΙΙ.

1676 2100 2189 2182 ΝΟΤΙΤΙΑ.

1645 2232 1742 2292 (lx
1773 2232 1901 2280 libro
1935 2230 2233 2292 pontificali.)

377 2414 404 2443 ι
432 2402 737 2460 Bonifacius
762 2401 984 2456 natione
1021 2399 1315 2464 Romanus,
1347 2413 1412 2453 ex
1442 2406 1593 2467 patre
1619 2397 1875 2467 Sigisbul-
1906 2400 1952 2458 Β
1980 2394 2217 2458 reclusit,
2248 2395 2402 2463 quasi
2431 2390 2456 2429 ἀ
2484 2394 2745 2453 damnans
2769 2397 3102 2464 Dioscorum,
3129 2411 3184 2456 et
3213 2406 3562 2474 congregavit

302 2497 377 2552 do
402 2536 417 2558 .
452 2496 481 2534 δ
512 2495 649 2549 sedit
679 2508 848 2547 annos
867 2492 903 2545 2
924 2492 1039 2546 dies
1060 2490 1149 2546 26.
1182 2491 1307 2545 Fuit
1330 2499 1507 2544 autem
1547 2490 1884 2560 temporibus

303 2585 596 2640 Athalarici
622 2585 764 2651 regis
790 2581 1068 2646 haeretici,
1111 2590 1166 2635 et
1191 2580 1264 2651 (a)
1313 2579 1594 2634 Justiniani
1635 2578 1878 2648 Augusti.

301 2674 404 2729 Hic
453 2688 573 2728 cum
625 2673 880 2725 Dioscoro
918 2669 1197 2724 ordinatur
1235 2669 1332 2721 sub
1377 2668 1740 2722 contentione.
1779 2668 1883 2734 Qui

303 2763 598 2816 Dioscorus
627 2761 906 2815 ordinatur
936 2759 987 2812 in
1014 2757 1232 2812 basilica
1272 2755 1711 2810 Constantiniana
1732 2799 1747 2824 ,
1773 2757 1880 2811 Bo-

304 2849 534 2905 nifacius
575 2864 706 2903 vero
744 2849 797 2901 in
839 2847 1058 2901 basilica
1100 2844 1244 2899 Julii.
1291 2844 1353 2898 Et
1393 2844 1490 2898 fuit
1521 2845 1789 2902 dissensio
1827 2845 1881 2900 in

299 2942 448 2995 clero
476 2948 532 2993 et
559 2947 748 2993 senatu
777 2938 891 2992 dies
918 2937 988 2989 ‘29
1018 2936 1114 3006 (ὁ).
1147 2935 1348 2989 Eodem
1379 2943 1620 3002 tempore
1661 2933 1882 2988 defunc-

298 3041 386 3084 tus
406 3037 492 3083 est
521 3029 808 3083 Dioscorus
837 3026 1008 3096 pridie
1035 3025 1152 3079 idus
1177 3025 1438 3079 Octobris.
1470 3037 1490 3062 c
1523 3022 1655 3092 Ipsis
1690 3023 1880 3078 diebus

297 3117 604 3172 Bonifacius
637 3117 752 3170 zelo
779 3124 834 3170 et
859 3115 984 3170 dolo
1012 3115 1220 3178 ductus,
1244 3129 1364 3167 cum
1395 3113 1581 3178 grandi
1612 3114 1875 3167 amaritu-

294 3209 420 3261 dine
448 3208 548 3260 sub
576 3207 791 3260 vinculo
821 3204 1176 3258 anathematis
1213 3210 1268 3255 et
1303 3202 1644 3270 chirographi
1687 3217 1879 3256 recon-

293 3292 497 3353 dliavit
525 3299 745 3361 clerum,
763 3312 921 3364 quem
935 3294 1346 3373 chirographum
1375 3292 1613 3347 ecclesiae
1642 3293 1877 3348 archivio

363 3432 381 3448 °
422 3427 559 3481 Vide
587 3435 702 3481 not.
737 3427 756 3446 ⁶
778 3424 884 3480 col.
920 3425 970 3476 9.

362 3530 384 3554 ·
413 3517 739 3583 Bonifaciusl
774 3515 899 3568 Post
939 3515 1303 3578 interregnum
1333 3514 1639 3568 triduanum
1674 3516 1729 3568 in
1775 3516 1875 3570 ba-

288 3589 441 3642 silica
485 3585 612 3640 Julii
656 3601 794 3638 anno
827 3585 1030 3637 Domini
1071 3583 1176 3652 550
1220 3583 1344 3649 (529
1385 3583 1632 3651 melius),
1664 3585 1752 3652 qui
1795 3595 1877 3640 est

328 3666 514 3710 uartus
532 3654 838 3715 Iustiniani,
860 3661 915 3706 et
935 3651 1202 3707 secundus
1215 3652 1500 3706 Athalarici
1520 3655 1661 3718 regis
1683 3651 1872 3716 'ltalim,

369 3723 661 3815 n‘i‘faciusil
693 3738 900 3815 genere
938 3723 1164 3802 Gothus,
1193 3721 1872 3815 creatusest‘pontifexdfi
1899 3757 1942 3815 α

287 3797 373 3849 die
395 3795 666 3848 Octobris.
691 3791 889 3847 Contra
914 3807 1036 3845 eum
1080 3792 1130 3844 in
1173 3791 1458 3845 schismate
1489 3791 1694 3844 electus
1715 3800 1796 3846 est
1817 3798 1868 3846 in

287 3865 504 3918 basilica
528 3862 967 3917 Constantiniana
992 3860 1276 3914 Dioscorus
1296 3859 1381 3912 ille
1405 3873 1564 3926 quem
1588 3858 1867 3914 Hormisda

287 3931 528 4000 pontifex
554 3948 657 3984 una
669 3946 788 4000 cum
805 3931 1071 4000 Germano
1094 3938 1148 4000 et
1163 3927 1365 4000 Joanne
1377 3928 1663 4000 episcopis,
1685 3929 1870 3984 aliisve

286 3998 618 4071 presbyteris
638 4009 692 4054 et
719 3998 970 4071 Adiaconis
997 3998 1070 4071 ad
1101 3998 1453 4071 Justinianum
1487 3999 1868 4071 imperatorem

283 4067 808 4138 Constantinopolim
836 4069 1101 4138 ablegavit
1125 4107 1140 4130 ,
1180 4068 1380 4138 quique
1401 4067 1468 4120 de
1491 4068 1728 4138 simonjze
1752 4068 1868 4122 labe

283 4140 579 4193 infamatus
603 4135 795 4193 iniusta
816 4137 1082 4191 sententia
1101 4135 1485 4190 condemnatus
1508 4135 1621 4188 fuit.
1638 4135 1868 4191 Causam

283 4208 590 4263 schismatis
631 4205 841 4262 dedisse
882 4206 1094 4259 videtur
1115 4221 1210 4258 rex
1233 4205 1585 4267 Athalaricus,
1625 4205 1718 4272 qui
1741 4207 1866 4260 dum

282 4277 513 4332 fortasse
526 4277 778 4345 exemplo
790 4291 818 4328 a
827 4275 1146 4345 ntecessoris
1157 4273 1351 4345 suipon
1361 4273 1549 4345 tificem
1562 4274 1869 4341 designaret

282 4361 346 4400 ac
367 4341 754 4415 praesentare},
773 4361 840 4398 ex
863 4345 1010 4415 clero
1025 4343 1169 4415 alios
1191 4343 1290 4396 sibi
1313 4341 1666 4415 suffragantes
1686 4385 1699 4407 ,
1733 4346 1867 4399 alios

280 4412 637 4469 adversantes
677 4414 878 4467 habuit.
911 4413 1116 4466 Accidit
1153 4420 1335 4466 autem
1369 4412 1622 4478 singulari
1651 4414 1746 4468 Dei
1769 4415 1867 4468 be-

281 4484 510 4546 neficio,
548 4493 604 4536 ut
645 4483 984 4537 schismatico
1015 4482 1119 4535 cita
1143 4490 1314 4536 morte
1344 4492 1612 4551 prievento
1635 4483 1862 4537 schisma

280 4555 612 4606 exstinctum
645 4552 822 4605 fuerit.

348 4621 510 4674 Initio
541 4621 878 4688 pontiﬁcatus
901 4619 1156 4673 Bonifacii
1183 4618 1472 4688 Belisarius
1503 4621 1610 4675 dux
1634 4623 1862 4676 militum

282 4687 641 4758 imperiali’um
671 4705 794 4744 cum
829 4690 1072 4743 exercitu
1111 4703 1208 4742 suo
1231 4705 1261 4742 a
1287 4687 1458 4758 Persis
1483 4691 1535 4743 in
1576 4692 1861 4746 discrimen

281 4757 549 4813 adductus
589 4767 700 4822 est,
733 4774 854 4813 cum
879 4767 1109 4826 quatuor
1129 4759 1282 4812 annis
1305 4757 1531 4813 feliciter
1557 4768 1744 4814 contra
1769 4777 1862 4816 eos

281 4837 593 4895 pugnasset.
615 4827 819 4882 Gentes
840 4827 1150 4889 maritimas,
1176 4843 1398 4894 quarum
1423 4829 1715 4883 subsidium
1739 4846 1865 4884 con-

279 4906 358 4949 tra
386 4896 582 4951 Persas
606 4896 914 4964 implorarat
937 4935 950 4956 ,
977 4911 1045 4949 ex
1070 4896 1361 4950 idololatris
1388 4896 1718 4953 Christianas
1739 4902 1861 4954 red-

278 4965 432 5020 didit.
478 4965 880 5033 Procopiusde
920 4965 1072 5018 Bello
1103 4965 1252 5019 Pers.
1298 4965 1490 5022 libroi.
1521 4967 1858 5024 Theodorico

279 5033 608 5094 Francorum
634 5032 748 5100 regi
775 5032 1182 5089 Theodobertus
1224 5033 1360 5086 ﬁlius
1401 5035 1718 5092 Theoderici
1743 5079 1758 5102 ,
1804 5047 1860 5093 et

278 5102 730 5174 Clodoveipepos
752 5103 1031 5174 successit.
1061 5101 1138 5154 Ex
1163 5102 1402 5174 Procop:
1425 5105 1715 5173 etCregor.
1750 5107 1854 5160 Tu-
1885 5115 1934 5174 ι)

278 5173 514 5225 ronensi.
543 5172 717 5225 Baron
748 5187 888 5225 anno
914 5171 1016 5225 5'50
1039 5213 1053 5234 ,
1077 5188 1132 5225 n.
1157 5170 1246 5224 49.
1279 5170 1353 5224 De
1379 5170 1648 5228 Bonifacio
1669 5177 1856 5230 scribit

277 5240 396 5311 Atio
417 5242 470 5294 in
489 5241 896 5311 martyrologio,
928 5241 1072 5308 quod
1092 5241 1378 5296 ecclesiam
1403 5241 1460 5295 S.
1485 5243 1754 5300 Michaelis
1777 5262 1860 5300 ar-

276 5308 525 5377 changeli
548 5308 765 5364 nomine
784 5318 1144 5364 constructam
1168 5311 1223 5365 in
1243 5313 1551 5367 summitate
1572 5315 1697 5369 circi
1718 5315 1860 5371 dica-

280 5379 442 5431 verit.
467 5377 595 5432 Sev.
622 5378 819 5432 BINIUS.

349 5449 374 5484 δ
399 5447 549 5501 Sedit
587 5465 752 5500 annos
781 5449 906 5502 duos
928 5459 1036 5501 dies
1077 5445 1168 5517 26]
1197 5448 1386 5503 Verius
1412 5465 1552 5504 anno
1574 5450 1750 5505 (Errat
1772 5454 1860 5508 hic

277 5513 482 5569 Biniusi
510 5533 616 5570 uno
641 5525 694 5570 et
715 5517 922 5572 duobus
957 5513 1167 5571 diebus:
1194 5517 1326 5571 Nam
1355 5535 1476 5574 cum
1521 5519 1748 5575 fateatur
1768 5523 1857 5578 hic

279 5582 451 5658 ipsum
480 5584 848 5658 i7_g0cto_br_is
859 5602 1000 5658 anno
1024 5595 1145 5658 post
1184 5588 1513 5642 consulatum
1548 5587 1817 5658 Lampadii
1837 5634 1851 5652 .

278 5653 365 5717 qui
413 5662 496 5707 est
539 5654 735 5726 Christi
785 5653 906 5726 55f,
946 5653 1252 5726 defunctum
1283 5674 1422 5722 esse,
1445 5653 1759 5726 constetque
1797 5663 1860 5716 iis

275 5736 588 5798 Ἦρφχδυιξιεςδ⁸
607 5723 757 5776 initio
787 5724 1399 5798 harum‘adnotationum
1428 5727 1562 5788 dixi,
1604 5723 1856 5798 etipsqu

278 5788 345 5841 15
370 5788 638 5854 Octobris.
669 5808 809 5847 anno
834 5792 1041 5848 Domini
1066 5792 1170 5847 530
1194 5833 1208 5858 ,
1232 5798 1535 5866 pontiﬁcem
1562 5811 1678 5853 esse
1703 5788 1855 5855 crea-

1987 2487 2190 2542 clerum
2215 2525 2230 2551 ,
2262 2487 2346 2542 cui
2379 2495 2554 2542 tamen
2599 2488 2650 2542 in
2681 2491 2996 2562 episeopatu
3025 2492 3201 2548 nullus
3221 2495 3561 2564 subscripsit,

1983 2576 2112 2631 dum
2161 2577 2388 2646 plurima
2437 2577 2719 2632 multitudo
2763 2580 2949 2633 fuisset
2986 2597 3107 2634 cum
3148 2582 3425 2638 Dioscoro.
3473 2585 3566 2641 llic

1983 2667 2339 2736 presbyteris,
2369 2674 2424 2718 et
2463 2665 2780 2719 diaconibus
2799 2705 2812 2728 ,
2843 2676 2898 2720 ct
2926 2669 3358 2734 subdiaconibus,
3382 2679 3436 2725 et
3465 2689 3565 2726 no-

1984 2756 2132 2809 tariis
2158 2754 2415 2808 scutellas
2452 2756 2518 2807 de
2553 2754 2760 2823 adeptis
2799 2756 3195 2812 haereditatibus
3233 2760 3466 2827 obtulit,
3511 2770 3564 2816 et

1983 2847 2249 2902 alimoaiis
2287 2847 2469 2900 multis
2509 2847 2558 2898 iu
2591 2847 2829 2915 periculo
2873 2849 3025 2904 famis
3054 2851 3201 2905 clero
3231 2853 3500 2906 subvenit.
3537 2864 3560 2889 ι·

1983 2935 2080 2990 llic
2106 2936 2451 3003 congregavit
2477 2935 2738 3004 synodum
2765 2938 2814 2990 in
2837 2938 3057 2993 basilica
3085 2941 3228 2994 beati
3259 2939 3402 2994 Petri
3432 2957 3562 3009 apo-

1982 3025 2125 3087 stoli,
2155 3035 2209 3077 et
2236 3025 2357 3078 fecit
2385 3026 2753 3090 constitutum,
2783 3027 2852 3100 (ε)
2877 3037 2933 3081 nt
2954 3031 3051 3083 sibi
3074 3046 3442 3085 successorem
3465 3049 3560 3088 or-

1980 3117 2206 3172 dinaret.
2230 3117 2346 3184 Quo
2359 3119 2652 3174 constituto
2675 3137 2794 3174 cum
2813 3123 3180 3195 chirographis
3197 3126 3560 3188 sacerdotum.

1981 3216 2035 3261 et
2076 3208 2463 3276 jurejurando,
2520 3218 2644 3264 aute
2694 3211 3084 3267 confessionem
3138 3216 3280 3268 beati
3330 3217 3560 3284 apostoli

1978 3300 2123 3354 Petri
2154 3301 2204 3353 iu
2235 3300 2518 3356 diaconum
2550 3301 2800 3370 Vigilium
2837 3307 3134 3360 constituit.
3178 3303 3382 3361 Eodem
3425 3317 3559 3361 tcm~
3617 3315 3628 3323 ‘

1979 3441 2110 3512 tuin,
2154 3450 2261 3489 non
2283 3435 2384 3512 nisi
2426 3452 2533 3512 u_no
2557 3452 2699 3512 an_no
2722 3448 2776 3491 et
2803 3438 3016 3495 duobus
3043 3440 3229 3497 diebus
3250 3442 3565 3512 pontiﬁcem

1979 3502 2142 3557 fuisse
2169 3506 2423 3570 oportuit.
2450 3505 2577 3559 Snv.
2610 3505 2809 3561 Bmvs.

2052 3571 2445 3646 {Ipsisdiebus
2484 3574 2786 3646 Bonifacius
2811 3614 2825 3636 ,
2857 3575 2989 3646 etc.]
3021 3576 3148 3631 Post
3170 3580 3372 3632 obitum
3411 3579 3563 3634 Dios-.

1976 3641 2110 3704 cori,
2135 3641 2441 3696 Bonifacius
2461 3641 2627 3694 nimio
2649 3645 2766 3696 zelo
2795 3641 3095 3702 commotus
3121 3648 3368 3700 enimdem
3401 3647 3556 3702 Dios-

1976 3725 2184 3784 corum,
2209 3717 2464 3784 tanquam
2491 3711 2733 3784 simoniae
2755 3713 2978 3784 crimine
3018 3715 3276 3784 pollutum
3293 3757 3308 3779 ,
3332 3717 3562 3771 anathe-

1976 3779 2131 3832 matis
2161 3780 2424 3834 sententia
2465 3779 2840 3835 condemnavit
2867 3799 2879 3834 :
2907 3791 2963 3836 et
2989 3779 3054 3836 ad
3077 3784 3382 3838 evitandum
3405 3785 3554 3840 dein-

1971 3847 2301 3924 cepsfuturi
2322 3849 2625 3903 schismatis
2648 3850 2940 3918 periculum
2957 3891 2970 3914 ,
2996 3853 3298 3924 convocata
3327 3855 3552 3924 synodo,

1970 3915 2220 3982 Vigilium
2250 3917 2536 3972 diaconum
2566 3915 2939 3990 successorem
2963 3921 3063 3975 sibi
3085 3915 3401 3990 designavit.
3427 3915 3556 3990 Qum

1970 4001 2090 4039 cum
2120 3995 2242 4054 post
2263 3996 2501 4042 semotos
2522 3985 2744 4044 aﬂ‘ectus
2769 3991 2938 4044 sacris
2958 3985 3258 4048 canuuibus
3278 3985 3554 4050 adversari

1970 4057 2329 4121 cognovisset,
2372 4057 2605 4130 secundo
2647 4066 2972 4130 congregato
3014 4063 3267 4130 concilio,
3318 4080 3404 4119 res
3428 4079 3458 4116 a
3493 4079 3559 4117 se-

1971 4140 2250 4192 perperam
2274 4133 2454 4199 gestas
2475 4126 2631 4199 plane
2662 4126 2908 4199 irritavit,
2935 4127 3239 4199 factumque
3255 4126 3548 4186 'erroueum

1969 4202 2183 4267 peracta
2211 4195 2820 4267 pmnitentiagexpiavit.
2863 4195 3212 4254 Successores
3252 4201 3506 4256 Bonifacii
3531 4243 3552 4267 ι

1968 4263 2238 4339 ᾼεεψθῑυε
2267 4272 2328 4339 et
2362 4263 2616 4339 Silv_erius
2639 4263 2654 4330 ,
2679 4281 2766 4322 res
2788 4269 2839 4321 in
2863 4268 2964 4322 hac
2986 4269 3193 4339 synodo
3213 4280 3392 4337 gestas
3413 4263 3548 4325 con;

1969 4330 2265 4386 firmarunt.
2297 4333 2422 4387 Sev.
2451 4333 2648 4389 Bmws.

2049 4399 2720 4477 dDamnans_Dios_corur_n]
2767 4402 2846 4459 0b
2889 4421 3105 4477 causam
3145 4410 3550 4477 pecuniariam,

1966 4469 2280 4524 Dioscorum
2312 4473 2459 4525 velut
2483 4469 2832 4528 simoniacum
2856 4491 2885 4527 a
2915 4469 3192 4531 Bonifaci'o
3221 4469 3549 4534 condemns:

1967 4547 2075 4591 tum
2099 4540 2262 4614 fuisse
2279 4549 2509 4614 ,_aperte
2531 4543 2783 4597 scribitur
2804 4545 2854 4596 in
2877 4545 3106 4614 epistola
3130 4547 3413 4602 Justiuiani
3443 4551 3544 4602 ima

1964 4611 2232 4686 peratoris
2253 4610 2319 4686 ad
2347 4610 2604 4686 Joannem
2629 4628 2819 4681 papam
2849 4610 3068 4683 scripta,
3100 4625 3156 4670 et
3195 4619 3259 4671 ad
3294 4618 3550 4686 Vigilium

1963 4678 2105 4739 data,
2131 4694 2234 4757 qua
2263 4681 2340 4734 sic
2373 4682 2485 4757 ait_:
2520 4678 2818 4748 Dioscorus,
2851 4678 2974 4757 cuni-
2993 4687 3124 4757 nihil
3145 4687 3198 4740 in
3233 4678 3390 4757 ﬁdem
3426 4704 3542 4755 pec-

1962 4755 2147 4812 casset,
2178 4756 2349 4802 tamen
2397 4751 2560 4823 solum
2601 4760 2807 4823 propter
2843 4751 3243 4823 ecclesiasticum
3288 4751 3548 4823 ordinem‘

1961 4828 2074 4882 post
2099 4827 2310 4870 mortem
2354 4819 2416 4870 ab
2460 4819 2636 4870 eadem
2674 4818 2905 4872 Ecclesia
2937 4822 3169 4875 Romana
3199 4818 3544 4876 anathemati;

1962 4895 2104 4938 satus
2134 4895 2227 4940 est.
2357 4889 2514 4963 igitur
2543 4888 2674 4963 nihif
2693 4889 2746 4941 in
2786 4890 2942 4963 ﬁdem
2991 4903 3260 4959 peccantes
3279 4894 3542 4963 episcopi,

1961 4966 2167 5022 propter
2205 4956 2370 5031 solum
2383 4956 2792 5031 ecclesiasticum
2805 4956 3068 5026 ordinent,
3097 4971 3146 5014 et
3187 4956 3395 5031 propter
3417 4956 3542 5016 con;

1959 5039 2068 5076 smn
2089 5027 2783 5100 pecuniariamougthernati
2815 5035 2865 5081 et
2892 5039 3006 5098 post
3027 5027 3243 5100 mortem
3265 5027 3543 5100 subjiciun-

1961 5099 2058 5166 tur,
2105 5104 2295 5162 quanto
2324 5098 2489 5166 magis
2533 5095 2872 5166 Theodorum,
2893 5095 3010 5152 'etc.
3058 5095 3406 5162 Dioscorum,
3461 5101 3542 5154 iu-

1955 5160 2096 5228 justa
2119 5160 2396 5237 sententia
2412 5160 2866 5237 condemnatum,
2907 5167 3180 5237 Agapetus
3202 5160 3448 5228 absolvit.
3483 5182 3540 5224 ut

1963 5234 2268 5351 gatetsapud
2291 5234 2626 5289 Anastasium
2649 5234 2704 5287 in
2724 5234 2845 5290 Vita
2867 5234 3108 5306 ejusdem
3137 5240 3381 5310 Agapeti.
3408 5239 3533 5293 Sev.

2010 5316 2057 5351 If
2085 5317 2112 5351 υ
2149 5341 2162 5351 .

2010 5316 2162 5353 INIUS.

2037 5379 2058 5405 ο
2086 5369 2186 5422 Hic
2224 5373 2550 5442 congregavit
2568 5374 2842 5444 synodum]
2883 5375 3017 5432 Cum
3059 5379 3356 5430 Gothorum
3382 5391 3542 5444 reges

2037 5461 2111 5531 (al
2137 5459 2233 5531 Ms.
2257 5462 2376 5514 cod.
2409 5461 2536 5515 Luc.
2568 5462 2694 5531 490,
2720 5465 2935 5521 Justini.

2037 5529 2110 5598 (ὁ)
2133 5529 2285 5602 idem
2315 5531 2461 5602 cod.,
2481 5529 2687 5588 xxvuu
3065 5599 3068 5602 ί

2035 5604 2107 5665 (c)
2133 5599 2273 5678 idem
2303 5601 2458 5678 cod._,
2489 5604 2607 5678 fecit
2645 5606 2975 5678 constitutum
3007 5599 3121 5658 cum
3159 5607 3539 5678 ciiyrographis

1961 5669 2322 5734 sacerdotum,
2352 5681 2398 5723 et
2438 5669 2783 5740 'usjumndum
2831 5681 2950 5727 ante
2992 5669 3367 5744 confessionem
3411 5669 3534 5744 upo-

1961 5737 2079 5789 stoli
2129 5736 2270 5792 Petri
2302 5757 2352 5792 ιη
2403 5689 2673 5792 jiacmmm
2712 5743 2955 5792 Viailium
3003 5746 3267 5792 constituit
3338 5746 3534 5792 ιιῗοιιρηι

1961 5737 2079 5789 stoli
2129 5736 2270 5792 Petri
2302 5757 2352 5792 ιη
2403 5736 2673 5795 diaconum
2712 5743 2955 5812 Vigilium
3003 5736 3267 5802 constituit
3336 5736 3536 5801 Eodem

1961 5815 2203 5865 tempore.
