4068 6342
501 366 570 426 51
1792 361 2118 418 BONIFACII

2205 361 2361 415 ΑΡᾸΞ
2402 361 2444 414 ll
3371 434 3382 448 ‘
3683 358 3750 416 5‘3

505 481 826 554 pore'facta
853 481 1044 535 iterum
1074 477 1417 550 synodo,hoc
1438 475 2075 532 censueruntsacerdotes
2103 480 2148 535 Α
2177 463 2512 526 sacerdotum
2542 480 2597 526 et
2624 471 2749 525 cleri
2777 480 2832 523 et
2870 478 3085 524 senatus
3127 467 3370 522 incendio
3397 469 3746 537 consumpsit.

507 587 697 626 omnes
740 580 962 640 propter
1005 570 1360 624 reverentiam
1407 575 1604 622 sancta:
1653 565 1836 618 sedis:
1870 573 1924 617 et
1951 564 2073 633 quia

433 723 447 738 ,
506 669 692 716 contra
713 674 948 714 canones
975 660 1079 714 hoc
1102 659 1275 713 fuerat
1301 658 1518 718 factum,
1543 663 1598 709 et
1623 655 1746 722 quia
1775 654 1924 720 culpa
1952 668 2073 707 eum

507 749 843 818 respiciebat,
897 756 955 802 ut
991 762 1355 802 successorem
1401 744 1499 798 sibi
1545 744 1910 806 constitueret,
1963 744 2076 811 ipse

509 836 812 892 Bonifacius
853 853 991 908 papa
1038 853 1191 891 reum
1240 851 1298 890 se
1325 834 1604 888 confessus
1629 842 1712 888 est
1757 833 2074 901 majestatis,

507 929 650 997 quod
677 929 957 984 diaconum
979 929 1224 996 Vigilinm
1261 943 1356 980 sua
1386 927 1778 994 subscriptione
1799 925 2076 992 chirogra-

511 1019 601 1087 phi
645 1027 774 1073 ante
819 1019 1210 1074 confessionem
1252 1016 1396 1070 beati
1421 1017 1650 1084 apostoli
1698 1015 1840 1068 Petri
1875 1015 2078 1068 consti»

513 1109 719 1173 tuisset,
765 1126 829 1165 ac
855 1110 1026 1179 ipsum
1055 1108 1406 1162 constitutmn
1436 1107 1488 1160 in
1533 1108 1813 1178 praesentia
1842 1107 2079 1165 omnium

511 1261 672 1330 impie
696 1262 796 1315 sibi
827 1271 1177 1330 nsurpassent
1202 1261 1426 1315 Romani
1452 1260 1715 1330 pontiﬁcis
1739 1262 2098 1325 electionem,‘

511 1330 577 1382 ad
608 1329 871 1400 ejusmodi
901 1339 1276 1400 prresumptam
1309 1338 1364 1384 et
1387 1329 1779 1400 vi’usurpatam
1812 1332 2080 1386 licentiam

510 1412 576 1468 ex
605 1396 915 1453 Gothorum
933 1396 1177 1453 manibus
1203 1396 1630 1468 extorquendam
1661 1400 1966 1454 Bonifacius
1991 1402 2086 1458 Ec-

508 1467 686 1520 clesia:
712 1468 1011 1522 consultum
1033 1483 1153 1522 esse
1167 1467 1443 1536 judicavit,
1471 1479 1527 1522 ut
1556 1469 1700 1524 nullo
1731 1471 1916 1523 relicto
1944 1473 2084 1525 sedis

511 1537 748 1605 vacantis
777 1537 917 1597 loco.
945 1553 1311 1591 successorem
1341 1540 1440 1592 sibi
1488 1540 1730 1605 eligeret.
1774 1538 1929 1604 Quod
1959 1541 2084 1595 licet

509 1604 742 1676 speciem
771 1605 1054 1676 quamdam
1071 1606 1290 1675 justitia:
1326 1623 1435 1676 pra:
1463 1623 1522 1660 se
1551 1604 1729 1670 ferret,
1764 1615 1949 1675 postea
1999 1619 2081 1663 ta-

510 1687 632 1725 men
659 1673 726 1742 ab
754 1674 1000 1728 omnibus
1025 1673 1495 1742 est_mprobhmm.
1523 1677 1647 1730 Ssv.
1675 1673 1867 1731 Brutus.

582 1751 608 1778 ι
650 1740 842 1817 Eodem
874 1753 1095 1813 tempore
1119 1740 1279 1817 facta,
1313 1746 1494 1817 iterum
1522 1747 1738 1817 synodo]
1780 1747 2083 1802 Secundam

2179 560 2204 598 ιι
2231 560 2432 614 Eodem
2463 569 2702 629 tempore
2741 560 2888 612 venit
2912 558 3104 612 relatio
3133 557 3202 610 ab
3225 556 3363 610 Afris
3391 557 3657 625 episcopis
3683 557 3750 610 de

2177 652 2598 714 constitutione,
2645 658 2700 704 et
2745 659 2802 703 ut
2844 663 2962 703 cum
3009 648 3233 702 consilio
3265 647 3406 701 sedis
3446 647 3751 715 apostolica:

2180 742 2360 794 omnia
2390 740 2825 806 Carthaginiensis
2853 739 3134 807 episcopus
3161 736 3374 790 faceret.
3407 735 3507 801 Qui
3535 736 3752 790 Bonifa-

2178 831 2292 886 cius
2313 831 2555 900 sepultns
2584 839 2667 884 est
2702 831 2754 882 in
2795 829 3011 882 basilica
3040 827 3182 881 beati
3205 824 3349 879 Petri
3377 825 3624 893 apostoli,
3655 826 3755 879 sub

2179 921 2265 974 die
2296 920 2361 972 l7
2391 921 2588 973 mensis
2615 917 2879 982 Octobris,
2913 918 2990 986 (α)
3014 925 3138 986 post
3171 916 3502 970 consulatum
3531 915 3755 984 Lampa-

2181 1010 2276 1065 dii.
2307 1009 2370 1064 Et
2407 1021 2426 1049 ο
2460 1010 2688 1064 cessavit
2714 1009 3053 1078 episcopatus
3073 1022 3284 1062 menses
3304 1005 3339 1058 2
3359 1007 3482 1061 dies
3503 1006 3586 1060 15.

2182 1247 2308 1300 Snv.
2341 1247 2538 1302 BINIUS.

2261 1346 2281 1373 ε
2315 1335 2538 1389 Cessavit
2572 1338 2892 1404 episcopatus
2939 1351 3133 1399 menses
3179 1333 3213 1384 Ξ).
3259 1334 3364 1404 dies
3407 1330 3607 1404 l5J_Ex
3655 1333 3758 1388 hoc

2185 1406 2444 1458 mensium
2472 1413 2528 1459 et
2555 1400 2760 1458 dierum
2789 1419 3010 1457 numero
3030 1404 3306 1458 dicendum
3334 1400 3485 1455 foret
3497 1400 3756 1456 Joannem

2186 1488 2548 1528 successorem
2582 1472 2837 1526 Bonifacii
2869 1480 3107 1526 creatum
3135 1486 3252 1526 esse
3293 1468 3594 1540 pontiﬁcem
3629 1471 3760 1539 ipsis

2187 1543 2422 1597 calendis
2461 1541 2737 1604 Januarii,
2785 1541 3019 1596 secundo
3068 1556 3208 1594 anno
3260 1548 3382 1609 post
3424 1540 3759 1609 consulatum

2191 1612 2462 1680 Lampadii
2491 1619 2546 1667 et
2571 1611 2792 1674 Orestis,
2813 1626 2972 1679 quem
3001 1611 3184 1679 primo-
3199 1608 3338 1680 anno
3357 1616 3479 1677 post
3497 1608 3758 1662 dictorum

2187 1678 2520 1734 consulatum
2543 1680 2817 1734 Bonifacio
2833 1678 3190 1747 subrogatum
3218 1678 3378 1732 fuisse
3416 1693 3521 1747 non
3554 1685 3759 1731 mutum

2189 1751 2305 1817 ipse
2332 1750 2432 1803 sibi
2462 1749 2760 1807 contrarius
2792 1749 2988 1802 fatetur
3015 1745 3340 1812 Anastasius,
3371 1745 3464 1801 sed
3486 1747 3649 1817 etiam
3676 1748 3757 1817 in-

509 1810 1391 1906 :z'tlo‘dupllhﬂgngaiizam.iLntglligit',
1413 1831 1516 1882 qua
1547 1810 1665 1870 acta
1685 1810 1882 1886 prioris
1903 1819 2084 1872 conci-
2121 1850 2161 1906 Β
2189 1810 2420 1906 gemui)!
2555 1818 3048 1906 titulouliudoxim,’
3067 1832 3184 1906 qna;
3219 1826 3302 1906 est
3409 1815 3661 1906 ‘gclelesia
3701 1815 3756 1869 S.

419 1905 427 1912 -
514 1878 568 1931 lii
596 1880 813 1937 rescidit
839 1891 894 1935 et
920 1882 1166 1936 irritavit.
1197 1878 1322 1937 Sevi.
1355 1878 1550 1938 Brutus.

585 1947 610 1985 δ
641 1948 840 2024 Eodem
869 1959 1091 2024 tempore
1108 1954 1240 2024 ve_nit
1268 1954 1469 2021 relatiol
1520 1954 1754 2008 Prmerat
1777 1955 1858 2009 his
1879 1963 2086 2024 tempo-

513 2017 658 2072 ribus
693 2017 1112 2089 Carthaginensi
1142 2021 1391 2077 Ecclesia:
1431 2017 1732 2092 Reparatus
1775 2017 2082 2094 episcopus.

2194 1883 2334 1957 Petri
2357 1889 2424 1942 ad
2453 1889 2692 1951 Vincula,
2719 1888 2856 1957 idem
2879 1883 3386 1940 tnanifcsteindicat.
3409 1883 3542 1938 Vide
3564 1884 3756 1940 Bamn.

2193 1974 2278 2010 an.
2309 1956 2439 2024 551,
2464 1973 2518 2010 n.
2548 1958 2599 2011 8.
2629 1957 2755 2012 Ssv.
2788 1956 2985 2010 BINIUS.

2263 2031 2344 2095 (α)
2375 2025 2520 2081 Idem
2549 2027 2696 2094 cod.,
2727 2028 3014 2080 consulatu.

523 2137 3750 2172 ω

1456 2165 3527 2192 ,77‘__—_______________7
3554 2165 3569 2166 γ
3654 2165 3663 2166 ,
3702 2165 3709 2166 ,

1371 2255 2189 2363 BONIFACII
2319 2258 2755 2364 PAPfE
2878 2260 2986 2362 ll

952 2460 3281 2648 EPISTOngoncRETA.

838 2661 1170 2717 EPISTOLA
1210 2664 1422 2718 PRIMA
1462 2665 1646 2735 (OLlM
1675 2666 1788 2736 Xl).

623 2769 923 2809 BONIFACIUS
953 2771 1079 2808 ΡΛΡΑ
1108 2771 1143 2808 ll
1173 2772 1237 2809 AD
1276 2771 1549 2835 οιεελιιῳδι
1580 2775 1984 2815 Ακειλτεκεειι.

521 2845 649 2916 Ejus
678 2856 858 2916 rugam
886 2847 1160 2914 conﬁrmat
1197 2865 1258 2900 ea
1296 2865 1408 2918 qua:
1446 2851 1501 2901 in
1540 2850 1736 2918 synodo
1773 2853 2096 2906 Arausicana

1076 2919 1277 2984 fuerant
1308 2917 1541 2984 deﬁnita.

592 3026 945 3082 Dilectissimo
976 3027 1124 3081 fratri
1156 3029 1168 3057 ¹
1200 3026 1432 3082 Cmsario
1460 3028 1782 3083 Bonifacius.

593 3115 696 3172 Per
724 3115 890 3174 ﬁlium
919 3126 1161 3172 nostrum
1183 3117 1492 3173 Armenium
1521 3120 1890 3191 presbyterum
1917 3130 1974 3177 et
2000 3122 2097 3177 ab-

2197 2671 2364 2726 nostri
2393 2670 2699 2740 apostolicae
2725 2670 2864 2724 sedis
2885 2659 3167 2737 antistites,
3197 2671 3268 2724 ita
3297 2670 3505 2726 ratione
3529 2674 3759 2742 prohen~

2198 2771 2284 2824 tur
2305 2760 2618 2815 disseruisse
2647 2759 2918 2826 latissima,
2940 2768 2998 2814 ut
3016 2761 3144 2813 nulli
3170 2760 3388 2814 ulterius
3414 2761 3630 2816 deberet
3648 2777 3766 2819 esse

2198 2850 2525 2917 ambiguum,
2557 2848 2713 2902 ﬁdem
2733 2863 2946 2916 quoque
2970 2850 3124 2904 nobis
3151 2850 3317 2918 ipsam
3344 2851 3525 2906 venire
3553 2852 3621 2906 de
3645 2866 3765 2920 gra-

2198 2941 2292 3004 tia,
2321 2937 2774 3006 supersedendum
2801 2938 3049 2993 duximus
3076 2939 3424 3008 responsione
3453 2942 3725 3010 multiplici
3749 2959 3768 3004 ;

2199 3029 2432 3082 maxime
2456 3043 2577 3082 cum
2615 3029 2908 3084 secundum
2941 3044 3034 3083 eas
3065 3043 3198 3096 quas
3235 3045 3299 3084 ex
3337 3030 3593 3100 Apostolo
3621 3032 3766 3086 dire-

2201 3117 2324 3174 xisti
2348 3117 2660 3181 sententias,
2692 3118 2884 3186 quibus
2911 3117 3038 3172 dicit
3061 3135 3074 3169 :
3101 3117 3509 3172 Misericordiam
3537 3138 3768 3176 consecu-

523 3210 699 3264 batem
729 3209 935 3263 litteras
965 3217 1067 3262 tua:
1104 3209 1453 3264 fraternitatis
1492 3211 1792 3279 accepimus
1821 3215 1840 3243 ²
1869 3227 2003 3280 quas
2029 3213 2095 3267 ad
2121 3219 2122 3231 ‘

2205 3214 2278 3257 tus
2301 3221 2434 3268 sum,
2464 3213 2521 3258 ut
2548 3205 2716 3274 ﬁdelis
2744 3221 2904 3259 essem
2928 3205 2979 3276 (I
3007 3205 3127 3260 Cor.
3157 3207 3250 3274 vn)
3278 3223 3293 3272 ;
3316 3215 3373 3260 et
3399 3207 3522 3262 alibi
3551 3227 3564 3261 :
3606 3209 3764 3263 Vobis

523 3312 622 3351 nos
649 3305 709 3351 ut
730 3305 953 3366 apparet
1001 3297 1200 3352 inscius
1247 3295 1423 3352 adhuc
1455 3299 1743 3354 sacerdotii
1793 3301 1924 3355 mihi
1951 3317 2101 3356 com-

522 3387 670 3440 missi
698 3387 796 3441 sub
838 3403 902 3442 ea
925 3403 1029 3456 qua
1061 3388 1112 3441 in
1127 3387 1238 3442 Deo
1269 3397 1514 3443 tenemur
1541 3392 1765 3444 caritate
1787 3391 2059 3447 direxeras
2088 3411 2100 3445 :

523 3477 714 3546 quibus
753 3475 1060 3532 credideras
1098 3477 1496 3548 postulandum,
1521 3489 1580 3532 ut
1622 3479 1674 3533 id
1699 3481 1842 3548 quod
1871 3497 1900 3535 a
1930 3481 2100 3536 beata:

524 3565 916 3620 recordationis
953 3566 1240 3621 decessore
1278 3575 1464 3620 nostro
1499 3582 1635 3636 papa
1675 3568 1852 3623 Felice
1880 3585 1977 3638 pro
2013 3585 2105 3624 ca-

531 3657 742 3712 tholica:
771 3655 892 3710 ﬁdei
935 3671 1261 3725 poposceras
1301 3655 1550 3710 firmitate
1586 3672 1704 3712 mea
1752 3659 2110 3727 explicaretur

528 3747 804 3802 instantia.
835 3745 942 3801 Sed
971 3747 1094 3816 quia
1127 3746 1456 3800 id'voluutas
1483 3762 1712 3816 superna
1741 3747 2018 3816 disposuit,
2052 3759 2110 3803 ut

527 3838 673 3906 quod
698 3853 794 3906 per
824 3853 922 3890 nos
950 3837 1016 3891 ab
1065 3838 1155 3890 illo
1183 3852 1517 3905 speraveras,
1549 3851 1578 3888 a
1610 3838 1764 3892 nobis
1789 3840 1970 3906 potius
2008 3840 2107 3893 im-

493 3955 500 3963 η
530 3935 804 3996 petrares;
835 3926 1083 3996 petitioni
1104 3936 1228 3990 ture,
1259 3941 1418 3993 quam
1449 3925 1696 3980 laudabili
1714 3926 1826 3981 fieri
1852 3929 2110 3984 sollicitu-

529 4015 657 4070 dine
684 4015 1000 4085 concepisti,
1045 4014 1372 4070 catholicum
1404 4029 1512 4068 non
1541 4015 1842 4069 distulimus
1865 4016 1994 4071 dare
2021 4031 2111 4070 re-

531 4120 810 4175 sponsum.
839 4100 1050 4160 lndicas
1075 4105 1216 4159 enim
1237 4105 1251 4174 ί
1261 4104 1406 4172 quod
1443 4105 1606 4174 aliqui
1646 4105 1884 4175 episcopi
1911 4104 2110 4160 Callia-

533 4210 812 4258 rum,cum
841 4201 1034 4250 cetera
1050 4194 1162 4264 jam
1191 4195 1332 4249 bona
1362 4210 1428 4249 ex
1455 4195 1548 4250 Dei
1563 4196 1929 4265 acquieverint
1943 4197 2112 4264 gratia

534 4284 838 4354 provenire,
876 4283 1031 4338 ﬁdem
1061 4293 1289 4352 tantum,
1337 4299 1441 4354 qua
1478 4285 1532 4340 in
1573 4285 1785 4346 Christo
1823 4286 2111 4351 credimus,

535 4381 739 4428 natura:
763 4388 883 4429 esse
902 4375 1070 4428 velint
1094 4373 1343 4444 (dicant),
1366 4390 1472 4427 non
1497 4376 1709 4440 gratizc;
1732 4382 1786 4429 et
1815 4375 2118 4430 hominibus

535 4468 604 4520 ex
632 4465 821 4532 Adam,
852 4465 995 4534 quod
1021 4464 1126 4520 dici
1154 4464 1302 4521 nefas
1323 4473 1425 4528 est,
1475 4467 1526 4519 in
1567 4461 1736 4520 libero
1766 4465 1988 4520 arbitrio
2026 4481 2113 4521 re-

2205 3295 2381 3347 latum
2413 3304 2488 3348 est
2517 3311 2608 3364 pro
2638 3294 2861 3359 Christo,
2890 3311 2994 3349 non
3021 3296 3185 3350 solum
3211 3304 3264 3347 ut
3290 3312 3403 3348 eum
3423 3297 3663 3357 credatis,
3688 3316 3770 3352 ve-

2204 3402 2318 3438 rum
2347 3387 2502 3440 etiam
2528 3396 2583 3438 ut
2612 3403 2703 3456 pro
2730 3403 2788 3440 eo
2815 3388 3085 3455 patiamini
3120 3387 3338 3456 (Philip.
3369 3389 3406 3458 ι)
3433 3405 3446 3452 ;
3494 3389 3772 3445 evidenter
3850 3447 3860 3459 _

2205 3484 2460 3545 appareat
2485 3475 2640 3529 ﬁdem
2665 3515 2680 3540 ,
2722 3490 2827 3543 qua
2866 3476 2919 3529 in
2965 3475 3176 3530 Christo
3199 3479 3463 3532 credimus
3485 3518 3500 3542 ,
3548 3479 3684 3534 sicut
3711 3488 3767 3535 et

2207 3567 2383 3620 omnia
2411 3567 2551 3620 bona
2576 3607 2590 3629 ,
2643 3565 2864 3634 singulis
2903 3566 3204 3621 hominibus
3247 3583 3314 3622 ex
3352 3568 3495 3623 dono
3529 3583 3774 3638 superna)

2208 3656 2390 3710 venire
2432 3656 2650 3724 gratim,
2693 3672 2800 3710 non
2841 3671 2907 3709 ex
2938 3657 3181 3710 humanae
3223 3665 3488 3726 potestate
3509 3664 3729 3711 ’natura:
3755 3677 3771 3710 :

2209 3747 2350 3814 quod
2393 3749 2555 3801 etiam
2601 3729 2987 3800 fraternitatem
3034 3756 3216 3811 tuam,
3264 3748 3444 3801 habita
3487 3748 3774 3803 collatione

2213 3853 2328 3891 cum
2356 3836 2672 3906 quibusdam
2702 3835 3071 3890 sacerdotibus
3097 3835 3408 3904 Galliarum,
3434 3836 3584 3905 juxta
3615 3836 3772 3890 fidem

2210 3927 2501 3995 gaudemus
2528 3928 2760 3982 sensisse
2785 3927 3102 3981 catholicam
3127 3945 3140 3980 :
3173 3928 3223 3986 in
3254 3927 3335 3981 his
3359 3928 3562 3982 scilicet
3582 3929 3635 3982 in
3655 3928 3774 4001 qui-

2211 4019 2311 4072 bus
2339 4035 2467 4083 uno,
2498 4017 2635 4072 sicut
2659 4017 2923 4080 indicasti,
2971 4033 3236 4072 consensu
3260 4016 3566 4070 difinierunt
3595 4015 3775 4078 ﬁdem,

2213 4127 2315 4179 qua
2364 4111 2414 4163 in
2440 4111 2650 4165 Christo
2679 4109 2981 4171 credimus,
3030 4110 3199 4179 gratia
3243 4107 3538 4162 Divinitatis
3572 4123 3776 4177 prteve-

2218 4204 2397 4257 niente
2425 4201 2654 4258 conferri
2680 4221 2694 4268 ;
2725 4200 3036 4273 abjieientes
3062 4203 3221 4257 etiam
3250 4200 3382 4256 nihil
3414 4216 3533 4256 esse
3559 4217 3779 4271 prorsus

2217 4293 2506 4348 secundum
2535 4294 2702 4347 Deum
2736 4295 2883 4357 boni,
2915 4292 3058 4361 quod
3084 4292 3198 4346 sine
3226 4291 3320 4346 Dei
3348 4290 3468 4359 quis
3491 4291 3662 4359 gratia
3689 4301 3780 4345 aut

2220 4382 2376 4446 velle,
2410 4391 2500 4435 aut
2529 4382 2780 4450 incipere,
2811 4390 2904 4435 aut
2928 4381 3157 4449 operari,
3189 4388 3282 4433 aut
3299 4380 3560 4449 perlicere
3587 4381 3782 4448 possit,

2222 4470 2432 4524 dicente
2466 4469 2578 4538 ipso
2598 4468 2876 4522 Salvatore
2905 4476 3116 4522 nostro:
3151 4466 3277 4521 Sine
3304 4482 3384 4519 me
3416 4467 3544 4519 nihil
3572 4469 3788 4536 potestis

537 4556 796 4610 mansisse
849 4571 956 4611 non
997 4556 1155 4610 etiam
1190 4571 1331 4610 nunc
1359 4556 1533 4624 (abest
1563 4557 1672 4610 lure
1693 4558 2001 4625 praepositio
2030 4572 2112 4612 ac.
2151 4549 2195 4602 Ι)
2223 4562 2406 4628 facere.
2427 4557 2642 4612 Certum
2662 4564 2744 4612 est
2763 4558 2904 4610 enim
2925 4565 3085 4625 atque
3104 4555 3441 4619 catholicum,
3459 4555 3583 4621 quia
3605 4556 3658 4610 in
3677 4572 3784 4609 om-

541 4643 783 4700 Palatino
803 4653 858 4700 et
879 4645 1018 4714 aliis)
1050 4645 1100 4697 in
1131 4645 1350 4712 singulis
1387 4643 1765 4697 misericordia:
1793 4645 1984 4698 divinae
2011 4645 2113 4699 lar-

533 4735 700 4802 gitate
726 4733 957 4790 conferri
983 4753 995 4788 :
1027 4735 1304 4804 postulans
1334 4743 1391 4788 ut
1419 4750 1514 4809 prq
1553 4735 1895 4810 ambiguitate
1925 4736 2116 4790 tollen-

536 4825 605 4882 da
643 4825 1034 4883 confessionem
1073 4834 1327 4891 vestram,
1368 4841 1471 4894 qua
1513 4841 1610 4880 vos
1647 4841 1678 4879 e
1717 4825 1928 4880 diverso
1958 4825 2115 4880 ﬁdem

542 4927 742 4970 rectam
772 4919 825 4971 in
846 4917 1079 4980 Christo,
1111 4917 1382 4984 totiusque
1405 4916 1558 4969 bonae
1578 4915 1868 4970 voluntatis
1889 4915 2114 4978 initium,

535 5005 690 5072 juxta
729 5006 1046 5060 catholicam
1088 5007 1392 5068 veritatem,
1441 5020 1538 5073 per
1576 5005 1990 5072 prmvenientem
2021 5003 2116 5058 Dei

544 5095 771 5163 gratiam
797 5095 1123 5161 singulorum
1151 5097 1384 5152 definitis
1423 5096 1667 5150 sensibus
1714 5093 1994 5165 inspirare,
2027 5111 2119 5150 au-

541 5186 794 5241 ctoritate
832 5185 975 5240 sedis
1028 5189 1338 5256 apostolica:
1385 5187 1735 5241 ﬁrmaremus.
1781 5188 1954 5256 Atque
1977 5187 2119 5255 ideo,

544 5289 663 5327 rum
693 5273 759 5328 de
779 5273 881 5328 hac
896 5288 955 5327 re
980 5274 1132 5327 multi
1162 5273 1367 5341 Patres,
1397 5286 1452 5330 ct
1472 5291 1581 5346 prae
1601 5275 1808 5329 cmtcris
1838 5275 2008 5329 beata:
2033 5292 2121 5330 re-

545 5364 874 5428 cordationis
922 5365 1248 5430 Augustinus
1295 5367 1599 5437 cpiscopus,
1654 5365 1746 5420 sed
1792 5374 1848 5420 et
1891 5366 2122 5434 majores

618 5499 630 5526 ‘
665 5495 891 5550 Ca’sario
904 5495 1222 5566 Bonifacius]
1239 5495 1474 5566 Tertium
1504 5497 1743 5566 cpistola:
1771 5497 1926 5565 hujus
1947 5513 2121 5551 exem-

547 5564 691 5633 plum
714 5566 941 5620 vidimus
963 5567 1015 5620 in
1039 5564 1228 5620 codice
1249 5565 1470 5620 Toliano
1500 5564 1884 5634 EngolismenSi
1905 5584 1918 5629 ;
1943 5568 2121 5620 memi-

550 5634 737 5706 nitque
751 5635 1017 5706 ejusdem
1057 5635 1374 5706 Cyprianus
1401 5636 1658 5706 diaconus
1700 5637 1752 5689 in
1784 5637 1900 5689 Vita
1950 5637 2119 5689 sancti

545 5701 780 5761 Cmsarii.
812 5701 904 5760 lib.
939 5721 974 5767 I,
1005 5701 1309 5758 suli'fincm.
1352 5704 1463 5758 Jac.
1497 5705 1813 5760 SIIIHONDUS.

624 5775 639 5802 '
673 5771 815 5838 Quas
849 5775 916 5825 ad
945 5791 1059 5841 nos,
1092 5775 1180 5827 sub
1209 5774 1290 5844 ea}
1321 5775 1568 5840 Quaedam
1601 5775 1701 5827 huc
1755 5776 1873 5830 loco
1924 5773 2117 5843 depra—

2222 4650 2375 4703 nibus
2388 4649 2566 4714 bonis,
2577 4662 2804 4716 quorum
2815 4654 3068 4715 caputest
3083 4644 3230 4710 ﬁdes,
3248 4645 3492 4699 nolentes
3505 4659 3602 4698 nos
3614 4643 3784 4698 adhuc

2221 4739 2584 4794 misericordia
2605 4738 2780 4790 divina
2796 4737 3104 4805 praeveniat,
3119 4737 3443 4790 autvelimus
3460 4753 3474 4800 ;
3494 4736 3618 4788 insit
3632 4736 3785 4788 nobis

2221 4845 2340 4884 cum
2358 4828 2619 4889 volumus;
2637 4835 2890 4894 sequatur
2903 4826 3063 4879 etiam
3080 4826 3203 4879 utin
3224 4822 3559 4894 lide(ﬁnc,e.r
3579 4841 3622 4876 c.
3639 4823 3785 4893 Pal.)

2221 4916 2636 4980 duremus,sicut
2649 4914 2809 4968 David
2828 4915 3084 4982 propheta
3095 4914 3223 4967 dicit
3238 4933 3249 4964 :
3262 4913 3396 4966 Deus
3412 4929 3572 4976 meus,
3591 4914 3787 4965 miseri-

2222 5006 2396 5059 cordia
2411 5005 2521 5074 ejus
2536 5004 2806 5072 pra'veniet
2820 5019 2902 5056 me
2927 5004 2943 5070 (
2953 5001 3093 5055 Psal.
3113 5001 3260 5070 Lvm)
3283 5019 3294 5051 :
3314 5009 3369 5054 et
3385 5001 3576 5053 iterum
3597 5018 3608 5050 :
3628 4998 3787 5052 Mise-

2220 5095 2444 5149 ricordia
2476 5109 2586 5146 mea
2607 5109 2720 5146 cum
2740 5095 2851 5163 ipso
2878 5102 2952 5146 est
2983 5092 3001 5160 (
3017 5091 3159 5144 Psal.
3194 5089 3490 5157 Lxxxvnl);
3539 5097 3594 5143 et
3621 5089 3745 5142 alibi
3772 5107 3783 5140 :

2225 5185 2582 5238 Misericordia
2607 5183 2718 5252 ejus
2746 5183 3074 5252 subsequetur
3096 5198 3176 5234 me
3205 5180 3376 5250 (Psal.
3402 5180 3554 5247 χχιι).
3587 5178 3787 5233 Simili-

2225 5284 2306 5329 ter
2332 5283 2386 5328 et
2413 5274 2474 5326 Β.
2507 5273 2702 5326 Paulus
2731 5274 2888 5328 dicit:
2915 5273 3015 5324 Aut
3039 5273 3150 5342 quis
3178 5271 3320 5340 prior
3356 5269 3498 5322 dedit
3517 5270 3593 5333 ei,
3632 5278 3679 5322 el
3711 5287 3790 5322 re-

2224 5365 2468 5418 tribuetur
2488 5363 2604 5416 illi?
2631 5363 2872 5434 quoniam
2891 5376 2955 5413 ex
2977 5362 3108 5430 ipso,
3137 5368 3183 5412 et
3205 5373 3295 5428 per
3319 5360 3506 5428 ipsum,
3536 5369 3583 5412 el
3608 5361 3663 5411 in
3683 5360 3792 5427 ipso

2231 5505 2348 5547 vata
2378 5502 2532 5547 erant
2561 5492 2611 5545 in
2636 5490 2865 5557 antiquis
2890 5487 3283 5557 exemplaribus
3305 5528 3320 5548 ,
3363 5502 3428 5539 ex
3450 5501 3676 5554 quorum
3705 5500 3792 5538 vc-

2228 5564 2395 5632 stigiis
2415 5565 2528 5617 lucc
2552 5561 2673 5632 erui
2702 5560 3054 5632 videban_tur_:_
3075 5574 3210 5632 quas
3239 5558 3307 5632 ad
3331 5573 3444 5632 nos,
3476 5565 3530 5632 ut
3559 5564 3814 5632 apparet,‘

2231 5635 2279 5684 in
2299 5625 2461 5702 hujus
2492 5631 2632 5683 aditu
2662 5629 2934 5682 sacerdotii
2961 5625 3104 5680 mihi
3125 5627 3381 5680 commissi
3417 5625 3506 5676 sub
3535 5641 3594 5677 ea
3624 5662 3636 5686 ,
3687 5631 3790 5678 etc.

2228 5702 2341 5756 hu.
2373 5705 2686 5754 Smnounvs.
