4122 6330
275 368 352 428 33

1484 368 1836 426 EPISTOLAZ
1876 369 1960 423 ET
2001 368 2334 425 DECRETA.

3464 374 3535 455 δε

272 491 396 535 sunt
414 496 589 536 omnia
634 479 810 550 (Rom.
842 480 941 551 ιι).
994 478 1147 536 Unde
1174 480 1333 535 nimis
1376 494 1470 534 eos
1520 479 1613 547 qui
1662 486 1854 551 contra
1883 486 1929 541 Λ
1962 478 2151 544 tinens,
2181 480 2282 532 nisi
2312 476 2451 533 Deus
2479 480 2694 546 dederit,
2721 491 2768 533 et
2794 479 2887 534 Itoc
2913 481 3079 551 ipsum
3109 490 3220 533 erat
3246 480 3533 544 sapientior,

273 573 520 627 sentiunt
548 570 899 636 admiramur,
938 585 1107 638 usque
1134 585 1202 625 eo
1228 568 1423 623 vetusti
1452 566 1653 622 erroris
1681 566 1858 620 adhuc

272 659 517 729 reliquiis
544 658 891 728 przngravari,
919 667 976 712 ut
1001 674 1068 745 ap
1088 656 1360 713 Christum
1389 670 1498 710 non
1524 654 1747 711 credant
1762 651 1862 708 Dei

270 751 563 820 beneﬁcio,
589 753 686 808 sed
708 761 913 808 natura:
955 751 1160 817 veniri;
1209 760 1266 806 et
1309 750 1477 821 ipsius
1511 756 1715 802 natura:
1760 745 1861 801 bo-

275 858 431 907 num,
458 842 605 912 quod
622 841 753 897 Adae
774 851 1000 912 peccato
1028 840 1269 896 noscitur
1286 840 1658 910 depravatum,
1679 843 1866 889 aucto-

275 947 397 987 rem
426 941 628 988 nostra:
654 932 779 987 ﬁdei
804 931 988 987 dicant
1030 931 1203 1001 magis
1228 942 1346 987 esse
1382 942 1544 999 Quam
1569 924 1863 988 Christum,

277 1038 383 1078 nec
404 1024 707 1091 intelligant
731 1038 792 1079 se
821 1022 1114 1078 Dominicaa
1137 1021 1431 1077 reclamare
1471 1018 1753 1076 sententiae
1780 1016 1866 1072 di-

280 1114 427 1168 centi
460 1132 474 1167 :
507 1111 676 1168 Nemo
701 1114 838 1167 venit
854 1113 926 1166 ad
949 1130 1030 1167 me
1056 1113 1161 1167 nisi
1178 1110 1356 1166 datum
1379 1112 1535 1183 fuerit
1554 1110 1631 1165 illi
1654 1127 1688 1163 a
1707 1108 1869 1163 Patre

281 1219 397 1257 meo
431 1202 613 1273 (Joan.
641 1206 743 1272 vt).
775 1202 887 1258 Sed
915 1210 971 1257 et
998 1202 1058 1256 Β.
1085 1200 1252 1257 Paulo
1277 1200 1434 1257 simul
1469 1201 1735 1256 obsistere
1761 1199 1871 1254 cla-

283 1293 458 1348 manti
510 1292 579 1347 ad
604 1291 860 1350 Hebrzeos
898 1311 913 1348 :
953 1292 1232 1347 Curramus
1261 1292 1331 1346 ad
1366 1292 1682 1362 propositum
1725 1289 1869 1343 nobis

284 1393 581 1449 certamen,‘
601 1386 906 1456 aspicientes
931 1386 987 1439 in
1009 1392 1267 1439 auctorem
1289 1383 1432 1453 fidei,
1464 1391 1516 1435 et
1542 1396 1872 1435 consumma-

285 1484 454 1529 torem
489 1472 671 1527 Iesum
715 1474 974 1528 Christum
1019 1471 1204 1543 (Hebr.
1246 1472 1365 1543 xu).
1398 1470 1528 1537 Qua:
1582 1485 1703 1525 cum
1743 1468 1869 1532 sint,

285 1567 533 1622 invenire
551 1582 659 1622 non
679 1583 961 1637 possumus
980 1567 1109 1636 quid
1128 1565 1197 1620 ad
1215 1564 1536 1621 credendum
1559 1563 1611 1617 in
1633 1561 1872 1626 Christo,

286 1656 411 1711 sine
439 1656 538 1711 Dei
583 1659 776 1731 gratia,
826 1656 1074 1711 humana:
1110 1654 1370 1726 deputent
1412 1652 1699 1720 voluntati,
1749 1664 1871 1704 cum

287 1742 539 1803 Christus
578 1754 767 1800 auctor
793 1752 1303 1813 consummatorque
1348 1743 1419 1798 sit
1459 1741 1600 1796 ﬁdei.
1631 1739 1875 1809 Quapro-

1964 568 2097 621 scire
2121 569 2267 638 cujus
2294 578 2425 651 esset
2445 569 2540 622 hoc
2568 569 2755 623 donum
2788 569 2940 640 (Sap.
2973 569 3106 640 vnt).
3136 568 3277 623 Deus
3307 582 3359 623 te
3385 569 3539 624 ineo-

1964 656 2163 711 lument
2183 659 2470 723 custodiat,
2492 660 2658 712 frater
2684 658 2976 713 carissime.
3002 660 3134 713 Data
3153 674 3262 723 vut,
3289 656 3541 713 calendas

1964 744 2302 815 Februarias,
2333 750 2351 781 ί
2392 748 2683 817 Lampadio
2728 756 2782 801 et
2818 748 3005 804 Oreste
3052 748 3181 802 viris
3226 747 3540 803 clarissimis

1965 834 2273 890 consulibus
2294 837 2456 905 (anno
2472 835 2601 891 Chr.
2626 836 2773 908 550).

2045 944 2384 1000 STEPHANI
2411 946 2501 1000 AD
2527 945 2936 1001 BONIFACIUM
2967 945 3227 1001 LlBELLl
3255 945 3448 1000 TRES.

2409 1042 2758 1090 LIBELLUS
2792 1042 3085 1091 PRIMUS.

2040 1125 2267 1181 Domino
2309 1141 2432 1181 meo
2479 1134 2667 1180 sancto
2693 1140 2757 1180 ac
2803 1141 2899 1195 per
2922 1127 3100 1180 omnia
3131 1127 3462 1194 beatissimo,
3485 1137 3543 1183 et

1968 1231 2156 1272 revera
2181 1215 2485 1272 venerando
2507 1216 2646 1286 patri
2676 1224 2885 1285 patrum
2913 1217 3199 1271 universali
3223 1220 3542 1286 patriarcha:

1971 1305 2244 1362 Bonifacio
2276 1307 2603 1378 (Bonifacius
2642 1304 2783 1360 edita
2814 1306 3010 1361 habent
3037 1322 3103 1360 ex
3133 1305 3285 1377 mss.)
3317 1309 3544 1377 Stepha-

1972 1411 2073 1451 nus
2100 1396 2323 1465 exiguns
2349 1396 2651 1466 episcopus.

2043 1485 2158 1541 Non
2211 1487 2562 1541 irrationabili
2592 1503 2720 1542 usus
2752 1487 2939 1541 ﬁducia
2979 1487 3115 1541 adeo
3156 1504 3255 1545 nec
3285 1489 3536 1558 ignorans

1974 1592 2151 1632 meam
2202 1576 2654 1645 mediocritatem,
2702 1577 2796 1634 sed
2834 1593 2955 1632 cum
3002 1578 3177 1631 anima
3231 1580 3460 1633 contrita
3490 1589 3546 1634 et

1974 1666 2163 1736 spiritu
2186 1667 2395 1735 humili,
2424 1676 2628 1722 etcum
2663 1667 2846 1722 multis
2893 1667 3141 1739 lacrymis
3186 1668 3326 1723 hanc
3372 1684 3547 1724 meam

1979 1757 2129 1811 vobis
2175 1756 2345 1812 offero
2372 1758 2836 1827 supplicationem,
2870 1757 2990 1812 ideo
3019 1758 3403 1827 acceptabilem
3431 1774 3550 1814 esse

288 1842 418 1902 pter
444 1831 637 1889 aﬁectu
664 1839 902 1903 congruo
927 1834 1246 1897 salutantes,
1277 1848 1439 1903 supra
1466 1833 1720 1901 scriptam
1747 1845 1877 1885 con-

1996 1860 2161 1899 :oram
2206 1853 2257 1899 te
2278 1885 2294 1909 ,
2343 1845 2651 1900 beatissime
2696 1854 2867 1915 pater,
2895 1845 3142 1901 existimo
3175 1863 3186 1898 :
3218 1846 3471 1914 quoniam
3497 1855 3548 1899 et

290 1920 587 1977 fessionem
629 1931 864 1977 vestram
891 1930 1307 1978 consentaneum
1350 1920 1627 1975 catholicis
1657 1917 1872 1972 Patrum

294 2016 498 2085 regulis
524 2016 903 2084 approbamus.
933 2013 1057 2069 lllos
1089 2021 1271 2069 autem
1296 2012 1387 2081 qui
1412 2010 1748 2082 praecedente
1774 2007 1877 2062 ﬁde

294 2118 516 2172 caetera,
558 2108 697 2162 sicut
723 2106 946 2172 indicas,
976 2105 1164 2160 volunt
1193 2103 1319 2175 (ﬁde
1357 2101 1591 2158 secundo
1620 2095 1740 2155 loco
1771 2112 1875 2154 cm-

295 2210 438 2264 tera,
464 2199 605 2253 sicut
628 2197 849 2264 indicas,
877 2197 1018 2252 bona
1046 2197 1255 2265 volunt)
1275 2196 1458 2264 gratim
1477 2193 1754 2263 deputare,
1780 2206 1877 2246 sua

298 2286 640 2358 professione
660 2285 1089 2353 constringimus,
1105 2292 1165 2339 ut
1175 2284 1344 2338 multo
1359 2283 1527 2351 magis
1539 2282 1682 2337 dono
1695 2281 1878 2350 gratia:

299 2378 468 2433 etiam
497 2377 654 2432 fidem
682 2384 944 2445 cogantur
985 2375 1284 2440 ascribere,
1317 2383 1514 2445 prater
1539 2388 1702 2442 quam
1747 2372 1879 2426 nihil

300 2475 387 2522 est
410 2466 558 2529 boni,
605 2464 748 2535 quod
775 2465 1066 2520 secundum
1104 2465 1271 2519 Deum
1294 2464 1521 2534 quilibet
1546 2463 1724 2518 valeat
1748 2477 1880 2531 ope-

301 2556 409 2611 rari
428 2597 446 2623 ,
474 2556 615 2613 sicut
637 2548 826 2610 beatus
852 2555 1127 2625 apostolus
1152 2555 1282 2609 dicit
1306 2572 1317 2606 :
1345 2550 1511 2608 Omne
1533 2552 1668 2624 quod
1691 2568 1756 2606 ex
1779 2552 1882 2623 ﬁde

304 2661 413 2699 non
438 2654 514 2698 est
550 2654 813 2711 peccatum
841 2654 919 2698 est
946 2643 1122 2718 (Rom.
1154 2647 1285 2713 xw).
1308 2642 1463 2710 Quod
1510 2658 1632 2698 cum
1680 2644 1753 2697 ita
1789 2643 1879 2707 sit,

303 2744 401 2787 aut
444 2733 650 2787 nullum
694 2734 894 2788 bonum
941 2734 1123 2802 gratia:
1166 2733 1516 2803 deputabunt,
1544 2732 1590 2787 si
1628 2731 1678 2787 ei
1723 2728 1880 2786 fidem

303 2826 623 2882 subtrahere
650 2825 972 2890 moliuntur;
995 2833 1088 2878 aut
1114 2824 1160 2879 si
1183 2823 1327 2895 quod
1340 2824 1541 2878 bonum
1563 2836 1682 2877 esse
1700 2821 1883 2876 dicunt

306 2918 376 2972 de
403 2917 596 2986 gratia,
619 2916 731 2986 ipsa
759 2916 1061 2970 necessario
1085 2912 1216 2969 ﬁdes
1236 2915 1340 2970 erit
1354 2916 1537 2982 gratia:
1556 2910 1880 2982 deputanda.

308 3004 367 3059 Si
392 3005 539 3060 enim
568 3004 698 3058 nihil
720 3002 847 3059 boni
874 3012 957 3059 est
982 3003 1101 3058 sine
1130 3000 1254 3068 ﬁde,
1284 3001 1416 3057 ﬁdes
1440 3009 1616 3057 autem
1646 3001 1759 3071 ipsa
1785 3015 1881 3054 ve-

307 3095 428 3150 nire
470 3103 694 3164 negetur
724 3108 793 3149 ex
835 3093 1023 3162 gratia,
1056 3092 1279 3158 nullum,
1309 3092 1455 3161 quod
1500 3091 1660 3159 absit,
1682 3092 1883 3147 bonum

1975 1945 2132 1991 antea
2175 1944 2230 1990 et
2258 1935 2311 1990 hi
2332 1936 2424 2006 qui
2453 1935 2563 1991 Deo
2587 1952 2710 1992 cum
2733 1936 2981 2015 lacrymis
3004 1937 3395 2006 supplicabant,
3432 1950 3547 1991 tan-

1976 2040 2138 2095 quam
2164 2041 2287 2080 cum
2322 2026 2840 2081 holocautomatibns
2868 2036 2921 2081 et
2952 2026 3207 2081 arietibus
3238 2034 3399 2095 atque
3429 2023 3543 2079 fan-

1962 2116 2072 2185 (ris,
2102 2115 2196 2170 sed
2242 2131 2363 2170 cum
2390 2116 2571 2171 decem
2601 2117 2834 2172 millibus
2876 2117 3028 2184 agnis
3055 2116 3354 2186 pinguibus,
3385 2116 3544 2170 conli-

1977 2204 2167 2259 dentes
2203 2204 2469 2258 orabant:
2511 2202 2611 2258 Cor
2636 2206 2773 2258 enim
2813 2206 3087 2259 contritum
3131 2213 3183 2258 et
3226 2205 3549 2258 humilialnm

1980 2292 2120 2348 Deus
2144 2310 2247 2348 non
2267 2302 2472 2365 spernet
2489 2293 2662 2365 (Psal.
2689 2293 2767 2365 ι).
2797 2293 2938 2365 Ergo
2963 2310 3064 2350 nec
3090 2306 3146 2349 tu
3168 2295 3301 2364 ipse,
3330 2296 3552 2349 sanctis-

1977 2384 2114 2439 sime
2159 2392 2332 2454 pater,
2386 2398 2473 2437 me
2522 2384 2705 2439 multis
2752 2384 3138 2440 circumdatum
3189 2384 3362 2446 malis.
3405 2394 3461 2438 et
3489 2385 3554 2437 ad

1982 2472 2148 2527 Deum
2189 2471 2528 2528 solummodo
2569 2479 2731 2542 atque
2760 2480 2990 2527 vestram
3023 2481 3244 2543 paterna
3268 2482 3553 2528 consuetu-

1980 2564 2107 2619 dine
2148 2565 2403 2634 pietatem
2429 2564 2805 2634 respicientem
2850 2565 3059 2620 habetis
3086 2563 3381 2635 despectui.
3413 2563 3553 2630 ρυο.

1983 2655 2127 2708 niam
2178 2654 2355 2708 nullus
2382 2654 2775 2710 ecclesiasticus
2803 2654 2936 2709 ordo
2968 2654 3111 2708 illam
3140 2663 3393 2718 vestram,
3436 2664 3553 2721 qua!

1982 2762 2013 2800 a
2055 2745 2335 2801 Salvatore
2370 2746 2608 2800 omnium
2636 2752 2692 2800 et
2715 2746 2891 2814 primo
2919 2754 3137 2815 pastore
3178 2744 3331 2799 vobis
3361 2754 3416 2799 et
3437 2746 3551 2799 col-

1985 2837 2112 2903 lata,
2139 2845 2318 2906 potest
2357 2836 2665 2908 praecellere
2698 2844 3017 2907 potestatem
3040 2876 3055 2901 ,
3091 2818 3339 2903 exiguum
3366 2842 3451 2890 est
3472 2835 3555 2889 vel

1984 2927 2185 2985 humile
2214 2930 2267 2983 in
2292 2943 2399 2996 quo
2438 2927 2776 2997 providentia
2801 2934 2979 2981 vestra
3014 2926 3252 2995 respicit.
3283 2924 3557 2992 Quanth

1985 3036 2083 3076 vos
2113 3017 2253 3088 apud
2280 3018 2445 3073 Deum
2473 3032 2662 3073 omnes
2687 3014 3016 3088 prateellitis,
3043 3023 3193 3069 tanto
3221 3020 3320 3070 vos
3339 3028 3558 3069 necesse

1988 3119 2072 3166 est
2091 3086 2350 3177 cogitare,
2371 3108 2497 3178 quia
2528 3107 2645 3163 hzec
2672 3086 2755 3163 est
2774 3105 3020 3176 probatio
3048 3104 3217 3159 Deum
3246 3086 3589 3166 amantium;

311 3184 419 3239 erit
449 3184 635 3252 gratia:
676 3183 1039 3253 deputandum
1069 3186 1107 3236 '.
1132 3183 1220 3237 Ait
1246 3183 1389 3236 enim
1409 3181 1642 3237 Jacobus
1668 3190 1887 3251 aposto—

1996 3209 2050 3255 ut
2069 3207 2191 3270 post
2208 3199 2375 3271 Deum
2400 3207 2554 3268 pater
2572 3205 2626 3253 et
2647 3197 2843 3253 doctor
2862 3205 3062 3251 sanctae
3089 3194 3345 3250 Ecclesia:
3371 3193 3562 3251 Petrus

311 3272 399 3329 lus
429 3291 445 3325 :
479 3271 643 3325 Omne
669 3273 858 3325 donum
883 3270 1086 3334 bonum,
1115 3282 1165 3326 et
1208 3288 1358 3326 omne
1386 3272 1579 3326 donum
1613 3273 1889 3341 perfectum

311 3363 585 3417 desursum
627 3372 704 3416 est
748 3363 1060 3417 descendens
1099 3379 1132 3415 a
1167 3361 1324 3416 Patre
1371 3363 1620 3416 luminum
1661 3360 1799 3432 (Jac.
1828 3362 1887 3430 ι).

310 3452 421 3508 Sed
450 3462 505 3507 et
534 3453 636 3522 ipsi
664 3451 917 3518 fatentur,
939 3458 999 3505 ut
1016 3450 1172 3518 dicis,
1194 3450 1335 3506 dona
1364 3458 1559 3505 caatera
1587 3449 1776 3504 donari
1800 3464 1896 3520 per

312 3546 576 3612 gratiam;
606 3546 723 3615 ipsa
750 3554 933 3600 autem
963 3544 1106 3599 bona
1131 3559 1231 3614 per
1258 3542 1417 3598 ﬁdem
1456 3544 1749 3599 subsistere
1788 3557 1894 3595 non

313 3637 596 3707 ambigunt
635 3636 903 3691 universa.
953 3633 1073 3704 Ipsa
1110 3648 1239 3703 ergo
1281 3632 1587 3688 necessario
1627 3630 1758 3685 ﬁdes
1794 3630 1899 3683 erit

316 3728 507 3795 gratia:
542 3726 871 3796 deputanda,
913 3740 944 3778 a
988 3740 1093 3795 qua
1140 3724 1362 3787 bonum,
1406 3721 1551 3791 quod
1603 3721 1787 3789 gratia:
1832 3720 1897 3772 ti-

315 3819 516 3883 buunt,
548 3832 803 3888 separare
829 3833 939 3872 non
966 3825 1209 3886 possunt.
1240 3813 1335 3869 His
1350 3815 1529 3883 itaque
1548 3812 1782 3866 breviter
1811 3826 1898 3865 as-

319 3907 573 3976 signatis,
602 3914 792 3961 contra
820 3904 1057 3975 reliquas
1092 3902 1367 3972 Pelagiani
1403 3901 1602 3957 erroris
1650 3901 1898 3971 ineptias,

321 4010 461 4067 quas
490 3996 579 4049 illa
609 3994 821 4050 videtur
846 3994 1073 4064 epistola
1099 3994 1400 4060 continere,
1428 4007 1589 4061 quam
1612 4008 1641 4045 a
1672 3991 1903 4062 quodain

323 4089 423 4142 tibi
454 4086 720 4141 mandasti
746 4085 1027 4141 sacerdote
1055 4084 1444 4149 transmissam,
1476 4081 1906 4151 respondendum

322 4193 437 4234 non
469 4176 717 4232 duximus
741 4193 753 4228 :
782 4176 909 4244 quia
933 4190 1211 4246 speramus
1226 4173 1292 4229 de
1312 4172 1679 4228 misericordia
1705 4171 1905 4236 divina,

322 4266 479 4336 quod
502 4267 577 4320 ita
603 4281 701 4336 per
728 4264 1081 4319 ministerium
1110 4271 1213 4317 tuae
1241 4262 1587 4317 fraternitatis
1614 4270 1775 4331 atque
1813 4258 1910 4313 do-

326 4357 587 4421 ctrinam,
613 4357 666 4410 in
687 4350 1097 4425 omnium,quos
1114 4354 1395 4410 dissentire
1416 4352 1698 4418 mandasti,
1725 4351 1911 4420 digna-

329 4451 482 4506 bitur
525 4447 777 4504 cordibus
822 4446 1055 4517 operari,
1107 4454 1164 4502 ut
1210 4463 1277 4501 ex
1320 4447 1423 4501 hoc
1463 4459 1678 4499 omnem
1714 4443 1908 4498 bonam

1991 3302 2184 3349 vestra:
2212 3300 2267 3347 et
2294 3292 2458 3348 totius
2478 3290 2657 3346 mundi
2686 3299 2934 3346 testatur.
2949 3289 3082 3356 Quia
3107 3289 3335 3345 Domino
3355 3290 3563 3345 dicente

1995 3388 2153 3441 tertio
2184 3402 2197 3437 :
2229 3386 2385 3438 Amas
2405 3384 2520 3438 me?
2546 3400 2698 3454 pasce
2723 3399 2838 3438 oves
2864 3400 3003 3437 meas
3026 3380 3204 3455 (Joan.
3230 3380 3341 3451 ut)
3358 3423 3372 3446 ,
3407 3381 3565 3436 tradit

1995 3476 2142 3546 prius
2186 3474 2336 3529 vobis
2384 3474 2632 3528 mandata
2671 3472 2981 3539 ostendens,
3008 3481 3064 3527 et
3107 3487 3204 3542 per
3238 3488 3337 3527 vos
3375 3470 3568 3526 deinde

1996 3565 2245 3619 omnibus
2292 3580 2388 3633 per
2432 3563 2737 3617 universum
2782 3561 3041 3615 mundum
3085 3561 3285 3614 sanctis
3314 3558 3569 3614 Ecclesiis

1997 3654 2338 3709 condonavit.
2369 3652 2607 3719 Denique
2636 3665 2733 3720 per
2760 3649 2863 3703 hoc
2888 3649 3012 3718 quia
3038 3648 3374 3702 venerabiles
3393 3647 3568 3701 effecti

1999 3752 2124 3799 ante
2155 3758 2268 3807 vos,
2292 3750 2348 3795 ct
2366 3740 2551 3810 quanti
2578 3746 2819 3794 sanctam
2849 3736 2992 3791 illam
3017 3736 3198 3791 sedem
3229 3735 3428 3790 habere
3455 3748 3570 3788 me-

2001 3841 2245 3899 ruerunt,
2271 3845 2501 3901 corpore
2524 3828 2739 3898 quidem
2763 3827 2815 3881 in
2846 3826 3087 3881 Romana
3113 3825 3347 3893 gloriosa
3372 3824 3573 3891 degen-

2004 3935 2084 3981 tes
2111 3924 2327 3979 civitate
2356 3960 2372 3985 ,
2403 3921 2593 3991 spiritu
2630 3926 2809 3973 autem
2851 3931 2915 3971 ea
2955 3930 3075 3984 quas
3123 3914 3226 3970 rite
3282 3912 3574 3982 agebantur

2004 4013 2186 4069 omnia
2206 4020 2461 4067 ornantes
2488 4018 2543 4064 et
2567 4007 2902 4076 transgressi,
2930 4013 2986 4060 et
3011 4004 3223 4074 plurimi
3261 4019 3326 4058 ex
3350 4018 3577 4071 corpore

2007 4100 2257 4156 Ecclesiae
2277 4098 2344 4153 ab
2364 4097 2696 4152 inimicorum
2719 4093 3156 4149 calumniantium
3178 4090 3432 4146 violentia
3456 4098 3580 4144 sunt

2008 4188 2218 4243 liberati
2259 4202 2291 4241 a
2335 4186 2447 4240 Deo
2488 4192 2544 4238 et
2587 4181 2879 4237 venerabili
2920 4180 3212 4251 apostolica
3250 4179 3396 4233 sede.
3430 4177 3581 4233 Unde

2009 4281 2292 4351 deprecor,
2328 4277 2563 4348 judicate
2590 4274 2855 4340 humilem,
2883 4282 2933 4327 et
2960 4289 3256 4344 pauperem,
3285 4272 3423 4327 sicut
3449 4273 3582 4326 scri-

2012 4377 2161 4440 ptum
2183 4379 2265 4423 est
2281 4366 2452 4439 (Psal.
2468 4363 2676 4435 Lxxn),
2698 4362 3001 4434 justiﬁcate.
3028 4361 3157 4416 Mihi
3178 4361 3319 4415 enim
3340 4361 3391 4414 in
3414 4374 3583 4415 saecu-

2014 4461 2115 4515 lari
2134 4461 2245 4514 vita
2273 4466 2389 4512 erat
2417 4463 2574 4510 antea
2607 4452 2953 4525 provincialis
2979 4452 3113 4507 ordo
3141 4451 3364 4517 militiae,
3385 4450 3586 4506 medio-

333 4540 674 4595 voluntatem
700 4554 809 4593 non
839 4553 908 4592 ex
932 4551 1011 4604 se,
1055 4535 1150 4591 sed
1188 4551 1255 4591 ex
1283 4535 1461 4589 divina
1488 4532 1711 4589 credant
1738 4531 1887 4601 grati:

2014 4552 2177 4607 eriter
2214 4548 2354 4604 sicut
2386 4553 2503 4600 erat
2527 4559 2701 4600 meam
2731 4544 2895 4597 vitam
2930 4541 3207 4597 humiliter
3241 4540 3588 4595 transiebam.

332 4629 627 4701 proﬁcisci,
654 4644 775 4685 cum
803 4644 863 4683 se
890 4627 1158 4683 senserint
1198 4626 1248 4679 id
1274 4624 1386 4693 jam
1426 4623 1564 4679 velle
1600 4622 1907 4685 defendere,

302 4719 485 4789 quod
520 4718 834 4774 nitebantur
880 4716 1223 4787 pertinaciter
1261 4715 1589 4785 impugnare.
1646 4710 1911 4782 Scriptum

334 4821 420 4867 est
446 4811 590 4865 enim
610 4829 629 4863 z
663 4809 1003 4879 Praeparetur
1028 4808 1261 4862 voluntas
1289 4825 1321 4860 a
1353 4806 1574 4860 Domino
1597 4803 1776 4876 (Prov.
1802 4820 1912 4869 XIX,

333 4902 491 4972 juxta
517 4898 711 4967 LXX),
738 4908 794 4956 et
819 4898 980 4955 alibi:
1014 4898 1137 4954 Scio
1158 4899 1276 4967 quia
1305 4914 1407 4951 non
1436 4911 1643 4968 possum
1670 4912 1781 4949 esse
1803 4912 1919 4950 con-

409 5034 432 5052 ‘
462 5028 627 5084 Addit
670 5040 793 5085 eoa.
843 5025 956 5080 Pal.
992 5042 1006 5079 :
1049 5024 1256 5078 Etenim
1303 5041 1452 5079 omne
1498 5023 1682 5077 bonum
1730 5034 1921 5077 donum

336 5108 547 5156 constat
571 5114 683 5152 esse
710 5098 958 5163 divinum,
983 5097 1113 5151 sicut
1140 5096 1387 5163 scriptum
1413 5104 1527 5148 est:
1557 5092 1741 5157 Omne,
1773 5101 1879 5148 etc.

414 5173 432 5201 '
469 5167 761 5238 Lampadio
807 5177 855 5221 et
888 5164 1087 5238 Oreste
1130 5163 1444 5238 consulibus]
1466 5163 1816 5238 _Non_potuit
1840 5163 1922 5238 his

337 5231 659 5295 consulibus
682 5235 935 5292 Januario
964 5251 1148 5290 mense
1189 5231 1441 5302 scribere
1466 5231 1787 5302 Bonifacius,
1830 5233 1921 5302 qui

333 5311 495 5378 juxta
521 5307 871 5378 Anastasium
889 5319 1079 5378 mense
1106 5313 1313 5359 tantum
1339 5300 1555 5378 Octobri
1569 5303 1759 5378 eodem
1779 5300 1921 5378 anno

335 5372 562 5434 creatus
584 5386 670 5433 est
694 5376 954 5447 pontifex.
984 5374 1163 5441 Quare
1195 5373 1445 5447 mendum
1492 5372 1723 5447 irrepsit,
1758 5380 1827 5447 et
1842 5372 1920 5426 le-

336 5448 579 5517 gendum
610 5439 857 5517 fortasse,
889 5439 1024 5517 post'
1037 5444 1375 5517 consulatum
1410 5439 1685 5517 Lampadii
1715 5451 1771 5495 et
1789 5439 1920 5495 Ore-

339 5510 461 5577 stis.
490 5518 584 5587 qui
612 5515 713 5570 fuit
746 5510 918 5569 annus
942 5514 1141 5570 Christi
1170 5511 1291 5567 55!.
1316 5510 1433 5566 εἷλε.
1457 5510 1777 5566 Stnnosous.

375 5624 709 5665 ttBSEIVA'IIO
738 5625 787 5663 ιι.
820 5602 1033 5664 ssronu
1072 5622 1299 5727 mohs!)
1342 5621 1461 5659 sun.
1510 5618 1717 5661 cuntsn

1018 5692 1142 5727 non.
1244 5714 1259 5727 .

1018 5692 1142 5731 NUI.
1173 5692 1259 5729 l‘l.

412 5770 545 5826 llaec
573 5769 799 5832 epistola
817 5776 931 5823 tam
955 5767 1013 5822 in
1044 5766 1277 5821 editione
1289 5763 1581 5827 Sirmondi,
1607 5778 1767 5827 quam
1790 5759 1915 5817 Hol—

2017 4640 2124 4696 Sed
2160 4638 2289 4707 quia
2318 4634 2513 4689 Proclo
2539 4633 2713 4688 beata:
2741 4631 3015 4687 memoria:
3041 4630 3371 4698 quiescente,
3394 4628 3485 4698 qui
3510 4626 3588 4681 fa-
3677 4642 3681 4647 δ

2019 4739 2138 4786 ctus
2177 4714 2351 4784 fuerat
2390 4727 2660 4781 Larissam
2690 4723 2943 4779 Ecclesia:
2970 4723 3274 4792 episcopus,
3307 4717 3590 4787 oportebat

2021 4820 2194 4875 eidem
2216 4816 2501 4888 prazsulem
2522 4813 2773 4868 Ecclesiae
2799 4809 3054 4874 ordinari,
3084 4808 3361 4862 decretum
3393 4804 3590 4862 factum

2022 4918 2107 4967 est
2125 4906 2481 4964 communiter
2505 4912 2614 4957 tam
2626 4901 2758 4957 eleri
2779 4913 2940 4971 quam
2967 4896 3169 4969 populi,
3189 4895 3592 4965 metropolitani

2021 5041 2181 5098 stenii
2208 5038 2405 5094 dicitur
2425 5037 2549 5091 data
2573 5051 2664 5090 Vill
2690 5032 2936 5087 kalendas
2965 5028 3277 5099 Februarias
3307 5027 3593 5099 Lampadio

2022 5097 2071 5165 et
2105 5109 2285 5164 Oreste
2319 5108 2384 5163 V.
2415 5106 2481 5161 V.
2505 5105 2564 5160 C.
2591 5105 2649 5160 C.
2681 5120 2836 5166 coss.,
2873 5115 3016 5155 anno
3060 5116 3140 5154 se.
3183 5097 3319 5164 550;
3348 5097 3446 5153 sed
3472 5115 3595 5155 cum

2023 5180 2173 5235 Felix
2201 5177 2267 5234 ιγ
2291 5177 2378 5233 die
2401 5176 2469 5230 18
2492 5173 2690 5231 mensis
2713 5170 3042 5241 Septembris
3065 5169 3205 5224 illius
3232 5168 3360 5241 anni
3388 5175 3591 5241 morta-

2023 5251 2230 5304 litatem
2253 5245 2565 5319 expleverit,
2590 5237 2891 5319 suspicatus
2912 5248 2997 5319 est
3012 5237 3594 5319 Sirmpndusmendum

2031 5321 2084 5375 in
2132 5308 2701 5374 notam'consulareni
2736 5310 3033 5381 irrepsisse.
3065 5318 3121 5364 et
3156 5308 3595 5381 legettdum,_post

2024 5373 2347 5444 consulatum
2375 5382 2649 5449 Lampadii
2677 5391 2727 5435 et
2755 5373 2971 5443 Orestis,
3011 5395 3116 5449 qua
3171 5373 3344 5449 annus
3372 5373 3492 5429 ‘55l'
3539 5376 3594 5429 in

2023 5458 2248 5527 signitus
2274 5456 2392 5510 fuit.
2417 5459 2487 5527 At
2505 5445 2809 5527 Bonifacius
2826 5451 2871 5505 ll
2889 5451 2940 5505 in
2963 5445 3248 5504 iis'lltleris
3273 5445 3479 5512 dicens,
3500 5461 3593 5498 ea-

2028 5521 2268 5583 th'olicum
2295 5540 2399 5580 non
2419 5523 2713 5577 distulimus
2743 5521 2869 5575 dare
2910 5532 3246 5589 responsum,
3263 5529 3596 5589 eam_emen-

2024 5598 2294 5653 dationem
2319 5594 2537 5657 evertit,
2562 5600 2618 5648 et
2656 5592 2721 5647 iis
2751 5589 2929 5646 verbis
2965 5583 3162 5657 iudicat
3198 5583 3495 5640 clausulam
3530 5584 3595 5638 il-

2028 5667 2131 5722 lam
2156 5664 2450 5721 addititiam
2477 5655 2615 5728 che,
2641 5661 2897 5730 llocciqne
2927 5655 3247 5714 faciendam.
