4122 6330
315 366 381 419 57
1548 332 1898 392 EPISTOLIE
1936 330 2020 386 ET
2059 326 2387 384 DECRETA.
3515 306 3587 360 38

321 487 436 528 rum
459 483 724 526 canonum
745 463 836 520 lex
865 459 1182 519 custoditur,
1213 464 1267 510 et
1296 467 1464 522 usque
1493 451 1754 504 hactenus
1780 457 1904 497 con-
1933 445 1975 498 Α

322 561 550 618 suetudo
592 567 875 623 servatur,
923 551 1237 608 memoriam
1283 544 1482 598 faciens
1525 536 1689 592 vestri
1725 531 1900 588 sancti

323 655 545 724 capitis,
588 659 643 706 et
684 647 992 720 apostolica:
1028 642 1202 704 sedis;
1233 637 1436 699 dicens,
1463 645 1563 684 vos
1588 642 1706 682 esse
1736 624 1904 678 domi-

322 765 425 804 nos
468 747 625 815 hujus
653 738 1094 800 examinationis;
1133 731 1439 802 supplicans
1466 723 1596 780 nihil
1620 723 1670 774 in
1701 733 1787 772 me
1820 715 1909 768 de-

324 842 458 897 bere
502 805 628 891 novi
673 834 824 899 ﬁeri,
863 838 956 883 aut
1001 825 1144 894 quod
1203 827 1382 891 potest
1420 817 1559 870 bene
1611 805 1906 876 composita

323 927 649 983 disturbare.
682 923 814 977 Nam
841 919 934 988 qui
964 918 1111 972 locus
1131 912 1262 966 mihi
1303 905 1522 964 remedii
1567 897 1912 956 remansisset

327 1021 401 1074 ad
427 1033 523 1072 vos
551 1003 889 1071 beatiSSimos
925 1007 1109 1079 jndicii
1137 1003 1414 1061 dominos,
1459 996 1505 1050 si
1543 995 1656 1047 haec
1688 1004 1794 1044 non
1838 985 1914 1038 di-

331 1111 573 1164 xissem?
601 1105 708 1159 Sed
737 1119 836 1157 nec
857 1103 959 1155 hoc
995 1097 1167 1152 solum
1195 1092 1324 1155 dixi,
1373 1087 1466 1143 sed
1514 1084 1691 1150 aliqua
1739 1088 1913 1131 causa:

331 1199 615 1269 profutura
641 1195 961 1248 documenta
991 1183 1220 1242 ostendi.
1261 1175 1574 1247 Significant
1606 1178 1783 1224 autem
1805 1168 1914 1220 ista

332 1254 490 1352 gesta
514 1297 634 1352 qua:
673 1281 813 1335 facta
850 1285 1003 1338 sunt,
1048 1287 1166 1342 qua:
1194 1269 1330 1324 meis
1356 1263 1561 1332 exiguis
1602 1258 1794 1313 libellis
1821 1254 1914 1308 ad-

337 1379 526 1450 junxi,
564 1385 621 1432 et
656 1375 931 1430 decretum
979 1372 1030 1422 in
1071 1381 1157 1420 me
1185 1363 1381 1417 factum
1415 1366 1470 1412 et
1499 1353 1680 1409 titulos
1724 1345 1914 1400 laudis.

339 1438 456 1538 'Ego
477 1438 690 1537 quidem
718 1461 1017 1518 arbitrabar
1046 1459 1183 1511 hanc
1204 1453 1360 1507 fidem
1390 1438 1733 1512 “agitationis
1745 1446 1920 1491 causa:

341 1533 624 1616 mem—esse
650 1557 912 1626 potuisse,
939 1552 984 1605 si
1005 1549 1179 1610 vobis,
1211 1544 1407 1614 quibus
1430 1555 1460 1593 a
1489 1539 1600 1591 Deo
1627 1533 1810 1587 datum
1840 1536 1921 1581 est

343 1652 614 1720 judicare,
642 1645 930 1701 nominatis
963 1633 1333 1708 incompetens
1367 1646 1426 1686 se
1453 1638 1683 1699 persona
1721 1621 1926 1676 subtra-

345 1745 520 1805 heret,
565 1737 689 1791 Non
733 1744 809 1790 est
848 1735 985 1786 enim
1015 1730 1154 1802 Deus
1182 1719 1599 1796 perturbationis,
1646 1712 1736 1768 sed
1783 1708 1924 1778 pacis

347 1830 406 1901 (ι
435 1798 556 1884 Cor.
586 1843 692 1892 xlv,
721 1825 834 1894 55).
867 1823 975 1876 Nec
1003 1799 1119 1874 hinc
1143 1815 1359 1885 quidem
1396 1808 1484 1862 vel
1519 1806 1624 1859 alia
1667 1802 1734 1856 ad
1782 1798 1927 1868 quie—

349 1933 460 1976 tem
481 1933 657 1973 meam
677 1889 920 1972 sulli'cere
933 1912 1227 1982 potuerunt
1254 1921 1267 1956 :
1295 1901 1391 1956 sed
1413 1897 1610 1953 invitus
1635 1891 1702 1946 ad
1726 1889 1926 1956 regiam

351 2018 540 2071 urbem
568 2027 687 2066 sum
716 2009 996 2064 deductus.
1020 2003 1084 2057 Et
1100 2001 1200 2056 nisi
1227 1995 1440 2068 quidam
1471 1992 1719 2045 timentes
1736 1985 1925 2043 Deum,

349 2116 408 2161 et
452 2103 748 2173 repositam
801 2094 1212 2168 promissionem
1285 2082 1592 2139 visitatione
1654 2085 1929 2129 carcerum

353 2160 743 2266 prospicientes
764 2160 925 2255 atque
967 2185 1361 2250 exspectantes,
1399 2183 1572 2225 meam
1591 2160 1929 2236 prmsentiam

354 2284 547 2338 adesse
589 2251 995 2350 promitterent,
1044 2271 1259 2324 vinctus
1291 2264 1477 2331 utique
1522 2258 1726 2312 fueram
1769 2251 1932 2304 homo

356 2372 560 2426 nullum
590 2382 820 2430 nocens,
869 2365 1008 2418 sicut
1047 2359 1296 2419 arbitror,
1340 2351 1440 2406 nisi
1479 2362 1575 2403 cur
1615 2340 1934 2411 eligentibus

358 2476 446 2514 me
475 2456 753 2521 consensi,
799 2461 856 2508 et
891 2444 1003 2521 spei
1049 2447 1144 2501 Dei
1182 2458 1268 2498 me
1308 2437 1648 2496 committens
1699 2427 1936 2486 ordinari

359 2547 632 2619 promerui
657 2563 669 2597 :
702 2551 760 2598 et
784 2542 908 2612 quia
935 2537 1254 2593 tiducialiter
1281 2530 1392 2585 dixi
1419 2525 1562 2597 quod
1589 2525 1633 2577 si
1663 2525 1937 2590 oporteret

361 2606 817 2694 examinationein
844 2631 1078 2698 aliquam
1106 2625 1243 2688 ﬁeri,
1273 2621 1342 2674 ab
1370 2633 1436 2673 eo
1458 2614 1571 2668 fieri
1599 2612 1821 2666 deberet
1845 2606 1937 2674 qui

363 2737 447 2784 est
473 2728 632 2795 hujus
660 2696 1074 2780 examinationis
1097 2713 1342 2768 dominus
1363 2705 1684 2761 constitutus
1709 2717 1722 2750 :
1747 2709 1806 2750 et
1833 2696 1937 2748 alia

365 2833 483 2887 qua:
511 2783 566 2871 in
605 2828 692 2868 me
736 2811 876 2866 facta
911 2813 1055 2869 sunt,
1095 2811 1256 2869 atque
1293 2793 1530 2851 exerceri
1577 2805 1684 2842 non
1733 2783 1936 2839 dubito.

366 2908 678 2980 Compellor
695 2913 894 2966 autem,
925 2907 982 2955 et
1007 2911 1109 2952 nec
1137 2889 1350 2959 aliquod
1386 2895 1598 2953 tempus
1632 2873 1941 2946 respiratio-

367 3005 450 3060 nis
479 2968 688 3061 habeo;
712 3011 816 3051 nec
835 2993 955 3062 quis
973 3005 1074 3060 pro
1101 3000 1188 3040 me
1215 2982 1413 3050 cogitet
1427 2978 1480 3032 in
1497 2973 1661 3029 tantis
1681 2968 1937 3046 cladibus,

369 3103 559 3164 potero
585 3087 841 3158 reperire.
855 3060 1150 3136 ‘Deteriora
1173 3087 1303 3129 vero
1325 3070 1393 3124 ab
1429 3066 1513 3122 his
1552 3063 1644 3133 qui
1675 3060 1944 3114 minantur

2005 439 2138 492 dire.
2173 436 2239 488 Et
2285 436 2390 486 alia
2443 444 2617 482 manu.
2669 427 2972 494 Stepnanus
3026 419 3249 489 exiguus
3303 429 3584 486 episcopus

2003 535 2198 582 sancta:
2228 524 2496 577 Larissam
2543 517 2792 572 Ecclesiae
2847 512 2972 566 huic
3026 508 3207 564 libello
3257 522 3288 560 a
3316 519 3402 559 me
3442 501 3586 558 facto

2004 635 2164 675 manu
2192 616 2405 687 propria
2436 608 2742 678 subscripsi,
2771 614 2826 661 et
2853 605 3072 661 domino
3101 615 3224 656 meo
3249 596 3586 653 sanctissimo

2003 727 2070 780 ac
2096 726 2193 780 per
2223 707 2397 761 omnia
2428 702 2753 763 beatissimo,
2779 698 2938 752 etiam
2967 691 3425 748 venerandissimo
3446 685 3587 758 patri

2007 812 2216 873 patrum
2266 805 2320 853 et
2363 792 2648 850 universali
2708 788 3026 860 patriarcha:
3092 781 3368 839 Bonifacio
3421 777 3588 833 desti—

2011 893 2152 948 navi.

2083 979 2449 1038 Abundantius
2480 971 2828 1030 Demetriada:
2874 969 3108 1025 civitatis
3150 967 3431 1036 episcopus
3475 978 3592 1017 sur-

2014 1089 2142 1143 gens
2171 1088 2201 1126 e
2234 1084 2490 1126 consessu
2528 1066 2696 1119 dixit:
2729 1060 3144 1116 Printermittere
3189 1073 3296 1111 non
3325 1053 3476 1125 potui
3500 1068 3595 1106 au-

2014 1165 2166 1218 diens
2192 1176 2386 1216 nomen
2439 1155 2706 1212 Probiani.
2751 1152 2799 1208 ls
2826 1151 2894 1206 de
2931 1167 3037 1220 quo
3082 1149 3255 1217 agitur
3306 1145 3598 1201 Probianus

2017 1255 2130 1322 ipse
2168 1250 2364 1320 estqui
2388 1263 2561 1302 meam
2597 1243 2890 1298 Ecclesiam
2919 1239 3129 1302 invasit,
3154 1247 3209 1291 et
3236 1251 3322 1290 me
3349 1235 3598 1307 veniente

2019 1343 2086 1397 ad
2111 1340 2496 1397 beatitudinem
2522 1341 2753 1389 vestram
2791 1346 2910 1385 cum
2953 1301 3143 1382 litteris
3171 1301 3402 1396 episcopi
3427 1363 3441 1389 ,
3473 1337 3598 1394 cap—

2020 1442 2140 1487 tans
2164 1429 2459 1484 absentiam
2484 1440 2658 1479 meam
2687 1438 2784 1493 per
2811 1420 3168 1474 temeritatem
3212 1417 3387 1469 locum
3417 1427 3599 1467 meum

2023 1519 2328 1591 usurpavit,
2362 1525 2415 1571 et
2437 1515 2727 1570 secundum
2753 1511 2967 1564 saﬂctos
3003 1520 3238 1562 canones
3287 1520 3392 1557 non
3445 1502 3603 1556 debet

2025 1613 2307 1682 episcopus
2337 1605 2599 1661 nominari
2624 1622 2644 1660 ε,
2668 1602 2923 1656 adversus
2967 1612 3124 1666 quem
3164 1607 3294 1662 rogo
3317 1592 3605 1647 beatitudi-

2025 1718 2148 1756 nem
2179 1707 2428 1761 vestram,
2460 1706 2519 1750 ut
2544 1695 2684 1749 sedis
2705 1691 3011 1761 apostolica:
3035 1688 3163 1740 mihi
3186 1683 3459 1751 disciplina
3482 1681 3606 1735 sub-

1957 1797 2002 1856 Β
2029 1791 2225 1845 veniat.
2261 1786 2562 1842 Bonifacius
2604 1783 2887 1852 episcopus
2933 1777 3065 1831 dixit
3097 1794 3109 1827 :
3139 1774 3204 1827 Et
3239 1772 3400 1826 libelli
3444 1769 3606 1824 oblati

2029 1881 2306 1945 recitatio,
2350 1887 2404 1932 et
2430 1875 2735 1946 prosecutio
2782 1870 2960 1924 fratris
3002 1876 3056 1921 et
3094 1863 3396 1934 coepiscopi
3439 1861 3608 1914 nostri

2031 1971 2353 2027 Abundantii
2382 1967 2546 2035 gestis
2578 1965 2824 2027 indatur;
2854 1960 2972 2015 etsi
2993 1973 3096 2026 qua
3125 1963 3249 2010 sunt
3270 1954 3373 2007 alia
3400 1951 3609 2006 deside-

2031 2081 2210 2120 ramus
2264 2075 2574 2130 agnoscere.
2628 2056 2959 2111 Theodosius
3004 2049 3337 2106 Echiniensis
3383 2046 3612 2102 civitatis

2033 2157 2312 2225 episcopus
2341 2150 2628 2222 provincia:
2649 2145 2933 2200 Thessalia:
2960 2159 3058 2213 per
3085 2143 3430 2208 interpretem
3445 2139 3576 2191 dixit
3596 2156 3609 2188 λ

2034 2248 2100 2301 Et
2127 2247 2289 2301 alium
2317 2243 2552 2298 libellum
2582 2239 2720 2294 idem
2759 2234 3126 2290 sanctissimus
3168 2231 3470 2300 Stephanus
3499 2242 3613 2281 me-

2035 2336 2393 2406 tropolitanus
2421 2333 2704 2402 episcopus
2730 2327 2799 2380 ad
2840 2322 3221 2379 beatitudinem
3262 2327 3493 2374 vestram
3519 2332 3615 2387 per

2036 2443 2215 2482 meum
2241 2425 2437 2481 direxit
2464 2421 2806 2489 obsequium;
2830 2431 2988 2486 quem
3022 2421 3146 2483 peto
3175 2421 3234 2465 ut
3259 2411 3423 2465 vestri
3450 2409 3617 2462 sensi-

2036 2520 2137 2574 bus
2158 2517 2321 2585 relegi
2359 2512 2639 2569 censeatis.
2673 2505 2972 2562 Bonifacius
3012 2503 3292 2572 episcopus
3321 2499 3495 2552 dixit:
3529 2495 3618 2548 Li-

2037 2611 2210 2665 bellus
2253 2621 2413 2677 quem
2468 2601 2642 2664 otfert,
2699 2604 2977 2666 susceptus
3021 2610 3050 2648 a
3097 2592 3317 2646 notariis
3345 2590 3616 2643 recitctur.

2041 2687 2280 2766 Cumque
2320 2699 2598 2764 susceptus
2652 2689 2858 2751 fuisset,
2916 2685 3100 2739 Menas
3143 2680 3384 2735 notarius
3431 2679 3616 2731 recita-

2042 2789 2136 2843 vit.

2610 2871 2960 2928 ιιΒι-ςιιιιυε
2990 2870 3064 2918 ιι.

2115 2989 2342 3046 Domino
2372 3001 2494 3042 meo
2524 2992 2711 3039 sancto
2753 2997 2816 3036 ac
2843 2978 3152 3035 beatissimo
3199 2984 3255 3029 et
3297 2987 3485 3028 revera
3529 2985 3624 3024 ve-

2046 3080 2284 3140 nerando
2337 3078 2477 3147 patri
2529 3083 2739 3145 patrum
2781 3079 2840 3126 et
2890 3067 3294 3137 archiepiscopo
3339 3072 3500 3131 atque
3527 3075 3624 3129 pa-

370 3201 455 3239 me
495 3182 763 3237 sustinere
798 3171 1086 3234 confiteor,
1117 3163 1544 3222 damnationem,
1577 3152 1848 3214 exsilium,
1889 3153 1944 3199 et
1971 3154 2018 3218 (ι
2051 3172 2294 3228 πίθηιώ
2335 3167 2609 3224 Bona-acia
2637 3164 2760 3220 dam
2788 3159 3106 3232 supplicatu)
3136 3173 3164 3210 a
3195 3155 3470 3225 Stephano
3509 3151 3625 3205 exi.

372 3282 582 3343 quanta:
640 3267 922 3323 criminum
973 3267 1099 3316 sunt
1160 3249 1550 3308 vicissitudines
1604 3245 1947 3298 immerenter

373 3370 646 3432 exspecto.
674 3358 1009 3424 Quapropter
1031 3346 1244 3403 unicum
1269 3356 1410 3396 nunc
1435 3354 1468 3392 a
1487 3334 1660 3397 vobis,
1681 3339 1738 3386 et
1756 3335 1948 3383 vestrae

374 3420 840 3526 apostoliczevsedi
874 3420 1170 3502 conﬁdens,
1220 3430 1516 3492 remedium
1545 3424 1757 3495 postulo
1781 3438 1795 3473 :
1817 3420 1948 3490 Spes

375 3508 538 3606 enim,
575 3549 635 3595 ut
681 3537 916 3593 divinum
957 3530 1086 3585 dicit
1127 3524 1416 3594 eloquium,
1461 3533 1565 3572 non
1611 3508 1950 3584 confundetur

375 3635 554 3708 (Rom.
597 3631 673 3699 v).
722 3625 875 3695 Quod
909 3624 956 3678 si
992 3621 1113 3690 quis
1139 3624 1280 3673 esset
1314 3613 1406 3682 qui
1431 3607 1760 3680 prmsiderct,
1791 3615 1950 3671 quem

377 3725 546 3782 sancti
572 3734 806 3778 canones
833 3716 888 3771 in
912 3716 1016 3768 hoc
1042 3708 1259 3778 negotio
1283 3703 1515 3773 iudicem
1541 3711 1660 3752 esse
1691 3694 1952 3747 decerne-

378 3825 520 3880 rent,
547 3810 849 3882 oportebat,
882 3806 1022 3859 sicut
1060 3799 1333 3855 existimo.
1364 3806 1488 3847 eum
1526 3788 1674 3858 prius
1702 3784 1770 3838 de
1798 3794 1955 3835 accu-

381 3919 620 3966 satorum
648 3905 756 3958 vita
774 3900 1018 3970 judicare
1043 3903 1095 3947 et
1123 3899 1480 3959 cognoscere;
1520 3880 1643 3951 quia
1688 3880 1958 3930 accusato-

505 4013 625 4053 esse
669 3963 792 4049 non.
827 3995 1050 4060 possunt
1090 3985 1230 4039 illius
1266 3978 1380 4048 qui,
1427 3971 1670 4043 quamvis
1720 3963 1953 4024 humilis,

383 4093 727 4162 episcOpatus
767 4078 1028 4138 honorent
1073 4072 1387 4145 promeruit.
1421 4065 1527 4122 Sed
1573 4061 1704 4132 quia
1741 4064 1960 4128 propter

385 4150 635 4241 fiduciam
655 4177 838 4242 vestri,
870 4175 1010 4229 sicut
1027 4169 1157 4231 dixi,
1183 4162 1400 4225 offendi,
1426 4161 1542 4213 haac
1560 4162 1685 4210 sunt
1713 4167 1810 4222 pro
1828 4150 1960 4203 meis

385 4277 630 4351 partibus
664 4271 967 4342 praemissa,
1007 4272 1062 4318 et
1100 4263 1150 4315 in
1181 4257 1373 4334 quibus
1403 4251 1558 4308 malis
1593 4245 1837 4318 superius
1864 4261 1964 4298 uo-

387 4368 609 4431 minavi,
635 4378 753 4421 sum
783 4359 1134 4416 constitutus:
1167 4355 1394 4421 ideoque
1425 4347 1668 4418 supplico
1699 4342 1882 4402 vobis,
1917 4338 1962 4393 si

388 4475 496 4531 qna
524 4465 607 4513 est
635 4456 729 4509 Dei
753 4446 1136 4506 misericordia.
1163 4446 1208 4500 si
1238 4459 1342 4512 qua
1369 4442 1576 4510 pietas,
1611 4437 1656 4490 si
1693 4449 1798 4503 qua
1827 4431 1962 4484 dile-

2051 3279 2178 3334 guo.

2121 3351 2250 3418 Qua:
2278 3359 2435 3405 antea
2479 3347 2532 3403 in
2573 3360 2668 3416 spe
2695 3351 2867 3406 erant,
2917 3349 2972 3395 et
2999 3346 3241 3393 metuere
3285 3349 3349 3388 ac
3377 3341 3628 3393 tremere,

2051 3454 2106 3502 et
2133 3453 2374 3502 sanctam
2401 3440 2749 3513 apostolicam
2787 3443 3019 3489 vestram
3065 3429 3246 3483 sedem
3278 3427 3526 3480 invocare
3555 3420 3631 3475 fa-

2052 3537 2284 3600 ciebant,
2315 3535 2429 3588 htec
2456 3547 2578 3587 cum
2606 3524 3083 3598 apprehendissent
3110 3527 3270 3588 atque
3298 3513 3632 3580 constringe-

2053 3635 2175 3682 rent
2193 3640 2367 3680 meam
2404 3623 2652 3677 miseram
2679 3619 2874 3678 vitam,
2916 3611 3143 3678 amplius
3189 3607 3357 3672 magis
3400 3608 3631 3654 vestram

2053 3715 2439 3772 beatitudinem
2469 3707 2741 3778 appellare
2767 3700 3115 3771 compellunt.
3161 3694 3296 3748 Ecce
3323 3703 3515 3760 tempus
3547 3705 3632 3740 uc-

2055 3803 2328 3878 ceptabile,
2359 3817 2473 3854 ecce
2500 3812 2634 3878 nunc
2663 3795 2770 3849 dies
2799 3791 3042 3848 salutaris
3082 3785 3134 3857 (Ι
3165 3783 3284 3838 Cor.
3317 3783 3411 3849 vi).
3444 3777 3635 3832 Libera

2057 3915 2144 3956 me
2170 3897 2236 3951 ab
2263 3892 2490 3948 inimicis
2515 3871 2676 3951 meis,
2708 3892 2765 3938 et
2791 3898 2820 3936 a
2847 3875 3289 3950 persequentibus
3323 3871 3470 3938 eripe
3510 3879 3596 3920 me
3620 3884 3633 3915 :

2059 3989 2256 4046 etenim
2287 3984 2675 4048 circumspersa
2704 3980 2786 4028 est
2810 3986 2947 4040 aqua
2968 3967 3280 4032 mihiusque
3303 3961 3370 4016 ad
3383 3958 3638 4016 animam,

2060 4074 2380 4134 venerabilis
2408 4078 2559 4142 pater
2577 4107 2590 4129 ,
2637 4071 2691 4120 et
2718 4064 2939 4131 ahyssus
2967 4054 3254 4111 novissima
3293 4045 3640 4104 circumdedit

2062 4186 2150 4226 me
2181 4186 2194 4222 :
2228 4164 2478 4222 ascendat
2523 4175 2590 4212 ex
2635 4151 2978 4222 corruptione
3023 4147 3129 4200 vita
3160 4157 3300 4204 mea,
3331 4139 3469 4193 sicut
3505 4136 3643 4191 scri-

2062 4270 2211 4332 ptum
2233 4265 2332 4312 est.
2358 4254 2412 4308 Si
2443 4251 2585 4306 enim
2613 4243 2982 4300 miserationes
3021 4236 3112 4290 Dei
3137 4250 3239 4288 non
3269 4227 3642 4300 pnevenerint,

2067 4358 2166 4419 ego
2197 4347 2411 4417 quidem
2440 4358 2575 4412 Opus
2621 4339 2792 4392 factus
2831 4348 2947 4387 sum
2969 4372 2985 4398 ,
3013 4327 3170 4398 quale
3201 4324 3302 4394 ipsi
3339 4321 3644 4379 voluerunt,

2071 4439 2406 4494 inimicorum
2435 4444 2696 4486 meorum.
2725 4425 2884 4480 Ploro
2911 4429 3088 4475 autem
3120 4426 3279 4484 atque
3301 4414 3456 4480 lugeo
3477 4451 3492 4473 ,
3523 4409 3648 4477 quia

390 4501 496 4531 Ψ...
526 4501 606 4513 νυ,
635 4501 729 4509 ---
755 4501 987 4506 --η----η
1126 4501 1135 4505 -
1258 4501 1272 4512 ,
1371 4501 1386 4510 ,
1714 4501 1725 4503 ἡ

390 4551 502 4605 ctio
533 4546 774 4606 transite,
806 4548 861 4594 et
889 4540 976 4593 hic
1005 4539 1178 4606 ipsum
1209 4534 1259 4586 in
1297 4538 1486 4584 sancto
1519 4526 1740 4596 Spiritu,
1784 4534 1969 4575 secun-
1995 4518 2046 4576 D
2075 4542 2183 4586 tum
2219 4530 2381 4583 etiam
2415 4520 2808 4579 ecclesiasticus
2838 4514 2970 4568 ordo
3009 4508 3358 4579 periclitatur.
3387 4501 3648 4567 Quoniam

391 4641 518 4695 dum
545 4637 762 4690 beatum
793 4628 1117 4700 apostolum,
1147 4622 1401 4678 auxilium
1431 4617 1561 4672 mihi
1586 4616 1845 4675 ferentes,
1875 4623 1969 4660 ve-

392 4731 492 4788 stri
515 4738 573 4784 et
598 4735 896 4800 vestrorum
921 4719 1264 4773 decessorum
1287 4713 1426 4766 illius
1438 4711 1607 4764 beaw
1625 4704 1767 4760 sedis
1793 4716 1970 4756 recor-

393 4827 607 4884 dantes,
639 4819 763 4889 quia
786 4817 985 4871 nullum
1008 4825 1241 4881 unquam
1271 4807 1336 4861 ab
1365 4805 1542 4872 aliquo
1568 4799 1762 4868 injuste
1792 4793 1974 4849 noceri

397 4917 543 4990 passi
568 4922 710 4969 sunt.
740 4908 1014 4980 Siquidem
1043 4905 1150 4959 cito
1177 4898 1500 4957 succurratis
1529 4903 1813 4962 oppresso,
1841 4900 1973 4941 con-

395 5010 507 5064 fido
536 5024 623 5063 me
652 5020 682 5057 a
713 5002 866 5056 malis
892 4999 1024 5054 meis
1053 5011 1115 5050 ea
1141 4992 1414 5049 celeritate
1439 4983 1632 5041 salvari
1665 4998 1678 5034 :
1710 4980 1753 5034 si
1777 4984 1973 5036 autem,

398 5100 546 5170 quod
572 5097 731 5162 absit,
768 5108 885 5148 mea
916 5095 1137 5160 peccata
1175 5093 1409 5137 vestram
1447 5073 1777 5132 moraveriut
1804 5069 1979 5138 pieta-

400 5203 532 5255 tem,
563 5161 752 5244 saltem
773 5186 816 5239 si
839 5181 1035 5251 aliquid
1062 5179 1128 5232 ab
1158 5171 1527 5230 insidiantibus
1547 5165 1804 5222 velociter
1825 5161 1984 5214 fuerit

404 5290 605 5343 actum,
637 5288 692 5333 et
718 5277 797 5330 sic
822 5272 1017 5327 sanctis
1043 5265 1338 5324 canonibus
1368 5260 1553 5314 adesse
1581 5271 1677 5311 vos
1714 5250 1981 5313 convenit,

409 5383 461 5427 et
491 5367 712 5438 exsequi
759 5366 810 5418 in
836 5363 919 5416 his
960 5374 1078 5431 qua:
1115 5352 1470 5426 prmtermissa
1497 5355 1638 5401 sunt.
1693 5343 1806 5398 lloc
1843 5342 1986 5396 enim

413 5477 546 5529 opus
572 5466 808 5511 vestrum
825 5461 924 5516 est,
953 5447 1279 5511 beatissime,
1302 5443 1389 5497 die
1409 5455 1472 5494 ac
1495 5447 1656 5491 noctu
1682 5442 1986 5489 sanctorum

413 5553 655 5616 Patrum,
685 5560 738 5603 et
773 5542 1085 5601 venerabilis
1111 5548 1268 5608 atque
1296 5531 1602 5604 apostolica:
1630 5535 1820 5582 vestra:
1851 5521 1990 5577 sedis

411 5645 561 5711 leges
591 5614 749 5707 atque
771 5636 1056 5691 constituta
1087 5633 1139 5684 in
1183 5627 1432 5684 erunibus
1473 5621 1686 5693 quidem
1718 5614 1990 5678 Ecclesiis,

411 5733 684 5806 pmcipue
713 5737 888 5783 autem
920 5727 972 5780 in
1001 5731 1176 5778 vestra
1205 5719 1477 5792 lllyricana
1508 5709 1780 5788 provincia
1809 5714 1991 5764 custo-

2073 4625 2212 4679 enim
2237 4617 2526 4676 secundum
2556 4613 2777 4671 multam
2819 4601 3240 4662 misericordiam
3282 4596 3394 4658 Dei,
3437 4593 3525 4662 qui
3555 4593 3654 4644 ho-

2074 4716 2304 4774 minibus
2329 4717 2548 4783 peccata
2576 4706 2793 4760 minime
2818 4704 3048 4769 reputat,
3099 4694 3151 4746 in
3180 4690 3394 4746 civitate
3423 4682 3649 4744 Larissa,

2077 4825 2193 4881 quae
2220 4815 2301 4862 est
2328 4800 2614 4874 provincia:
2643 4793 2959 4855 Thessaliae,
2989 4788 3191 4842 electus
3218 4794 3336 4834 sum
3371 4783 3530 4844 atque
3560 4789 3651 4826 or-

2078 4903 2289 4958 dinatus
2319 4895 2632 4964 cpiscopus;
2663 4902 2729 4940 ex
2761 4884 2843 4937 his
2872 4879 3084 4948 quidam
3115 4873 3205 4941 qui
3230 4885 3316 4924 me
3355 4867 3655 4933 elegerunt,

2081 5003 2138 5049 et
2165 4991 2357 5062 sazpius
2384 4984 2597 5053 scriptis
2618 4980 2728 5037 suis
2757 4988 2907 5030 suam
2942 4967 3259 5024 electionem
3290 4962 3657 5016 firmaverunt,

2086 5096 2146 5143 ut
2172 5046 2360 5154 dignus
2404 5046 2706 5134 sacerdotio
2730 5067 3018 5138 judicarer,
3047 5057 3293 5113 videntes
3345 5051 3448 5106 mei
3497 5046 3660 5102 studii

2087 5197 2225 5245 esse,
2255 5177 2530 5245 antiquam
2557 5161 2997 5224 consuetudinem
3027 5157 3079 5212 in
3113 5152 3310 5208 nostris
3334 5146 3532 5202 sanctis
3559 5141 3661 5196 Ec-

2089 5274 2265 5331 clesiis
2305 5278 2580 5325 revocare,
2635 5261 2947 5328 separantes
2995 5264 3080 5303 me
3109 5244 3248 5316 apud
3296 5235 3663 5294 beatissimum

2092 5360 2369 5434 pncsulem
2397 5361 2593 5411 sanctm
2620 5348 2778 5417 regia:
2806 5343 2953 5398 urhis
2981 5336 3232 5394 Ecclesia:
3260 5331 3662 5386 accusaverunt.

2091 5455 2184 5509 llle
2207 5459 2384 5506 autem
2409 5441 2803 5500 accusationem
2833 5432 3148 5502 suscipiens,
3182 5423 3311 5479 nihil
3339 5427 3464 5475 ante
3491 5417 3668 5470 discu-

2094 5547 2232 5600 tiens
2269 5541 2335 5595 de
2364 5537 2445 5592 his
2471 5549 2588 5606 qu.e
2635 5538 2848 5601 oportet
2876 5523 3072 5596 requiri
3121 5520 3187 5575 de
3227 5515 3482 5584 cpiscOpo
3511 5522 3670 5562 accu-

2093 5645 2234 5698 sato,
2263 5631 2519 5687 continuo
2543 5641 2628 5682 me
2668 5624 2735 5678 ab
2779 5619 2923 5676 omni
2970 5610 3332 5672 ecclesiastico
3375 5599 3670 5659 ministerio

2097 5724 2400 5788 separavit;
2431 5720 2660 5784 aliquem
2691 5717 2756 5770 de
2787 5707 3049 5780 religiosis
3077 5702 3283 5761 clericis
3322 5703 3522 5755 sancta:
3560 5705 3668 5746 sua:
