4068 6342
525 394 595 454 39
852 378 857 382 ‘
1819 388 2094 446 comm

2192 387 2385 441 l’AP/E
2415 385 2457 443 ll
3716 397 3781 450 to

526 506 779 563 Ecclesia:
799 519 919 558 cum
942 500 2097 571 litteris,quascommonitoriumnominant,
2132 512 2171 561 Α
2203 511 2293 550 sus
2321 504 2376 550 et
2404 511 2458 569 m
2497 496 2748 551 secundis
2787 498 2973 553 eadem
3016 510 3174 555 erunt
3201 502 3365 557 acturi
3396 520 3408 555 :
3440 511 3497 558 et
3538 505 3783 573 suspicor

528 597 595 652 ad
614 595 941 666 provinciam
968 592 1295 647 Thessaliam
1321 590 1573 657 dirigens.
1622 589 1689 642 Et
1727 605 1848 644 cum
1872 590 1972 643 ista
2000 604 2100 642 nec

527 686 770 743 civilitati
799 700 899 740 nec
928 683 1206 738 mundanis
1232 683 1438 751 legibus
1464 681 1820 745 conveniant,
1850 695 1947 736 nec
1968 681 2101 736 ordo

527 790 795 845 canonum
823 774 926 829 hoc
954 762 1069 828 fieri
1111 772 1385 827 evidenter
1411 771 1676 835 admittat,
1707 779 1767 825 ut
1801 779 1929 826 ante
1973 786 2103 826 exa-

527 865 879 920 minationem
917 862 1105 932 judicii
1150 862 1383 917 vindicta
1429 861 1715 930 procedat;
1772 863 1900 917 olim
1941 878 2099 932 quam

527 957 762 1011 maxime
781 956 957 1011 divina
976 954 1292 1026 prmdicante
1312 952 1583 1024 Scriptura
1609 971 1621 1007 :
1639 955 1882 1009 Auditum
1896 957 2101 1009 inanem

527 1064 594 1101 ne
619 1047 893 1111 admittat;
937 1046 1030 1101 sed
1060 1055 1234 1099 tamen
1263 1060 1383 1098 cum
1414 1044 1645 1101 venisset
1688 1046 1741 1101 in
1771 1046 2105 1102 Thessaloni-

526 1152 648 1190 cam
673 1137 752 1190 vir
789 1134 1213 1204 religiosissimus
1235 1175 1253 1200 ,
1279 1134 1371 1202 qui
1399 1144 1724 1205 praeceptum
1751 1135 2023 1192 deferebat
2047 1147 2101 1192 ct

525 1224 703 1294 aliqua
733 1237 941 1277 mecum
979 1236 1075 1292 per
1116 1221 1516 1279 contentionem
1545 1238 1798 1280 exercere
1822 1224 2097 1291 voluisset,

522 1316 779 1371 continuo
805 1314 857 1368 ei
880 1312 989 1367 dixi
1019 1331 1033 1366 :
1067 1312 1427 1383 Apostolieam
1451 1316 1652 1382 sedem,
1681 1317 1734 1371 id
1761 1327 1842 1372 est
1870 1328 2098 1373 vestram

524 1398 1176 1485 beatitudinem,rcausas
1234 1415 1430 1462 nostra:
1475 1410 1768 1478 provinciae
1812 1420 1870 1466 et
1915 1412 2100 1493 audire

519 1497 777 1554 convenit
803 1505 859 1552 et
897 1484 1068 1552 finire.
1112 1495 1217 1552 Sed
1254 1499 1422 1586 δαείω
1447 1500 1593 1556 urbis
1619 1502 1984 1557 sanctissimus
2008 1487 2097 1556 ar.-

524 1587 895 1656 chiepiscopus
922 1602 1029 1642 non
1056 1588 1356 1657 quiescens,
1369 1590 1531 1645 etiam
1557 1608 1644 1647 me
1663 1601 1851 1648 contra
1863 1610 2099 1651 canones

523 1681 766 1737 exhiberi
779 1682 1053 1753 praecepit.
1070 1681 1265 1738 Etcum
1278 1686 1543 1741 venissem
1563 1696 1880 1742 conventum
1891 1688 2099 1755 faciens

521 1772 899 1843 episcoporum
919 1773 1011 1843 qui
1035 1773 1233 1829 ibidem
1261 1777 1748 1842 commorabantur,
1792 1780 1895 1835 hoc
1919 1780 2097 1834 denuo

2202 586 2326 653 quia
2355 602 2463 639 non
2495 600 2663 654 usque
2690 586 2757 641 ad
2781 588 2883 643 hoc
2912 591 3281 659 acquiescant;
3326 592 3421 645 sed
3447 593 3612 647 etiam
3637 593 3727 646 ch.
3746 609 3777 647 a

2200 688 2397 744 corpus
2416 690 2548 730 more
2574 676 2802 733 miseria:
2829 693 2954 734 suas
2989 690 3215 736 exerant
3243 682 3579 749 inimicitias;
3612 692 3671 737 ut
3693 701 3779 739 ine

2201 766 2435 819 obeunte
2462 765 2637 821 nullus
2665 768 2835 836 possit
2861 766 3141 824 accusator
3177 772 3426 827 existere.
3478 772 3610 827 Nam
3650 772 3778 828 cum

2201 851 2386 905 relicta
2413 851 2598 906 fuisset
2623 856 2911 920 sententia,
2944 872 3067 911 mox
3109 858 3161 912 in
3182 860 3483 913 custodiam
3509 859 3605 915 Dei
3633 876 3779 915 ama-

2204 939 2408 993 toribus
2435 945 2601 995 sacra:
2626 939 2874 997 Ecclesia:
2901 944 3269 1001 defensoribus
3295 948 3452 1001 datus
3489 963 3628 1002 sum.
3672 949 3779 1004 Sed

2203 1028 2365 1097 aliqui
2388 1029 2555 1084 Deum
2575 1031 2841 1099 timentes,
2867 1043 2922 1087 et
2942 1050 3115 1088 meam
3138 1035 3455 1092 miserantes
3477 1037 3768 1101 miseriam,

2197 1119 2342 1187 quod
2371 1135 2543 1174 essem
2574 1121 2810 1192 undique
2837 1123 3157 1188 destitutus,
3189 1126 3244 1181 in
3269 1141 3365 1181 sua
3398 1126 3500 1182 ﬁde
3524 1144 3779 1199 suscepe-

2200 1216 2342 1273 runt,
2371 1210 2593 1263 multam
2621 1225 2719 1280 pro
2760 1226 2846 1266 me
2885 1214 3236 1280 quantitatem
3276 1218 3515 1285 pecuniae
3548 1220 3773 1286 promit-

2202 1303 2393 1358 tentes,
2443 1299 2566 1367 quia
2597 1314 2702 1354 non
2731 1299 3058 1365 recederem,
3108 1301 3203 1356 sed
3229 1304 3633 1360 observaturum
3659 1322 3777 1361 esse

2200 1386 2253 1439 in
2280 1387 2427 1453 regia
2453 1387 2708 1443 civitate:
2737 1390 2879 1444 hunc
2916 1391 3174 1445 habentes
3213 1405 3538 1464 magnopere
3577 1400 3775 1451 tracta-

2202 1481 2314 1527 tum
2343 1490 2532 1531 omnes
2557 1478 2648 1545 qui
2675 1480 2956 1534 adversum
2983 1496 3070 1535 me
3097 1481 3199 1535 ista
3222 1484 3694 1550 concinnaverunt,
3720 1496 3774 1540 ut

2199 1579 2308 1620 non
2338 1566 2537 1634 possim
2584 1566 2651 1621 ad
2708 1569 2930 1637 vestigia
2977 1579 3169 1625 vestrm
3204 1572 3548 1628 beatitudinis
3574 1591 3774 1629 convo-

2199 1654 2330 1721 lare,
2359 1665 2416 1710 et
2440 1671 2540 1726 pro
2568 1657 2663 1712 Dei
2712 1659 2964 1715 mandato
3008 1661 3239 1729 aliquam
3278 1663 3697 1721 misericordiam
3742 1684 3773 1721 a

2198 1745 2363 1801 vobis.
2379 1748 2673 1817 percipere.
2698 1749 2969 1818 Deprecor
2988 1751 3150 1820 igitur
3177 1758 3294 1821 vos,
3324 1754 3652 1811 miseremini
3672 1757 3771 1812 ho-

520 1837 755 1932 allegare
781 1880 888 1920 non
915 1837 1115 1933 distuli,
1147 1868 1320 1922 sancti
1347 1882 1412 1922 ac
1440 1869 1583 1923 beati
1610 1837 1799 1939 capitis
1824 1872 1989 1927 vestri
2010 1889 2096 1928 se-
2134 1852 2175 1909 Β
2378 1837 2566 1911 hum“!
2602 1848 2987 1939 “EXEI-Eam.
3010 1858 3212 1912 ammo’
3261 1844 3519 1939 ‘ff‘lm‘f.
3552 1863 3639 1939 mg
3680 1866 3772 1919 per

522 1952 646 2009 dem
673 1954 1021 2023 apostolicam
1052 1955 1363 2026 implorans,
1411 1967 1468 2015 et
1509 1961 1951 2018 consuetudinem
1978 1980 2095 2034 quae

521 2037 692 2115 usque
721 2046 980 2101 hactenus
1025 2048 1078 2102 in
1120 2058 1303 2104 nostra
1343 2052 1512 2107 tenuit
1538 2054 1831 2122 provincia,
1855 2071 1963 2112 non
2000 2058 2095 2114 de-

519 2135 650 2192 bere
670 2137 937 2192 convelli:
970 2145 1026 2193 et
1067 2139 1456 2210 supplieabam,
1505 2157 1574 2197 ne
1620 2144 1911 2200 auctoritas
1955 2147 2097 2203 sedis

522 2228 850 2296 apostolicae,
876 2242 996 2297 qua:
1026 2238 1137 2283 uta
1164 2230 1390 2286 Domino
1418 2242 1604 2288 nostro
1642 2232 1770 2294 Jesu
1802 2236 2015 2293 Christo
2042 2248 2098 2293 et

521 2332 555 2370 a
574 2318 742 2371 sacris
761 2318 1057 2373 canonibus
1078 2318 1202 2374 data
1223 2328 1326 2385 est,
1353 2321 1425 2377 ita
1452 2330 1509 2376 et
1544 2339 1640 2394 per
1667 2327 1940 2397 antiquam
1968 2344 2097 2384 con-

519 2406 857 2461 suetudinem
884 2417 1094 2462 servata
1115 2416 1216 2473 est,
1249 2409 1301 2464 in
1324 2410 1505 2482 aliquo
1531 2414 1841 2471 violaretur.
1872 2417 1976 2473 Sed
1996 2434 2097 2473 nec

521 2510 555 2549 a
579 2510 677 2550 sua
704 2496 872 2552 voluit
910 2497 1207 2554 intentione
1249 2501 1534 2557 recedere:
1566 2505 1661 2559 sed
1687 2521 1965 2563 assumens
2010 2524 2100 2563 au-

519 2582 775 2637 dientiam
805 2600 967 2638 unum
990 2586 1222 2641 studium
1253 2588 1458 2655 habuit,
1490 2600 1549 2645 ut
1585 2593 1638 2647 in
1670 2596 1867 2650 sanctis
1893 2595 2095 2652 Thes.~a

521 2673 604 2727 lim
629 2674 915 2743 provinciae
941 2673 1192 2731 Ecclesiis
1219 2676 1469 2736 dominus
1489 2690 1652 2751 atque
1673 2684 1838 2752 judex
1865 2702 1985 2743 esse
2014 2692 2094 2743 vi-

519 2762 727 2817 deatur.
770 2761 884 2833 Ego
913 2764 1071 2832 igitur
1112 2764 1459 2823 ﬂuctuantem
1506 2779 1882 2842 tempestatem
1928 2781 2097 2849 respi-

519 2854 704 2919 ciens,
773 2854 842 2908 ad
911 2863 1157 2911 sanctum
1218 2859 1536 2916 tutissimum
1591 2873 1825 2921 vestrum
1881 2878 2095 2936 portum

519 2943 760 3012 coniugi,
790 2952 845 2999 et
881 2945 1194 3015 petitionem
1225 2946 1445 3017 faciens,
1492 2951 1604 3008 haec
1648 2955 1762 3023 ipsa
1809 2971 2095 3026 suggerens

517 3033 587 3088 ad
613 3042 845 3088 vestram
872 3035 1259 3092 beatitudinem
1281 3039 1572 3107 destinavi;
1602 3044 1929 3113 supplicans,
1959 3057 2016 3103 ut
2041 3051 2094 3105 in

520 3138 606 3179 me
626 3124 883 3195 pietatem
910 3125 1005 3181 Dei
1032 3135 1089 3180 et
1107 3129 1309 3184 ‘sancta:
1333 3128 1610 3196 Ecclesiae,
1641 3148 1761 3203 quas
1788 3138 2095 3205 periclitan-

519 3212 660 3267 tibus
686 3226 899 3282 semper
924 3216 1225 3285 succurrit,
1253 3219 1522 3276 ostendas.
1551 3220 1857 3281 Sentientes
1893 3237 2090 3292 autem,
2119 3207 2166 3268 Ο

519 3310 577 3359 ut
603 3302 855 3368 arbitror,
887 3320 1022 3360 mea:
1048 3306 1171 3361 vita:
1199 3308 1557 3377 insidiatores,
1596 3315 1729 3383 quia
1773 3333 1881 3372 non
1918 3320 2094 3390 despi-

518 3391 638 3446 citis
657 3406 777 3461 quae
803 3402 923 3448 acta
944 3404 1089 3463 sunt,
1112 3396 1205 3451 sed
1232 3400 1602 3468 exsequimini,
1634 3404 1770 3459 sicut
1798 3410 2094 3466 sanctitatis

519 3491 711 3538 vestra:
733 3499 851 3538 mos
879 3494 980 3551 est,
1010 3494 1067 3541 ct
1094 3486 1338 3543 ordinem
1382 3500 1689 3548 sanctarum
1736 3494 2091 3557 Ecclesiarum

519 3575 816 3640 vindicatis,
844 3577 989 3631 omni
1017 3586 1213 3632 conatu
1238 3581 1317 3635 usi
1350 3592 1495 3648 sunt,
1519 3591 1578 3638 ut
1603 3595 1888 3657 antequam
1914 3592 2092 3662 aliqua

516 3666 785 3723 ordinatio
812 3677 990 3725 vestra
1018 3672 1319 3740 proveniat,
1359 3689 1511 3729 suam
1539 3678 1816 3746 perficiant
1841 3682 2091 3739 volunta-

494 3762 644 3812 tem.
671 3757 802 3813 Cum
832 3759 994 3828 igitur
1019 3761 1149 3815 nihil
1172 3765 1525 3833 approbatum
1552 3768 1620 3823 de
1647 3785 1733 3825 me
1759 3770 1963 3839 fuisset,
1992 3792 2093 3832 nec

517 3850 625 3901 ulla
680 3846 835 3916 culpa
876 3856 1022 3902 esset
1065 3851 1336 3921 Canonica:
1388 3854 1605 3910 ultionis
1656 3859 1815 3926 digna
1857 3864 2086 3929 inventa,

516 3938 835 3992 sententiam
876 3939 1246 4007 protulerunt,
1287 3950 1340 3996 et
1388 3944 1805 4003 condemnantes
1832 3966 1919 4006 me
1946 3968 1977 4007 a
2006 3970 2092 4008 sa-

517 4023 776 4078 cerdotali
804 4022 983 4080 oflicio
1010 4028 1402 4096 suspenderunt
1431 4048 1444 4083 :
1474 4046 1597 4086 cum
1636 4049 1723 4088 me
1749 4045 1960 4093 constet
1984 4056 2089 4096 non

517 4114 805 4169 demissum
834 4114 1114 4187 fuissepro
1147 4120 1281 4174 meis
1317 4119 1526 4190 plenius
1552 4125 1793 4193 partibus
1817 4127 2087 4198 allegare;

515 4205 612 4262 sed
636 4214 692 4261 et
729 4208 931 4277 petenti
973 4209 1148 4279 aliqua
1197 4226 1329 4266 mea:
1374 4228 1551 4269 causa:
1593 4217 1869 4286 profutura
1903 4230 2089 4278 osten-

517 4295 668 4364 dere,
696 4311 804 4352 non
833 4312 953 4353 esse
982 4302 1319 4369 permissum.
1346 4301 1684 4376 Quapropter
1702 4309 2088 4383 supplieabam,

518 4397 575 4442 ut
604 4404 710 4443 non
739 4397 867 4445 ante
893 4394 1159 4448 sententia
1189 4394 1460 4451 diceretur
1484 4413 1644 4467 quam
1673 4415 1793 4469 quae
1830 4412 1947 4459 acta
1967 4416 2092 4461 sunt

514 4479 583 4533 ad
609 4495 707 4535 vos
743 4481 1081 4539 beatissimos
1126 4485 1407 4553 referatur,
1450 4499 1510 4546 ut
1555 4491 1678 4548 inde
1708 4503 1882 4552 vestra
1918 4513 2089 4555 causa:

514 4569 774 4626 discussio
800 4584 1124 4631 servaretur.
1157 4577 1310 4643 Quod
1339 4579 1537 4636 dictum
1579 4586 1746 4654 magis
1772 4603 1867 4644 eos
1902 4591 2090 4648 adver-

511 4677 630 4716 sum
659 4677 746 4718 me
772 4665 1003 4735 amplius
1032 4666 1299 4734 incitavit;
1331 4679 1581 4741 putantes
1607 4676 1675 4730 de
1704 4693 1974 4735 sacrarum
1999 4698 2091 4738 ec-

510 4749 796 4843 clesiarum
824 4758 984 4824 regiae
1024 4757 1170 4812 urbis
1205 4761 1327 4825 jure
1375 4763 1573 4833 aliquid
1601 4767 1787 4834 minui,
1816 4771 1960 4841 quod
1988 4788 2088 4843 ego

512 4841 866 4910 apostolicam
912 4854 1147 4901 vestram
1188 4848 1370 4905 sedem
1415 4854 1561 4910 visus
1604 4872 1723 4911 sum
1760 4841 2083 4919 nominasse.

509 5119 613 5176 εει,
640 5113 887 5169 omnibus
911 5130 1216 5175 sanctarum
1247 5122 1606 5182 Ecclesiarum
1636 5130 1923 5202 privilegiis
1945 5147 2094 5193 ante-

509 5201 677 5271 cellit,
717 5202 773 5259 in
793 5206 944 5275 cujus
963 5211 1297 5268 confessione
1323 5230 1510 5274 omnes
1536 5221 1717 5276 mundi
1746 5226 2088 5293 requiescunt

510 5290 783 5351 Ecclesiaz.
806 5296 1080 5356 Sententia
1108 5304 1267 5372 igitur
1292 5307 1431 5364 lecta
1445 5309 1642 5379 justam
1658 5290 1838 5370 denuo
1850 5326 2083 5375 vestram

510 5386 835 5477 audientiam
880 5391 1180 5462 implorari,
1228 5399 1369 5469 apud
1410 5418 1570 5473 quam
1611 5405 1753 5460 nulla
1801 5408 2086 5477 cujuslibet

511 5473 832 5547 disceptatio
858 5490 1092 5539 vestram
1134 5496 1317 5557 potest
1334 5489 1633 5549 disturbare
1650 5473 1909 5565 justitiam
1938 5516 1950 5553 :
1987 5502 2081 5556 sed

512 5564 675 5659 timor
702 5570 795 5627 Dei
822 5580 913 5644 qut
943 5575 1084 5633 inest
1129 5579 1183 5634 in
1223 5580 1393 5647 vobis,
1426 5585 1541 5653 ipse
1567 5588 1855 5659 unicuique
1883 5604 1979 5647 sua
2006 5593 2085 5648 fa-

511 5656 587 5709 cit
611 5672 710 5727 per
733 5677 831 5718 vos
847 5665 967 5733 jura
996 5671 1220 5724 restitui.
1243 5672 1702 5747 Arhitrorautcm,
1731 5656 2080 5751 venerabiles,

510 5746 635 5814 quia
655 5748 1013 5819 despicientes
1040 5758 1112 5812 illi
1135 5776 1254 5828 quae
1282 5762 1409 5817 olim
1441 5764 1494 5819 in
1520 5782 1606 5820 me
1634 5783 1929 5841 gesserunt,
1959 5746 2081 5830 rur;

2196 1924 2425 1992 gratiam
2451 1940 2571 1994 qua:
2598 1927 2752 1983 vobis
2777 1943 2808 1982 a
2838 1929 3062 1985 Domino
3102 1940 3188 1986 est
3209 1933 3421 1991 collata.
3464 1935 3522 1990 Si
3549 1938 3694 1992 enim
3721 1950 3772 1994 et

2198 2012 2304 2067 alia
2322 2023 2545 2083 peccata
2571 2015 2842 2073 dimittere
2871 2028 3193 2088 potestatem
3222 2039 3252 2076 a
3280 2026 3446 2079 verbo
3474 2026 3566 2081 Dei
3590 2043 3768 2096 perce-

2199 2100 2379 2170 pistis,
2424 2102 2602 2158 divina
2639 2103 2852 2160 dicente
2880 2106 3173 2178 Scriptura,
3203 2113 3328 2180 quia
3367 2115 3513 2182 quod
3547 2118 3599 2170 in
3631 2130 3770 2175 terra

2197 2190 2484 2256 solveritis,
2517 2192 2623 2247 hoc
2647 2202 2704 2248 et
2728 2195 2780 2248 in
2809 2196 2959 2250 cmlis
2984 2212 3103 2252 esse
3121 2199 3354 2256 solutum
3383 2201 3597 2273 (Matth.
3625 2209 3769 2272 xvi);

2196 2289 2400 2349 quanto
2427 2283 2596 2350 magis
2631 2284 2897 2341 habebitis
2936 2297 3259 2356 potestatem
3306 2292 3359 2345 in
3405 2292 3488 2348 his
3513 2310 3632 2362 qua:
3676 2299 3770 2352 ad-

2200 2382 2409 2423 versum
2428 2385 2515 2424 me
2535 2378 2655 2425 acta
2682 2380 2844 2441 atque
2877 2374 3093 2430 decreta
3128 2379 3291 2441 sunt?
3320 2378 3434 2434 Tibi
3461 2384 3600 2436 enim
3628 2387 3768 2442 dere-

2197 2458 2344 2531 lictus
2362 2468 2438 2513 est
2464 2477 2674 2530 pauper,
2702 2464 2897 2532 pupillo
2919 2474 2971 2518 tu
2991 2482 3047 2520 es
3073 2468 3285 2537 adjutor
3311 2454 3482 2539 (Paul.
3514 2475 3588 2543 lx)
3607 2493 3622 2541 ;
3644 2480 3769 2546 quia

2196 2559 2300 2614 ego
2325 2546 2393 2601 ab
2420 2547 2565 2603 omni
2596 2551 2825 2605 humana
2865 2568 2962 2622 spe
2996 2554 3284 2613 derelictus
3312 2573 3433 2615 esse
3450 2577 3765 2633 cognoscor.

2200 2635 2267 2689 Et
2295 2639 2401 2692 alia
2427 2657 2602 2694 manu.
2647 2640 2950 2714 Stephanus
2976 2647 3198 2716 exiguus
3225 2649 3350 2706 huic
3390 2656 3767 2725 supplicationi

2199 2740 2330 2780 mea:
2356 2726 2665 2799 subscripsi.
2960 2732 2967 2739 “
3005 2759 3009 2763 -

2186 2854 2187 2857 η
2270 2827 2573 2883 Bonifacius
2587 2833 3184 2902 episcopusdixitzQum
3207 2838 3343 2894 lecta
3371 2846 3766 2905 suntecelesia-

2196 2915 2342 2969 sticis
2377 2916 2628 2972 indantur
2653 2921 2949 2976 annalibus.
2980 2922 3049 2977 Et
3089 2927 3286 2996 adjecit
3320 2948 3337 2983 :
3357 2930 3627 2998 Quoniam
3659 2939 3765 3000 diei

2198 3018 2322 3072 pars
2350 3005 2522 3073 major
2549 3018 2794 3078 exempta
2820 3018 2921 3074 est,
2953 3010 3129 3068 futura
3156 3013 3416 3086 sessione,
3455 3025 3500 3079 si
3525 3043 3633 3096 qua
3660 3029 3765 3088 alia

2197 3105 2477 3159 superesse
2501 3094 2696 3159 credis,
2729 3095 2977 3153 intimare
2995 3114 3101 3154 non
3128 3100 3362 3159 differas.

2756 3248 2928 3308 sessio
2967 3252 3217 3297 saccum.

2265 3364 2393 3421 Post
2417 3381 2749 3425 consumtum
2778 3371 3054 3445 Lampadii
3100 3388 3155 3433 et
3182 3379 3390 3438 Orestis
3431 3402 3518 3440 vv.
3545 3404 3626 3444 cc.
3662 3395 3762 3448 sub

2193 3450 2279 3507 die
2319 3469 2353 3507 v
2400 3454 2582 3511 iduum
2624 3458 2995 3518 Decembrium
3039 3466 3091 3518 in
3120 3470 3441 3528 consistorio
3471 3476 3611 3532 beati
3650 3481 3761 3534 An-

2193 3720 2542 3776 Demetriada:
2570 3723 2833 3793 civitatis,
2881 3725 3082 3784 Caroso
3121 3731 3593 3796 Centumcellensis
3628 3745 3760 3800 civi-

2190 3814 2337 3878 tatis,
2369 3814 2545 3869 Felice
2573 3814 2919 3872 Numentame
2946 3820 3178 3877 civitatis
3201 3827 3493 3900 episcopis;
3525 3834 3759 3890 residen-

2194 3905 2334 3959 tibus
2357 3908 2518 3961 etiam
2544 3908 2821 3975 Sanctulo,
2853 3912 3137 3982 Mercurio,
3158 3917 3370 3985 Vivulo,
3393 3919 3574 3987 Petro,
3598 3922 3759 3978 Even~

2193 3992 2288 4058 tio,
2311 3992 2525 4061 Albino,
2555 3994 2706 4061 Urso,
2724 3996 2904 4066 Petro,
2919 4000 3238 4071 Epiphanio,
3257 4004 3564 4073 Benedicto,
3587 4011 3757 4066 Servo

2191 4081 2307 4146 Dei,
2335 4082 2623 4151 Gaudioso,
2657 4087 2835 4155 Petro,
2869 4091 3170 4160 Valentino,
3200 4096 3430 4165 Renato,
3462 4099 3754 4165 Florentio.

2192 4169 2414 4239 Hilario,
2465 4175 2649 4242 Paulo,
2690 4178 2955 4248 Bacauda,
2993 4184 3323 4253 Innocentio,
3353 4188 3584 4258 Andrea,
3613 4193 3757 4249 Gau-

2191 4265 2363 4331 dioso,
2416 4267 2682 4340 Philippo,
2710 4273 3114 4346 Crescentione,
3159 4278 3455 4349 Libertino,
3482 4281 3755 4347 Januario,

2191 4354 2526 4423 Sebastiano,
2566 4358 2809 4431 Cyriaco,
2845 4363 3054 4429 Vivulo,
3090 4367 3337 4435 Dulcitio,
3364 4367 3590 4434 Joanne,
3632 4370 3757 4427 Pul-

2192 4446 2353 4512 lione,
2400 4448 2629 4517 Andrea,
2662 4451 2833 4519 Bono,
2876 4455 3184 4525 Laurentio,
3219 4459 3466 4528 Seleuco,
3513 4462 3755 4525 Rustico.

2119 4562 2166 4620 υ
2191 4532 2496 4615 Ccclestiuo,
2529 4536 2786 4607 Barbare,
2815 4539 3122 4610 Laurentio,
3144 4555 3200 4600 et
3220 4546 3516 4617 Redempto
3537 4551 3757 4621 presby-

2193 4624 2341 4686 teris,
2383 4627 2920 4699 astantibusquoque
2947 4630 3204 4699 Tribuuo,
3253 4634 3506 4705 Agapito,
3550 4638 3758 4694 Donato

2190 4721 2247 4766 et
2270 4712 2446 4768 Probo
2472 4715 2810 4783 diaconibus;
2848 4719 3113 4778 Tribunus
3149 4724 3558 4783 archidiaconus
3580 4728 3753 4783 dixit:
3807 4734 3816 4741 ’

2191 4800 2520 4858 Theodosius
2547 4804 2878 4864 Echiniensis
2898 4811 3125 4869 civitatis
3154 4814 3440 4885 episcopus
3466 4817 3757 4887 provincias

2189 4890 2496 4957 Thessaliae,
2525 4894 2665 4950 sicut
2693 4899 2960 4965 praeterita
2984 4903 3223 4958 sessione
3257 4905 3624 4971 constituistis,
3655 4909 3756 4963 ob-

2186 4991 2366 5036 servat
2404 5000 2417 5035 :
2460 4984 2587 5053 quid
2629 4984 2861 5053 jubetis?
2909 4990 3211 5047 Bonifacius
3254 4994 3539 5065 episcopus
3579 4997 3758 5054 Eccle-

2187 5071 2281 5125 sia:
2306 5071 2584 5127 catholicae
2619 5074 2763 5130 urbis
2807 5076 2987 5134 Roma!
3027 5081 3159 5134 dixit
3191 5100 3205 5134 :
3238 5081 3448 5137 Veniat.
3496 5083 3630 5139 Cum
3669 5088 3755 5141 in-

2187 5171 2401 5227 gressus
2428 5158 2633 5225 fuisset,
2681 5162 2983 5222 Bonifacius
3009 5168 3294 5240 episcopus
3318 5172 3452 5227 dixit
3494 5192 3507 5225 :
3543 5174 3754 5243 Ingres-

2183 5263 2274 5303 sus
2293 5248 2416 5318 quid
2441 5247 2707 5305 desiderat
2727 5266 3094 5322 prosequatur.
3128 5257 3456 5316 Theodosius
3476 5261 3755 5320 Echinien—
3820 5278 3831 5286 ‘

2184 5336 2256 5391 sis
2295 5338 2523 5394 civitatis
2560 5341 2841 5412 episcopus
2885 5347 3171 5414 provincia:
3201 5347 3487 5406 Thessalia:
3528 5370 3623 5423 per
3669 5358 3752 5413 in-

2186 5432 2473 5493 terpretem
2518 5426 2652 5481 dixit
2692 5447 2705 5483 :
2748 5429 2985 5500 Elpidius
3026 5434 3326 5504 Stephanus
3361 5452 3417 5495 et
3443 5440 3752 5501 Timotheus

2186 5513 2521 5583 venerabiles
2540 5517 2772 5588 episcopi
2802 5518 2990 5576 fratres
3010 5525 3111 5578 mei
3135 5523 3422 5583 Thessalia:
3439 5534 3749 5600 provincia,

2187 5615 2283 5668 per
2327 5617 2412 5657 me
2454 5603 2751 5661 offerendas
2796 5623 2959 5663 sacra:
2986 5610 3304 5671 beatitudini
3348 5629 3535 5674 vestrm
3564 5638 3751 5691 preces

2186 5690 2480 5747 destinasse
2502 5706 2817 5763 noscuntur;
2848 5715 2940 5755 eas
2966 5717 3178 5772 quoque
3205 5721 3292 5760 me
3313 5706 3571 5765 offerente
3601 5714 3750 5769 vobis

2186 5782 2397 5837 recitari
2426 5786 2716 5854 prtecipite.
2770 5789 3069 5847 Bonifacius
3104 5795 3385 5868 episcopus
3430 5800 3561 5857 dixit
3589 5821 3601 5855 :
3629 5802 3748 5858 [hcc
