4068 6342
275 405 345 462 ιά
1046 464 1055 475 ,
1166 406 1256 463 AD
1292 404 1583 464 SCRIPTA
1620 400 1956 461 BONIFACH
1995 400 2197 458 ΡΑΡΑΞ
2234 401 2279 457 11
2318 400 2679 459 APPENDIX.
3491 406 3561 461 ﬁ

272 519 441 573 etiam
470 514 716 572 chartula
730 516 934 574 notarii
956 518 1280 576 recitatione
1302 519 1591 590 pandatur.
1622 518 1867 588 Cumque
1896 519 1945 579 Α
1973 513 2258 569 Dominum
2280 521 2521 569 nostrum
2549 513 2736 569 audire
2758 521 2818 569 et
2845 513 3070 571 adorare
3108 513 3377 571 credimus
3402 532 3415 571 :
3440 531 3562 587 spe-

269 613 530 676 wscepta
554 602 764 672 fuisset,
797 606 981 663 Menas
1009 609 1251 666 notarius
1274 602 1543 665 recitavit.

345 698 583 759 Domino
625 707 814 757 nostro
856 709 1049 758 sancto
1093 709 1149 757 et
1196 702 1528 768 beatissimo,
1576 711 1633 758 et
1676 716 1868 757 revera

268 790 594 846 venerando
622 790 761 861 patri
789 800 1002 862 patrum
1031 799 1087 847 et
1120 793 1544 864 archiepiscopo,
1595 791 1871 848 Bonifacio

267 880 623 954 patriarcha,
657 879 915 952 Elpidius,
942 880 1245 953 Stephanus
1266 892 1320 938 et
1348 882 1661 939 Timotheus
1690 883 1869 953 exigui

266 970 545 1042 episcopi.

343 1061 715 1120 Necessitates
740 1078 861 1136 qua:
890 1082 991 1123 nos
1029 1067 1468 1137 constringebant
1517 1067 1645 1125 olim
1694 1077 1871 1126 vestra

266 1156 537 1225 cognovit
551 1156 859 1225 beatitudo;
882 1166 939 1214 et
955 1173 1180 1229 parvum
1202 1169 1589 1231 componentes
1608 1162 1869 1229 libellum,

265 1248 624 1302 sanctissime
650 1256 825 1319 pater,
870 1249 1071 1305 dudum
1099 1250 1236 1307 mala
1270 1267 1389 1323 qua:
1430 1254 1768 1323 pertulimus,
1817 1262 1874 1309 et

266 1338 509 1390 smviora
532 1353 655 1408 qua:
682 1347 1061 1409 exspectamus
1101 1341 1436 1399 declarantes
1476 1344 1868 1414 signiﬁcamus;

268 1436 329 1478 et
357 1426 490 1495 quia
521 1427 786 1482 voluntati
834 1436 998 1499 atque
1043 1430 1203 1487 minis
1247 1448 1435 1489 eorum
1481 1437 1573 1507 qui
1616 1437 1872 1494 adversus

232 1520 239 1525 ’
271 1530 377 1568 nos
407 1516 513 1570 ista
538 1517 836 1574 moliuntur
856 1521 1154 1578 servientes
1183 1539 1347 1579 unum
1374 1526 1577 1581 habent
1612 1530 1869 1597 studium,

270 1614 337 1660 ut
354 1604 670 1676 Stephanus
696 1607 792 1665 Dei
832 1619 1044 1668 amator
1068 1613 1361 1685 episcopali
1404 1619 1646 1688 privetur
1673 1620 1870 1678 oflicio.

270 1697 386 1755 Sed
411 1700 593 1758 adhuc
619 1718 685 1758 eo
707 1704 963 1775 loquente
988 1707 1126 1762 alter
1152 1710 1374 1765 nuntius
1398 1710 1665 1768 deteriora
1705 1715 1871 1783 signi-

271 1790 452 1848 ﬁcans
470 1795 637 1849 venit.
671 1795 849 1853 Factis
866 1798 1009 1853 enim
1038 1801 1323 1870 prioribus,
1349 1804 1628 1862 audientes
1646 1809 1873 1865 sanctis-

1972 610 2155 659 rantes
2199 610 2258 655 ut
2297 603 2616 657 miserorum
2663 601 2942 657 hominum
2999 602 3350 672 petitionem,
3398 618 3565 676 quam

1971 710 2093 751 cum
2123 695 2302 749 anima
2349 692 2695 749 tribulatione
2723 702 2886 764 atque
2926 694 3203 751 doloribus
3242 695 3401 766 plena
3431 712 3563 767 por-

1974 786 2231 849 reximus,
2263 783 2483 839 minime
2503 783 2842 853 despiciatis;
2870 783 2966 841 sed
2995 785 3095 840 iSta
3124 800 3567 873 congruactneu-

1971 873 2191 928 datione
2214 872 2562 942 corrigentes,
2618 873 2780 928 rebus
2808 874 2927 930 istis
2955 884 3354 943 succurrentes,
3372 872 3567 934 reme-

1974 964 2119 1020 dium
2166 963 2298 1019 dare
2342 962 2671 1032 dignemini,
2729 964 2857 1034 quia
2899 964 3085 1036 defecit
3129 967 3341 1035 spiritus
3391 979 3572 1024 noster

1975 1055 2148 1129 (Psal.
2178 1056 2363 1127 cxut),
2426 1056 2566 1112 sicut
2590 1056 2644 1110 in
2674 1054 2903 1113 Psalmis
2926 1057 3127 1113 dictum
3161 1067 3247 1114 est
3275 1060 3341 1115 ab
3370 1061 3438 1116 e'o
3476 1064 3571 1132 qui

1973 1148 2028 1202 in
2059 1148 2307 1217 angustia
2333 1146 2499 1201 animi
2527 1146 2867 1216 supplicabat
2892 1165 2904 1200 :
2929 1154 3197 1217 quatenus
3229 1149 3323 1204 Dei
3355 1161 3570 1207 amator

1972 1235 2073 1301 vir,
2121 1236 2214 1305 qui
2263 1235 2406 1290 sedis
2435 1234 2749 1305 apostolica:
2783 1234 2871 1303 jus
2922 1236 3194 1292 custodire
3233 1240 3573 1295 contendens

1973 1330 2123 1381 tanta
2162 1326 2308 1381 visus
2337 1335 2420 1380 est
2448 1324 2687 1395 pericula
2716 1325 3004 1390 sustinere,
3051 1328 3347 1395 apostolica
3377 1338 3571 1384 aucto-

1972 1417 2133 1472 ritate
2158 1432 2256 1472 suo
2285 1415 2599 1471 restituatur
2641 1413 2856 1483 ofﬁcio,
2915 1416 3309 1486 prospicientes
3340 1418 3391 1472 in
3425 1418 3573 1475 futu-

1972 1522 2090 1563 rum
2132 1514 2191 1561 ut
2235 1505 2568 1562 consuetudo
2608 1513 2917 1562 sanctarum
2968 1504 3329 1562 Ecclesiarum
3370 1520 3570 1566 nostra:

1975 1597 2265 1669 provincia:
2313 1596 2622 1650 nullatenus
2666 1594 3022 1649 convellatur.
3074 1594 3209 1661 Quia
3247 1597 3293 1651 si
3329 1613 3437 1653 non
3478 1598 3570 1656 Dei

1973 1685 2346 1741 misericordia
2392 1692 2448 1739 et
2493 1692 2674 1738 vestra
2717 1682 2993 1751 juvamiua
3042 1680 3570 1754 nos'prrcvcnerint,

1974 1776 2164 1831 tertius
2206 1783 2300 1829 aut
2325 1781 2550 1844 quartus
2578 1775 2795 1827 nuntius
2821 1772 3015 1827 similia
3044 1772 3339 1843 deportans
3366 1778 3567 1843 veniet,

271 1886 453 1941 sinius
481 1888 641 1956 regia:
669 1888 817 1945 urbis
844 1866 1099 1947 Ecclesia:
1146 1866 1362 1965 praesul,
1410 1904 1467 1952 et
1504 1916 1623 1971 quae
1651 1917 1773 1957 cum
1803 1919 1871 1959 eo
1906 1873 1948 1932 Β
1975 1870 2100 1939 quia
2132 1884 2237 1968 ".0"
2549 1867 2895 1971 ΞΨΡΙῘἮΨἮ.
2913 1866 3008 1971 De?
3051 1876 3569 1971 a.“‘i"’."?m.e‘f’"'7‘

272 1973 463 2031 fuerat
501 1987 687 2033 sancta
730 1980 989 2051 synodus,
1034 1982 1088 2038 in
1119 1986 1343 2054 pristina
1382 1989 1659 2047 voluntate
1696 1995 1872 2064 persi-

274 2073 512 2134 stentes,
536 2069 853 2139 eripuerunt
873 2086 903 2125 a
927 2074 1082 2129 nobis
1102 2074 1435 2147 Stephanum
1460 2080 1555 2136 Dei
1576 2091 1871 2141 amatorem

273 2168 565 2230 pastorem
587 2174 896 2221 nostrorum
910 2169 1008 2238 (al.
1028 2168 1294 2242 nostrum)
1317 2180 1374 2227 et
1393 2184 1593 2230 sancta:
1605 2176 1875 2246 Larisstea:

275 2248 560 2318 Ecclesiae,
602 2268 721 2323 qua:
765 2264 850 2310 est
893 2259 1308 2329 metropolitana
1355 2263 1545 2321 civitas
1585 2269 1875 2337 provincia:

276 2339 608 2409 Thessalim;
638 2346 1105 2404 condcmnationis
1135 2353 1461 2408 sententiam
1489 2368 1876 2427 componentes

270 2432 417 2488 sicut
447 2435 529 2489 eis
556 2438 906 2508 complacuit,
949 2441 1267 2511 adjecerunt
1307 2462 1415 2502 non
1446 2448 1610 2507 licere
1638 2467 1762 2508 eum
1804 2457 1873 2511 ad

277 2519 619 2579 Thessaliam
646 2527 916 2597 proficisci
944 2532 1297 2600 provinciam.
1328 2534 1435 2592 Sed
1458 2541 1751 2609 pmdictus
1778 2545 1872 2601 Dei

272 2624 492 2669 amator
519 2617 603 2671 vir
628 2618 822 2688 smpius
846 2620 988 2676 inter
1014 2630 1134 2678 acta
1165 2632 1499 2684 contestatus
1529 2638 1612 2686 est
1638 2636 1869 2691 sanctis—

273 2705 476 2760 simum
502 2708 663 2775 regia:
690 2709 839 2765 urbis
863 2712 1170 2782 praesulem,
1215 2721 1270 2770 et
1308 2717 1571 2788 synodum
1601 2737 1719 2792 qua:
1745 2740 1868 2780 cum

272 2810 341 2851 eo
364 2806 720 2865 convenerat,
768 2801 895 2871 quia
924 2818 1034 2858 non
1063 2803 1190 2860 licet
1217 2821 1313 2862 eos
1358 2807 1518 2864 istam
1546 2812 1871 2869 audientiam

272 2899 575 2951 assumere,
630 2896 687 2943 et
731 2903 893 2958 quam
935 2893 1167 2949 maxime
1195 2894 1396 2965 aliquid
1424 2897 1732 2970 decernere,
1777 2904 1871 2959 sed

272 2980 591 3048 apostolica:
617 2980 761 3047 sedis
791 2981 843 3037 id
869 2986 1161 3041 convenire
1188 2986 1526 3045 beatitudini.
1579 2991 1659 3047 Illi
1689 3002 1868 3052 autem

268 3079 686 3127 contemnentes
715 3072 830 3142 ejus
854 3076 1328 3146 contestationem,
1362 3087 1418 3135 et
1446 3096 1609 3151 quam
1631 3086 1869 3144 maxime

268 3160 396 3215 inde
443 3163 677 3232 amplius
717 3164 955 3231 incitati,
1019 3167 1503 3228 immisericordem
1544 3179 1865 3235 sententiam
1897 3209 1943 3271 ο

271 3256 636 3326 protulerunt.
685 3258 838 3314 lllum
867 3260 1084 3332 quidem
1118 3264 1215 3318 sic-
1243 3273 1569 3336 putaverunt
1609 3285 1639 3325 a
1682 3282 1867 3330 sancta

268 3353 461 3399 nostra
500 3344 743 3402 Ecclesia
783 3350 1206 3418 removendum;
1250 3353 1338 3425 jus
1383 3364 1565 3413 autem
1601 3360 1653 3415 in
1684 3370 1868 3420 nostra

269 3436 555 3505 provincia
591 3435 693 3491 sibi
720 3436 896 3495 facere
928 3444 1305 3512 praeparabant
1343 3463 1358 3500 :
1401 3455 1460 3502 ut
1486 3453 1736 3523 exemplo
1762 3456 1870 3512 isto

270 3541 434 3581 nemo
463 3527 663 3583 audeat
705 3529 773 3585 de
815 3540 1127 3589 sanctarum
1156 3535 1517 3597 Eeclesiarum
1563 3554 1868 3605 nostrarum

269 3616 390 3687 jure
443 3619 738 3690 quidquam
785 3620 986 3690 dicere,
1032 3640 1133 3681 nec
1174 3631 1491 3687 memoriam
1522 3631 1698 3693 facere
1726 3641 1870 3694 anti-

270 3709 497 3777 quitatis
524 3710 613 3764 vel
658 3725 846 3767 eorum
889 3728 1010 3785 quac
1038 3731 1208 3787 usque
1250 3719 1508 3778 hactenus
1555 3735 1863 3785 tenuerunt.

271 3799 407 3865 Quia
435 3800 601 3855 studii
628 3816 818 3859 eorum
867 3815 972 3874 est,
1019 3815 1080 3863 ut
1125 3810 1224 3865 sub
1267 3811 1661 3873 ordinationem
1702 3831 1754 3875 et
1778 3821 1867 3891 jus
1940 3844 1945 3849 ·

268 3902 471 3948 sanctae
500 3895 663 3964 regia:
689 3897 925 3953 civitatis
950 3897 1204 3958 Ecclesia:
1233 3920 1333 3962 nos
1362 3909 1589 3965 miseros
1613 3910 1863 3970 efﬁciant.

269 3979 376 4037 Pro
403 3983 604 4053 quibus
631 3986 881 4044 omnibus
923 3988 1170 4061 lugentes
1198 3994 1285 4051 die
1324 4012 1388 4053 ac
1416 4008 1581 4056 noctu
1624 4006 1865 4060 omnium

267 4061 539 4131 Salvatori
555 4074 685 4134 Jesu
699 4077 918 4137 Christo
937 4081 1050 4139 Deo
1070 4093 1258 4143 nostro
1279 4088 1543 4162 lacrymas
1573 4092 1861 4164 fundimus.

268 4173 321 4218 et
347 4166 609 4222 miseram
637 4176 877 4227 nostram
912 4176 1296 4243 prmtendimus
1337 4180 1614 4253 canitiem,
1660 4191 1864 4259 suppli-

267 4264 458 4312 cantes
486 4272 561 4313 ne
583 4275 684 4315 nos
706 4261 762 4317 in
786 4263 1032 4323 manibus
1054 4281 1242 4323 eorum
1268 4271 1406 4326 tradi
1433 4275 1731 4344 patiamini.
1758 4279 1863 4336 Pro

267 4346 350 4402 his
368 4347 522 4403 enim
553 4356 608 4404 et
635 4359 871 4410 vestram
893 4356 1228 4426 appellamus
1247 4359 1636 4422 beatitudinem
1657 4378 1712 4424 et
1733 4386 1865 4442 apo-

266 4437 518 4494 stolicam
565 4440 787 4512 sedem;
837 4454 894 4501 et
937 4462 1037 4518 per
1088 4464 1212 4505 eam
1257 4460 1343 4508 ter
1390 4454 1606 4513 beatum
1646 4437 1864 4520 Petrum

266 4539 434 4598 atque
470 4541 676 4589 sancta:
703 4533 958 4594 Ecclesiae
1006 4541 1239 4611 primum
1288 4555 1561 4616 pastorem
1588 4549 1859 4613 Christum
1893 4554 1943 4614 D

267 4660 1850 4706 ——.—._._______________

1858 4697 2084 4713 *-

1975 1957 2313 2026 conquiescit
2334 1956 2590 2021 intentio,
2616 1954 2713 2015 sed
2733 1963 2789 2010 et
2809 1955 2928 2011 aliis
2956 1955 3203 2025 plurimis
3224 1958 3322 2012 ista
3347 1958 3568 2029 facient,

1975 2058 2033 2105 et
2059 2065 2168 2105 non
2192 2059 2317 2105 ante
2345 2050 2628 2120 quiescent
2653 2064 2816 2119 quam
2842 2061 2901 2105 ut
2930 2049 2997 2104 ad
3028 2049 3276 2106 ell‘ectum
3307 2051 3569 2111 desideria

1974 2154 2073 2195 sua
2104 2139 2422 2210 perducant.
2455 2139 2523 2192 Et
2548 2139 2668 2192 alia'
2693 2156 2870 2194 manu.
2921 2139 3166 2210 Elpidius
3195 2144 3420 2211 exiguus
3450 2147 3570 2216 cpi-

1975 2243 2171 2299 scopus
2191 2236 2393 2285 sancta:
2411 2227 2679 2282 Thebana:
2695 2226 2949 2285 Ecclesia:
2967 2231 3275 2300 supplicans
3302 2249 3398 2304 per
3414 2234 3570 2292 Joan-

1977 2331 2103 2371 nem
2144 2317 2517 2389 presbyterum
2561 2332 2762 2383 meum,
2812 2319 2940 2387 quia
2989 2334 3098 2391 pra:
3142 2322 3331 2380 dolore
3378 2342 3593 2394 manus;

1979 2420 2114 2461 mea:
2142 2407 2486 2483 subscribere.
2508 2422 2617 2463 non
2650 2409 2822 2478 potui,
2868 2425 2955 2465 me
2978 2411 3204 2481 jubente
3230 2415 3596 2503 subscripsit?

1979 2496 2298 2555 Timotheus
2342 2501 2570 2569 exiguus
2611 2502 2898 2573 episcopus
2942 2515 3147 2562 sancta:
3175 2496 3569 2568 Dicmsariensis

1974 2583 2228 2642 Ecclesia:
2273 2590 2582 2660 supplicans
2640 2592 2948 2663 subscripsi.
3024 2584 3285 2662 Patricius
3345 2602 3593 2669 exiguus

1973 2676 2258 2747 presbyter
2282 2691 2481 2757 sancue
2509 2679 2603 2734 Dei
2629 2678 2962 2737 Laminensis
2989 2682 3241 2742 Ecclesia!
3270 2690 3335 2744 ad
3365 2694 3567 2759 regiam

1976 2768 2165 2822 urbem
2192 2770 2416 2825 veniens
2444 2754 2543 2840 pro
2574 2786 2802 2841 persona
2832 2772 3089 2845 Stephani
3128 2781 3299 2835 sancti
3330 2754 3597 2873 episcopi:

1974 2856 2116 2922 mei,
2146 2856 2262 2928 ipso
2277 2857 2503 2927 jubente
2530 2862 2837 2932 supplicans
2860 2865 3170 2937 subscripsi.

2043 2945 2352 3004 Bonifacius
2389 2950 2678 3023 episcopus
2704 2953 2839 3010 dixit
2881 2973 2894 3010 :
2936 2956 3064 3023 Quae
3094 2960 3234 3017 lecta
3260 2973 3388 3018 sunt
3419 2974 3567 3021 tran-

1958 3036 2298 3092 scribantur.
2334 3037 2403 3093 Et
2428 3041 2626 3110 adjecit
2650 3060 2661 3095 :
2687 3041 2744 3098 Si
2768 3044 2897 3113 quid
2929 3054 3010 3101 est
3036 3047 3204 3113 aliud,
3229 3064 3565 3123 suggeratur.

1973 3125 2313 3185 Theodosius
2340 3128 2676 3190 Echiniensis
2706 3135 2939 3192 civitatis
2963 3138 3249 3211 episcopus
3278 3143 3566 3202 Thessali-.2:

1972 3218 2263 3286 provincia:
2291 3237 2388 3292 per
2414 3222 2764 3294 interpretem
2794 3227 2930 3282 dixit
2958 3228 3071 3284 :Ex
3096 3232 3388 3290 reiectione
3415 3236 3567 3297 libel:

1973 3308 2150 3365 lorum
2174 3321 2352 3367 vestra
2375 3316 2630 3384 cognovit
2654 3317 2928 3375 beatitudo
2950 3336 3068 3391 qua:
3092 3332 3210 3378 acta
3232 3335 3354 3379 sunt
3374 3336 3566 3384 contra

1972 3410 2189 3458 sanctos
2215 3419 2451 3461 canones
2479 3414 2534 3462 et
2567 3408 2721 3463 ordin
2743 3410 2960 3466 .tionem
2992 3412 3333 3472 decessorum
3356 3430 3567 3475 vestro-

1973 3501 2112 3546 rum.
2136 3490 2268 3547 Nam
2295 3499 2862 3555 constatveuerandos
2875 3503 3019 3557 sedis
3043 3513 3238 3561 vestra:
3263 3509 3562 3580 pontiﬁces,

1971 3581 2224 3647 quamvis
2252 3583 2309 3637 in
2338 3593 2453 3640 toto
2475 3587 2676 3641 mundo
2701 3590 2857 3644 sedes
2879 3595 3181 3661 apostolica
3206 3596 3565 3657 Ecclesiarnm

1972 3670 2074 3724 sibi
2104 3669 2225 3737 jure
2252 3673 2486 3730 vindicet
2512 3677 2870 3747 principatum
2897 3691 2956 3736 et
2988 3684 3156 3739 solam
3183 3689 3568 3749 ecclesiasticis

1969 3756 2146 3815 causis
2179 3758 2413 3832 undique
2442 3765 2714 3834 appellare
2744 3783 2964 3825 necesse
3013 3773 3102 3837 sit,
3150 3778 3459 3847 specialiter
3480 3791 3557 3837 ta.

1971 3860 2093 3901 men
2141 3850 2521 3918 gubernationi
2562 3869 2675 3910 sure
2700 3855 2900 3928 Illyrici
2930 3859 3199 3922 Ecclesias
3240 3869 3562 3928 vindicasse.

1970 3936 2035 3991 Et
2079 3949 2208 3997 nota
2250 3951 2377 3998 sunt
2420 3944 2575 4000 vobis
2614 3949 2853 4004 omnium
2895 3954 3316 4022 praecedentium
3366 3964 3564 4035 scripta

1973 4025 2318 4097 pontificum;
2370 4040 2742 4091 verumtamen
2805 4042 3156 4108 quarumdam
3218 4025 3563 4118 epistolariun

1972 4118 2302 4190 exemplaria
2350 4124 2585 4194 prdlero,
2638 4141 2865 4198 quarum
2912 4130 3073 4187 tidem
3120 4135 3235 4191 ﬁeri
3275 4154 3342 4195 ex
3384 4153 3564 4201 vestro

1973 4223 2117 4265 nunc
2142 4212 2341 4269 scrinio
2371 4216 2605 4284 postulo.

2050 4299 2353 4359 Bonifacius
2380 4306 2666 4378 episcopus
2694 4308 2828 4364 dixit
2856 4330 2868 4366 :
2903 4310 3132 4371 Prolata:
3161 4322 3404 4389 epistola:
3433 4316 3569 4380 reci-

1948 4440 1952 4445 .
1978 4396 2180 4457 tentur,
2207 4400 2263 4448 et
2288 4394 2616 4465 scriptorum
2645 4396 2775 4456 lides
2804 4401 2858 4457 in
2887 4404 3030 4460 sedis
3053 4410 3363 4478 apostolica:
3384 4415 3567 4485 requi-

1971 4489 2124 4535 ratur
2161 4484 2382 4540 scrinio.
2429 4484 2673 4558 Cumque
2710 4503 2959 4563 suscepta
2990 4495 3217 4556 fuissent
3238 4484 3567 4575 exemplaria

1969 4565 2291 4639 litterarum,
2324 4573 2507 4630 Mentis
2537 4581 2775 4635 nutat-ius
2799 4583 3061 4642 recitzivit.

2090 4702 3497 4746 _____________________

1282 4748 2279 4906 OAPPENDIX

682 4954 872 5135 AD
954 4956 1557 5081 SCRIPTA
1640 4970 2368 5105 BONIFACII
2454 4992 2854 5114 PAP/E
2941 5003 3088 5117 ΙΙ.

1677 5149 2156 5179 “-¹----.

471 5193 904 5253 OBSERVATIO
927 5198 1221 5256 PHILIPPI
1251 5200 1494 5274 LABBE,
1523 5210 1580 5265 S.
1614 5211 1661 5266 .l.

686 5325 739 5364 IN
767 5325 1083 5374 εεουεκτεω
1116 5331 1432 5374 ερῐετοωυ.

332 5416 491 5473 Hanc
538 5414 727 5473 falsam
751 5427 807 5474 et
844 5420 1204 5479 adulterinam
1273 5428 1531 5485 rtedicant
1558 5432 1820 5490 Baronius
1847 5480 1863 5502 ,

332 5489 396 5541 ll.
428 5488 632 5552 aliique
672 5490 773 5544 viri
815 5493 1032 5552 eruditi.
1078 5511 1179 5551 nec
1222 5442 1482 5552 (“uitetur
1527 5502 1642 5552 inse
1685 5505 1863 5552 Βίηίηα

265 5486 632 5572 Dell._aliiqne
672 5490 773 5572 viri
815 5493 1032 5572 eruditi,
1078 5511 1179 5551 nec
1212 5486 1482 5572 dillitetnr
1526 5486 1867 5572 ipsein—nius

265 5566 374 5610 tum
403 5557 516 5621 hic,
546 5569 657 5612 tum
688 5561 739 5613 in
763 5562 904 5617 notis
929 5564 995 5646 ad
1014 5557 1172 5646 conc.
1204 5565 1389 5646 Carth.
1422 5586 1509 5637 vr,
1543 5557 1633 5646 ubi
1658 5557 1862 5646 inﬂa;

265 5636 440 5715 toch
465 5668 482 5692 ,
515 5638 877 5715 veteratorem
905 5640 961 5686 et
990 5637 1388 5692 mendaciorum
1419 5636 1858 5715 concinnatam-in

265 5697 506 5779 appellat
531 5697 800 5779 lsidornm
830 5701 1181 5779 Mercatore!!!
1205 5748 1221 5779 ε
1253 5723 1348 5764 seu
1377 5724 1538 5779 quem
1564 5697 1862 5774 audivisti;

265 5768 376 5846 ejus
396 5768 550 5822 larva
579 5768 869 5846 latentem._
885 5771 953 5826 Et
974 5789 1103 5830 vero
1132 5776 1184 5831 id
1204 5776 1325 5834 luce
1347 5768 1863 5846 meridianaclarins

264 5840 524 5894 evincunt
548 5854 670 5894 cum
693 5840 798 5896 alia
820 5841 992 5912 plura,
1021 5853 1132 5901 tum
1154 5849 1316 5904 verba
1340 5840 1704 5916 Romanorum
1729 5840 1863 5931 pou:

555 5935 828 5996 l‘nnoc.
880 5936 1046 5999 ωίγ

1977 5224 2179 5323 Lilicum
2206 5228 2508 5323 ἕλξεοηξε,
2536 5235 2831 5323 [formisdrc
2852 5252 2906 5298 et
2942 5245 3187 5323 Gregorii
3229 5249 3427 5323 Magni.
3454 5255 3571 5317 Non

1976 5301 2389 5392 gstfredi‘hile’,
2435 5301 2608 5392 inquit
2654 5308 2929 5392 Bellat'tn._
2953 5301 3186 5392 milia},
3223 5301 3571 5392 ἐξιῖἶῖἓὲῖῖίὲ

1980 5366 2134 5451 Dom.
2166 5366 2670 5469 pont..IGreg‘or‘ium
2704 5396 2736 5437 a
2763 5366 3048 5469 Bon‘ifa‘c-io
3071 5366 3173 5469 illa,

1974 5439 2635 5538 είεεενέίιιυίαοηιρξιςιειε
2916 5439 3573 5538 οἷ’ἷεδῖᾖειὶῖέῗέεἴ;“ἓίἶο

1974 5514 2869 5597 argumentoexsulllanturgnmes
2893 5514 3570 5597 pseudo-Isitlori‘merc'eus:

1974 5579 2270 5673 faccssant
2300 5584 2433 5673 hinc,
2466 5587 2640 5673 inquit
2669 5579 3569 5673 prognatifie’iiéidiéié?

2237 5650 2581 5745 vellhlnlcitur
2591 5661 2771 5745 paleis
2803 5650 3342 5745 Deiﬁltl‘cclesia'ﬁu;
3355 5650 3565 5738 Zs’t'éB'I

1971 5720 2153 5818 lamna
2202 5730 2257 5776 et
2305 5720 2702 5818 firmamentum
2732 5720 3200 5818 .veritatisVIsed
3223 5720 3567 5818 “detegam?”

1973 5792 2224 5879 technam
2271 5798 2682 5879 etnaperiatnus
2730 5792 3567 5879 imposittirainfetc.“
3636 5814 3651 5824 ί

1971 5861 2093 5917 vide
2119 5876 2249 5936 ann.
2275 5861 2493 5939 “9,-n.
2529 5869 2596 5924 92
2620 5881 2673 5929 ct
2699 5861 2862 5945 seqfi
2881 5861 3270 5947 5569w'l'dmv-“5:
3304 5861 3373 5973 ﬂ,

2869 5970 2910 6031 2
