4122 6330
473 415 546 473 ιδ
1358 414 1449 472 AD
1485 411 1774 471 SCRIPTA
1816 406 2059 467 BONIFA

2190 406 2394 468 ΡΑΡᾹΞ
2431 410 2477 468 ll
2494 460 2499 465 .
2516 410 2880 471 APPENDIX.
3684 408 3759 468 Η

893 541 919 567 α
950 528 1281 587 El'lSTOLA
1310 531 1352 584 ιι
1384 529 1566 602 (eun
1600 529 1643 593 ι)

578 630 834 679 UONIFACII
879 638 1026 675 PAI‘J
1070 637 1105 675 ll
1145 637 1211 675 AD
1251 635 1516 675 EULAIJUI
1546 635 1951 674 ALEXANDRINL'II

1112 727 1417 767 El‘lSCOl‘lll.

633 805 714 872 De
740 804 1157 860 reconciliatione
1182 801 1606 872 Carthaginensis
1629 800 1897 855 Ecclesiae.

544 870 852 954 Bonifacius
890 896 1175 966 episcopus
1215 870 1423 947 Eula'io
1449 890 1772 962 coepiscopo
1808 892 2055 947 salutem.

544 987 684 1044 Olim
729 988 798 1043 ab
839 987 994 1042 initio
1036 992 1240 1039 tantam
1267 982 1608 1053 percepimus
1649 997 1679 1037 a
1708 982 1868 1039 beato
1901 981 2061 1038 Petro

472 1096 503 1133 a
542 1077 842 1134 ostolorum
867 1074 1111 1147 principe
1143 1071 1408 1136 ﬁduciam,
1436 1079 1497 1126 ut
1515 1071 1809 1127 habeamus
1835 1072 2065 1126 auclori-

476 1177 641 1223 tatem
673 1165 961 1222 universali
1008 1162 1260 1218 Ecclesia:
1293 1163 1609 1233 (auxiliante
1637 1162 1890 1233 Domino)
1931 1163 2061 1217 sub-

470 1260 677 1321 venire,
707 1265 761 1312 et
785 1255 1047 1327 quidquid
1076 1254 1324 1310 nocivum
1349 1262 1432 1309 est
1459 1254 1778 1310 auctoritate
1799 1255 2060 1325 apostoli-

468 1367 532 1405 ca
561 1351 835 1418 corrigere
846 1359 902 1402 et
921 1346 1231 1402 emendare.
1264 1344 1345 1399 Ad
1376 1345 1479 1400 hoc
1505 1346 1649 1399 enim
1671 1346 1864 1400 divinae
1883 1346 2064 1414 dispo-

473 1441 683 1495 sitionis
712 1437 1174 1509 (dispensationis)
1215 1434 1454 1506 provisio
1498 1435 1695 1506 gradus
1716 1436 1978 1491 .diversos
2008 1445 2066 1491 et

472 1531 690 1586 ordines
718 1528 998 1586 constituit
1025 1541 1145 1582 esse
1186 1526 1485 1589 distinctos,
1535 1533 1596 1580 ut
1641 1526 1766 1581 dum
1808 1543 2061 1582 reveren-

472 1622 603 1674 tiam
632 1620 869 1673 minores
908 1616 1213 1687 potioribus
1242 1615 1593 1679 exhiberem,
1617 1624 1675 1670 et
1699 1618 1939 1687 potiores
1968 1617 2065 1671 mi-

471 1712 693 1766 noribus
716 1709 1061 1764 dilectionem
1091 1707 1483 1777 impenderent,
1511 1723 1614 1762 una
1641 1709 1941 1763 concordiae
1964 1708 2061 1764 ﬁe-

470 1811 553 1857 ret
580 1818 646 1857 ex
670 1800 979 1855 diversitate
1005 1799 1302 1866 contextio,
1315 1807 1370 1854 et
1390 1806 1536 1855 recte
1564 1797 1862 1855 oﬁlciorum
1889 1814 2058 1869 gene-

2090 533 2136 592 Α
2167 527 2404 598 :equales
2436 534 2590 592 sunt,
2617 527 2711 584 sed
2740 528 3075 598 inpotestate
3093 531 3149 582 et
3167 524 3359 583 ordine
3387 525 3781 600 (siculnoslis):

2163 616 2340 673 diﬁert
2368 619 2504 674 alter
2531 618 2599 673 ab
2628 618 2819 673 altero.
2853 617 2909 673 Si
2931 631 3061 687 ergo
3084 618 3226 674 inter
3255 618 3354 675 hos
3372 619 3465 690 qui
3484 621 3603 676 sine
3629 638 3759 691 pee-

2163 716 2287 764 catn
2314 720 2440 764 sunt
2460 717 2675 765 constet
2702 709 2861 763 istam
2891 722 3011 764 esse
3039 707 3441 765 distinctionem
3462 750 3476 773 .
3502 712 3623 780 quis
3650 711 3756 781 hos

2164 801 2364 856 minum
2390 801 2593 855 abnuat
2618 838 2634 865 ,
2663 800 2898 854 libenter
2926 799 3139 855 illorum
3166 814 3227 856 se
3268 799 3603 870 dispositioni
3629 802 3758 859 sub-

2165 892 2421 948 mittere?
2464 892 2563 948 Hic
2608 890 2787 964 (Hinc)
2837 892 2981 951 enim
3029 907 3135 962 pax
3170 894 3463 950 et.caritas
3487 902 3671 950 mutua
3696 911 3789 950 se.

2162 984 2282 1041 vice
2306 983 2739 1055 complectuntur
2757 1023 2771 1047 ,
2803 990 2858 1037 et
2881 990 3066 1040 manet
3090 982 3243 1038 ﬁrma
3271 985 3580 1051 concordia,
3610 1000 3674 1041 ac
3702 987 3757 1041 in

2163 1076 2370 1131 alterna
2396 1082 2451 1131 et
2479 1075 2590 1130 Deo
2612 1074 2805 1144 placita
2833 1073 3122 1130 dilectione
3151 1075 3451 1129 sinceritas.
3483 1074 3618 1142 Quia
3651 1076 3756 1145 igi-

2163 1166 2678 1238 turunumquodque
2702 1166 2989 1221 salubriter
3011 1172 3137 1220 tunc
3164 1166 3469 1236 completur
3493 1165 3754 1236 ofﬁcium,

2163 1273 2286 1313 cum
2310 1257 2471 1313 fuerit
2498 1270 2635 1333 unus
2663 1255 2729 1310 ad
2757 1272 2916 1326 quem
2946 1257 3114 1327 possit
3141 1255 3369 1324 recurri,
3400 1259 3751 1327 praepositus:

2163 1358 2288 1406 vota
2317 1357 2502 1404 nostra
2544 1348 2824 1404 caritatem
2874 1355 3020 1401 tuam
3049 1347 3219 1403 latere
3246 1347 3496 1404 nolumus
3523 1389 3540 1415 ,
3570 1363 3637 1403 ne
3663 1350 3755 1418 qui

2162 1442 2433 1513 particeps
2446 1440 2548 1495 fuit
2564 1440 2962 1507 sollicitudinis,
2974 1439 3293 1510 gaudiorum
3318 1438 3522 1496 fructus
3532 1439 3754 1513 (fructu)

2162 1534 2420 1607 reddatur
2446 1533 2698 1589 extorris.
2720 1530 2789 1585 Et
2815 1531 2938 1587 ideo
2962 1530 3437 1601 Carthaginensem
3463 1531 3755 1603 (Constan-

2163 1625 2570 1696 tinopolitanam
2594 1624 2733 1695 leges
2769 1622 2908 1694 apud
2936 1621 3304 1695 Hormisdam)
3353 1622 3651 1679 Eeclesiam
3689 1625 3757 1679 ad

2162 1715 2598 1770 communionem
2629 1722 2867 1769 nostram
2903 1714 3107 1769 redisse
3135 1714 3378 1785 (domino
3406 1717 3758 1793 propitiante)

2168 1805 2507 1860 tradentibus
2551 1804 2913 1874 signiﬁcamus
2962 1804 3229 1876 alloquiis,
3272 1814 3328 1860 et
3354 1806 3756 1874 mandatorum,

468 1903 682 1949 rarelur
708 1888 1029 1962 (gereretur)
1060 1889 1456 1947 administratio
1493 1892 1844 1960 singulorum.
1876 1894 2061 1963 Neque
2094 1897 2133 1955 Β
2163 1913 2282 1967 qua:
2333 1896 2522 1966 legatis
2577 1895 2775 1951 nostris
2830 1893 3094 1961 dedimus,
3144 1902 3341 1950 seriem
3399 1896 3454 1951 in
3508 1898 3756 1952 oumibus

470 1987 613 2041 enim
645 1983 966 2039 universitas
991 1983 1095 2037 alia
1134 1983 1336 2052 poterit
1378 1983 1588 2039 ratione
1610 1985 1924 2051 subsistere,
1954 1987 2058 2042 nisi

469 2076 774 2147 hujusmodi
830 2089 1054 2143 magnus
1099 2086 1221 2129 eam
1266 2073 1582 2130 diﬁ'erentite
1623 2076 1758 2132 ordo
1795 2086 2056 2134 servaret.

469 2169 604 2236 Quia
629 2184 760 2224 vero
788 2181 1016 2239 qumque
1044 2175 1294 2222 creatura
1324 2166 1377 2221 in
1411 2183 1517 2222 una
1546 2167 1843 2240 eademque
1871 2180 2059 2240 aequa-

469 2262 627 2316 litate
655 2258 939 2328 gubernari
961 2256 1047 2312 vel
1070 2257 1256 2313 vivere
1284 2271 1392 2312 non
1413 2265 1609 2328 potest,
1640 2258 1939 2315 ctelestium
1967 2260 2062 2314 mi-

468 2353 705 2409 litiarum
720 2350 965 2420 exempla
981 2363 1080 2404 nos
1093 2349 1361 2405 instruunt
1375 2348 1676 2423 (exemplar
1685 2367 1785 2408 nos
1797 2352 2058 2425 instruit):

469 2444 594 2518 quia
619 2441 746 2497 dum
778 2441 885 2495 sint
910 2440 1106 2509 angeli,
1131 2440 1241 2494 sint
1259 2441 1591 2511 archangeli,
1613 2441 1781 2512 liquet
1803 2443 1927 2515 quia
1950 2459 2058 2499 non

542 2564 567 2626 ξι
599 2549 862 2626 Epistola]
892 2551 1268 2626 Hacjepistola
1292 2553 1515 2626 dicitur,
1545 2569 1576 2608 a
1597 2550 1929 2626 temporibus
1957 2556 2061 2613 Bo-

467 2623 648 2685 nifacii
671 2632 726 2678 et
745 2622 1020 2680 C(elestiui
1045 2622 1380 2694 pontiﬁeum,
1409 2622 2056 2694 AfricananiEcelesiam,

468 2694 963 2768 propter_invi_sum
1005 2693 1105 2763 ipsi
1148 2694 1365 2768 modum
1404 2696 1791 2768 prosequenda:
1821 2698 2062 2768 appella.

468 2762 722 2836 tionisad
759 2763 943 2836 sedem
972 2762 1327 2836 apostolicam
1353 2762 1717 2836 interpositus,
1747 2762 1913 2836 opera
1945 2767 2060 2823 Au-

468 2837 587 2892 relii
614 2834 1057 2905 Carthaginensis
1096 2834 1335 2905 episcopi
1360 2834 1648 2905 schismate
1673 2834 1898 2892 divisam
1940 2852 2063 2896 esse

468 2908 537 2963 ab
559 2905 796 2961 Ecclesia
820 2903 1083 2965 Romana,
1101 2903 1513 2971 neque'ulterius
1532 2903 1612 2961 illi
1632 2908 2062 2967 communicasse

467 2990 638 3046 usque
663 2974 731 3046 ad
760 2984 1004 3046 tempora
1033 2971 1294 3046 Bonifacii
1323 2990 1475 3045 papae
1502 2975 1753 3042 secundi;
1784 2992 1908 3032 cum
1949 2978 2059 3033 Eu-

468 3044 626 3101 lalius
654 3044 1120 3115 Carthaginiensis
1143 3044 1460 3115 episcopus,
1484 3060 1592 3115 pro
1637 3046 1870 3102 ineunda
1920 3063 2057 3104 con-

468 3116 655 3173 cordia
690 3122 748 3169 et
792 3112 1185 3183 recuperanda
1217 3112 1782 3172 Romaniut—Ecclesia
1816 3116 2059 3175 comniw

466 3187 629 3256 nionc
653 3227 669 3253 ,
699 3180 953 3256 praedicto
993 3180 1272 3256 Bonifacio
1301 3184 1538 3245 libellum
1566 3186 1864 3256 supplicem
1894 3188 2054 3245 obtu-

2161 1987 2326 2044 fuisse
2388 1985 2730 2057 completam.
2793 1985 2870 2040 De
2934 2001 3040 2056 qua
3086 1993 3243 2056 parte
3272 2024 3289 2049 ,
3346 1997 3404 2041 ut
3468 1987 3537 2042 ad
3585 1989 3754 2043 dilec~

2164 2082 2361 2138 tionem
2408 2088 2554 2135 tuam
2608 2078 2821 2148 plenius
2884 2077 3124 2148 perfecte
3194 2079 3446 2147 gaudium
3504 2081 3754 2150 perveni-

2161 2180 2264 2239 ret,
2288 2172 2455 2228 libelli
2477 2171 2669 2227 Eulalii
2692 2169 2911 2224 ‘fratris
2928 2178 2987 2225 et
3009 2171 3413 2237 consacerdotis
3436 2158 3605 2227 nostri
3619 2171 3752 2226 ϐαι-ς

2162 2262 2495 2331 thaginensis
2514 2261 2778 2331 episcopi,
2800 2269 2856 2316 et
2875 2259 3161 2316 Justiniani
3182 2260 3582 2319 clementissimi
3610 2264 3750 2333 prin-

2162 2355 2296 2425 cipis
2317 2353 2553 2409 Orientis
2573 2368 2847 2416 sacrarum
2874 2353 3202 2425 exemplaria
3232 2353 3561 2409 credidimus
3586 2354 3750 2411 desti-

2162 2443 2357 2510 nanda,
2390 2443 2689 2498 iudicantes
2744 2442 3093 2498 nihilominus
3145 2458 3242 2514 per
3293 2438 3525 2499 Orientis
3575 2454 3751 2515 partes

2160 2555 2543 2612 Persecutione
2567 2553 2860 2625 Vandalica
2880 2595 2895 2616 ,
2936 2563 3099 2625 caput
3122 2555 3360 2611 omnium
3388 2554 3749 2612 Ecclesiarum

2160 2626 2374 2696 publice
2394 2626 2700 2697 proﬁtetur.
2731 2623 2905 2697 Quid?
2933 2623 3075 2697 quod
3104 2626 3332 2697 gentiles
3357 2635 3427 2697 et_
3458 2625 3638 2697 Ariani
3671 2630 3750 2697 (ut

2161 2694 2344 2751 videre
2369 2694 2453 2751 est
2494 2695 2635 2765 apud
2657 2694 2904 2765 eumdem
2934 2694 3211 2765 Xictorem
3240 2695 3331 2765 lib.
3359 2713 3375 2752 ι
3397 2694 3467 2751 de
3488 2694 3753 2755 Persecu-

2163 2762 2688 2837 tioneYandalica,et
2699 2763 3134 2837 Gregor.’l:ur’on.
3148 2764 3217 2820 de
3229 2762 3614 2837 Gloriamart;,
3629 2784 3750 2837 cap.

2161 2835 2253 2907 25)
2285 2836 2564 2892 Africanos
2587 2835 2921 2907 catholicos,
2953 2835 3227 2907 Romanos
3254 2836 3615 2907 appellarint,
3640 2835 3747 2907 non

2153 2904 2267 2961 “alia
2277 2908 2344 2961 de
2366 2922 2549 2974 causa,
2572 2904 2895 2976 quam-quod
2907 2919 3029 2961 cum
3046 2904 3285 2976 Romana
3299 2904 3537 2976 Ecclesia
3560 2907 3616 2961 in
3648 2906 3751 2963 ﬁde

2163 2986 2220 3032 et
2247 2977 2505 3045 religione
2530 2975 3009 3045 communicarent,
3034 2975 3258 3045 ejusque
3287 2975 3559 3044 pastorem
3589 2976 3748 3032 Chri~
3778 3008 3785 3015 ο

2162 3047 2232 3101 sti
2263 3044 2539 3121 vicarium,
2567 3045 2684 3117 pari
2705 3044 2836 3099 culti
2864 3060 3053 3100 omnes
3074 3046 3127 3098 in
3152 3044 3345 3101 litteris
3366 3046 3479 3101 suis
3506 3047 3750 3105 colerent

2163 3125 2219 3172 et
2244 3118 2616 3172 observarent.

2233 3186 2367 3243 Cum
2397 3188 2577 3255 itaque
2604 3200 2671 3255 ex
2720 3185 2803 3239 his
2832 3183 3174 3241 manilestum
3210 3186 3282 3241 sit
3313 3184 3621 3242 Africanam
3649 3186 3751 3243 Ec-

466 3254 635 3322 lisset,
668 3253 723 3310 et
744 3254 829 3334 §ic
868 3254 933 3308 ad
965 3253 1401 3334 communionem
1423 3253 1691 3312 rediissétl
1724 3257 1853 3325 Quae
1874 3261 2054 3317 omnia
2083 3271 2128 3334 ο
2161 3258 2379 3316 clesiam
2402 3253 2508 3312 non
2531 3254 2694 3334 modo
2713 3255 3329 3334 nunquamaﬂomanae
3357 3256 3611 3334 Ecclesia:
3632 3259 3750 3312 uni-

467 3324 837 3384 commentitia
861 3331 986 3379 sunt
1005 3323 1061 3379 et
1079 3324 1295 3380 natorie
1316 3324 1472 3381 falsa.

537 3396 669 3452 Nam
697 3394 1039 3450 manifestum
1081 3402 1164 3448 est
1197 3396 1632 3453 communionem
1660 3397 1926 3454 Africana:
1952 3398 2057 3457 Ec-

420 3484 429 3491 '
467 3468 644 3526 clesite
670 3482 700 3521 a
729 3463 1007 3537 Bonifacio
1035 3464 1078 3531 Ι,
1103 3462 1397 3537 Ctelestino
1419 3481 1714 3537 eorumque
1735 3472 2056 3526 successori

466 3540 567 3595 bus
592 3534 871 3609 permultis
898 3550 1069 3609 usque
1098 3534 1525 3609 adBonil’acium
1546 3534 1724 3605 ll,'ne
1745 3538 1961 3608 quidem
1990 3540 2058 3595 ad

466 3607 626 3665 unius
649 3607 755 3677 diei
775 3607 1028 3677 spatium,
1062 3614 1154 3660 aut
1177 3607 1322 3662 hora:
1347 3607 1507 3662 unius
1533 3607 1864 3664 momentum
1889 3611 2055 3666 interc

466 3682 630 3735 cisam
652 3675 835 3733 fuisse.
868 3675 1117 3732 Aurelius
1145 3684 1202 3731 et
1226 3678 1318 3747 qui
1343 3694 1465 3732 cum
1490 3692 1557 3732 eo
1571 3679 1824 3734 vivebant
1848 3678 2056 3737 Caeles-

465 3752 579 3807 tino
619 3749 1113 3815 communicarent,
1142 3754 1202 3800 ut
1231 3756 1379 3815 patet
1402 3763 1470 3803 ex
1494 3748 1599 3802 line
1624 3750 1865 3815 epistolae
1891 3766 2056 3815 syno-

465 3822 598 3875 dica:
622 3818 767 3889 illius
792 3833 954 3887 quam
972 3832 1053 3889 ex
1075 3817 1308 3889 concilio
1338 3817 1588 3873 Africano
1616 3817 1684 3873 ad
1710 3820 1882 3889 ipsum
1900 3817 2060 3875 dede-

456 3892 613 3954 runt,
642 3888 733 3942 ubi
767 3889 845 3940 sic
880 3887 1123 3940 scribunt
1155 3904 1167 3935 :
1214 3887 1469 3942 Dominus
1510 3896 1686 3942 noster
1730 3887 2057 3944 sanctitatem

466 3967 686 4014 uestram
714 3972 820 4011 levo
849 3954 1080 4027 longiore
1107 3965 1343 4010 orantem
1381 3973 1476 4027 pro
1499 3957 1646 4011 nobis
1670 3959 1948 4025 custodiat,
1971 3960 2060 4014 do-

467 4030 604 4088 mine
651 4029 834 4097 frater.
860 4024 989 4097 Qua;
1034 4039 1166 4097 sane
1206 4024 1406 4097 mutua:
1437 4028 1623 4097 pacis,
1676 4024 1983 4083 concordiae
2005 4037 2061 4084 et

452 4094 863 4169 communionis
884 4095 1163 4169 catholicae
1183 4094 1455 4169 symbola,’
1473 4096 1528 4150 in
1549 4094 1791 4169 formatis
1810 4100 2058 4169 usurpari

468 4168 646 4229 solita,
673 4166 740 4240 ad_
779 4166 1119 4240 pontilicem_,
1140 4165 1291 4240 velut
1317 4165 1717 4240 schismaticum
1756 4184 1865 4240 non
1888 4165 2059 4240 scrip-

466 4239 684 4297 sissent,
699 4236 744 4291 si
764 4252 794 4290 a
810 4236 1064 4291 Romana:
1081 4236 1334 4307 Ecclesia:
1349 4236 1550 4292 unione
1570 4252 1628 4293 se
1640 4236 2055 4307 prtescidissetit:

470 4308 706 4363 maxime
733 4321 877 4378 cum,
911 4312 1049 4378 teste
1099 4306 1420 4376 Augustino,
1452 4306 1682 4378 epistola
1723 4308 1829 4363 162
1875 4318 1930 4365 et
1956 4311 2060 4366 165
2094 4329 2099 4335 δ

468 4378 722 4451 praedicta
742 4377 905 4451 verba
933 4377 1002 4432 ad
1028 4378 1327 4451 catholicos
1353 4377 1636 4451 duntaxat,
1663 4394 1772 4451 non
1801 4380 2059 4451 adscitis-

471 4446 699 4505 inaticos
724 4446 888 4517 scribi
925 4449 1325 4517 consueverint.
1375 4447 1451 4504 De
1504 4449 1803 4517 Augustino
1856 4449 2058 4507 Aurelii

460 4520 675 4603 .eollega
698 4516 885 4603 scribit
923 4516 1254 4603 pmlestinus
1275 4518 1505 4603 epistola
1532 4516 1609 4572 ad
1620 4519 2057 4603 episcoposcal-

469 4593 571 4655 liae.
601 4585 779 4658 capite
798 4585 834 4642 2
863 4604 875 4639 :
904 4587 1245 4660 Augustinum
1261 4585 1457 4644 sancta
1478 4585 1851 4645 recordationis
1871 4591 2055 4660 virum,

591 4641 707 4715 pit;
731 4641 840 4715 sua:
869 4641 1141 4732 nteri’tisin
1161 4641 1338 4732 nostra
1358 4641 1935 4732 commanionesentper
2086 4641 2139 4701 D

384 4758 395 4769 -
466 4727 687 4794 buimus,
735 4736 839 4783 etc.
865 4727 1187 4798 Capreolum
1217 4728 1505 4798 Augustini
1522 4727 1891 4787 successorem
1912 4771 1928 4796 ,
1970 4747 2059 4787 sa—

466 4808 754 4857 crosancto
799 4797 1137 4870 meumenico
1181 4798 1420 4870 _concili0
1471 4797 1763 4870 Ephesino,
1813 4800 2059 4870 adeoque

468 4873 731 4940 universa:
753 4869 1028 4934 Ecclesiae,
1064 4885 1159 4940 per
1180 4868 1388 4925 litteras
1412 4877 1469 4924 et
1487 4868 1715 4938 legatos,
1742 4868 2060 4928 ibidem'lio-

469 4938 692 5012 noriﬁce
716 4950 988 5012 acceptos,
1016 4938 1463 5012 commonicasse,
1488 4940 1671 5012 videre
1699 4950 1784 4997 est
1816 4957 1884 4996 ex
1915 4946 2058 5001 notis

468 5010 704 5081 ejusdem
732 5009 945 5067 concilii
968 5026 1171 5081 supra..
1198 5009 1554 5081 Successores
1581 5009 1844 5067 Alricana:
1873 5011 2061 5071 Ecclee

467 5083 557 5134 sne
598 5080 881 5148 episcopos
906 5121 922 5145 ,
964 5080 1062 5150 per
1098 5082 1308 5137 litteras
1336 5080 1693 5150 quaestionum
1723 5082 2055 5138 diversarum

466 5150 794 5219 solutionem
813 5149 1092 5219 petentes,
1114 5152 1222 5206 Leo
1254 5149 1494 5219 pontifex
1516 5150 1799 5210 instruxit:
1823 5152 2058 5210 Hilarius

436 5286 440 5290 _
466 5220 685 5294 eosdem
716 5216 785 5271 ad
813 5216 1040 5294 Humani
1063 5216 1278 5294 concilii
1297 5222 1871 5294 Adecisiouesrecepit.
1902 5222 2060 5294 Sym-

469 5291 690 5346 machus
728 5303 867 5358 papa
897 5288 1163 5357 relegatos
1198 5292 1250 5344 in
1290 5291 1593 5348 Sardiniam
1621 5288 2059 5351 a‘Trasamn'ndo

468 5375 593 5428 rege
621 5360 830 5435 _Ari_ano
850 5359 1014 5435 pavit
1035 5368 1198 5430 atque
1223 5364 1453 5435 vestivit.
1483 5362 1616 5417 Dum
1648 5371 1903 5435 tempore
1935 5380 2059 5435 per-

464 5428 758 5511 secutionis
778 5429 1045 5511 episcopis
1066 5428 1557 5511 ac_saccr_dotibus,_
1571 5428 1794 5511 propter
1823 5428 2055 5501 edictum

466 5501 607 5571 regis
634 5499 702 5555 de
742 5499 862 5571 aliis
894 5500 1176 5571 episcopis
1224 5503 1275 5554 in
1306 5503 1480 5557 locum
1526 5499 1903 5571 defunctorum
1948 5499 2054 5560 non

465 5568 844 5638 subrogandis,
874 5568 1307 5634 destituerentur,
1328 5571 1566 5628 Ronnana
1597 5568 1840 5632 Ecclesia
1866 5574 2057 5631 iisdem

466 5641 742 5718 ministros
772 5640 1024 5711 baptismi
1050 5641 1879 5718 aliorumquesacramentorum
1927 5662 2057 5718 pro-

464 5711 788 5785 curavithut
816 5710 1027 5785 constat
1060 5728 1127 5785 ex
1158 5712 1375 5785 Ἥριοῳ
1401 5712 1542 5767 libro
1573 5716 1748 5785 primo
1770 5718 1837 5771 de
1864 5710 2055 5773 Perse-

464 5780 683 5857 cutione
711 5780 1030 5857 Vandalieag
1066 5783 1296 5839 Sanctus
1325 5780 1596 5851 Eugenius
1622 5784 2059 5857 Carthaginensis

464 5855 770 5923 episcopus,
790 5853 854 5923 in
886 5852 1103 5922 publico
1131 5862 1401 5915 conventu
1426 5869 1549 5910 cum
1579 5857 1788 5911 Arianis
1817 5852 2055 5923 acturus,

465 5922 761 5981 Ecclesiam
789 5922 1104 5979 Romanam.
1136 5931 1274 5980 teste
1303 5924 1493 5981 eodem
1523 5926 1740 5981 Victore
1768 5926 1904 5979 libro
1930 5943 1963 5955 η
1992 5928 2056 5966 Αο

2163 3337 2275 3389 tate
2303 3337 2358 3383 et
2385 3325 2762 3382 communione
2784 3324 3097 3397 descivisse
3120 3365 3136 3391 ,
3169 3342 3354 3381 verum
3385 3330 3561 3397 potius
3603 3343 3749 3382 eam-

2160 3397 2304 3461 dem,
2334 3398 2499 3455 etiam
2528 3395 2918 3466 persecutionis
2935 3403 3197 3466 tempore,
3217 3397 3365 3451 velut
3387 3395 3617 3451 matrem
3640 3412 3749 3453 sua:

2160 3468 2492 3535 aliarumque
2516 3465 2883 3521 Eccleslarum
2909 3465 3207 3537 agnovisse,
3223 3467 3343 3537 quis
3370 3466 3618 3522 falsitatis
3641 3484 3748 3523 non

2161 3545 2351 3607 arguat
2379 3538 2517 3593 hanc
2543 3537 2829 3607 epistolam
2850 3576 2865 3602 ,
2907 3552 3014 3607 qua
3041 3536 3281 3592 Eulalius
3300 3536 3493 3607 aliquis
3520 3537 3748 3593 Cartha.

2158 3608 2394 3677 ginensis
2436 3608 2725 3677 episcopus
2753 3607 3215 3677 profintegranda
3257 3608 3457 3662 unione
3507 3608 3749 3665 libellum

2161 3676 2658 3748 Obtulisse'd’icilur,
2707 3676 2923 3745 quando
2955 3692 3143 3733 omnes
3190 3677 3441 3748 episcopi
3473 3678 3747 3748 catholici,

2160 3755 2421 3816 regnante
2467 3746 2723 3803 Gilimere
2780 3760 2907 3815 rege
2946 3748 3171 3817 Ariano,
3222 3745 3573 3802 exsulabant?
3619 3745 3746 3814 Quis

2159 3818 2426 3873 mendacii
2456 3833 2562 3871 non
2585 3827 2803 3874 accuset
2832 3832 2950 3873 eam
2981 3832 3100 3886 qum
3121 3858 3135 3882 ,
3166 3818 3387 3873 sedente
3412 3819 3747 3873 Alexandriae

2160 3887 2463 3959 Timotheo
2476 3887 2594 3959 ejus
2623 3888 2853 3942 nominis
2875 3888 3035 3959 tertio
3065 3889 3320 3959 episcopo
3348 3888 3623 3951 baeretico,
3650 3886 3747 3943 ﬁn-

2160 3958 2303 4031 gitur
2328 3958 2399 4031 ad_
2424 3956 2692 4031 Eulalium
2726 3956 3141 4031 Alexandrinum
3175 3956 3373 4031 (nullus
3403 3959 3505 4031 hoc
3532 3959 3747 4031 nomine

2160 4026 2554 4098 Alexandrinus
2581 4028 2715 4083 vixit
2742 4028 3050 4097 episcopus,
3084 4036 3143 4098 ut
3169 4026 3317 4098 patet
3345 4033 3412 4083 ek
3442 4028 3746 4098 Nicephoro

2160 4096 2407 4169 aliisque)
2421 4098 2713 4169 antistitem
2730 4096 3063 4153 transmissa?
3074 4096 3201 4169 Quis
3211 4098 3443 4168 denique
3455 4096 3745 4169 impostura

2160 4177 2217 4222 et
2245 4167 2430 4223 fraude
2458 4168 2820 4238 plenissimam
2851 4183 2970 4224 esse
2999 4167 3111 4226 non
3136 4169 3312 4234 dicat,
3356 4167 3469 4237 qua
3497 4168 3747 4224 scribitur

2161 4235 2769 4294 Africanam'Ecclesiam
2784 4238 2923 4292 ultra
2936 4249 3151 4294 centum
3163 4254 3336 4296 annos
3351 4235 3747 4297 schismaticam

2161 4307 2348 4379 fuisse,
2376 4322 2494 4379 qua:
2520 4324 2587 4363 ne
2606 4308 2824 4377 quidem
2851 4308 3007 4362 unius
3036 4308 3184 4368 horas
3212 4310 3388 4379 spatio
3436 4309 3504 4363 ab
3530 4309 3747 4379 unitate

2162 4377 2412 4434 Ecclesia:
2428 4378 2686 4433 Romanae
2695 4394 2755 4459 se
2789 4392 3021 4447 unquam
3026 4377 3308 4503 praecidit?
3327 4377 3595 4449 Oporteba
3604 4378 3749 4460 ttale

2163 4457 2526 4503 commentum
2557 4458 2888 4503 excogitare.
2918 4456 2978 4503 ut
3074 4451 3382 4503 ueustinos.
3439 4447 3708 4503 Euaemos
3728 4486 3744 4503 .

2163 4457 2526 4503 commentum
2557 4448 2888 4518 excogitare,
2918 4456 2978 4503 ut
3026 4447 3388 4518 Augustinus,
3439 4447 3708 4518 Eugenios
3728 4486 3744 4511 ,

2162 4518 2493 4587 Fulgentius,
2506 4519 2649 4573 viros
2660 4517 2946 4574 sanctitate
2957 4517 3355 4587 celeberrimos.
3374 4534 3492 4575 cum
3507 4517 3746 4584 Aurelio,
3777 4566 3785 4572 .

2161 4586 2320 4658 quem
2353 4590 2451 4659 ipsi
2480 4588 2784 4644 schismatis
2808 4597 3084 4644 auctorem
3109 4630 3124 4656 ,
3163 4586 3398 4659 Prosper
3426 4604 3554 4642 vero
3584 4586 3747 4659 Aquis

2164 4669 2337 4723 tanus,
2361 4658 2574 4730 Patrem
2593 4668 2643 4713 et
2672 4659 2848 4730 digna:
2868 4662 3129 4714 memoria:
3153 4658 3519 4714 nominandum
3542 4658 3761 4730 antistid‘

2162 4736 2263 4783 tem
2290 4768 2304 4793 ,
2339 4729 2554 4783 celestis
2583 4726 2770 4799 patria:
2808 4731 2967 4790 civem
2996 4732 3253 4801 appellat,
3298 4742 3418 4801 cum
3448 4726 3749 4801 agminibus

2160 4801 2478 4870 quibusdam
2502 4809 2808 4872 sanctorum
2825 4798 3118 4872 martyrum
3145 4817 3210 4859 ac
3238 4800 3624 4872 confessorum,
3648 4798 3746 4872 qui

2162 4867 2408 4942 tempore
2449 4869 2836 4942 persecutionis
2862 4867 3168 4929 Vandalicas
3190 4887 3305 4942 ,pro
3343 4869 3446 4932 ﬁde
3483 4867 3747 4942 catholica

2162 4938 2410 4997 obierant
2432 4938 2461 5005 ,⁷
2479 4955 2510 4994 e
2535 4940 2814 4995 matricula
2841 4948 2897 4995 et
2920 4957 3074 4997 sacra
3103 4938 3415 4997 sanctorum
3445 4938 3627 4993 tabula
3654 4953 3747 4991 ex-

2161 5027 2402 5082 pungere
2447 5018 2691 5082 possent.
2739 5009 2872 5065 Nam
2917 5013 2964 5067 si
2996 5013 3226 5082 integro
3264 5010 3461 5066 abhinc
3514 5008 3746 5082 szpculo,

2161 5077 2358 5151 nem'pe
2383 5097 2412 5136 a
2443 5077 2717 5136 Bonifacio
2749 5096 2921 5150 usque
2946 5081 3012 5137 ad
3039 5077 3155 5137 luce
3179 5091 3421 5149 tempora
3447 5121 3463 5148 ,
3495 5077 3748 5151 Africana

2161 5149 2401 5207 Ecclesia
2421 5152 2473 5206 in
2495 5151 2783 5206 schismate
2801 5149 3181 5221 perseveravit,
3208 5151 3339 5207 nihil
3355 5158 3437 5221 est
3461 5149 3746 5221 utinterea

2160 5223 2355 5294 aliquis
2383 5222 2619 5294 legitima
2662 5218 2861 5294 corona
2892 5223 3133 5294 martyrii
3163 5218 3424 5294 impertiri
3451 5219 3536 5273 vel
3567 5218 3748 5294 aliqua

2159 5289 2513 5367 confessionis
2542 5293 2763 5367 pra‘mio
2792 5289 3059 5347 munerari
3093 5289 3329 5362 potuerit
3351 5330 3368 5354 ,
3399 5304 3521 5367 cum
3550 5289 3749 5367 unani-

2160 5363 2234 5417 mi
2283 5357 2793 5417 onmium'Patrum
2843 5357 3109 5417 consensu
3160 5370 3370 5418 certum
3411 5361 3511 5422 sit,
3546 5357 3748 5412 nullam

2159 5447 2318 5503 posse
2333 5447 2452 5487 esse
2476 5434 2936 5491 schismaticorum
2961 5448 3237 5496 coronam,
3289 5439 3618 5503 utpotequze
3639 5432 3771 5495 non‘

2160 5501 2279 5558 nus
2304 5518 2463 5573 quam
2492 5503 2545 5557 in
2575 5503 2750 5557 stadio
2773 5503 3050 5573 catholico
3073 5503 3327 5558 Ecclesia:
3354 5501 3590 5572 legitime
3629 5514 3748 5553 cer-

2162 5571 2398 5631 tantibus
2422 5612 2437 5639 ,
2466 5574 2814 5630 concedatur.
2845 5571 2978 5629 Vide
3008 5573 3205 5628 Barou.
3236 5574 3293 5628 in
3337 5571 3480 5628 notis
3522 5578 3746 5639 martyr.

2161 5644 2249 5701 die
2276 5642 2344 5697 l6
2371 5642 2590 5701 Octobr.
2616 5646 2664 5698 ὸ.
2698 5644 2840 5698 'ltem
2881 5659 2947 5698 ea
2993 5660 3113 5714 qua:
3157 5645 3677 5714 nolavimusisupra
3696 5639 3749 5696 in

2161 5715 2392 5772 cnncilio
2437 5715 2668 5783 Carthag
2746 5729 2836 5779 vr,
2884 5710 3075 5770 verbo.
3106 5714 3412 5770 Concilium.
3446 5713 3596 5789 .Ssv.
3642 5710 3749 5765 B|~

2162 5803 2298 5844 NIUS.
3302 5822 3303 5825 η

2237 5862 2251 5878 '
2282 5854 2525 5927 Episcopi
2553 5854 2663 5910 (ΣΡ.
2688 5865 2738 5910 et
2763 5853 2983 5926 Justini,
3006 5859 3167 5913 habet
3194 5856 3407 5916 Horum,
3436 5872 3503 5911 ex
3530 5866 3641 5925 quo
3658 5848 3751 5923 vel

2163 5926 2392 5984 maxime
2421 5926 2571 5997 patet
2594 5928 2735 5980 fraus
2764 5928 3165 5999 interpolatoris
3194 5926 3423 5983 ridiculi.
