  <div class='ocr_page' id='page_1' title='image "/cluster/home/n/w/nwhite01/storage/ocr_20150623/65/hvd.32044054128558/028.png"; bbox 0 0 4068 6342; ppageno 0'>
   <div class='ocr_carea' id='block_1_1' title="bbox 336 382 3617 475">
    <p class='ocr_par' dir='ltr' id='par_1_1' title="bbox 336 382 3617 475">
     <span class='ocr_line' id='line_1_1' title="bbox 336 382 3617 475; baseline 0.001 -33"><span class='ocrx_word' id='word_1_1' title='bbox 336 385 414 453; x_wconf 68' lang='grc' dir='ltr'><strong>ιδ</strong></span> <span class='ocrx_word' id='word_1_2' title='bbox 1230 387 1320 443; x_wconf 81' lang='lat' dir='ltr'><strong>AD</strong></span> <span class='ocrx_word' id='word_1_3' title='bbox 1355 385 1645 451; x_wconf 74' lang='lat' dir='ltr'><strong>SCRIPTA</strong></span> <span class='ocrx_word' id='word_1_4' title='bbox 1684 384 2014 443; x_wconf 77' lang='lat' dir='ltr'><strong>BONIFACll</strong></span> <span class='ocrx_word' id='word_1_5' title='bbox 2054 382 2254 475; x_wconf 62' lang='lat' dir='ltr'><strong>PAl’A’.</strong></span> <span class='ocrx_word' id='word_1_6' title='bbox 2292 387 2336 444; x_wconf 83' lang='lat' dir='ltr'><strong>il</strong></span> <span class='ocrx_word' id='word_1_7' title='bbox 2380 386 2735 446; x_wconf 72' lang='grc' dir='ltr'><strong>ΑΡΡΕΝΜΧ.</strong></span> <span class='ocrx_word' id='word_1_8' title='bbox 3540 393 3617 456; x_wconf 67' lang='lat'><strong>48</strong></span> 
     </span>
    </p>
   </div>
   <div class='ocr_carea' id='block_1_2' title="bbox 336 490 3619 579">
    <p class='ocr_par' dir='ltr' id='par_1_2' title="bbox 336 490 3619 579">
     <span class='ocr_line' id='line_1_2' title="bbox 336 490 3619 579; baseline 0.002 -19"><span class='ocrx_word' id='word_1_9' title='bbox 336 503 601 579; x_wconf 87' lang='lat' dir='ltr'><strong>plurimos</strong></span> <span class='ocrx_word' id='word_1_10' title='bbox 643 500 930 573; x_wconf 88' lang='lat' dir='ltr'><strong>episcopos</strong></span> <span class='ocrx_word' id='word_1_11' title='bbox 953 500 1030 557; x_wconf 88' lang='lat' dir='ltr'><strong>sic</strong></span> <span class='ocrx_word' id='word_1_12' title='bbox 1058 499 1267 558; x_wconf 86' lang='lat' dir='ltr'><strong>fecisse.</strong></span> <span class='ocrx_word' id='word_1_13' title='bbox 1299 501 1557 572; x_wconf 74' lang='lat' dir='ltr'><strong>Superest</strong></span> <span class='ocrx_word' id='word_1_14' title='bbox 1605 509 1663 555; x_wconf 92' lang='lat' dir='ltr'><strong>ut</strong></span> <span class='ocrx_word' id='word_1_15' title='bbox 1717 516 1748 555; x_wconf 84' lang='lat' dir='ltr'><strong>a</strong></span> <span class='ocrx_word' id='word_1_16' title='bbox 1774 499 1931 555; x_wconf 85' lang='lat' dir='ltr'><strong>nobis</strong></span> <span class='ocrx_word' id='word_1_17' title='bbox 1960 508 2008 562; x_wconf 78' lang='grc' dir='ltr'>Α</span> <span class='ocrx_word' id='word_1_18' title='bbox 2034 500 2206 556; x_wconf 91' lang='lat' dir='ltr'><strong>stiana</strong></span> <span class='ocrx_word' id='word_1_19' title='bbox 2245 503 2542 557; x_wconf 86' lang='lat' dir='ltr'><strong>rectoribus</strong></span> <span class='ocrx_word' id='word_1_20' title='bbox 2565 544 2582 570; x_wconf 92' lang='lat'><strong>,</strong></span> <span class='ocrx_word' id='word_1_21' title='bbox 2610 504 2700 573; x_wconf 98' lang='lat' dir='ltr'><strong>qui</strong></span> <span class='ocrx_word' id='word_1_22' title='bbox 2727 504 3049 575; x_wconf 78' lang='lat' dir='ltr'><strong>compressis</strong></span> <span class='ocrx_word' id='word_1_23' title='bbox 3080 490 3303 576; x_wconf 81' lang='lat' dir='ltr'><strong>provida</strong></span> <span class='ocrx_word' id='word_1_24' title='bbox 3331 504 3619 579; x_wconf 84' lang='lat' dir='ltr'><strong>dispensa-</strong></span> 
     </span>
    </p>
   </div>
   <div class='ocr_carea' id='block_1_3' title="bbox 336 592 1927 665">
    <p class='ocr_par' dir='ltr' id='par_1_3' title="bbox 336 592 1927 665">
     <span class='ocr_line' id='line_1_3' title="bbox 336 592 1927 665; baseline -0.003 -13"><span class='ocrx_word' id='word_1_25' title='bbox 336 594 795 653; x_wconf 87' lang='lat' dir='ltr'><strong>contendentibus</strong></span> <span class='ocrx_word' id='word_1_26' title='bbox 835 594 1085 665; x_wconf 82' lang='lat' dir='ltr'><strong>precibus</strong></span> <span class='ocrx_word' id='word_1_27' title='bbox 1112 594 1362 653; x_wconf 74' lang='lat' dir='ltr'><strong>divinitas</strong></span> <span class='ocrx_word' id='word_1_28' title='bbox 1390 604 1614 651; x_wconf 80' lang='lat' dir='ltr'><strong>exorata</strong></span> <span class='ocrx_word' id='word_1_29' title='bbox 1643 592 1927 661; x_wconf 77' lang='lat' dir='ltr'><strong>concedat,</strong></span> 
     </span>
    </p>
   </div>
   <div class='ocr_carea' id='block_1_4' title="bbox 334 685 1931 761">
    <p class='ocr_par' dir='ltr' id='par_1_4' title="bbox 334 685 1931 761">
     <span class='ocr_line' id='line_1_4' title="bbox 334 685 1931 761; baseline -0.003 -16"><span class='ocrx_word' id='word_1_30' title='bbox 334 697 610 761; x_wconf 76' lang='lat' dir='ltr'><strong>quatenus</strong></span> <span class='ocrx_word' id='word_1_31' title='bbox 636 687 707 746; x_wconf 76' lang='lat' dir='ltr'><strong>de</strong></span> <span class='ocrx_word' id='word_1_32' title='bbox 742 687 972 745; x_wconf 84' lang='lat' dir='ltr'><strong>aliarum</strong></span> <span class='ocrx_word' id='word_1_33' title='bbox 1017 702 1234 758; x_wconf 89' lang='lat' dir='ltr'><strong>quoque</strong></span> <span class='ocrx_word' id='word_1_34' title='bbox 1283 685 1649 746; x_wconf 83' lang='lat' dir='ltr'><strong>Ecelesiarum</strong></span> <span class='ocrx_word' id='word_1_35' title='bbox 1693 685 1931 743; x_wconf 81' lang='lat' dir='ltr'><strong>redinte-</strong></span> 
     </span>
    </p>
   </div>
   <div class='ocr_carea' id='block_1_5' title="bbox 334 775 1935 850">
    <p class='ocr_par' dir='ltr' id='par_1_5' title="bbox 334 775 1935 850">
     <span class='ocr_line' id='line_1_5' title="bbox 334 775 1935 850; baseline -0.002 -17"><span class='ocrx_word' id='word_1_36' title='bbox 334 779 593 850; x_wconf 84' lang='lat' dir='ltr'><strong>gralione</strong></span> <span class='ocrx_word' id='word_1_37' title='bbox 609 777 964 847; x_wconf 68' lang='lat' dir='ltr'><strong>gratulemur.</strong></span> <span class='ocrx_word' id='word_1_38' title='bbox 994 775 1074 833; x_wconf 89' lang='lat' dir='ltr'><strong>Ea</strong></span> <span class='ocrx_word' id='word_1_39' title='bbox 1105 793 1234 838; x_wconf 82' lang='lat' dir='ltr'><strong>vero</strong></span> <span class='ocrx_word' id='word_1_40' title='bbox 1252 792 1373 848; x_wconf 84' lang='lat' dir='ltr'><strong>quae</strong></span> <span class='ocrx_word' id='word_1_41' title='bbox 1399 776 1713 847; x_wconf 72' lang='lat' dir='ltr'><strong>significare.</strong></span> <span class='ocrx_word' id='word_1_42' title='bbox 1731 776 1935 833; x_wconf 84' lang='lat' dir='ltr'><strong>curavi-</strong></span> 
     </span>
    </p>
   </div>
   <div class='ocr_carea' id='block_1_6' title="bbox 333 868 1934 939">
    <p class='ocr_par' dir='ltr' id='par_1_6' title="bbox 333 868 1934 939">
     <span class='ocr_line' id='line_1_6' title="bbox 333 868 1934 939; baseline -0.001 -15"><span class='ocrx_word' id='word_1_43' title='bbox 333 885 492 935; x_wconf 71' lang='lat' dir='ltr'><strong>mus.</strong></span> <span class='ocrx_word' id='word_1_44' title='bbox 518 869 578 925; x_wconf 89' lang='lat' dir='ltr'><strong>in</strong></span> <span class='ocrx_word' id='word_1_45' title='bbox 606 884 794 926; x_wconf 88' lang='lat' dir='ltr'><strong>eorum</strong></span> <span class='ocrx_word' id='word_1_46' title='bbox 836 869 1199 935; x_wconf 85' lang='lat' dir='ltr'><strong>sacerdotum,</strong></span> <span class='ocrx_word' id='word_1_47' title='bbox 1223 869 1316 939; x_wconf 91' lang='lat' dir='ltr'><strong>qui</strong></span> <span class='ocrx_word' id='word_1_48' title='bbox 1343 868 1666 927; x_wconf 72' lang='lat' dir='ltr'><strong>fraternitati</strong></span> <span class='ocrx_word' id='word_1_49' title='bbox 1722 876 1826 925; x_wconf 77' lang='lat' dir='ltr'><strong>tua:</strong></span> <span class='ocrx_word' id='word_1_50' title='bbox 1856 869 1934 923; x_wconf 85' lang='lat' dir='ltr'><strong>vi-</strong></span> 
     </span>
    </p>
   </div>
   <div class='ocr_carea' id='block_1_7' title="bbox 331 957 1934 1031">
    <p class='ocr_par' dir='ltr' id='par_1_7' title="bbox 331 957 1934 1031">
     <span class='ocr_line' id='line_1_7' title="bbox 331 957 1934 1031; baseline -0.002 -15"><span class='ocrx_word' id='word_1_51' title='bbox 331 960 449 1016; x_wconf 82' lang='lat' dir='ltr'><strong>cini</strong></span> <span class='ocrx_word' id='word_1_52' title='bbox 478 967 609 1016; x_wconf 91' lang='lat' dir='ltr'><strong>sunt</strong></span> <span class='ocrx_word' id='word_1_53' title='bbox 631 998 647 1022; x_wconf 82' lang='lat'>.</span> <span class='ocrx_word' id='word_1_54' title='bbox 672 959 893 1017; x_wconf 75' lang='lat' dir='ltr'><strong>curabis</strong></span> <span class='ocrx_word' id='word_1_55' title='bbox 940 957 1182 1031; x_wconf 89' lang='lat' dir='ltr'><strong>perferre</strong></span> <span class='ocrx_word' id='word_1_56' title='bbox 1214 960 1506 1025; x_wconf 70' lang='lat' dir='ltr'><strong>notitiam,</strong></span> <span class='ocrx_word' id='word_1_57' title='bbox 1538 967 1597 1013; x_wconf 91' lang='lat' dir='ltr'><strong>ut</strong></span> <span class='ocrx_word' id='word_1_58' title='bbox 1638 967 1693 1013; x_wconf 90' lang='lat' dir='ltr'><strong>et</strong></span> <span class='ocrx_word' id='word_1_59' title='bbox 1726 959 1828 1029; x_wconf 85' lang='lat' dir='ltr'><strong>ipsi</strong></span> <span class='ocrx_word' id='word_1_60' title='bbox 1866 958 1934 1013; x_wconf 90' lang='lat' dir='ltr'><strong>de</strong></span> 
     </span>
    </p>
   </div>
   <div class='ocr_carea' id='block_1_8' title="bbox 331 1049 1931 1120">
    <p class='ocr_par' dir='ltr' id='par_1_8' title="bbox 331 1049 1931 1120">
     <span class='ocr_line' id='line_1_8' title="bbox 331 1049 1931 1120; baseline -0.001 -11"><span class='ocrx_word' id='word_1_61' title='bbox 331 1049 539 1109; x_wconf 69' lang='lat' dir='ltr'><strong>aﬂectn</strong></span> <span class='ocrx_word' id='word_1_62' title='bbox 582 1059 750 1107; x_wconf 82' lang='lat' dir='ltr'><strong>tantae</strong></span> <span class='ocrx_word' id='word_1_63' title='bbox 777 1052 861 1107; x_wconf 88' lang='lat' dir='ltr'><strong>rei</strong></span> <span class='ocrx_word' id='word_1_64' title='bbox 888 1051 1093 1120; x_wconf 83' lang='lat' dir='ltr'><strong>gratias</strong></span> <span class='ocrx_word' id='word_1_65' title='bbox 1133 1050 1413 1110; x_wconf 85' lang='lat' dir='ltr'><strong>nobiscum</strong></span> <span class='ocrx_word' id='word_1_66' title='bbox 1454 1051 1692 1119; x_wconf 75' lang='lat' dir='ltr'><strong>cmlestis</strong></span> <span class='ocrx_word' id='word_1_67' title='bbox 1720 1050 1931 1107; x_wconf 82' lang='lat' dir='ltr'><strong>miseri-</strong></span> 
     </span>
    </p>
   </div>
   <div class='ocr_carea' id='block_1_9' title="bbox 332 1140 1933 1203">
    <p class='ocr_par' dir='ltr' id='par_1_9' title="bbox 332 1140 1933 1203">
     <span class='ocr_line' id='line_1_9' title="bbox 332 1140 1933 1203; baseline -0.004 -3"><span class='ocrx_word' id='word_1_68' title='bbox 332 1144 541 1203; x_wconf 60' lang='lat' dir='ltr'><strong>cordia</strong></span> <span class='ocrx_word' id='word_1_69' title='bbox 569 1143 847 1201; x_wconf 73' lang='lat' dir='ltr'><strong>beneficiis</strong></span> <span class='ocrx_word' id='word_1_70' title='bbox 885 1141 1088 1201; x_wconf 71' lang='lat' dir='ltr'><strong>referre</strong></span> <span class='ocrx_word' id='word_1_71' title='bbox 1117 1158 1223 1199; x_wconf 87' lang='lat' dir='ltr'><strong>non</strong></span> <span class='ocrx_word' id='word_1_72' title='bbox 1245 1150 1481 1198; x_wconf 86' lang='lat' dir='ltr'><strong>cessent.</strong></span> <span class='ocrx_word' id='word_1_73' title='bbox 1513 1141 1763 1201; x_wconf 73' lang='lat' dir='ltr'><strong>Aurelius</strong></span> <span class='ocrx_word' id='word_1_74' title='bbox 1788 1140 1933 1195; x_wconf 91' lang='lat' dir='ltr'><strong>enim</strong></span> 
     </span>
    </p>
   </div>
   <div class='ocr_carea' id='block_1_10' title="bbox 330 1232 1935 1306">
    <p class='ocr_par' dir='ltr' id='par_1_10' title="bbox 330 1232 1935 1306">
     <span class='ocr_line' id='line_1_10' title="bbox 330 1232 1935 1306; baseline -0.002 -16"><span class='ocrx_word' id='word_1_75' title='bbox 330 1234 579 1306; x_wconf 65' lang='lat' dir='ltr'><strong>praefata</strong></span> <span class='ocrx_word' id='word_1_76' title='bbox 598 1233 1041 1303; x_wconf 84' lang='lat' dir='ltr'><strong>Carthaginensis</strong></span> <span class='ocrx_word' id='word_1_77' title='bbox 1066 1232 1320 1291; x_wconf 74' lang='lat' dir='ltr'><strong>Ecclesiae</strong></span> <span class='ocrx_word' id='word_1_78' title='bbox 1341 1234 1469 1291; x_wconf 88' lang='lat' dir='ltr'><strong>olim</strong></span> <span class='ocrx_word' id='word_1_79' title='bbox 1482 1233 1786 1305; x_wconf 74' lang='lat' dir='ltr'><strong>episcopus.</strong></span> <span class='ocrx_word' id='word_1_80' title='bbox 1812 1248 1935 1288; x_wconf 91' lang='lat' dir='ltr'><strong>cum</strong></span> 
     </span>
    </p>
   </div>
   <div class='ocr_carea' id='block_1_11' title="bbox 332 1323 1935 1397">
    <p class='ocr_par' dir='ltr' id='par_1_11' title="bbox 332 1323 1935 1397">
     <span class='ocr_line' id='line_1_11' title="bbox 332 1323 1935 1397; baseline -0.001 -18"><span class='ocrx_word' id='word_1_81' title='bbox 332 1325 476 1396; x_wconf 68' lang='lat' dir='ltr'><strong>(Iace</strong></span> <span class='ocrx_word' id='word_1_82' title='bbox 498 1323 808 1397; x_wconf 73' lang='lat' dir='ltr'><strong>falsissima)</strong></span> <span class='ocrx_word' id='word_1_83' title='bbox 839 1325 1061 1393; x_wconf 74' lang='lat' dir='ltr'><strong>collegis</strong></span> <span class='ocrx_word' id='word_1_84' title='bbox 1088 1324 1199 1381; x_wconf 83' lang='lat' dir='ltr'><strong>suis</strong></span> <span class='ocrx_word' id='word_1_85' title='bbox 1230 1325 1543 1395; x_wconf 76' lang='lat' dir='ltr'><strong>(instigante</strong></span> <span class='ocrx_word' id='word_1_86' title='bbox 1577 1324 1814 1396; x_wconf 85' lang='lat' dir='ltr'><strong>diabolo)</strong></span> <span class='ocrx_word' id='word_1_87' title='bbox 1844 1339 1935 1379; x_wconf 74' lang='lat' dir='ltr'><strong>su—</strong></span> 
     </span>
    </p>
   </div>
   <div class='ocr_carea' id='block_1_12' title="bbox 329 1413 1933 1489">
    <p class='ocr_par' dir='ltr' id='par_1_12' title="bbox 329 1413 1933 1489">
     <span class='ocr_line' id='line_1_12' title="bbox 329 1413 1933 1489; baseline -0.001 -19"><span class='ocrx_word' id='word_1_88' title='bbox 329 1416 557 1486; x_wconf 85' lang='lat' dir='ltr'><strong>perbire</strong></span> <span class='ocrx_word' id='word_1_89' title='bbox 590 1416 918 1489; x_wconf 84' lang='lat' dir='ltr'><strong>temporibus</strong></span> <span class='ocrx_word' id='word_1_90' title='bbox 944 1413 1403 1487; x_wconf 73' lang='lat' dir='ltr'><strong>pmdecessorum</strong></span> <span class='ocrx_word' id='word_1_91' title='bbox 1432 1423 1737 1472; x_wconf 86' lang='lat' dir='ltr'><strong>nostrorum</strong></span> <span class='ocrx_word' id='word_1_92' title='bbox 1768 1414 1933 1469; x_wconf 86' lang='lat' dir='ltr'><strong>Boni-</strong></span> 
     </span>
    </p>
   </div>
   <div class='ocr_carea' id='block_1_13' title="bbox 331 1504 1933 1576">
    <p class='ocr_par' dir='ltr' id='par_1_13' title="bbox 331 1504 1933 1576">
     <span class='ocr_line' id='line_1_13' title="bbox 331 1504 1933 1576; baseline 0.001 -16"><span class='ocrx_word' id='word_1_93' title='bbox 331 1504 464 1561; x_wconf 81' lang='lat' dir='ltr'><strong>facii</strong></span> <span class='ocrx_word' id='word_1_94' title='bbox 492 1515 657 1576; x_wconf 87' lang='lat' dir='ltr'><strong>atque</strong></span> <span class='ocrx_word' id='word_1_95' title='bbox 679 1505 955 1562; x_wconf 74' lang='lat' dir='ltr'><strong>leestini</strong></span> <span class='ocrx_word' id='word_1_96' title='bbox 972 1517 1164 1564; x_wconf 85' lang='lat' dir='ltr'><strong>contra</strong></span> <span class='ocrx_word' id='word_1_97' title='bbox 1188 1506 1487 1568; x_wconf 75' lang='lat' dir='ltr'><strong>Romanam</strong></span> <span class='ocrx_word' id='word_1_98' title='bbox 1509 1506 1804 1563; x_wconf 80' lang='lat' dir='ltr'><strong>Ecclesiam</strong></span> <span class='ocrx_word' id='word_1_99' title='bbox 1824 1520 1933 1561; x_wconf 81' lang='lat' dir='ltr'><strong>cm-</strong></span> 
     </span>
    </p>
   </div>
   <div class='ocr_carea' id='block_1_14' title="bbox 331 1596 1933 1671">
    <p class='ocr_par' dir='ltr' id='par_1_14' title="bbox 331 1596 1933 1671">
     <span class='ocr_line' id='line_1_14' title="bbox 331 1596 1933 1671; baseline 0.001 -20"><span class='ocrx_word' id='word_1_100' title='bbox 331 1596 416 1668; x_wconf 88' lang='lat' dir='ltr'><strong>pit</strong></span> <span class='ocrx_word' id='word_1_101' title='bbox 446 1616 461 1650; x_wconf 92' lang='lat'><strong>:</strong></span> <span class='ocrx_word' id='word_1_102' title='bbox 504 1599 601 1653; x_wconf 70' lang='lat' dir='ltr'><strong>sed</strong></span> <span class='ocrx_word' id='word_1_103' title='bbox 628 1598 818 1653; x_wconf 89' lang='lat' dir='ltr'><strong>videns</strong></span> <span class='ocrx_word' id='word_1_104' title='bbox 851 1613 911 1655; x_wconf 91' lang='lat' dir='ltr'><strong>se</strong></span> <span class='ocrx_word' id='word_1_105' title='bbox 939 1596 1102 1656; x_wconf 81' lang='lat' dir='ltr'><strong>mndo</strong></span> <span class='ocrx_word' id='word_1_106' title='bbox 1129 1598 1326 1671; x_wconf 88' lang='lat' dir='ltr'><strong>(more)</strong></span> <span class='ocrx_word' id='word_1_107' title='bbox 1354 1599 1588 1669; x_wconf 86' lang='lat' dir='ltr'><strong>peccatis</strong></span> <span class='ocrx_word' id='word_1_108' title='bbox 1608 1596 1933 1671; x_wconf 84' lang='lat' dir='ltr'><strong>(peccantis)</strong></span> 
     </span>
    </p>
   </div>
   <div class='ocr_carea' id='block_1_15' title="bbox 331 1687 1936 1749">
    <p class='ocr_par' dir='ltr' id='par_1_15' title="bbox 331 1687 1936 1749">
     <span class='ocr_line' id='line_1_15' title="bbox 331 1687 1936 1749; baseline 0.002 -5"><span class='ocrx_word' id='word_1_109' title='bbox 331 1688 545 1744; x_wconf 75' lang='lat' dir='ltr'><strong>Aurelii</strong></span> <span class='ocrx_word' id='word_1_110' title='bbox 570 1687 810 1745; x_wconf 82' lang='lat' dir='ltr'><strong>Eulalius</strong></span> <span class='ocrx_word' id='word_1_111' title='bbox 836 1704 867 1743; x_wconf 91' lang='lat' dir='ltr'><strong>a</strong></span> <span class='ocrx_word' id='word_1_112' title='bbox 897 1688 1156 1745; x_wconf 65' lang='lat' dir='ltr'><strong>Romanae</strong></span> <span class='ocrx_word' id='word_1_113' title='bbox 1176 1688 1430 1749; x_wconf 77' lang='lat' dir='ltr'><strong>Ecclesiae</strong></span> <span class='ocrx_word' id='word_1_114' title='bbox 1446 1691 1829 1748; x_wconf 82' lang='lat' dir='ltr'><strong>communione</strong></span> <span class='ocrx_word' id='word_1_115' title='bbox 1849 1706 1936 1747; x_wconf 81' lang='lat' dir='ltr'><strong>se-</strong></span> 
     </span>
    </p>
   </div>
   <div class='ocr_carea' id='block_1_16' title="bbox 328 1780 1936 1863">
    <p class='ocr_par' dir='ltr' id='par_1_16' title="bbox 328 1780 1936 1863">
     <span class='ocr_line' id='line_1_16' title="bbox 328 1780 1936 1863; baseline 0.002 -30"><span class='ocrx_word' id='word_1_116' title='bbox 328 1788 642 1851; x_wconf 80' lang='lat' dir='ltr'><strong>gregatum,</strong></span> <span class='ocrx_word' id='word_1_117' title='bbox 668 1780 957 1836; x_wconf 89' lang='lat' dir='ltr'><strong>bumilians</strong></span> <span class='ocrx_word' id='word_1_118' title='bbox 976 1781 1291 1849; x_wconf 80' lang='lat' dir='ltr'><strong>recognovit</strong></span> <span class='ocrx_word' id='word_1_119' title='bbox 1310 1797 1370 1838; x_wconf 90' lang='lat' dir='ltr'><strong>se</strong></span> <span class='ocrx_word' id='word_1_120' title='bbox 1400 1780 1723 1863; x_wconf 81' lang='lat' dir='ltr'><strong>(peccasse),</strong></span> <span class='ocrx_word' id='word_1_121' title='bbox 1748 1798 1936 1853; x_wconf 86' lang='lat' dir='ltr'><strong>pacem</strong></span> 
     </span>
    </p>
   </div>
   <div class='ocr_carea' id='block_1_17' title="bbox 2034 592 3621 671">
    <p class='ocr_par' dir='ltr' id='par_1_17' title="bbox 2034 592 3621 671">
     <span class='ocr_line' id='line_1_17' title="bbox 2034 592 3621 671; baseline 0.006 -25"><span class='ocrx_word' id='word_1_122' title='bbox 2034 592 2181 648; x_wconf 89' lang='lat' dir='ltr'><strong>tione</strong></span> <span class='ocrx_word' id='word_1_123' title='bbox 2227 593 2548 659; x_wconf 82' lang='lat' dir='ltr'><strong>turbinibus,</strong></span> <span class='ocrx_word' id='word_1_124' title='bbox 2598 593 2690 649; x_wconf 88' lang='lat' dir='ltr'><strong>diu</strong></span> <span class='ocrx_word' id='word_1_125' title='bbox 2737 596 3132 666; x_wconf 82' lang='lat' dir='ltr'><strong>percgrinatam</strong></span> <span class='ocrx_word' id='word_1_126' title='bbox 3179 613 3368 671; x_wconf 82' lang='lat' dir='ltr'><strong>pacem</strong></span> <span class='ocrx_word' id='word_1_127' title='bbox 3394 597 3621 671; x_wconf 82' lang='lat' dir='ltr'><strong>depulsa</strong></span> 
     </span>
    </p>
   </div>
   <div class='ocr_carea' id='block_1_18' title="bbox 2037 684 3621 761">
    <p class='ocr_par' dir='ltr' id='par_1_18' title="bbox 2037 684 3621 761">
     <span class='ocr_line' id='line_1_18' title="bbox 2037 684 3621 761; baseline 0.007 -24"><span class='ocrx_word' id='word_1_128' title='bbox 2037 691 2356 756; x_wconf 87' lang='lat' dir='ltr'><strong>tempestate</strong></span> <span class='ocrx_word' id='word_1_129' title='bbox 2392 684 2742 752; x_wconf 83' lang='lat' dir='ltr'><strong>reducerent,</strong></span> <span class='ocrx_word' id='word_1_130' title='bbox 2786 695 2845 742; x_wconf 95' lang='lat' dir='ltr'><strong>ut</strong></span> <span class='ocrx_word' id='word_1_131' title='bbox 2875 688 2926 742; x_wconf 89' lang='lat' dir='ltr'><strong>in</strong></span> <span class='ocrx_word' id='word_1_132' title='bbox 2966 687 3142 744; x_wconf 82' lang='lat' dir='ltr'><strong>futura</strong></span> <span class='ocrx_word' id='word_1_133' title='bbox 3168 697 3294 760; x_wconf 91' lang='lat' dir='ltr'><strong>post</strong></span> <span class='ocrx_word' id='word_1_134' title='bbox 3327 691 3523 761; x_wconf 69' lang='lat' dir='ltr'><strong>saecula</strong></span> <span class='ocrx_word' id='word_1_135' title='bbox 3552 691 3621 759; x_wconf 80' lang='lat' dir='ltr'><strong>ad</strong></span> 
     </span>
    </p>
   </div>
   <div class='ocr_carea' id='block_1_19' title="bbox 2035 776 3620 848">
    <p class='ocr_par' dir='ltr' id='par_1_19' title="bbox 2035 776 3620 848">
     <span class='ocr_line' id='line_1_19' title="bbox 2035 776 3620 848; baseline 0.006 -19"><span class='ocrx_word' id='word_1_136' title='bbox 2035 776 2299 846; x_wconf 85' lang='lat' dir='ltr'><strong>propositi</strong></span> <span class='ocrx_word' id='word_1_137' title='bbox 2350 777 2432 832; x_wconf 84' lang='lat' dir='ltr'><strong>sui</strong></span> <span class='ocrx_word' id='word_1_138' title='bbox 2461 777 2709 848; x_wconf 77' lang='lat' dir='ltr'><strong>exempla</strong></span> <span class='ocrx_word' id='word_1_139' title='bbox 2756 780 3055 848; x_wconf 84' lang='lat' dir='ltr'><strong>tendentes,</strong></span> <span class='ocrx_word' id='word_1_140' title='bbox 3101 783 3620 847; x_wconf 79' lang='lat' dir='ltr'><strong>sibiascribendum</strong></span> 
     </span>
    </p>
   </div>
   <div class='ocr_carea' id='block_1_20' title="bbox 2037 866 3647 951">
    <p class='ocr_par' dir='ltr' id='par_1_20' title="bbox 2037 866 3647 951">
     <span class='ocr_line' id='line_1_20' title="bbox 2037 866 3647 951; baseline 0.007 -31"><span class='ocrx_word' id='word_1_141' title='bbox 2037 866 2399 926; x_wconf 82' lang='lat' dir='ltr'><strong>indubitanter</strong></span> <span class='ocrx_word' id='word_1_142' title='bbox 2421 869 2794 951; x_wconf 80' lang='lat' dir='ltr'><strong>ostenderent,</strong></span> <span class='ocrx_word' id='word_1_143' title='bbox 2823 872 3081 943; x_wconf 85' lang='lat' dir='ltr'><strong>quidquid</strong></span> <span class='ocrx_word' id='word_1_144' title='bbox 3103 875 3333 931; x_wconf 88' lang='lat' dir='ltr'><strong>Domino</strong></span> <span class='ocrx_word' id='word_1_145' title='bbox 3362 876 3622 946; x_wconf 87' lang='lat' dir='ltr'><strong>placitum</strong></span> <span class='ocrx_word' id='word_1_146' title='bbox 3646 944 3647 947; x_wconf 20' lang='grc' dir='ltr'><strong>η</strong></span> 
     </span>
    </p>
   </div>
   <div class='ocr_carea' id='block_1_21' title="bbox 2032 958 3625 1030">
    <p class='ocr_par' dir='ltr' id='par_1_21' title="bbox 2032 958 3625 1030">
     <span class='ocr_line' id='line_1_21' title="bbox 2032 958 3625 1030; baseline 0.004 -16"><span class='ocrx_word' id='word_1_147' title='bbox 2032 958 2270 1030; x_wconf 85' lang='lat' dir='ltr'><strong>posteris</strong></span> <span class='ocrx_word' id='word_1_148' title='bbox 2320 974 2418 1029; x_wconf 88' lang='lat' dir='ltr'><strong>pro</strong></span> <span class='ocrx_word' id='word_1_149' title='bbox 2458 975 2554 1014; x_wconf 86' lang='lat' dir='ltr'><strong>sua</strong></span> <span class='ocrx_word' id='word_1_150' title='bbox 2595 960 2893 1018; x_wconf 87' lang='lat' dir='ltr'><strong>imitatione</strong></span> <span class='ocrx_word' id='word_1_151' title='bbox 2930 963 3202 1020; x_wconf 73' lang='lat' dir='ltr'><strong>fecissent.</strong></span> <span class='ocrx_word' id='word_1_152' title='bbox 3234 962 3625 1024; x_wconf 87' lang='lat' dir='ltr'><strong>Benedieamus</strong></span> 
     </span>
    </p>
   </div>
   <div class='ocr_carea' id='block_1_22' title="bbox 2037 1048 3650 1131">
    <p class='ocr_par' dir='ltr' id='par_1_22' title="bbox 2037 1048 3650 1131">
     <span class='ocr_line' id='line_1_22' title="bbox 2037 1048 3650 1131; baseline 0.007 -28"><span class='ocrx_word' id='word_1_153' title='bbox 2037 1049 2344 1131; x_wconf 75' lang='lat' dir='ltr'><strong>Dominum,</strong></span> <span class='ocrx_word' id='word_1_154' title='bbox 2374 1048 2565 1109; x_wconf 86' lang='lat' dir='ltr'><strong>fratres</strong></span> <span class='ocrx_word' id='word_1_155' title='bbox 2592 1051 2873 1115; x_wconf 85' lang='lat' dir='ltr'><strong>carissimi,</strong></span> <span class='ocrx_word' id='word_1_156' title='bbox 2898 1055 3097 1109; x_wconf 70' lang='lat' dir='ltr'><strong>nosuis</strong></span> <span class='ocrx_word' id='word_1_157' title='bbox 3123 1054 3230 1111; x_wconf 81' lang='lat' dir='ltr'><strong>hoc</strong></span> <span class='ocrx_word' id='word_1_158' title='bbox 3250 1056 3438 1114; x_wconf 89' lang='lat' dir='ltr'><strong>diebus</strong></span> <span class='ocrx_word' id='word_1_159' title='bbox 3459 1056 3650 1131; x_wconf 42' lang='lat' dir='ltr'><strong>fuisse;</strong></span> 
     </span>
    </p>
   </div>
   <div class='ocr_carea' id='block_1_23' title="bbox 2036 1124 3626 1209">
    <p class='ocr_par' dir='ltr' id='par_1_23' title="bbox 2036 1124 3626 1209">
     <span class='ocr_line' id='line_1_23' title="bbox 2036 1124 3626 1209; baseline 0.007 -15"><span class='ocrx_word' id='word_1_160' title='bbox 2036 1124 2371 1207; x_wconf 67' lang='lat' dir='ltr'><strong>concessum,</strong></span> <span class='ocrx_word' id='word_1_161' title='bbox 2398 1148 2450 1195; x_wconf 91' lang='lat' dir='ltr'><strong>et</strong></span> <span class='ocrx_word' id='word_1_162' title='bbox 2478 1142 2602 1195; x_wconf 89' lang='lat' dir='ltr'><strong>tutis</strong></span> <span class='ocrx_word' id='word_1_163' title='bbox 2622 1142 2924 1198; x_wconf 89' lang='lat' dir='ltr'><strong>orationum</strong></span> <span class='ocrx_word' id='word_1_164' title='bbox 2953 1152 3010 1198; x_wconf 88' lang='lat' dir='ltr'><strong>et</strong></span> <span class='ocrx_word' id='word_1_165' title='bbox 3028 1161 3278 1200; x_wconf 84' lang='lat' dir='ltr'><strong>curarum</strong></span> <span class='ocrx_word' id='word_1_166' title='bbox 3308 1147 3509 1209; x_wconf 83' lang='lat' dir='ltr'><strong>viribus</strong></span> <span class='ocrx_word' id='word_1_167' title='bbox 3530 1165 3626 1204; x_wconf 90' lang='lat' dir='ltr'><strong>an-</strong></span> 
     </span>
    </p>
   </div>
   <div class='ocr_carea' id='block_1_24' title="bbox 2034 1233 3625 1311">
    <p class='ocr_par' dir='ltr' id='par_1_24' title="bbox 2034 1233 3625 1311">
     <span class='ocr_line' id='line_1_24' title="bbox 2034 1233 3625 1311; baseline 0.003 -21"><span class='ocrx_word' id='word_1_168' title='bbox 2034 1234 2288 1299; x_wconf 84' lang='lat' dir='ltr'><strong>nitamur,</strong></span> <span class='ocrx_word' id='word_1_169' title='bbox 2314 1239 2371 1287; x_wconf 90' lang='lat' dir='ltr'><strong>ut</strong></span> <span class='ocrx_word' id='word_1_170' title='bbox 2399 1248 2517 1302; x_wconf 79' lang='lat' dir='ltr'><strong>qute</strong></span> <span class='ocrx_word' id='word_1_171' title='bbox 2546 1233 2639 1289; x_wconf 82' lang='lat' dir='ltr'><strong>Dei</strong></span> <span class='ocrx_word' id='word_1_172' title='bbox 2662 1249 2765 1304; x_wconf 90' lang='lat' dir='ltr'><strong>ope</strong></span> <span class='ocrx_word' id='word_1_173' title='bbox 2789 1235 2925 1290; x_wconf 85' lang='lat' dir='ltr'><strong>bene</strong></span> <span class='ocrx_word' id='word_1_174' title='bbox 2953 1246 3127 1307; x_wconf 73' lang='lat' dir='ltr'><strong>empta</strong></span> <span class='ocrx_word' id='word_1_175' title='bbox 3158 1247 3300 1307; x_wconf 77' lang='lat' dir='ltr'><strong>sunt,</strong></span> <span class='ocrx_word' id='word_1_176' title='bbox 3326 1241 3441 1311; x_wconf 90' lang='lat' dir='ltr'><strong>ipso</strong></span> <span class='ocrx_word' id='word_1_177' title='bbox 3470 1240 3625 1310; x_wconf 83' lang='lat' dir='ltr'><strong>adju—</strong></span> 
     </span>
    </p>
   </div>
   <div class='ocr_carea' id='block_1_25' title="bbox 2038 1326 3629 1399">
    <p class='ocr_par' dir='ltr' id='par_1_25' title="bbox 2038 1326 3629 1399">
     <span class='ocr_line' id='line_1_25' title="bbox 2038 1326 3629 1399; baseline 0.003 -19"><span class='ocrx_word' id='word_1_178' title='bbox 2038 1335 2199 1382; x_wconf 86' lang='lat' dir='ltr'><strong>vante</strong></span> <span class='ocrx_word' id='word_1_179' title='bbox 2227 1341 2324 1396; x_wconf 89' lang='lat' dir='ltr'><strong>per</strong></span> <span class='ocrx_word' id='word_1_180' title='bbox 2347 1327 2529 1382; x_wconf 83' lang='lat' dir='ltr'><strong>omnia</strong></span> <span class='ocrx_word' id='word_1_181' title='bbox 2555 1326 2950 1397; x_wconf 89' lang='lat' dir='ltr'><strong>compleantur.</strong></span> <span class='ocrx_word' id='word_1_182' title='bbox 3005 1328 3342 1399; x_wconf 85' lang='lat' dir='ltr'><strong>Sperandum</strong></span> <span class='ocrx_word' id='word_1_183' title='bbox 3371 1332 3513 1386; x_wconf 86' lang='lat' dir='ltr'><strong>enim</strong></span> <span class='ocrx_word' id='word_1_184' title='bbox 3543 1340 3629 1386; x_wconf 89' lang='lat' dir='ltr'><strong>est</strong></span> 
     </span>
    </p>
   </div>
   <div class='ocr_carea' id='block_1_26' title="bbox 2000 1420 3626 1499">
    <p class='ocr_par' dir='ltr' id='par_1_26' title="bbox 2000 1420 3626 1499">
     <span class='ocr_line' id='line_1_26' title="bbox 2000 1420 3626 1499; baseline 0.001 -24"><span class='ocrx_word' id='word_1_185' title='bbox 2000 1494 2007 1499; x_wconf 20' lang='grc' dir='ltr'>θ</span> <span class='ocrx_word' id='word_1_186' title='bbox 2040 1428 2099 1476; x_wconf 82' lang='grc' dir='ltr'><strong>ιιι</strong></span> <span class='ocrx_word' id='word_1_187' title='bbox 2126 1420 2191 1475; x_wconf 92' lang='lat' dir='ltr'><strong>ad</strong></span> <span class='ocrx_word' id='word_1_188' title='bbox 2221 1434 2536 1491; x_wconf 81' lang='lat' dir='ltr'><strong>compagem</strong></span> <span class='ocrx_word' id='word_1_189' title='bbox 2567 1420 2813 1491; x_wconf 79' lang='lat' dir='ltr'><strong>corporis</strong></span> <span class='ocrx_word' id='word_1_190' title='bbox 2842 1421 2923 1475; x_wconf 88' lang='lat' dir='ltr'><strong>sui</strong></span> <span class='ocrx_word' id='word_1_191' title='bbox 2945 1422 3166 1490; x_wconf 86' lang='lat' dir='ltr'><strong>reliqua,</strong></span> <span class='ocrx_word' id='word_1_192' title='bbox 3194 1438 3312 1492; x_wconf 70' lang='lat' dir='ltr'><strong>qum</strong></span> <span class='ocrx_word' id='word_1_193' title='bbox 3343 1422 3519 1479; x_wconf 80' lang='lat' dir='ltr'><strong>adhuc</strong></span> <span class='ocrx_word' id='word_1_194' title='bbox 3545 1422 3626 1477; x_wconf 89' lang='lat' dir='ltr'><strong>di-</strong></span> 
     </span>
    </p>
   </div>
   <div class='ocr_carea' id='block_1_27' title="bbox 2039 1509 3627 1592">
    <p class='ocr_par' dir='ltr' id='par_1_27' title="bbox 2039 1509 3627 1592">
     <span class='ocr_line' id='line_1_27' title="bbox 2039 1509 3627 1592; baseline 0.001 -25"><span class='ocrx_word' id='word_1_195' title='bbox 2039 1511 2151 1567; x_wconf 84' lang='lat' dir='ltr'><strong>visa</strong></span> <span class='ocrx_word' id='word_1_196' title='bbox 2180 1522 2342 1592; x_wconf 88' lang='lat' dir='ltr'><strong>sunt,</strong></span> <span class='ocrx_word' id='word_1_197' title='bbox 2385 1510 2628 1569; x_wconf 80' lang='lat' dir='ltr'><strong>membra</strong></span> <span class='ocrx_word' id='word_1_198' title='bbox 2656 1509 2932 1575; x_wconf 71' lang='lat' dir='ltr'><strong>festinarat,</strong></span> <span class='ocrx_word' id='word_1_199' title='bbox 2959 1520 3013 1569; x_wconf 90' lang='lat' dir='ltr'><strong>et</strong></span> <span class='ocrx_word' id='word_1_200' title='bbox 3036 1530 3063 1567; x_wconf 67' lang='grc' dir='ltr'><strong>θ</strong></span> <span class='ocrx_word' id='word_1_201' title='bbox 3092 1514 3391 1589; x_wconf 79' lang='lat' dir='ltr'><strong>potioribus</strong></span> <span class='ocrx_word' id='word_1_202' title='bbox 3418 1515 3627 1573; x_wconf 86' lang='lat' dir='ltr'><strong>minora</strong></span> 
     </span>
    </p>
   </div>
   <div class='ocr_carea' id='block_1_28' title="bbox 2045 1602 3629 1674">
    <p class='ocr_par' dir='ltr' id='par_1_28' title="bbox 2045 1602 3629 1674">
     <span class='ocr_line' id='line_1_28' title="bbox 2045 1602 3629 1674; baseline 0.001 -17"><span class='ocrx_word' id='word_1_203' title='bbox 2045 1618 2151 1659; x_wconf 88' lang='lat' dir='ltr'><strong>non</strong></span> <span class='ocrx_word' id='word_1_204' title='bbox 2181 1602 2506 1674; x_wconf 80' lang='lat' dir='ltr'><strong>discrepent.</strong></span> <span class='ocrx_word' id='word_1_205' title='bbox 2538 1602 2616 1657; x_wconf 81' lang='lat' dir='ltr'><strong>Ad</strong></span> <span class='ocrx_word' id='word_1_206' title='bbox 2645 1603 2809 1672; x_wconf 78' lang='lat' dir='ltr'><strong>quod,</strong></span> <span class='ocrx_word' id='word_1_207' title='bbox 2834 1619 2956 1659; x_wconf 88' lang='lat' dir='ltr'><strong>cum</strong></span> <span class='ocrx_word' id='word_1_208' title='bbox 2985 1619 3071 1658; x_wconf 86' lang='lat' dir='ltr'><strong>me</strong></span> <span class='ocrx_word' id='word_1_209' title='bbox 3095 1604 3312 1661; x_wconf 84' lang='lat' dir='ltr'><strong>dilectio</strong></span> <span class='ocrx_word' id='word_1_210' title='bbox 3338 1613 3430 1669; x_wconf 78' lang='lat' dir='ltr'><strong>tua</strong></span> <span class='ocrx_word' id='word_1_211' title='bbox 3451 1605 3629 1661; x_wconf 83' lang='lat' dir='ltr'><strong>Chris-</strong></span> 
     </span>
    </p>
   </div>
   <div class='ocr_carea' id='block_1_29' title="bbox 2040 1695 3630 1765">
    <p class='ocr_par' dir='ltr' id='par_1_29' title="bbox 2040 1695 3630 1765">
     <span class='ocr_line' id='line_1_29' title="bbox 2040 1695 3630 1765; baseline 0.003 -17"><span class='ocrx_word' id='word_1_212' title='bbox 2040 1695 2202 1750; x_wconf 76' lang='lat' dir='ltr'><strong>tiana:</strong></span> <span class='ocrx_word' id='word_1_213' title='bbox 2250 1695 2429 1750; x_wconf 80' lang='lat' dir='ltr'><strong>studio</strong></span> <span class='ocrx_word' id='word_1_214' title='bbox 2464 1696 2707 1751; x_wconf 85' lang='lat' dir='ltr'><strong>caritatis</strong></span> <span class='ocrx_word' id='word_1_215' title='bbox 2753 1696 3026 1762; x_wconf 81' lang='lat' dir='ltr'><strong>hortatur,</strong></span> <span class='ocrx_word' id='word_1_216' title='bbox 3071 1697 3232 1753; x_wconf 91' lang='lat' dir='ltr'><strong>debet</strong></span> <span class='ocrx_word' id='word_1_217' title='bbox 3267 1698 3408 1765; x_wconf 88' lang='lat' dir='ltr'><strong>quod</strong></span> <span class='ocrx_word' id='word_1_218' title='bbox 3440 1699 3630 1753; x_wconf 87' lang='lat' dir='ltr'><strong>invitat</strong></span> 
     </span>
    </p>
   </div>
   <div class='ocr_carea' id='block_1_30' title="bbox 2041 1784 3629 1856">
    <p class='ocr_par' dir='ltr' id='par_1_30' title="bbox 2041 1784 3629 1856">
     <span class='ocr_line' id='line_1_30' title="bbox 2041 1784 3629 1856; baseline 0.002 -17"><span class='ocrx_word' id='word_1_219' title='bbox 2041 1785 2192 1855; x_wconf 86' lang='lat' dir='ltr'><strong>sequi</strong></span> <span class='ocrx_word' id='word_1_220' title='bbox 2216 1827 2233 1853; x_wconf 87' lang='lat'><strong>,</strong></span> <span class='ocrx_word' id='word_1_221' title='bbox 2287 1792 2343 1840; x_wconf 90' lang='lat' dir='ltr'><strong>et</strong></span> <span class='ocrx_word' id='word_1_222' title='bbox 2370 1785 2514 1854; x_wconf 89' lang='lat' dir='ltr'><strong>quod</strong></span> <span class='ocrx_word' id='word_1_223' title='bbox 2543 1784 2829 1840; x_wconf 87' lang='lat' dir='ltr'><strong>amandum</strong></span> <span class='ocrx_word' id='word_1_224' title='bbox 2857 1786 3047 1841; x_wconf 89' lang='lat' dir='ltr'><strong>suadet</strong></span> <span class='ocrx_word' id='word_1_225' title='bbox 3086 1787 3359 1856; x_wconf 78' lang='lat' dir='ltr'><strong>amplecti.</strong></span> <span class='ocrx_word' id='word_1_226' title='bbox 3382 1786 3629 1851; x_wconf 51' lang='lat' dir='ltr'><strong>Simila:</strong></span> 
     </span>
    </p>
   </div>
   <div class='ocr_carea' id='block_1_31' title="bbox 328 1870 3630 1954">
    <p class='ocr_par' dir='ltr' id='par_1_31' title="bbox 328 1870 3630 1954">
     <span class='ocr_line' id='line_1_31' title="bbox 328 1870 3630 1954; baseline 0.002 -28"><span class='ocrx_word' id='word_1_227' title='bbox 328 1880 393 1926; x_wconf 87' lang='lat' dir='ltr'><strong>et</strong></span> <span class='ocrx_word' id='word_1_228' title='bbox 419 1871 862 1927; x_wconf 89' lang='lat' dir='ltr'><strong>communionem</strong></span> <span class='ocrx_word' id='word_1_229' title='bbox 891 1871 1149 1930; x_wconf 81' lang='lat' dir='ltr'><strong>Romanae</strong></span> <span class='ocrx_word' id='word_1_230' title='bbox 1168 1870 1420 1929; x_wconf 68' lang='lat' dir='ltr'><strong>Ecclesiae</strong></span> <span class='ocrx_word' id='word_1_231' title='bbox 1449 1880 1664 1943; x_wconf 81' lang='lat' dir='ltr'><strong>petens,</strong></span> <span class='ocrx_word' id='word_1_232' title='bbox 1702 1874 1938 1934; x_wconf 80' lang='lat' dir='ltr'><strong>subscri-</strong></span> <span class='ocrx_word' id='word_1_233' title='bbox 1971 1894 2017 1954; x_wconf 73' lang='grc' dir='ltr'><strong>Β</strong></span> <span class='ocrx_word' id='word_1_234' title='bbox 2040 1878 2192 1935; x_wconf 85' lang='lat' dir='ltr'><strong>enim</strong></span> <span class='ocrx_word' id='word_1_235' title='bbox 2232 1875 2345 1946; x_wconf 85' lang='lat' dir='ltr'><strong>jam</strong></span> <span class='ocrx_word' id='word_1_236' title='bbox 2394 1876 2517 1932; x_wconf 88' lang='lat' dir='ltr'><strong>ﬁdei</strong></span> <span class='ocrx_word' id='word_1_237' title='bbox 2545 1892 2729 1932; x_wconf 86' lang='lat' dir='ltr'><strong>curam</strong></span> <span class='ocrx_word' id='word_1_238' title='bbox 2769 1886 3045 1947; x_wconf 83' lang='lat' dir='ltr'><strong>gerentes,</strong></span> <span class='ocrx_word' id='word_1_239' title='bbox 3074 1893 3173 1948; x_wconf 88' lang='lat' dir='ltr'><strong>per</strong></span> <span class='ocrx_word' id='word_1_240' title='bbox 3191 1878 3501 1947; x_wconf 76' lang='lat' dir='ltr'><strong>religiosam</strong></span> <span class='ocrx_word' id='word_1_241' title='bbox 3528 1894 3630 1949; x_wconf 87' lang='lat' dir='ltr'><strong>pa-</strong></span> 
     </span>
    </p>
   </div>
   <div class='ocr_carea' id='block_1_32' title="bbox 328 1959 1940 2034">
    <p class='ocr_par' dir='ltr' id='par_1_32' title="bbox 328 1959 1940 2034">
     <span class='ocr_line' id='line_1_32' title="bbox 328 1959 1940 2034; baseline 0 -15"><span class='ocrx_word' id='word_1_242' title='bbox 328 1959 520 2019; x_wconf 79' lang='lat' dir='ltr'><strong>bendo</strong></span> <span class='ocrx_word' id='word_1_243' title='bbox 550 1977 657 2021; x_wconf 87' lang='lat' dir='ltr'><strong>una</strong></span> <span class='ocrx_word' id='word_1_244' title='bbox 701 1977 824 2017; x_wconf 91' lang='lat' dir='ltr'><strong>cum</strong></span> <span class='ocrx_word' id='word_1_245' title='bbox 868 1961 1090 2031; x_wconf 88' lang='lat' dir='ltr'><strong>collegis</strong></span> <span class='ocrx_word' id='word_1_246' title='bbox 1130 1962 1273 2031; x_wconf 89' lang='lat' dir='ltr'><strong>suis,</strong></span> <span class='ocrx_word' id='word_1_247' title='bbox 1322 1962 1598 2020; x_wconf 85' lang='lat' dir='ltr'><strong>damnavit</strong></span> <span class='ocrx_word' id='word_1_248' title='bbox 1642 1963 1940 2034; x_wconf 84' lang='lat' dir='ltr'><strong>apostolica</strong></span> 
     </span>
    </p>
   </div>
   <div class='ocr_carea' id='block_1_33' title="bbox 333 2052 1941 2123">
    <p class='ocr_par' dir='ltr' id='par_1_33' title="bbox 333 2052 1941 2123">
     <span class='ocr_line' id='line_1_33' title="bbox 333 2052 1941 2123; baseline 0.002 -17"><span class='ocrx_word' id='word_1_249' title='bbox 333 2052 670 2110; x_wconf 81' lang='lat' dir='ltr'><strong>auctoritate</strong></span> <span class='ocrx_word' id='word_1_250' title='bbox 690 2066 887 2113; x_wconf 75' lang='lat' dir='ltr'><strong>onlnes</strong></span> <span class='ocrx_word' id='word_1_251' title='bbox 925 2053 1222 2122; x_wconf 84' lang='lat' dir='ltr'><strong>scripturas</strong></span> <span class='ocrx_word' id='word_1_252' title='bbox 1249 2067 1368 2123; x_wconf 69' lang='lat' dir='ltr'><strong>qua:</strong></span> <span class='ocrx_word' id='word_1_253' title='bbox 1386 2053 1652 2110; x_wconf 77' lang='lat' dir='ltr'><strong>adversus</strong></span> <span class='ocrx_word' id='word_1_254' title='bbox 1680 2053 1941 2113; x_wconf 66' lang='lat' dir='ltr'><strong>Romanas</strong></span> 
     </span>
    </p>
   </div>
   <div class='ocr_carea' id='block_1_34' title="bbox 330 2141 1845 2214">
    <p class='ocr_par' dir='ltr' id='par_1_34' title="bbox 330 2141 1845 2214">
     <span class='ocr_line' id='line_1_34' title="bbox 330 2141 1845 2214; baseline -0.001 -13"><span class='ocrx_word' id='word_1_255' title='bbox 330 2141 617 2201; x_wconf 65' lang='lat' dir='ltr'><strong>Ecclesiae.</strong></span> <span class='ocrx_word' id='word_1_256' title='bbox 631 2142 910 2214; x_wconf 86' lang='lat' dir='ltr'><strong>privilegia</strong></span> <span class='ocrx_word' id='word_1_257' title='bbox 936 2142 1090 2198; x_wconf 69' lang='lat' dir='ltr'><strong>facta:</strong></span> <span class='ocrx_word' id='word_1_258' title='bbox 1117 2157 1336 2213; x_wconf 92' lang='lat' dir='ltr'><strong>quoquo</strong></span> <span class='ocrx_word' id='word_1_259' title='bbox 1366 2143 1581 2212; x_wconf 90' lang='lat' dir='ltr'><strong>ingenio</strong></span> <span class='ocrx_word' id='word_1_260' title='bbox 1609 2143 1845 2200; x_wconf 85' lang='lat' dir='ltr'><strong>luerunt.</strong></span> 
     </span>
    </p>
   </div>
   <div class='ocr_carea' id='block_1_35' title="bbox 662 2230 1619 2299">
    <p class='ocr_par' dir='ltr' id='par_1_35' title="bbox 662 2230 1619 2299">
     <span class='ocr_line' id='line_1_35' title="bbox 662 2230 1619 2299; baseline 0.002 -13"><span class='ocrx_word' id='word_1_261' title='bbox 662 2231 1043 2288; x_wconf 77' lang='lat' dir='ltr'><strong>EXEMPLAR</strong></span> <span class='ocrx_word' id='word_1_262' title='bbox 1070 2234 1087 2253; x_wconf 83' lang='lat'><strong><em>‘</em></strong></span> <span class='ocrx_word' id='word_1_263' title='bbox 1114 2230 1393 2295; x_wconf 77' lang='lat' dir='ltr'><strong>PRECUM</strong></span> <span class='ocrx_word' id='word_1_264' title='bbox 1425 2231 1619 2299; x_wconf 83' lang='lat' dir='ltr'><strong>EJUS,</strong></span> 
     </span>
    </p>
   </div>
   <div class='ocr_carea' id='block_1_36' title="bbox 644 2326 1650 2389">
    <p class='ocr_par' dir='ltr' id='par_1_36' title="bbox 644 2326 1650 2389">
     <span class='ocr_line' id='line_1_36' title="bbox 644 2326 1650 2389; baseline -0.002 -8"><span class='ocrx_word' id='word_1_265' title='bbox 644 2341 716 2389; x_wconf 71' lang='grc' dir='ltr'><strong>ΕΤ</strong></span> <span class='ocrx_word' id='word_1_266' title='bbox 745 2340 1035 2381; x_wconf 72' lang='lat' dir='ltr'><strong>JUSTINJANI</strong></span> <span class='ocrx_word' id='word_1_267' title='bbox 1079 2326 1341 2385; x_wconf 62' lang='lat' dir='ltr'><strong>PR£DICTI</strong></span> <span class='ocrx_word' id='word_1_268' title='bbox 1381 2340 1650 2381; x_wconf 73' lang='lat' dir='ltr'><strong>PRINCIPIS.</strong></span> 
     </span>
    </p>
   </div>
   <div class='ocr_carea' id='block_1_37' title="bbox 374 2400 1939 2487">
    <p class='ocr_par' dir='ltr' id='par_1_37' title="bbox 374 2400 1939 2487">
     <span class='ocr_line' id='line_1_37' title="bbox 374 2400 1939 2487; baseline 0.001 -16"><span class='ocrx_word' id='word_1_269' title='bbox 374 2400 379 2403; x_wconf 10' lang='grc' dir='ltr'><strong>Χ</strong></span> <span class='ocrx_word' id='word_1_270' title='bbox 406 2426 437 2455; x_wconf 74' lang='grc' dir='ltr'>ι</span> <span class='ocrx_word' id='word_1_271' title='bbox 470 2416 647 2471; x_wconf 79' lang='lat' dir='ltr'><strong>Prima</strong></span> <span class='ocrx_word' id='word_1_272' title='bbox 677 2416 819 2471; x_wconf 89' lang='lat' dir='ltr'><strong>salus</strong></span> <span class='ocrx_word' id='word_1_273' title='bbox 838 2423 926 2471; x_wconf 87' lang='lat' dir='ltr'><strong>est</strong></span> <span class='ocrx_word' id='word_1_274' title='bbox 976 2423 1139 2471; x_wconf 79' lang='lat' dir='ltr'><strong>recta:</strong></span> <span class='ocrx_word' id='word_1_275' title='bbox 1166 2414 1287 2470; x_wconf 89' lang='lat' dir='ltr'><strong>ﬁdei</strong></span> <span class='ocrx_word' id='word_1_276' title='bbox 1302 2415 1547 2487; x_wconf 81' lang='lat' dir='ltr'><strong>regulam</strong></span> <span class='ocrx_word' id='word_1_277' title='bbox 1573 2418 1842 2475; x_wconf 86' lang='lat' dir='ltr'><strong>custooire</strong></span> <span class='ocrx_word' id='word_1_278' title='bbox 1884 2426 1939 2473; x_wconf 91' lang='lat' dir='ltr'><strong>et</strong></span> 
     </span>
    </p>
   </div>
   <div class='ocr_carea' id='block_1_38' title="bbox 328 2509 1937 2588">
    <p class='ocr_par' dir='ltr' id='par_1_38' title="bbox 328 2509 1937 2588">
     <span class='ocr_line' id='line_1_38' title="bbox 328 2509 1937 2588; baseline -0.002 -20"><span class='ocrx_word' id='word_1_279' title='bbox 328 2527 367 2570; x_wconf 70' lang='grc' dir='ltr'><strong><em>ι</em></strong></span> <span class='ocrx_word' id='word_1_280' title='bbox 393 2510 713 2569; x_wconf 83' lang='lat' dir='ltr'><strong>constitutis</strong></span> <span class='ocrx_word' id='word_1_281' title='bbox 739 2510 953 2567; x_wconf 80' lang='lat' dir='ltr'><strong>Patrum</strong></span> <span class='ocrx_word' id='word_1_282' title='bbox 982 2509 1289 2588; x_wconf 59' lang='lat' dir='ltr'><strong>nullptenus</strong></span> <span class='ocrx_word' id='word_1_283' title='bbox 1314 2509 1532 2568; x_wconf 82' lang='lat' dir='ltr'><strong>deviare</strong></span> <span class='ocrx_word' id='word_1_284' title='bbox 1558 2528 1569 2563; x_wconf 92' lang='lat'>:</span> <span class='ocrx_word' id='word_1_285' title='bbox 1602 2519 1657 2567; x_wconf 88' lang='lat' dir='ltr'><strong>et</strong></span> <span class='ocrx_word' id='word_1_286' title='bbox 1676 2511 1801 2579; x_wconf 88' lang='lat' dir='ltr'><strong>quia</strong></span> <span class='ocrx_word' id='word_1_287' title='bbox 1828 2527 1937 2570; x_wconf 92' lang='lat' dir='ltr'><strong>non</strong></span> 
     </span>
    </p>
   </div>
   <div class='ocr_carea' id='block_1_39' title="bbox 333 2596 1933 2674">
    <p class='ocr_par' dir='ltr' id='par_1_39' title="bbox 333 2596 1933 2674">
     <span class='ocr_line' id='line_1_39' title="bbox 333 2596 1933 2674; baseline 0.003 -17"><span class='ocrx_word' id='word_1_288' title='bbox 333 2610 520 2674; x_wconf 85' lang='lat' dir='ltr'><strong>potest</strong></span> <span class='ocrx_word' id='word_1_289' title='bbox 547 2600 762 2657; x_wconf 89' lang='lat' dir='ltr'><strong>Domini</strong></span> <span class='ocrx_word' id='word_1_290' title='bbox 790 2600 961 2659; x_wconf 87' lang='lat' dir='ltr'><strong>nostri</strong></span> <span class='ocrx_word' id='word_1_291' title='bbox 1017 2599 1144 2656; x_wconf 86' lang='lat' dir='ltr'><strong>Jesu</strong></span> <span class='ocrx_word' id='word_1_292' title='bbox 1192 2596 1391 2667; x_wconf 79' lang='lat' dir='ltr'><strong>Christi</strong></span> <span class='ocrx_word' id='word_1_293' title='bbox 1440 2601 1777 2671; x_wconf 63' lang='lat' dir='ltr'><strong>praetermitti</strong></span> <span class='ocrx_word' id='word_1_294' title='bbox 1808 2616 1933 2661; x_wconf 80' lang='lat' dir='ltr'><strong>sen-</strong></span> 
     </span>
    </p>
   </div>
   <div class='ocr_carea' id='block_1_40' title="bbox 330 2688 1936 2764">
    <p class='ocr_par' dir='ltr' id='par_1_40' title="bbox 330 2688 1936 2764">
     <span class='ocr_line' id='line_1_40' title="bbox 330 2688 1936 2764; baseline -0.003 -14"><span class='ocrx_word' id='word_1_295' title='bbox 330 2693 509 2750; x_wconf 69' lang='lat' dir='ltr'><strong>tentia</strong></span> <span class='ocrx_word' id='word_1_296' title='bbox 534 2734 551 2760; x_wconf 92' lang='lat'><strong>,</strong></span> <span class='ocrx_word' id='word_1_297' title='bbox 586 2692 815 2748; x_wconf 88' lang='lat' dir='ltr'><strong>dicentis</strong></span> <span class='ocrx_word' id='word_1_298' title='bbox 840 2711 854 2747; x_wconf 90' lang='lat'><strong>:</strong></span> <span class='ocrx_word' id='word_1_299' title='bbox 884 2692 959 2746; x_wconf 82' lang='lat' dir='ltr'><strong>Tu</strong></span> <span class='ocrx_word' id='word_1_300' title='bbox 990 2709 1043 2747; x_wconf 80' lang='lat' dir='ltr'><strong>es</strong></span> <span class='ocrx_word' id='word_1_301' title='bbox 1075 2691 1256 2748; x_wconf 74' lang='lat' dir='ltr'><strong>Petrus</strong></span> <span class='ocrx_word' id='word_1_302' title='bbox 1277 2688 1297 2760; x_wconf 39' lang='grc'><strong>⁴,</strong></span> <span class='ocrx_word' id='word_1_303' title='bbox 1327 2701 1377 2747; x_wconf 89' lang='lat' dir='ltr'><strong>et</strong></span> <span class='ocrx_word' id='word_1_304' title='bbox 1402 2709 1556 2763; x_wconf 79' lang='lat' dir='ltr'><strong>super</strong></span> <span class='ocrx_word' id='word_1_305' title='bbox 1575 2691 1709 2747; x_wconf 81' lang='lat' dir='ltr'><strong>hanc</strong></span> <span class='ocrx_word' id='word_1_306' title='bbox 1736 2702 1936 2764; x_wconf 82' lang='lat' dir='ltr'><strong>petram</strong></span> 
     </span>
    </p>
   </div>
   <div class='ocr_carea' id='block_1_41' title="bbox 327 2782 1935 2858">
    <p class='ocr_par' dir='ltr' id='par_1_41' title="bbox 327 2782 1935 2858">
     <span class='ocr_line' id='line_1_41' title="bbox 327 2782 1935 2858; baseline 0.001 -18"><span class='ocrx_word' id='word_1_307' title='bbox 327 2785 614 2857; x_wconf 64' lang='lat' dir='ltr'><strong>aediﬁcabo</strong></span> <span class='ocrx_word' id='word_1_308' title='bbox 643 2783 935 2844; x_wconf 71' lang='lat' dir='ltr'><strong>Ecclesium</strong></span> <span class='ocrx_word' id='word_1_309' title='bbox 959 2794 1130 2845; x_wconf 80' lang='lat' dir='ltr'><strong>meum</strong></span> <span class='ocrx_word' id='word_1_310' title='bbox 1160 2784 1377 2857; x_wconf 76' lang='lat' dir='ltr'><strong>(Matth.</strong></span> <span class='ocrx_word' id='word_1_311' title='bbox 1418 2782 1553 2857; x_wconf 78' lang='lat' dir='ltr'><strong>xvr).</strong></span> <span class='ocrx_word' id='word_1_312' title='bbox 1580 2783 1644 2839; x_wconf 87' lang='lat' dir='ltr'><strong>Et</strong></span> <span class='ocrx_word' id='word_1_313' title='bbox 1672 2785 1786 2841; x_wconf 71' lang='lat' dir='ltr'><strong>haec</strong></span> <span class='ocrx_word' id='word_1_314' title='bbox 1815 2802 1935 2858; x_wconf 87' lang='lat' dir='ltr'><strong>quae</strong></span> 
     </span>
    </p>
   </div>
   <div class='ocr_carea' id='block_1_42' title="bbox 331 2861 1937 2957">
    <p class='ocr_par' dir='ltr' id='par_1_42' title="bbox 331 2861 1937 2957">
     <span class='ocr_line' id='line_1_42' title="bbox 331 2861 1937 2957; baseline 0 -24"><span class='ocrx_word' id='word_1_315' title='bbox 331 2875 483 2933; x_wconf 87' lang='lat' dir='ltr'><strong>dicta</strong></span> <span class='ocrx_word' id='word_1_316' title='bbox 511 2884 642 2942; x_wconf 87' lang='lat' dir='ltr'><strong>sunt</strong></span> <span class='ocrx_word' id='word_1_317' title='bbox 671 2891 853 2931; x_wconf 89' lang='lat' dir='ltr'><strong>rerum</strong></span> <span class='ocrx_word' id='word_1_318' title='bbox 882 2861 1187 2957; x_wconf 77' lang='lat' dir='ltr'><strong>probantur</strong></span> <span class='ocrx_word' id='word_1_319' title='bbox 1206 2874 1485 2933; x_wconf 81' lang='lat' dir='ltr'><strong>effectibus</strong></span> <span class='ocrx_word' id='word_1_320' title='bbox 1511 2916 1527 2944; x_wconf 85' lang='lat'><strong>,</strong></span> <span class='ocrx_word' id='word_1_321' title='bbox 1559 2876 1684 2947; x_wconf 86' lang='lat' dir='ltr'><strong>quia</strong></span> <span class='ocrx_word' id='word_1_322' title='bbox 1725 2876 1780 2932; x_wconf 89' lang='lat' dir='ltr'><strong>in</strong></span> <span class='ocrx_word' id='word_1_323' title='bbox 1808 2876 1937 2957; x_wconf 87' lang='lat' dir='ltr'><strong>sede</strong></span> 
     </span>
    </p>
   </div>
   <div class='ocr_carea' id='block_1_43' title="bbox 331 2956 1935 3039">
    <p class='ocr_par' dir='ltr' id='par_1_43' title="bbox 331 2956 1935 3039">
     <span class='ocr_line' id='line_1_43' title="bbox 331 2956 1935 3039; baseline 0.001 -16"><span class='ocrx_word' id='word_1_324' title='bbox 331 2968 641 3038; x_wconf 79' lang='lat' dir='ltr'><strong>apostolica</strong></span> <span class='ocrx_word' id='word_1_325' title='bbox 676 2975 836 3023; x_wconf 81' lang='lat' dir='ltr'><strong>extra</strong></span> <span class='ocrx_word' id='word_1_326' title='bbox 862 2968 1133 3028; x_wconf 84' lang='lat' dir='ltr'><strong>maculam</strong></span> <span class='ocrx_word' id='word_1_327' title='bbox 1162 2983 1378 3039; x_wconf 86' lang='lat' dir='ltr'><strong>semper</strong></span> <span class='ocrx_word' id='word_1_328' title='bbox 1408 2976 1497 3027; x_wconf 80' lang='lat' dir='ltr'><strong>est</strong></span> <span class='ocrx_word' id='word_1_329' title='bbox 1525 2956 1935 3035; x_wconf 22' lang='lat' dir='ltr'><strong>catbolicalser-</strong></span> 
     </span>
    </p>
   </div>
   <div class='ocr_carea' id='block_1_44' title="bbox 310 3057 1934 3132">
    <p class='ocr_par' dir='ltr' id='par_1_44' title="bbox 310 3057 1934 3132">
     <span class='ocr_line' id='line_1_44' title="bbox 310 3057 1934 3132; baseline 0.002 -18"><span class='ocrx_word' id='word_1_330' title='bbox 310 3066 465 3114; x_wconf 53' lang='lat' dir='ltr'><strong>Nata</strong></span> <span class='ocrx_word' id='word_1_331' title='bbox 490 3058 705 3126; x_wconf 73' lang='lat' dir='ltr'><strong>religio.</strong></span> <span class='ocrx_word' id='word_1_332' title='bbox 740 3057 816 3114; x_wconf 88' lang='lat' dir='ltr'><strong>De</strong></span> <span class='ocrx_word' id='word_1_333' title='bbox 844 3072 951 3128; x_wconf 86' lang='lat' dir='ltr'><strong>qua</strong></span> <span class='ocrx_word' id='word_1_334' title='bbox 979 3072 1077 3130; x_wconf 85' lang='lat' dir='ltr'><strong>spe</strong></span> <span class='ocrx_word' id='word_1_335' title='bbox 1105 3066 1162 3114; x_wconf 90' lang='lat' dir='ltr'><strong>et</strong></span> <span class='ocrx_word' id='word_1_336' title='bbox 1197 3058 1303 3114; x_wconf 83' lang='lat' dir='ltr'><strong>ﬁde</strong></span> <span class='ocrx_word' id='word_1_337' title='bbox 1327 3059 1548 3117; x_wconf 82' lang='lat' dir='ltr'><strong>minime</strong></span> <span class='ocrx_word' id='word_1_338' title='bbox 1569 3061 1810 3132; x_wconf 90' lang='lat' dir='ltr'><strong>separari</strong></span> <span class='ocrx_word' id='word_1_339' title='bbox 1837 3076 1934 3117; x_wconf 54' lang='lat' dir='ltr'><strong>cup</strong></span> 
     </span>
    </p>
   </div>
   <div class='ocr_carea' id='block_1_45' title="bbox 334 3149 1938 3221">
    <p class='ocr_par' dir='ltr' id='par_1_45' title="bbox 334 3149 1938 3221">
     <span class='ocr_line' id='line_1_45' title="bbox 334 3149 1938 3221; baseline 0.001 -16"><span class='ocrx_word' id='word_1_340' title='bbox 334 3149 574 3221; x_wconf 85' lang='lat' dir='ltr'><strong>pientes,</strong></span> <span class='ocrx_word' id='word_1_341' title='bbox 599 3157 656 3205; x_wconf 91' lang='lat' dir='ltr'><strong>et</strong></span> <span class='ocrx_word' id='word_1_342' title='bbox 686 3149 905 3205; x_wconf 79' lang='lat' dir='ltr'><strong>Patrum</strong></span> <span class='ocrx_word' id='word_1_343' title='bbox 932 3157 1224 3221; x_wconf 82' lang='lat' dir='ltr'><strong>sequentes</strong></span> <span class='ocrx_word' id='word_1_344' title='bbox 1244 3149 1559 3218; x_wconf 88' lang='lat' dir='ltr'><strong>constituta,</strong></span> <span class='ocrx_word' id='word_1_345' title='bbox 1583 3152 1938 3207; x_wconf 57' lang='lat' dir='ltr'><strong>anathemati.</strong></span> 
     </span>
    </p>
   </div>
   <div class='ocr_carea' id='block_1_46' title="bbox 334 3242 1935 3317">
    <p class='ocr_par' dir='ltr' id='par_1_46' title="bbox 334 3242 1935 3317">
     <span class='ocr_line' id='line_1_46' title="bbox 334 3242 1935 3317; baseline 0.002 -20"><span class='ocrx_word' id='word_1_346' title='bbox 334 3257 527 3298; x_wconf 65' lang='lat' dir='ltr'><strong>ramus</strong></span> <span class='ocrx_word' id='word_1_347' title='bbox 548 3257 739 3299; x_wconf 89' lang='lat' dir='ltr'><strong>omnes</strong></span> <span class='ocrx_word' id='word_1_348' title='bbox 783 3243 873 3317; x_wconf 91' lang='lat' dir='ltr'><strong>qui</strong></span> <span class='ocrx_word' id='word_1_349' title='bbox 903 3250 1091 3304; x_wconf 82' lang='lat' dir='ltr'><strong>contra</strong></span> <span class='ocrx_word' id='word_1_350' title='bbox 1111 3251 1355 3303; x_wconf 70' lang='lat' dir='ltr'><strong>sanctam</strong></span> <span class='ocrx_word' id='word_1_351' title='bbox 1376 3242 1673 3299; x_wconf 80' lang='lat' dir='ltr'><strong>Romanam</strong></span> <span class='ocrx_word' id='word_1_352' title='bbox 1697 3253 1753 3301; x_wconf 90' lang='lat' dir='ltr'><strong>et</strong></span> <span class='ocrx_word' id='word_1_353' title='bbox 1771 3260 1935 3316; x_wconf 86' lang='lat' dir='ltr'><strong>apos—</strong></span> 
     </span>
    </p>
   </div>
   <div class='ocr_carea' id='block_1_47' title="bbox 334 3329 1931 3407">
    <p class='ocr_par' dir='ltr' id='par_1_47' title="bbox 334 3329 1931 3407">
     <span class='ocr_line' id='line_1_47' title="bbox 334 3329 1931 3407; baseline 0.002 -19"><span class='ocrx_word' id='word_1_354' title='bbox 334 3331 561 3388; x_wconf 88' lang='lat' dir='ltr'><strong>tolicam</strong></span> <span class='ocrx_word' id='word_1_355' title='bbox 580 3329 873 3389; x_wconf 84' lang='lat' dir='ltr'><strong>Ecclesiam</strong></span> <span class='ocrx_word' id='word_1_356' title='bbox 903 3332 1267 3404; x_wconf 84' lang='lat' dir='ltr'><strong>superbiendo</strong></span> <span class='ocrx_word' id='word_1_357' title='bbox 1287 3348 1413 3389; x_wconf 89' lang='lat' dir='ltr'><strong>suas</strong></span> <span class='ocrx_word' id='word_1_358' title='bbox 1430 3335 1640 3403; x_wconf 90' lang='lat' dir='ltr'><strong>erigunt</strong></span> <span class='ocrx_word' id='word_1_359' title='bbox 1661 3335 1931 3407; x_wconf 79' lang='lat' dir='ltr'><strong>cervices;</strong></span> 
     </span>
    </p>
   </div>
   <div class='ocr_carea' id='block_1_48' title="bbox 331 3424 1937 3499">
    <p class='ocr_par' dir='ltr' id='par_1_48' title="bbox 331 3424 1937 3499">
     <span class='ocr_line' id='line_1_48' title="bbox 331 3424 1937 3499; baseline 0.002 -20"><span class='ocrx_word' id='word_1_360' title='bbox 331 3432 635 3495; x_wconf 70' lang='lat' dir='ltr'><strong>sequentes</strong></span> <span class='ocrx_word' id='word_1_361' title='bbox 666 3424 720 3479; x_wconf 89' lang='lat' dir='ltr'><strong>in</strong></span> <span class='ocrx_word' id='word_1_362' title='bbox 750 3424 999 3483; x_wconf 79' lang='lat' dir='ltr'><strong>omnibus</strong></span> <span class='ocrx_word' id='word_1_363' title='bbox 1028 3425 1381 3497; x_wconf 87' lang='lat' dir='ltr'><strong>apostolicam</strong></span> <span class='ocrx_word' id='word_1_364' title='bbox 1411 3425 1591 3482; x_wconf 87' lang='lat' dir='ltr'><strong>sedem</strong></span> <span class='ocrx_word' id='word_1_365' title='bbox 1612 3466 1627 3491; x_wconf 91' lang='lat'><strong>,</strong></span> <span class='ocrx_word' id='word_1_366' title='bbox 1659 3435 1714 3482; x_wconf 92' lang='lat' dir='ltr'><strong>et</strong></span> <span class='ocrx_word' id='word_1_367' title='bbox 1741 3427 1937 3499; x_wconf 70' lang='lat' dir='ltr'><strong>prtedi‘</strong></span> 
     </span>
    </p>
   </div>
   <div class='ocr_carea' id='block_1_49' title="bbox 332 3514 1938 3593">
    <p class='ocr_par' dir='ltr' id='par_1_49' title="bbox 332 3514 1938 3593">
     <span class='ocr_line' id='line_1_49' title="bbox 332 3514 1938 3593; baseline 0.002 -21"><span class='ocrx_word' id='word_1_368' title='bbox 332 3523 531 3572; x_wconf 85' lang='lat' dir='ltr'><strong>cantes</strong></span> <span class='ocrx_word' id='word_1_369' title='bbox 562 3514 680 3585; x_wconf 87' lang='lat' dir='ltr'><strong>ejus</strong></span> <span class='ocrx_word' id='word_1_370' title='bbox 699 3516 879 3573; x_wconf 87' lang='lat' dir='ltr'><strong>omnia</strong></span> <span class='ocrx_word' id='word_1_371' title='bbox 912 3517 1243 3586; x_wconf 71' lang='lat' dir='ltr'><strong>constituta,</strong></span> <span class='ocrx_word' id='word_1_372' title='bbox 1270 3525 1325 3573; x_wconf 92' lang='lat' dir='ltr'><strong>et</strong></span> <span class='ocrx_word' id='word_1_373' title='bbox 1343 3532 1443 3593; x_wconf 86' lang='lat' dir='ltr'><strong>per</strong></span> <span class='ocrx_word' id='word_1_374' title='bbox 1469 3519 1651 3580; x_wconf 78' lang='lat' dir='ltr'><strong>omnia</strong></span> <span class='ocrx_word' id='word_1_375' title='bbox 1674 3534 1854 3591; x_wconf 88' lang='lat' dir='ltr'><strong>spero,</strong></span> <span class='ocrx_word' id='word_1_376' title='bbox 1878 3527 1938 3575; x_wconf 94' lang='lat' dir='ltr'><strong>ut</strong></span> 
     </span>
    </p>
   </div>
   <div class='ocr_carea' id='block_1_50' title="bbox 332 3594 1931 3682">
    <p class='ocr_par' dir='ltr' id='par_1_50' title="bbox 332 3594 1931 3682">
     <span class='ocr_line' id='line_1_50' title="bbox 332 3594 1931 3682; baseline 0.003 -19"><span class='ocrx_word' id='word_1_377' title='bbox 332 3606 392 3663; x_wconf 79' lang='lat' dir='ltr'><strong>in</strong></span> <span class='ocrx_word' id='word_1_378' title='bbox 423 3622 534 3662; x_wconf 87' lang='lat' dir='ltr'><strong>una</strong></span> <span class='ocrx_word' id='word_1_379' title='bbox 567 3608 946 3667; x_wconf 84' lang='lat' dir='ltr'><strong>communione</strong></span> <span class='ocrx_word' id='word_1_380' title='bbox 972 3608 1250 3664; x_wconf 86' lang='lat' dir='ltr'><strong>vobiscum</strong></span> <span class='ocrx_word' id='word_1_381' title='bbox 1276 3653 1290 3677; x_wconf 83' lang='lat'><strong>,</strong></span> <span class='ocrx_word' id='word_1_382' title='bbox 1318 3623 1479 3679; x_wconf 75' lang='lat' dir='ltr'><strong>quam</strong></span> <span class='ocrx_word' id='word_1_383' title='bbox 1502 3594 1675 3668; x_wconf 87' lang='lat' dir='ltr'><strong>sedes</strong></span> <span class='ocrx_word' id='word_1_384' title='bbox 1704 3620 1931 3682; x_wconf 86' lang='lat' dir='ltr'><strong>aposto-</strong></span> 
     </span>
    </p>
   </div>
   <div class='ocr_carea' id='block_1_51' title="bbox 332 3696 1936 3772">
    <p class='ocr_par' dir='ltr' id='par_1_51' title="bbox 332 3696 1936 3772">
     <span class='ocr_line' id='line_1_51' title="bbox 332 3696 1936 3772; baseline 0.001 -17"><span class='ocrx_word' id='word_1_385' title='bbox 332 3696 442 3756; x_wconf 74' lang='lat' dir='ltr'><strong>lica</strong></span> <span class='ocrx_word' id='word_1_386' title='bbox 473 3696 754 3769; x_wconf 69' lang='lat' dir='ltr'><strong>prtedieat,</strong></span> <span class='ocrx_word' id='word_1_387' title='bbox 778 3714 898 3770; x_wconf 85' lang='lat' dir='ltr'><strong>esse</strong></span> <span class='ocrx_word' id='word_1_388' title='bbox 925 3714 1154 3765; x_wconf 88' lang='lat' dir='ltr'><strong>merear,</strong></span> <span class='ocrx_word' id='word_1_389' title='bbox 1179 3699 1230 3755; x_wconf 90' lang='lat' dir='ltr'><strong>in</strong></span> <span class='ocrx_word' id='word_1_390' title='bbox 1254 3715 1359 3766; x_wconf 89' lang='lat' dir='ltr'><strong>qua</strong></span> <span class='ocrx_word' id='word_1_391' title='bbox 1381 3709 1463 3756; x_wconf 87' lang='lat' dir='ltr'><strong>est</strong></span> <span class='ocrx_word' id='word_1_392' title='bbox 1493 3702 1699 3772; x_wconf 87' lang='lat' dir='ltr'><strong>integra</strong></span> <span class='ocrx_word' id='word_1_393' title='bbox 1727 3711 1783 3757; x_wconf 91' lang='lat' dir='ltr'><strong>et</strong></span> <span class='ocrx_word' id='word_1_394' title='bbox 1811 3717 1936 3757; x_wconf 84' lang='lat' dir='ltr'><strong>vera</strong></span> 
     </span>
    </p>
   </div>
   <div class='ocr_carea' id='block_1_52' title="bbox 332 3780 1936 3863">
    <p class='ocr_par' dir='ltr' id='par_1_52' title="bbox 332 3780 1936 3863">
     <span class='ocr_line' id='line_1_52' title="bbox 332 3780 1936 3863; baseline 0.001 -18"><span class='ocrx_word' id='word_1_395' title='bbox 332 3788 661 3845; x_wconf 76' lang='lat' dir='ltr'><strong>Christiana:</strong></span> <span class='ocrx_word' id='word_1_396' title='bbox 687 3786 970 3859; x_wconf 82' lang='lat' dir='ltr'><strong>religionis</strong></span> <span class='ocrx_word' id='word_1_397' title='bbox 983 3797 1044 3845; x_wconf 91' lang='lat' dir='ltr'><strong>et</strong></span> <span class='ocrx_word' id='word_1_398' title='bbox 1063 3789 1302 3861; x_wconf 80' lang='lat' dir='ltr'><strong>perfecta</strong></span> <span class='ocrx_word' id='word_1_399' title='bbox 1333 3790 1597 3856; x_wconf 80' lang='lat' dir='ltr'><strong>soliditas,</strong></span> <span class='ocrx_word' id='word_1_400' title='bbox 1614 3780 1936 3863; x_wconf 85' lang='lat' dir='ltr'><strong>promittens</strong></span> 
     </span>
    </p>
   </div>
   <div class='ocr_carea' id='block_1_53' title="bbox 334 3874 1938 3951">
    <p class='ocr_par' dir='ltr' id='par_1_53' title="bbox 334 3874 1938 3951">
     <span class='ocr_line' id='line_1_53' title="bbox 334 3874 1938 3951; baseline 0.001 -14"><span class='ocrx_word' id='word_1_401' title='bbox 334 3890 710 3951; x_wconf 77' lang='lat' dir='ltr'><strong>sequestratos</strong></span> <span class='ocrx_word' id='word_1_402' title='bbox 730 3898 759 3936; x_wconf 90' lang='lat' dir='ltr'><strong>a</strong></span> <span class='ocrx_word' id='word_1_403' title='bbox 785 3882 1166 3938; x_wconf 84' lang='lat' dir='ltr'><strong>communione</strong></span> <span class='ocrx_word' id='word_1_404' title='bbox 1187 3874 1453 3940; x_wconf 73' lang='lat' dir='ltr'><strong>Ecclesite</strong></span> <span class='ocrx_word' id='word_1_405' title='bbox 1466 3884 1769 3950; x_wconf 73' lang='lat' dir='ltr'><strong>catholicae,</strong></span> <span class='ocrx_word' id='word_1_406' title='bbox 1787 3884 1838 3939; x_wconf 91' lang='lat' dir='ltr'><strong>id</strong></span> <span class='ocrx_word' id='word_1_407' title='bbox 1854 3894 1938 3941; x_wconf 90' lang='lat' dir='ltr'><strong>est</strong></span> 
     </span>
    </p>
   </div>
   <div class='ocr_carea' id='block_1_54' title="bbox 332 3974 1935 4051">
    <p class='ocr_par' dir='ltr' id='par_1_54' title="bbox 332 3974 1935 4051">
     <span class='ocr_line' id='line_1_54' title="bbox 332 3974 1935 4051; baseline 0.002 -22"><span class='ocrx_word' id='word_1_408' title='bbox 332 3988 452 4029; x_wconf 79' lang='lat' dir='ltr'><strong>non</strong></span> <span class='ocrx_word' id='word_1_409' title='bbox 480 3974 882 4034; x_wconf 71' lang='lat' dir='ltr'><strong>consentientes</strong></span> <span class='ocrx_word' id='word_1_410' title='bbox 901 3974 1014 4051; x_wconf 89' lang='lat' dir='ltr'><strong>sedi</strong></span> <span class='ocrx_word' id='word_1_411' title='bbox 1039 3976 1375 4047; x_wconf 71' lang='lat' dir='ltr'><strong>apostolicae,</strong></span> <span class='ocrx_word' id='word_1_412' title='bbox 1395 3991 1582 4045; x_wconf 89' lang='lat' dir='ltr'><strong>eorum</strong></span> <span class='ocrx_word' id='word_1_413' title='bbox 1610 3979 1826 4033; x_wconf 90' lang='lat' dir='ltr'><strong>nomina</strong></span> <span class='ocrx_word' id='word_1_414' title='bbox 1845 3979 1935 4040; x_wconf 85' lang='lat' dir='ltr'><strong>jn-</strong></span> 
     </span>
    </p>
   </div>
   <div class='ocr_carea' id='block_1_55' title="bbox 334 4064 1936 4139">
    <p class='ocr_par' dir='ltr' id='par_1_55' title="bbox 334 4064 1936 4139">
     <span class='ocr_line' id='line_1_55' title="bbox 334 4064 1936 4139; baseline 0.002 -19"><span class='ocrx_word' id='word_1_415' title='bbox 334 4072 425 4120; x_wconf 83' lang='lat' dir='ltr'><strong>ter</strong></span> <span class='ocrx_word' id='word_1_416' title='bbox 451 4079 605 4119; x_wconf 87' lang='lat' dir='ltr'><strong>saera</strong></span> <span class='ocrx_word' id='word_1_417' title='bbox 647 4079 761 4124; x_wconf 87' lang='lat' dir='ltr'><strong>non</strong></span> <span class='ocrx_word' id='word_1_418' title='bbox 802 4064 1081 4123; x_wconf 86' lang='lat' dir='ltr'><strong>recitanda</strong></span> <span class='ocrx_word' id='word_1_419' title='bbox 1120 4080 1244 4122; x_wconf 89' lang='lat' dir='ltr'><strong>esse</strong></span> <span class='ocrx_word' id='word_1_420' title='bbox 1293 4067 1568 4139; x_wconf 86' lang='lat' dir='ltr'><strong>mysteria.</strong></span> <span class='ocrx_word' id='word_1_421' title='bbox 1610 4065 1767 4134; x_wconf 76' lang='lat' dir='ltr'><strong>Quod</strong></span> <span class='ocrx_word' id='word_1_422' title='bbox 1795 4068 1839 4124; x_wconf 90' lang='lat' dir='ltr'><strong>si</strong></span> <span class='ocrx_word' id='word_1_423' title='bbox 1878 4069 1936 4129; x_wconf 90' lang='lat' dir='ltr'><strong>in</strong></span> 
     </span>
    </p>
   </div>
   <div class='ocr_carea' id='block_1_56' title="bbox 333 4154 1936 4229">
    <p class='ocr_par' dir='ltr' id='par_1_56' title="bbox 333 4154 1936 4229">
     <span class='ocr_line' id='line_1_56' title="bbox 333 4154 1936 4229; baseline 0.003 -20"><span class='ocrx_word' id='word_1_424' title='bbox 333 4154 523 4225; x_wconf 81' lang='lat' dir='ltr'><strong>aliquo</strong></span> <span class='ocrx_word' id='word_1_425' title='bbox 550 4170 583 4209; x_wconf 90' lang='lat' dir='ltr'><strong>a</strong></span> <span class='ocrx_word' id='word_1_426' title='bbox 604 4154 941 4225; x_wconf 74' lang='lat' dir='ltr'><strong>professione</strong></span> <span class='ocrx_word' id='word_1_427' title='bbox 968 4171 1091 4212; x_wconf 88' lang='lat' dir='ltr'><strong>mea</strong></span> <span class='ocrx_word' id='word_1_428' title='bbox 1119 4155 1338 4217; x_wconf 66' lang='lat' dir='ltr'><strong>deviare</strong></span> <span class='ocrx_word' id='word_1_429' title='bbox 1360 4165 1663 4223; x_wconf 81' lang='lat' dir='ltr'><strong>tentavero,</strong></span> <span class='ocrx_word' id='word_1_430' title='bbox 1688 4157 1771 4216; x_wconf 84' lang='lat' dir='ltr'><strong>his</strong></span> <span class='ocrx_word' id='word_1_431' title='bbox 1799 4175 1936 4229; x_wconf 78' lang='lat' dir='ltr'><strong>quos</strong></span> 
     </span>
    </p>
   </div>
   <div class='ocr_carea' id='block_1_57' title="bbox 336 4245 1932 4319">
    <p class='ocr_par' dir='ltr' id='par_1_57' title="bbox 336 4245 1932 4319">
     <span class='ocr_line' id='line_1_57' title="bbox 336 4245 1932 4319; baseline 0.002 -19"><span class='ocrx_word' id='word_1_432' title='bbox 336 4245 595 4300; x_wconf 88' lang='lat' dir='ltr'><strong>damnavi</strong></span> <span class='ocrx_word' id='word_1_433' title='bbox 617 4246 936 4319; x_wconf 76' lang='lat' dir='ltr'><strong>complicem</strong></span> <span class='ocrx_word' id='word_1_434' title='bbox 963 4261 1086 4305; x_wconf 90' lang='lat' dir='ltr'><strong>mea</strong></span> <span class='ocrx_word' id='word_1_435' title='bbox 1111 4248 1379 4303; x_wconf 89' lang='lat' dir='ltr'><strong>sententia</strong></span> <span class='ocrx_word' id='word_1_436' title='bbox 1400 4263 1627 4304; x_wconf 81' lang='lat' dir='ltr'><strong>mecsse</strong></span> <span class='ocrx_word' id='word_1_437' title='bbox 1652 4247 1932 4319; x_wconf 89' lang='lat' dir='ltr'><strong>proﬁteor.</strong></span> 
     </span>
    </p>
   </div>
   <div class='ocr_carea' id='block_1_58' title="bbox 333 4335 1938 4411">
    <p class='ocr_par' dir='ltr' id='par_1_58' title="bbox 333 4335 1938 4411">
     <span class='ocr_line' id='line_1_58' title="bbox 333 4335 1938 4411; baseline 0.002 -20"><span class='ocrx_word' id='word_1_438' title='bbox 333 4335 495 4397; x_wconf 73' lang='lat' dir='ltr'><strong>Hane</strong></span> <span class='ocrx_word' id='word_1_439' title='bbox 541 4346 723 4395; x_wconf 86' lang='lat' dir='ltr'><strong>autem</strong></span> <span class='ocrx_word' id='word_1_440' title='bbox 753 4338 1146 4408; x_wconf 82' lang='lat' dir='ltr'><strong>professionem</strong></span> <span class='ocrx_word' id='word_1_441' title='bbox 1192 4354 1369 4399; x_wconf 87' lang='lat' dir='ltr'><strong>meam</strong></span> <span class='ocrx_word' id='word_1_442' title='bbox 1423 4355 1587 4394; x_wconf 92' lang='lat' dir='ltr'><strong>manu</strong></span> <span class='ocrx_word' id='word_1_443' title='bbox 1640 4354 1758 4395; x_wconf 90' lang='lat' dir='ltr'><strong>mea</strong></span> <span class='ocrx_word' id='word_1_444' title='bbox 1808 4340 1938 4411; x_wconf 86' lang='lat' dir='ltr'><strong>sub-</strong></span> 
     </span>
    </p>
   </div>
   <div class='ocr_carea' id='block_1_59' title="bbox 332 4428 1932 4503">
    <p class='ocr_par' dir='ltr' id='par_1_59' title="bbox 332 4428 1932 4503">
     <span class='ocr_line' id='line_1_59' title="bbox 332 4428 1932 4503; baseline 0 -18"><span class='ocrx_word' id='word_1_445' title='bbox 332 4429 566 4498; x_wconf 78' lang='lat' dir='ltr'><strong>scripsi,</strong></span> <span class='ocrx_word' id='word_1_446' title='bbox 622 4437 679 4485; x_wconf 89' lang='lat' dir='ltr'><strong>et</strong></span> <span class='ocrx_word' id='word_1_447' title='bbox 734 4428 1016 4486; x_wconf 87' lang='lat' dir='ltr'><strong>Bonifacio</strong></span> <span class='ocrx_word' id='word_1_448' title='bbox 1065 4428 1435 4503; x_wconf 76' lang='lat' dir='ltr'><strong>(Hormisdam</strong></span> <span class='ocrx_word' id='word_1_449' title='bbox 1486 4430 1644 4485; x_wconf 87' lang='lat' dir='ltr'><strong>habet</strong></span> <span class='ocrx_word' id='word_1_450' title='bbox 1699 4429 1932 4500; x_wconf 89' lang='lat' dir='ltr'><strong>libellus)</strong></span> 
     </span>
    </p>
   </div>
   <div class='ocr_carea' id='block_1_60' title="bbox 333 4521 1933 4594">
    <p class='ocr_par' dir='ltr' id='par_1_60' title="bbox 333 4521 1933 4594">
     <span class='ocr_line' id='line_1_60' title="bbox 333 4521 1933 4594; baseline -0.002 -14"><span class='ocrx_word' id='word_1_451' title='bbox 333 4532 532 4580; x_wconf 79' lang='lat' dir='ltr'><strong>sancto</strong></span> <span class='ocrx_word' id='word_1_452' title='bbox 560 4532 615 4578; x_wconf 92' lang='lat' dir='ltr'><strong>et</strong></span> <span class='ocrx_word' id='word_1_453' title='bbox 641 4523 939 4584; x_wconf 80' lang='lat' dir='ltr'><strong>venerabili</strong></span> <span class='ocrx_word' id='word_1_454' title='bbox 967 4538 1121 4594; x_wconf 85' lang='lat' dir='ltr'><strong>papae</strong></span> <span class='ocrx_word' id='word_1_455' title='bbox 1143 4522 1291 4579; x_wconf 90' lang='lat' dir='ltr'><strong>urbis</strong></span> <span class='ocrx_word' id='word_1_456' title='bbox 1329 4522 1745 4593; x_wconf 41' lang='lat' dir='ltr'><strong>Romtn&#39;direxi,</strong></span> <span class='ocrx_word' id='word_1_457' title='bbox 1777 4521 1933 4577; x_wconf 66' lang='lat' dir='ltr'><strong>dann-</strong></span> 
     </span>
    </p>
   </div>
   <div class='ocr_carea' id='block_1_61' title="bbox 332 4622 1932 4679">
    <p class='ocr_par' dir='ltr' id='par_1_61' title="bbox 332 4622 1932 4679">
     <span class='ocr_line' id='line_1_61' title="bbox 332 4622 1932 4679; baseline -0.003 -5"><span class='ocrx_word' id='word_1_458' title='bbox 332 4631 476 4674; x_wconf 84' lang='lat' dir='ltr'><strong>nans</strong></span> <span class='ocrx_word' id='word_1_459' title='bbox 504 4623 562 4670; x_wconf 91' lang='lat' dir='ltr'><strong>et</strong></span> <span class='ocrx_word' id='word_1_460' title='bbox 589 4624 967 4679; x_wconf 78' lang='lat' dir='ltr'><strong>antecessores</strong></span> <span class='ocrx_word' id='word_1_461' title='bbox 995 4625 1050 4673; x_wconf 88' lang='lat' dir='ltr'><strong>et</strong></span> <span class='ocrx_word' id='word_1_462' title='bbox 1077 4622 1414 4671; x_wconf 82' lang='lat' dir='ltr'><strong>Successores</strong></span> <span class='ocrx_word' id='word_1_463' title='bbox 1443 4631 1594 4675; x_wconf 81' lang='lat' dir='ltr'><strong>meos</strong></span> <span class='ocrx_word' id='word_1_464' title='bbox 1618 4654 1634 4679; x_wconf 87' lang='lat'><strong>,</strong></span> <span class='ocrx_word' id='word_1_465' title='bbox 1655 4623 1716 4675; x_wconf 78' lang='lat' dir='ltr'><strong>et</strong></span> <span class='ocrx_word' id='word_1_466' title='bbox 1743 4631 1932 4674; x_wconf 87' lang='lat' dir='ltr'><strong>onmcs</strong></span> 
     </span>
    </p>
   </div>
   <div class='ocr_carea' id='block_1_62' title="bbox 328 4705 1928 4779">
    <p class='ocr_par' dir='ltr' id='par_1_62' title="bbox 328 4705 1928 4779">
     <span class='ocr_line' id='line_1_62' title="bbox 328 4705 1928 4779; baseline -0.001 -18"><span class='ocrx_word' id='word_1_467' title='bbox 328 4707 431 4779; x_wconf 76' lang='lat' dir='ltr'><strong>qui</strong></span> <span class='ocrx_word' id='word_1_468' title='bbox 461 4705 521 4761; x_wconf 87' lang='lat' dir='ltr'><strong>S.</strong></span> <span class='ocrx_word' id='word_1_469' title='bbox 553 4706 811 4765; x_wconf 73' lang='lat' dir='ltr'><strong>Romamn</strong></span> <span class='ocrx_word' id='word_1_470' title='bbox 835 4713 892 4767; x_wconf 84' lang='lat' dir='ltr'><strong>et</strong></span> <span class='ocrx_word' id='word_1_471' title='bbox 917 4705 1493 4777; x_wconf 71' lang='lat' dir='ltr'><strong>apostolicaaEcclesite</strong></span> <span class='ocrx_word' id='word_1_472' title='bbox 1505 4705 1784 4776; x_wconf 68' lang='lat' dir='ltr'><strong>privilegia</strong></span> <span class='ocrx_word' id='word_1_473' title='bbox 1806 4720 1928 4760; x_wconf 87' lang='lat' dir='ltr'><strong>cas-</strong></span> 
     </span>
    </p>
   </div>
   <div class='ocr_carea' id='block_1_63' title="bbox 332 4795 1927 4868">
    <p class='ocr_par' dir='ltr' id='par_1_63' title="bbox 332 4795 1927 4868">
     <span class='ocr_line' id='line_1_63' title="bbox 332 4795 1927 4868; baseline -0.003 -13"><span class='ocrx_word' id='word_1_474' title='bbox 332 4802 461 4855; x_wconf 77' lang='lat' dir='ltr'><strong>sa&#39;re</strong></span> <span class='ocrx_word' id='word_1_475' title='bbox 496 4798 760 4854; x_wconf 75' lang='lat' dir='ltr'><strong>nituntur;</strong></span> <span class='ocrx_word' id='word_1_476' title='bbox 800 4797 941 4861; x_wconf 79' lang='lat' dir='ltr'><strong>Hinc</strong></span> <span class='ocrx_word' id='word_1_477' title='bbox 970 4798 1112 4854; x_wconf 91' lang='lat' dir='ltr'><strong>enim</strong></span> <span class='ocrx_word' id='word_1_478' title='bbox 1143 4805 1389 4868; x_wconf 78' lang='lat' dir='ltr'><strong>superna:</strong></span> <span class='ocrx_word' id='word_1_479' title='bbox 1418 4796 1801 4858; x_wconf 74' lang='lat' dir='ltr'><strong>misericordim</strong></span> <span class='ocrx_word' id='word_1_480' title='bbox 1825 4795 1927 4855; x_wconf 86' lang='lat' dir='ltr'><strong>do-</strong></span> 
     </span>
    </p>
   </div>
   <div class='ocr_carea' id='block_1_64' title="bbox 326 4886 1931 4961">
    <p class='ocr_par' dir='ltr' id='par_1_64' title="bbox 326 4886 1931 4961">
     <span class='ocr_line' id='line_1_64' title="bbox 326 4886 1931 4961; baseline -0.004 -13"><span class='ocrx_word' id='word_1_481' title='bbox 326 4898 650 4948; x_wconf 81' lang='lat' dir='ltr'><strong>cumentum</strong></span> <span class='ocrx_word' id='word_1_482' title='bbox 676 4890 999 4961; x_wconf 89' lang='lat' dir='ltr'><strong>perdocetur</strong></span> <span class='ocrx_word' id='word_1_483' title='bbox 1029 4888 1352 4961; x_wconf 66' lang='lat' dir='ltr'><strong>(Ilormisda</strong></span> <span class='ocrx_word' id='word_1_484' title='bbox 1375 4906 1456 4958; x_wconf 88' lang='lat' dir='ltr'><strong>ep.</strong></span> <span class='ocrx_word' id='word_1_485' title='bbox 1491 4886 1579 4955; x_wconf 89' lang='lat'><strong>80,</strong></span> <span class='ocrx_word' id='word_1_486' title='bbox 1604 4896 1706 4942; x_wconf 87' lang='lat' dir='ltr'><strong>act.</strong></span> <span class='ocrx_word' id='word_1_487' title='bbox 1731 4886 1785 4955; x_wconf 81' lang='lat'><strong>5,</strong></span> <span class='ocrx_word' id='word_1_488' title='bbox 1813 4905 1931 4943; x_wconf 81' lang='lat' dir='ltr'><strong>con-</strong></span> 
     </span>
    </p>
   </div>
   <div class='ocr_carea' id='block_1_65' title="bbox 328 4974 1929 5054">
    <p class='ocr_par' dir='ltr' id='par_1_65' title="bbox 328 4974 1929 5054">
     <span class='ocr_line' id='line_1_65' title="bbox 328 4974 1929 5054; baseline 0.002 -19"><span class='ocrx_word' id='word_1_489' title='bbox 328 4974 445 5041; x_wconf 60' lang='lat' dir='ltr'><strong>cilii</strong></span> <span class='ocrx_word' id='word_1_490' title='bbox 481 4978 595 5043; x_wconf 69' lang='grc' dir='ltr'><strong>(ΣΡ,</strong></span> <span class='ocrx_word' id='word_1_491' title='bbox 641 4982 732 5035; x_wconf 76' lang='lat' dir='ltr'><strong>sub</strong></span> <span class='ocrx_word' id='word_1_492' title='bbox 762 4980 979 5054; x_wconf 74' lang='lat' dir='ltr'><strong>Manna)</strong></span> <span class='ocrx_word' id='word_1_493' title='bbox 1000 5022 1021 5049; x_wconf 79' lang='lat'><strong>,</strong></span> <span class='ocrx_word' id='word_1_494' title='bbox 1049 4982 1264 5052; x_wconf 86' lang='lat' dir='ltr'><strong>quando</strong></span> <span class='ocrx_word' id='word_1_495' title='bbox 1292 4990 1349 5041; x_wconf 81' lang='lat' dir='ltr'><strong>et</strong></span> <span class='ocrx_word' id='word_1_496' title='bbox 1376 4981 1628 5038; x_wconf 89' lang='lat' dir='ltr'><strong>mundani</strong></span> <span class='ocrx_word' id='word_1_497' title='bbox 1659 4982 1929 5052; x_wconf 84' lang='lat' dir='ltr'><strong>principes</strong></span> 
     </span>
    </p>
   </div>
   <div class='ocr_carea' id='block_1_66' title="bbox 327 5072 1922 5145">
    <p class='ocr_par' dir='ltr' id='par_1_66' title="bbox 327 5072 1922 5145">
     <span class='ocr_line' id='line_1_66' title="bbox 327 5072 1922 5145; baseline -0.001 -17"><span class='ocrx_word' id='word_1_498' title='bbox 327 5089 530 5129; x_wconf 82' lang='lat' dir='ltr'><strong>causas</strong></span> <span class='ocrx_word' id='word_1_499' title='bbox 556 5072 678 5126; x_wconf 91' lang='lat' dir='ltr'><strong>ﬁdei</strong></span> <span class='ocrx_word' id='word_1_500' title='bbox 718 5088 840 5130; x_wconf 92' lang='lat' dir='ltr'><strong>cum</strong></span> <span class='ocrx_word' id='word_1_501' title='bbox 865 5073 1180 5145; x_wconf 71' lang='lat' dir='ltr'><strong>reipublica:</strong></span> <span class='ocrx_word' id='word_1_502' title='bbox 1204 5073 1543 5130; x_wconf 89' lang='lat' dir='ltr'><strong>ordinatione</strong></span> <span class='ocrx_word' id='word_1_503' title='bbox 1571 5073 1922 5143; x_wconf 76' lang='lat' dir='ltr'><strong>coniungunt,</strong></span> 
     </span>
    </p>
   </div>
   <div class='ocr_carea' id='block_1_67' title="bbox 334 5163 1930 5236">
    <p class='ocr_par' dir='ltr' id='par_1_67' title="bbox 334 5163 1930 5236">
     <span class='ocr_line' id='line_1_67' title="bbox 334 5163 1930 5236; baseline 0 -18"><span class='ocrx_word' id='word_1_504' title='bbox 334 5173 392 5219; x_wconf 88' lang='lat' dir='ltr'><strong>et</strong></span> <span class='ocrx_word' id='word_1_505' title='bbox 438 5163 805 5223; x_wconf 80' lang='lat' dir='ltr'><strong>Ecclesiarum</strong></span> <span class='ocrx_word' id='word_1_506' title='bbox 852 5166 1129 5235; x_wconf 68' lang='lat' dir='ltr'><strong>praesules,</strong></span> <span class='ocrx_word' id='word_1_507' title='bbox 1182 5164 1326 5236; x_wconf 90' lang='lat' dir='ltr'><strong>quod</strong></span> <span class='ocrx_word' id='word_1_508' title='bbox 1370 5165 1437 5220; x_wconf 90' lang='lat' dir='ltr'><strong>ad</strong></span> <span class='ocrx_word' id='word_1_509' title='bbox 1474 5166 1930 5236; x_wconf 87' lang='lat' dir='ltr'><strong>dispensationem</strong></span> 
     </span>
    </p>
   </div>
   <div class='ocr_carea' id='block_1_68' title="bbox 334 5251 1932 5326">
    <p class='ocr_par' dir='ltr' id='par_1_68' title="bbox 334 5251 1932 5326">
     <span class='ocr_line' id='line_1_68' title="bbox 334 5251 1932 5326; baseline -0.001 -13"><span class='ocrx_word' id='word_1_510' title='bbox 334 5271 490 5313; x_wconf 81' lang='lat' dir='ltr'><strong>suam</strong></span> <span class='ocrx_word' id='word_1_511' title='bbox 516 5256 769 5325; x_wconf 74' lang='lat' dir='ltr'><strong>pertinet,</strong></span> <span class='ocrx_word' id='word_1_512' title='bbox 802 5255 966 5313; x_wconf 79' lang='lat' dir='ltr'><strong>officii</strong></span> <span class='ocrx_word' id='word_1_513' title='bbox 995 5270 1265 5312; x_wconf 88' lang='lat' dir='ltr'><strong>memores</strong></span> <span class='ocrx_word' id='word_1_514' title='bbox 1294 5264 1679 5326; x_wconf 82' lang='lat' dir='ltr'><strong>exsequuntur.</strong></span> <span class='ocrx_word' id='word_1_515' title='bbox 1713 5251 1932 5312; x_wconf 85' lang='lat' dir='ltr'><strong>Talibus</strong></span> 
     </span>
    </p>
   </div>
   <div class='ocr_carea' id='block_1_69' title="bbox 334 5331 1933 5419">
    <p class='ocr_par' dir='ltr' id='par_1_69' title="bbox 334 5331 1933 5419">
     <span class='ocr_line' id='line_1_69' title="bbox 334 5331 1933 5419; baseline 0.001 -14"><span class='ocrx_word' id='word_1_516' title='bbox 334 5347 483 5405; x_wconf 81' lang='lat' dir='ltr'><strong>enim</strong></span> <span class='ocrx_word' id='word_1_517' title='bbox 512 5346 793 5416; x_wconf 83' lang='lat' dir='ltr'><strong>indigebat</strong></span> <span class='ocrx_word' id='word_1_518' title='bbox 821 5356 946 5419; x_wconf 90' lang='lat' dir='ltr'><strong>post</strong></span> <span class='ocrx_word' id='word_1_519' title='bbox 972 5347 1253 5409; x_wconf 67' lang='lat' dir='ltr'><strong>discordiae</strong></span> <span class='ocrx_word' id='word_1_520' title='bbox 1280 5342 1545 5418; x_wconf 85' lang='lat' dir='ltr'><strong>procellas</strong></span> <span class='ocrx_word' id='word_1_521' title='bbox 1571 5331 1759 5417; x_wconf 82' lang='lat' dir='ltr'><strong>religio</strong></span> <span class='ocrx_word' id='word_1_522' title='bbox 1780 5347 1933 5406; x_wconf 88' lang='lat' dir='ltr'><strong>Chri-</strong></span> 
     </span>
    </p>
   </div>
   <div class='ocr_carea' id='block_1_70' title="bbox 410 5457 1931 5533">
    <p class='ocr_par' dir='ltr' id='par_1_70' title="bbox 410 5457 1931 5533">
     <span class='ocr_line' id='line_1_70' title="bbox 410 5457 1931 5533; baseline 0.002 -20"><span class='ocrx_word' id='word_1_523' title='bbox 410 5469 436 5497; x_wconf 77' lang='grc'><strong><em>⁸</em></strong></span> <span class='ocrx_word' id='word_1_524' title='bbox 464 5457 657 5519; x_wconf 81' lang='lat' dir='ltr'><strong>Prima</strong></span> <span class='ocrx_word' id='word_1_525' title='bbox 677 5459 848 5533; x_wconf 78' lang='lat' dir='ltr'><strong>salus]</strong></span> <span class='ocrx_word' id='word_1_526' title='bbox 879 5460 1004 5517; x_wconf 65' lang='lat' dir='ltr'><strong>Haec</strong></span> <span class='ocrx_word' id='word_1_527' title='bbox 1028 5459 1292 5533; x_wconf 85' lang='lat' dir='ltr'><strong>professio</strong></span> <span class='ocrx_word' id='word_1_528' title='bbox 1324 5459 1443 5516; x_wconf 84' lang='lat' dir='ltr'><strong>fidei</strong></span> <span class='ocrx_word' id='word_1_529' title='bbox 1464 5459 1656 5521; x_wconf 78' lang='lat' dir='ltr'><strong>Justini</strong></span> <span class='ocrx_word' id='word_1_530' title='bbox 1683 5475 1804 5533; x_wconf 80' lang='lat' dir='ltr'><strong>esse</strong></span> <span class='ocrx_word' id='word_1_531' title='bbox 1822 5476 1931 5521; x_wconf 79' lang='lat' dir='ltr'><strong>non</strong></span> 
     </span>
    </p>
   </div>
   <div class='ocr_carea' id='block_1_71' title="bbox 336 5531 1934 5605">
    <p class='ocr_par' dir='ltr' id='par_1_71' title="bbox 336 5531 1934 5605">
     <span class='ocr_line' id='line_1_71' title="bbox 336 5531 1934 5605; baseline 0.003 -22"><span class='ocrx_word' id='word_1_532' title='bbox 336 5538 542 5605; x_wconf 70' lang='lat' dir='ltr'><strong>potest,</strong></span> <span class='ocrx_word' id='word_1_533' title='bbox 591 5546 713 5605; x_wconf 84' lang='lat' dir='ltr'><strong>cum</strong></span> <span class='ocrx_word' id='word_1_534' title='bbox 757 5531 1067 5605; x_wconf 79' lang='lat' dir='ltr'><strong>is_quatuor</strong></span> <span class='ocrx_word' id='word_1_535' title='bbox 1096 5532 1255 5605; x_wconf 72' lang='lat' dir='ltr'><strong>annis</strong></span> <span class='ocrx_word' id='word_1_536' title='bbox 1281 5539 1407 5605; x_wconf 69' lang='lat' dir='ltr'><strong>ante</strong></span> <span class='ocrx_word' id='word_1_537' title='bbox 1431 5540 1646 5605; x_wconf 73' lang='lat' dir='ltr'><strong>tempus</strong></span> <span class='ocrx_word' id='word_1_538' title='bbox 1685 5531 1841 5589; x_wconf 77' lang='lat' dir='ltr'><strong>edita:</strong></span> <span class='ocrx_word' id='word_1_539' title='bbox 1870 5547 1934 5587; x_wconf 81' lang='lat' dir='ltr'><strong>ac</strong></span> 
     </span>
    </p>
   </div>
   <div class='ocr_carea' id='block_1_72' title="bbox 336 5600 1929 5670">
    <p class='ocr_par' dir='ltr' id='par_1_72' title="bbox 336 5600 1929 5670">
     <span class='ocr_line' id='line_1_72' title="bbox 336 5600 1929 5670; baseline 0.002 -17"><span class='ocrx_word' id='word_1_540' title='bbox 336 5600 479 5655; x_wconf 80' lang='lat' dir='ltr'><strong>data:</strong></span> <span class='ocrx_word' id='word_1_541' title='bbox 509 5600 671 5669; x_wconf 84' lang='lat' dir='ltr'><strong>hujus</strong></span> <span class='ocrx_word' id='word_1_542' title='bbox 700 5601 1049 5670; x_wconf 75' lang='lat' dir='ltr'><strong>prolbssionis</strong></span> <span class='ocrx_word' id='word_1_543' title='bbox 1090 5602 1303 5662; x_wconf 72' lang='lat' dir='ltr'><strong>obierit.</strong></span> <span class='ocrx_word' id='word_1_544' title='bbox 1352 5600 1636 5662; x_wconf 64' lang='lat' dir='ltr'><strong>Justiniaui</strong></span> <span class='ocrx_word' id='word_1_545' title='bbox 1682 5616 1801 5670; x_wconf 74' lang='lat' dir='ltr'><strong>esse</strong></span> <span class='ocrx_word' id='word_1_546' title='bbox 1833 5618 1929 5656; x_wconf 89' lang='lat' dir='ltr'><strong>ne-</strong></span> 
     </span>
    </p>
   </div>
   <div class='ocr_carea' id='block_1_73' title="bbox 334 5666 1932 5742">
    <p class='ocr_par' dir='ltr' id='par_1_73' title="bbox 334 5666 1932 5742">
     <span class='ocr_line' id='line_1_73' title="bbox 334 5666 1932 5742; baseline 0.002 -19"><span class='ocrx_word' id='word_1_547' title='bbox 334 5670 476 5742; x_wconf 75' lang='lat' dir='ltr'><strong>quit,</strong></span> <span class='ocrx_word' id='word_1_548' title='bbox 529 5666 640 5742; x_wconf 74' lang='lat' dir='ltr'><strong>tum</strong></span> <span class='ocrx_word' id='word_1_549' title='bbox 684 5666 920 5739; x_wconf 75' lang='lat' dir='ltr'><strong>quodex</strong></span> <span class='ocrx_word' id='word_1_550' title='bbox 965 5672 1191 5742; x_wconf 73' lang='lat' dir='ltr'><strong>epistola</strong></span> <span class='ocrx_word' id='word_1_551' title='bbox 1220 5671 1519 5742; x_wconf 76' lang='lat' dir='ltr'><strong>liorntisdae</strong></span> <span class='ocrx_word' id='word_1_552' title='bbox 1568 5666 1835 5740; x_wconf 74' lang='lat' dir='ltr'><strong>pontificis</strong></span> <span class='ocrx_word' id='word_1_553' title='bbox 1864 5672 1932 5726; x_wconf 88' lang='lat' dir='ltr'><strong>ad</strong></span> 
     </span>
    </p>
   </div>
   <div class='ocr_carea' id='block_1_74' title="bbox 336 5738 1933 5824">
    <p class='ocr_par' dir='ltr' id='par_1_74' title="bbox 336 5738 1933 5824">
     <span class='ocr_line' id='line_1_74' title="bbox 336 5738 1933 5824; baseline -0.008 -17"><span class='ocrx_word' id='word_1_554' title='bbox 336 5738 718 5824; x_wconf 63' lang='grc' dir='ltr'><strong>Ηίξριιηὲιπηειι</strong></span> <span class='ocrx_word' id='word_1_555' title='bbox 762 5738 1065 5824; x_wconf 56' lang='lat' dir='ltr'><strong>episcopos,</strong></span> <span class='ocrx_word' id='word_1_556' title='bbox 1114 5751 1169 5824; x_wconf 76' lang='lat' dir='ltr'><strong>et</strong></span> <span class='ocrx_word' id='word_1_557' title='bbox 1211 5757 1274 5824; x_wconf 58' lang='grc' dir='ltr'><strong>εξ</strong></span> <span class='ocrx_word' id='word_1_558' title='bbox 1303 5741 1526 5824; x_wconf 75' lang='lat' dir='ltr'><strong>Joannis</strong></span> <span class='ocrx_word' id='word_1_559' title='bbox 1548 5738 1933 5824; x_wconf 62' lang='lat' dir='ltr'><strong>Constaptino-</strong></span> 
     </span>
    </p>
   </div>
   <div class='ocr_carea' id='block_1_75' title="bbox 333 5802 1933 5881">
    <p class='ocr_par' dir='ltr' id='par_1_75' title="bbox 333 5802 1933 5881">
     <span class='ocr_line' id='line_1_75' title="bbox 333 5802 1933 5881; baseline 0.001 -18"><span class='ocrx_word' id='word_1_560' title='bbox 333 5802 563 5881; x_wconf 77' lang='lat' dir='ltr'><strong>politani</strong></span> <span class='ocrx_word' id='word_1_561' title='bbox 594 5802 855 5880; x_wconf 46' lang='lat' dir='ltr'><strong>epis&#39;opi,</strong></span> <span class='ocrx_word' id='word_1_562' title='bbox 901 5802 1087 5866; x_wconf 79' lang='lat' dir='ltr'><strong>aliisve</strong></span> <span class='ocrx_word' id='word_1_563' title='bbox 1116 5813 1355 5881; x_wconf 84' lang='lat' dir='ltr'><strong>pluribus</strong></span> <span class='ocrx_word' id='word_1_564' title='bbox 1382 5802 1547 5869; x_wconf 65' lang='lat' dir='ltr'><strong>mixta</strong></span> <span class='ocrx_word' id='word_1_565' title='bbox 1588 5811 1677 5878; x_wconf 90' lang='lat' dir='ltr'><strong>sit,</strong></span> <span class='ocrx_word' id='word_1_566' title='bbox 1709 5802 1845 5866; x_wconf 76' lang='lat' dir='ltr'><strong>adeo</strong></span> <span class='ocrx_word' id='word_1_567' title='bbox 1876 5820 1933 5865; x_wconf 93' lang='lat' dir='ltr'><strong>ut</strong></span> 
     </span>
    </p>
   </div>
   <div class='ocr_carea' id='block_1_76' title="bbox 335 5881 1930 5959">
    <p class='ocr_par' dir='ltr' id='par_1_76' title="bbox 335 5881 1930 5959">
     <span class='ocr_line' id='line_1_76' title="bbox 335 5881 1930 5959; baseline 0 -25"><span class='ocrx_word' id='word_1_568' title='bbox 335 5884 507 5942; x_wconf 67' lang='lat' dir='ltr'><strong>cepto</strong></span> <span class='ocrx_word' id='word_1_569' title='bbox 526 5882 743 5959; x_wconf 76' lang='lat' dir='ltr'><strong>quidam</strong></span> <span class='ocrx_word' id='word_1_570' title='bbox 766 5881 905 5941; x_wconf 79' lang='lat' dir='ltr'><strong>male</strong></span> <span class='ocrx_word' id='word_1_571' title='bbox 925 5891 1179 5945; x_wconf 80' lang='lat' dir='ltr'><strong>consntus</strong></span> <span class='ocrx_word' id='word_1_572' title='bbox 1200 5896 1318 5938; x_wconf 69' lang='lat' dir='ltr'><strong>esse</strong></span> <span class='ocrx_word' id='word_1_573' title='bbox 1340 5882 1608 5950; x_wconf 80' lang='lat' dir='ltr'><strong>videatur;</strong></span> <span class='ocrx_word' id='word_1_574' title='bbox 1635 5891 1747 5936; x_wconf 90' lang='lat' dir='ltr'><strong>tum</strong></span> <span class='ocrx_word' id='word_1_575' title='bbox 1769 5884 1930 5935; x_wconf 86' lang='lat' dir='ltr'><strong>etiam</strong></span> 
     </span>
    </p>
   </div>
   <div class='ocr_carea' id='block_1_77' title="bbox 2040 1960 3630 2045">
    <p class='ocr_par' dir='ltr' id='par_1_77' title="bbox 2040 1960 3630 2045">
     <span class='ocr_line' id='line_1_77' title="bbox 2040 1960 3630 2045; baseline 0.001 -22"><span class='ocrx_word' id='word_1_576' title='bbox 2040 1969 2284 2026; x_wconf 85' lang='lat' dir='ltr'><strong>tientiam</strong></span> <span class='ocrx_word' id='word_1_577' title='bbox 2308 2012 2326 2039; x_wconf 81' lang='lat'><strong>,</strong></span> <span class='ocrx_word' id='word_1_578' title='bbox 2358 1984 2459 2039; x_wconf 86' lang='lat' dir='ltr'><strong>par</strong></span> <span class='ocrx_word' id='word_1_579' title='bbox 2484 1970 2648 2025; x_wconf 86' lang='lat' dir='ltr'><strong>etiam</strong></span> <span class='ocrx_word' id='word_1_580' title='bbox 2674 1970 2955 2045; x_wconf 66' lang='lat' dir='ltr'><strong>prmmium</strong></span> <span class='ocrx_word' id='word_1_581' title='bbox 2984 1970 3052 2025; x_wconf 91' lang='lat' dir='ltr'><strong>de</strong></span> <span class='ocrx_word' id='word_1_582' title='bbox 3079 1970 3208 2025; x_wconf 88' lang='lat' dir='ltr'><strong>boni</strong></span> <span class='ocrx_word' id='word_1_583' title='bbox 3246 1970 3425 2041; x_wconf 88' lang='lat' dir='ltr'><strong>operis</strong></span> <span class='ocrx_word' id='word_1_584' title='bbox 3453 1960 3630 2041; x_wconf 48' lang='lat' dir='ltr'><strong>spera;</strong></span> 
     </span>
    </p>
   </div>
   <div class='ocr_carea' id='block_1_78' title="bbox 2041 2060 3628 2133">
    <p class='ocr_par' dir='ltr' id='par_1_78' title="bbox 2041 2060 3628 2133">
     <span class='ocr_line' id='line_1_78' title="bbox 2041 2060 3628 2133; baseline 0.001 -17"><span class='ocrx_word' id='word_1_585' title='bbox 2041 2074 2161 2117; x_wconf 86' lang='lat' dir='ltr'><strong>tuus</strong></span> <span class='ocrx_word' id='word_1_586' title='bbox 2208 2060 2425 2118; x_wconf 72' lang='lat' dir='ltr'><strong>affectu.</strong></span> <span class='ocrx_word' id='word_1_587' title='bbox 2473 2061 2657 2133; x_wconf 88' lang='lat' dir='ltr'><strong>Neque</strong></span> <span class='ocrx_word' id='word_1_588' title='bbox 2685 2063 2829 2117; x_wconf 90' lang='lat' dir='ltr'><strong>enim</strong></span> <span class='ocrx_word' id='word_1_589' title='bbox 2877 2060 3278 2119; x_wconf 78' lang='lat' dir='ltr'><strong>difficultatibus</strong></span> <span class='ocrx_word' id='word_1_590' title='bbox 3313 2071 3399 2119; x_wconf 88' lang='lat' dir='ltr'><strong>est</strong></span> <span class='ocrx_word' id='word_1_591' title='bbox 3435 2062 3628 2118; x_wconf 74' lang='lat' dir='ltr'><strong>cedem</strong></span> 
     </span>
    </p>
   </div>
   <div class='ocr_carea' id='block_1_79' title="bbox 2041 2152 3628 2223">
    <p class='ocr_par' dir='ltr' id='par_1_79' title="bbox 2041 2152 3628 2223">
     <span class='ocr_line' id='line_1_79' title="bbox 2041 2152 3628 2223; baseline 0 -17"><span class='ocrx_word' id='word_1_592' title='bbox 2041 2152 2189 2207; x_wconf 86' lang='lat' dir='ltr'><strong>dum.</strong></span> <span class='ocrx_word' id='word_1_593' title='bbox 2215 2152 2332 2208; x_wconf 89' lang='lat' dir='ltr'><strong>Non</strong></span> <span class='ocrx_word' id='word_1_594' title='bbox 2362 2156 2505 2209; x_wconf 89' lang='lat' dir='ltr'><strong>enim</strong></span> <span class='ocrx_word' id='word_1_595' title='bbox 2536 2152 2785 2222; x_wconf 86' lang='lat' dir='ltr'><strong>fatigatur</strong></span> <span class='ocrx_word' id='word_1_596' title='bbox 2810 2154 3017 2223; x_wconf 89' lang='lat' dir='ltr'><strong>asperis</strong></span> <span class='ocrx_word' id='word_1_597' title='bbox 3047 2152 3206 2221; x_wconf 84' lang='lat' dir='ltr'><strong>ﬁdes,</strong></span> <span class='ocrx_word' id='word_1_598' title='bbox 3240 2169 3340 2210; x_wconf 88' lang='lat' dir='ltr'><strong>nec</strong></span> <span class='ocrx_word' id='word_1_599' title='bbox 3368 2152 3628 2211; x_wconf 10' lang='lat' dir='ltr'><strong>adnomin-</strong></span> 
     </span>
    </p>
   </div>
   <div class='ocr_carea' id='block_1_80' title="bbox 2041 2242 3631 2316">
    <p class='ocr_par' dir='ltr' id='par_1_80' title="bbox 2041 2242 3631 2316">
     <span class='ocr_line' id='line_1_80' title="bbox 2041 2242 3631 2316; baseline 0.001 -18"><span class='ocrx_word' id='word_1_600' title='bbox 2041 2259 2160 2298; x_wconf 90' lang='lat' dir='ltr'><strong>rum</strong></span> <span class='ocrx_word' id='word_1_601' title='bbox 2190 2242 2358 2299; x_wconf 89' lang='lat' dir='ltr'><strong>ardua</strong></span> <span class='ocrx_word' id='word_1_602' title='bbox 2390 2259 2488 2314; x_wconf 87' lang='lat' dir='ltr'><strong>per</strong></span> <span class='ocrx_word' id='word_1_603' title='bbox 2529 2244 2768 2316; x_wconf 78' lang='lat' dir='ltr'><strong>proclive</strong></span> <span class='ocrx_word' id='word_1_604' title='bbox 2808 2245 3062 2311; x_wconf 82' lang='lat' dir='ltr'><strong>tenditur,</strong></span> <span class='ocrx_word' id='word_1_605' title='bbox 3100 2260 3203 2307; x_wconf 80' lang='lat' dir='ltr'><strong>nec</strong></span> <span class='ocrx_word' id='word_1_606' title='bbox 3239 2247 3631 2301; x_wconf 84' lang='lat' dir='ltr'><strong>remuneratio-</strong></span> 
     </span>
    </p>
   </div>
   <div class='ocr_carea' id='block_1_81' title="bbox 2042 2327 3631 2407">
    <p class='ocr_par' dir='ltr' id='par_1_81' title="bbox 2042 2327 3631 2407">
     <span class='ocr_line' id='line_1_81' title="bbox 2042 2327 3631 2407; baseline 0.003 -17"><span class='ocrx_word' id='word_1_607' title='bbox 2042 2352 2164 2392; x_wconf 89' lang='lat' dir='ltr'><strong>nem</strong></span> <span class='ocrx_word' id='word_1_608' title='bbox 2208 2327 2345 2392; x_wconf 79' lang='lat' dir='ltr'><strong>citra</strong></span> <span class='ocrx_word' id='word_1_609' title='bbox 2371 2331 2573 2392; x_wconf 87' lang='lat' dir='ltr'><strong>laboris</strong></span> <span class='ocrx_word' id='word_1_610' title='bbox 2598 2337 2915 2398; x_wconf 81' lang='lat' dir='ltr'><strong>exercitium</strong></span> <span class='ocrx_word' id='word_1_611' title='bbox 2942 2336 3064 2407; x_wconf 86' lang='lat' dir='ltr'><strong>quis</strong></span> <span class='ocrx_word' id='word_1_612' title='bbox 3092 2344 3350 2395; x_wconf 63' lang='lat' dir='ltr'><strong>metetur.</strong></span> <span class='ocrx_word' id='word_1_613' title='bbox 3382 2335 3533 2393; x_wconf 85' lang='lat' dir='ltr'><strong>Unde</strong></span> <span class='ocrx_word' id='word_1_614' title='bbox 3560 2353 3631 2395; x_wconf 80' lang='lat' dir='ltr'><strong>ne</strong></span> 
     </span>
    </p>
   </div>
   <div class='ocr_carea' id='block_1_82' title="bbox 2012 2425 3631 2509">
    <p class='ocr_par' dir='ltr' id='par_1_82' title="bbox 2012 2425 3631 2509">
     <span class='ocr_line' id='line_1_82' title="bbox 2012 2425 3631 2509; baseline 0.002 -29"><span class='ocrx_word' id='word_1_615' title='bbox 2012 2425 2297 2509; x_wconf 87' lang='lat' dir='ltr'><strong>facientes</strong></span> <span class='ocrx_word' id='word_1_616' title='bbox 2339 2428 2486 2490; x_wconf 89' lang='lat' dir='ltr'><strong>bona</strong></span> <span class='ocrx_word' id='word_1_617' title='bbox 2542 2426 2871 2494; x_wconf 73' lang='lat' dir='ltr'><strong>deﬁciamus,</strong></span> <span class='ocrx_word' id='word_1_618' title='bbox 2923 2428 3230 2499; x_wconf 86' lang='lat' dir='ltr'><strong>specialiter</strong></span> <span class='ocrx_word' id='word_1_619' title='bbox 3277 2428 3631 2484; x_wconf 87' lang='lat' dir='ltr'><strong>admonemur</strong></span> 
     </span>
    </p>
   </div>
   <div class='ocr_carea' id='block_1_83' title="bbox 2040 2519 3632 2599">
    <p class='ocr_par' dir='ltr' id='par_1_83' title="bbox 2040 2519 3632 2599">
     <span class='ocr_line' id='line_1_83' title="bbox 2040 2519 3632 2599; baseline -0.001 -24"><span class='ocrx_word' id='word_1_620' title='bbox 2040 2519 2204 2575; x_wconf 90' lang='lat' dir='ltr'><strong>etiam</strong></span> <span class='ocrx_word' id='word_1_621' title='bbox 2246 2527 2479 2578; x_wconf 84' lang='lat' dir='ltr'><strong>testante</strong></span> <span class='ocrx_word' id='word_1_622' title='bbox 2512 2520 2832 2577; x_wconf 81' lang='lat' dir='ltr'><strong>Psalmista:</strong></span> <span class='ocrx_word' id='word_1_623' title='bbox 2878 2520 3023 2579; x_wconf 75' lang='lat' dir='ltr'><strong>Beati</strong></span> <span class='ocrx_word' id='word_1_624' title='bbox 3051 2522 3137 2599; x_wconf 77' lang='lat' dir='ltr'><strong>qui</strong></span> <span class='ocrx_word' id='word_1_625' title='bbox 3167 2521 3463 2576; x_wconf 79' lang='lat' dir='ltr'><strong>custodiunt</strong></span> <span class='ocrx_word' id='word_1_626' title='bbox 3477 2519 3632 2599; x_wconf 78' lang='lat' dir='ltr'><strong>judi-</strong></span> 
     </span>
    </p>
   </div>
   <div class='ocr_carea' id='block_1_84' title="bbox 2037 2610 3624 2684">
    <p class='ocr_par' dir='ltr' id='par_1_84' title="bbox 2037 2610 3624 2684">
     <span class='ocr_line' id='line_1_84' title="bbox 2037 2610 3624 2684; baseline 0 -20"><span class='ocrx_word' id='word_1_627' title='bbox 2037 2610 2197 2678; x_wconf 80' lang='lat' dir='ltr'><strong>cium,</strong></span> <span class='ocrx_word' id='word_1_628' title='bbox 2219 2620 2268 2665; x_wconf 87' lang='lat' dir='ltr'><strong>et</strong></span> <span class='ocrx_word' id='word_1_629' title='bbox 2287 2612 2488 2681; x_wconf 75' lang='lat' dir='ltr'><strong>faciunt</strong></span> <span class='ocrx_word' id='word_1_630' title='bbox 2503 2611 2763 2681; x_wconf 70' lang='lat' dir='ltr'><strong>justitiam</strong></span> <span class='ocrx_word' id='word_1_631' title='bbox 2783 2613 2835 2665; x_wconf 83' lang='lat' dir='ltr'><strong>in</strong></span> <span class='ocrx_word' id='word_1_632' title='bbox 2860 2614 2998 2666; x_wconf 85' lang='lat' dir='ltr'><strong>omni</strong></span> <span class='ocrx_word' id='word_1_633' title='bbox 3012 2622 3240 2682; x_wconf 83' lang='lat' dir='ltr'><strong>tempore</strong></span> <span class='ocrx_word' id='word_1_634' title='bbox 3255 2610 3480 2684; x_wconf 83' lang='lat' dir='ltr'><strong>(Psalm.</strong></span> <span class='ocrx_word' id='word_1_635' title='bbox 3502 2612 3587 2680; x_wconf 87' lang='lat' dir='ltr'><strong>cv)</strong></span> <span class='ocrx_word' id='word_1_636' title='bbox 3605 2628 3624 2677; x_wconf 65' lang='grc' dir='ltr'><strong>ί</strong></span> 
     </span>
    </p>
   </div>
   <div class='ocr_carea' id='block_1_85' title="bbox 2039 2702 3629 2777">
    <p class='ocr_par' dir='ltr' id='par_1_85' title="bbox 2039 2702 3629 2777">
     <span class='ocr_line' id='line_1_85' title="bbox 2039 2702 3629 2777; baseline -0.003 -20"><span class='ocrx_word' id='word_1_637' title='bbox 2039 2703 2164 2774; x_wconf 91' lang='lat' dir='ltr'><strong>quia</strong></span> <span class='ocrx_word' id='word_1_638' title='bbox 2187 2703 2517 2771; x_wconf 86' lang='lat' dir='ltr'><strong>noninitium</strong></span> <span class='ocrx_word' id='word_1_639' title='bbox 2535 2704 2736 2777; x_wconf 81' lang='lat' dir='ltr'><strong>laboris</strong></span> <span class='ocrx_word' id='word_1_640' title='bbox 2761 2704 3250 2765; x_wconf 76' lang='lat' dir='ltr'><strong>remunerationem</strong></span> <span class='ocrx_word' id='word_1_641' title='bbox 3268 2702 3472 2773; x_wconf 69' lang='lat' dir='ltr'><strong>praemii</strong></span> <span class='ocrx_word' id='word_1_642' title='bbox 3497 2717 3629 2757; x_wconf 83' lang='lat' dir='ltr'><strong>con—</strong></span> 
     </span>
    </p>
   </div>
   <div class='ocr_carea' id='block_1_86' title="bbox 2039 2783 3630 2873">
    <p class='ocr_par' dir='ltr' id='par_1_86' title="bbox 2039 2783 3630 2873">
     <span class='ocr_line' id='line_1_86' title="bbox 2039 2783 3630 2873; baseline -0.001 -22"><span class='ocrx_word' id='word_1_643' title='bbox 2039 2795 2215 2869; x_wconf 79' lang='lat' dir='ltr'><strong>suevit</strong></span> <span class='ocrx_word' id='word_1_644' title='bbox 2241 2794 2515 2873; x_wconf 73' lang='lat' dir='ltr'><strong>invenire,</strong></span> <span class='ocrx_word' id='word_1_645' title='bbox 2558 2794 2654 2850; x_wconf 88' lang='lat' dir='ltr'><strong>sed</strong></span> <span class='ocrx_word' id='word_1_646' title='bbox 2685 2783 2961 2873; x_wconf 82' lang='lat' dir='ltr'><strong>terminus.</strong></span> <span class='ocrx_word' id='word_1_647' title='bbox 2996 2793 3133 2865; x_wconf 83' lang='lat' dir='ltr'><strong>Ergo</strong></span> <span class='ocrx_word' id='word_1_648' title='bbox 3164 2792 3401 2855; x_wconf 85' lang='lat' dir='ltr'><strong>studium</strong></span> <span class='ocrx_word' id='word_1_649' title='bbox 3427 2795 3630 2853; x_wconf 74' lang='lat' dir='ltr'><strong>sollici-</strong></span> 
     </span>
    </p>
   </div>
   <div class='ocr_carea' id='block_1_87' title="bbox 2033 2872 3632 2961">
    <p class='ocr_par' dir='ltr' id='par_1_87' title="bbox 2033 2872 3632 2961">
     <span class='ocr_line' id='line_1_87' title="bbox 2033 2872 3632 2961; baseline 0.001 -20"><span class='ocrx_word' id='word_1_650' title='bbox 2033 2886 2239 2943; x_wconf 86' lang='lat' dir='ltr'><strong>tudinis</strong></span> <span class='ocrx_word' id='word_1_651' title='bbox 2267 2872 2639 2961; x_wconf 74' lang='lat' dir='ltr'><strong>assumentes,</strong></span> <span class='ocrx_word' id='word_1_652' title='bbox 2688 2888 2883 2957; x_wconf 82' lang='lat' dir='ltr'><strong>quibus</strong></span> <span class='ocrx_word' id='word_1_653' title='bbox 2922 2872 3004 2943; x_wconf 89' lang='lat' dir='ltr'><strong>est</strong></span> <span class='ocrx_word' id='word_1_654' title='bbox 3031 2902 3137 2950; x_wconf 87' lang='lat' dir='ltr'><strong>una</strong></span> <span class='ocrx_word' id='word_1_655' title='bbox 3167 2887 3220 2942; x_wconf 91' lang='lat' dir='ltr'><strong>in</strong></span> <span class='ocrx_word' id='word_1_656' title='bbox 3250 2887 3632 2947; x_wconf 82' lang='lat' dir='ltr'><strong>communione</strong></span> 
     </span>
    </p>
   </div>
   <div class='ocr_carea' id='block_1_88' title="bbox 2038 2968 3630 3047">
    <p class='ocr_par' dir='ltr' id='par_1_88' title="bbox 2038 2968 3630 3047">
     <span class='ocr_line' id='line_1_88' title="bbox 2038 2968 3630 3047; baseline 0 -15"><span class='ocrx_word' id='word_1_657' title='bbox 2038 2977 2272 3033; x_wconf 89' lang='lat' dir='ltr'><strong>societas</strong></span> <span class='ocrx_word' id='word_1_658' title='bbox 2299 2985 2354 3032; x_wconf 92' lang='lat' dir='ltr'><strong>et</strong></span> <span class='ocrx_word' id='word_1_659' title='bbox 2382 2977 2674 3039; x_wconf 85' lang='lat' dir='ltr'><strong>credulitas</strong></span> <span class='ocrx_word' id='word_1_660' title='bbox 2691 3020 2706 3043; x_wconf 89' lang='lat'><strong>,</strong></span> <span class='ocrx_word' id='word_1_661' title='bbox 2731 2968 3186 3047; x_wconf 81' lang='lat' dir='ltr'><strong>quemadmodum</strong></span> <span class='ocrx_word' id='word_1_662' title='bbox 3213 2978 3282 3035; x_wconf 91' lang='lat' dir='ltr'><strong>de</strong></span> <span class='ocrx_word' id='word_1_663' title='bbox 3310 2978 3513 3034; x_wconf 77' lang='lat' dir='ltr'><strong>unitate</strong></span> <span class='ocrx_word' id='word_1_664' title='bbox 3540 2994 3630 3033; x_wconf 86' lang='lat' dir='ltr'><strong>sc-</strong></span> 
     </span>
    </p>
   </div>
   <div class='ocr_carea' id='block_1_89' title="bbox 2038 3069 3631 3143">
    <p class='ocr_par' dir='ltr' id='par_1_89' title="bbox 2038 3069 3631 3143">
     <span class='ocr_line' id='line_1_89' title="bbox 2038 3069 3631 3143; baseline -0.001 -18"><span class='ocrx_word' id='word_1_665' title='bbox 2038 3069 2121 3126; x_wconf 86' lang='lat' dir='ltr'><strong>dis</strong></span> <span class='ocrx_word' id='word_1_666' title='bbox 2149 3069 2457 3140; x_wconf 76' lang='lat' dir='ltr'><strong>apostolica:</strong></span> <span class='ocrx_word' id='word_1_667' title='bbox 2483 3078 2540 3126; x_wconf 92' lang='lat' dir='ltr'><strong>et</strong></span> <span class='ocrx_word' id='word_1_668' title='bbox 2560 3069 3177 3142; x_wconf 76' lang='lat' dir='ltr'><strong>Constantinopolitaute</strong></span> <span class='ocrx_word' id='word_1_669' title='bbox 3204 3069 3459 3126; x_wconf 74' lang='lat' dir='ltr'><strong>Ecclesizn</strong></span> <span class='ocrx_word' id='word_1_670' title='bbox 3484 3071 3631 3143; x_wconf 82' lang='lat' dir='ltr'><strong>pari-</strong></span> 
     </span>
    </p>
   </div>
   <div class='ocr_carea' id='block_1_90' title="bbox 2042 3162 3631 3233">
    <p class='ocr_par' dir='ltr' id='par_1_90' title="bbox 2042 3162 3631 3233">
     <span class='ocr_line' id='line_1_90' title="bbox 2042 3162 3631 3233; baseline 0 -16"><span class='ocrx_word' id='word_1_671' title='bbox 2042 3170 2125 3217; x_wconf 91' lang='lat' dir='ltr'><strong>ter</strong></span> <span class='ocrx_word' id='word_1_672' title='bbox 2153 3163 2555 3231; x_wconf 79' lang='lat' dir='ltr'><strong>exsultamusin</strong></span> <span class='ocrx_word' id='word_1_673' title='bbox 2588 3162 2837 3229; x_wconf 77' lang='lat' dir='ltr'><strong>Domino,</strong></span> <span class='ocrx_word' id='word_1_674' title='bbox 2868 3163 2943 3219; x_wconf 89' lang='lat' dir='ltr'><strong>ita</strong></span> <span class='ocrx_word' id='word_1_675' title='bbox 2973 3162 3041 3217; x_wconf 87' lang='lat' dir='ltr'><strong>de</strong></span> <span class='ocrx_word' id='word_1_676' title='bbox 3056 3162 3386 3233; x_wconf 88' lang='lat' dir='ltr'><strong>reliquorum</strong></span> <span class='ocrx_word' id='word_1_677' title='bbox 3412 3176 3631 3232; x_wconf 89' lang='lat' dir='ltr'><strong>quoque</strong></span> 
     </span>
    </p>
   </div>
   <div class='ocr_carea' id='block_1_91' title="bbox 2045 3252 3626 3326">
    <p class='ocr_par' dir='ltr' id='par_1_91' title="bbox 2045 3252 3626 3326">
     <span class='ocr_line' id='line_1_91' title="bbox 2045 3252 3626 3326; baseline -0.001 -19"><span class='ocrx_word' id='word_1_678' title='bbox 2045 3252 2207 3326; x_wconf 85' lang='lat' dir='ltr'><strong>(sicut</strong></span> <span class='ocrx_word' id='word_1_679' title='bbox 2234 3252 2518 3309; x_wconf 74' lang='lat' dir='ltr'><strong>affectione</strong></span> <span class='ocrx_word' id='word_1_680' title='bbox 2561 3253 2839 3324; x_wconf 86' lang='lat' dir='ltr'><strong>admones)</strong></span> <span class='ocrx_word' id='word_1_681' title='bbox 2865 3253 3320 3323; x_wconf 87' lang='lat' dir='ltr'><strong>redintegratione</strong></span> <span class='ocrx_word' id='word_1_682' title='bbox 3351 3253 3626 3315; x_wconf 69' lang='lat' dir='ltr'><strong>laetemur,</strong></span> 
     </span>
    </p>
   </div>
   <div class='ocr_carea' id='block_1_92' title="bbox 2041 3330 3625 3417">
    <p class='ocr_par' dir='ltr' id='par_1_92' title="bbox 2041 3330 3625 3417">
     <span class='ocr_line' id='line_1_92' title="bbox 2041 3330 3625 3417; baseline -0.002 -17"><span class='ocrx_word' id='word_1_683' title='bbox 2041 3353 2363 3402; x_wconf 90' lang='lat' dir='ltr'><strong>etcuremus</strong></span> <span class='ocrx_word' id='word_1_684' title='bbox 2382 3343 2657 3417; x_wconf 69' lang='lat' dir='ltr'><strong>pncn&#39;ninm</strong></span> <span class='ocrx_word' id='word_1_685' title='bbox 2672 3346 2829 3417; x_wconf 80' lang='lat' dir='ltr'><strong>(forte</strong></span> <span class='ocrx_word' id='word_1_686' title='bbox 2846 3330 3155 3415; x_wconf 22' lang='lat' dir='ltr'><strong>primumuet</strong></span> <span class='ocrx_word' id='word_1_687' title='bbox 3178 3345 3254 3399; x_wconf 86' lang='lat' dir='ltr'><strong>ita</strong></span> <span class='ocrx_word' id='word_1_688' title='bbox 3278 3343 3466 3415; x_wconf 68' lang='lat' dir='ltr'><strong>legitur</strong></span> <span class='ocrx_word' id='word_1_689' title='bbox 3489 3345 3542 3400; x_wconf 87' lang='lat' dir='ltr'><strong>in</strong></span> <span class='ocrx_word' id='word_1_690' title='bbox 3574 3360 3625 3397; x_wconf 90' lang='lat' dir='ltr'><strong>c.</strong></span> 
     </span>
    </p>
   </div>
   <div class='ocr_carea' id='block_1_93' title="bbox 2037 3434 3629 3509">
    <p class='ocr_par' dir='ltr' id='par_1_93' title="bbox 2037 3434 3629 3509">
     <span class='ocr_line' id='line_1_93' title="bbox 2037 3434 3629 3509; baseline -0.001 -18"><span class='ocrx_word' id='word_1_691' title='bbox 2037 3434 2202 3509; x_wconf 75' lang='lat' dir='ltr'><strong>Just.)</strong></span> <span class='ocrx_word' id='word_1_692' title='bbox 2224 3475 2244 3502; x_wconf 90' lang='lat'><strong>,</strong></span> <span class='ocrx_word' id='word_1_693' title='bbox 2269 3444 2327 3491; x_wconf 91' lang='lat' dir='ltr'><strong>ut</strong></span> <span class='ocrx_word' id='word_1_694' title='bbox 2353 3437 2511 3491; x_wconf 87' lang='lat' dir='ltr'><strong>ﬁdem</strong></span> <span class='ocrx_word' id='word_1_695' title='bbox 2554 3436 3026 3506; x_wconf 68' lang='lat' dir='ltr'><strong>integritatemdue</strong></span> <span class='ocrx_word' id='word_1_696' title='bbox 3052 3444 3291 3497; x_wconf 83' lang='lat' dir='ltr'><strong>nostram</strong></span> <span class='ocrx_word' id='word_1_697' title='bbox 3314 3436 3629 3498; x_wconf 81' lang='lat' dir='ltr'><strong>immacula-</strong></span> 
     </span>
    </p>
   </div>
   <div class='ocr_carea' id='block_1_94' title="bbox 2041 3525 3629 3597">
    <p class='ocr_par' dir='ltr' id='par_1_94' title="bbox 2041 3525 3629 3597">
     <span class='ocr_line' id='line_1_94' title="bbox 2041 3525 3629 3597; baseline 0 -14"><span class='ocrx_word' id='word_1_698' title='bbox 2041 3537 2150 3583; x_wconf 90' lang='lat' dir='ltr'><strong>tam</strong></span> <span class='ocrx_word' id='word_1_699' title='bbox 2180 3528 2248 3583; x_wconf 90' lang='lat' dir='ltr'><strong>ab</strong></span> <span class='ocrx_word' id='word_1_700' title='bbox 2274 3528 2421 3583; x_wconf 90' lang='lat' dir='ltr'><strong>omni</strong></span> <span class='ocrx_word' id='word_1_701' title='bbox 2450 3528 2773 3597; x_wconf 84' lang='lat' dir='ltr'><strong>contagione</strong></span> <span class='ocrx_word' id='word_1_702' title='bbox 2802 3542 3097 3587; x_wconf 73' lang='lat' dir='ltr'><strong>servemus.</strong></span> <span class='ocrx_word' id='word_1_703' title='bbox 3136 3525 3289 3582; x_wconf 86' lang='lat' dir='ltr'><strong>Nosti</strong></span> <span class='ocrx_word' id='word_1_704' title='bbox 3314 3526 3461 3588; x_wconf 82' lang='lat' dir='ltr'><strong>enim</strong></span> <span class='ocrx_word' id='word_1_705' title='bbox 3484 3566 3499 3591; x_wconf 88' lang='lat'><strong>,</strong></span> <span class='ocrx_word' id='word_1_706' title='bbox 3524 3525 3629 3583; x_wconf 50' lang='lat' dir='ltr'><strong>fras</strong></span> 
     </span>
    </p>
   </div>
   <div class='ocr_carea' id='block_1_95' title="bbox 2031 3617 3628 3688">
    <p class='ocr_par' dir='ltr' id='par_1_95' title="bbox 2031 3617 3628 3688">
     <span class='ocr_line' id='line_1_95' title="bbox 2031 3617 3628 3688; baseline 0 -16"><span class='ocrx_word' id='word_1_707' title='bbox 2031 3620 2126 3674; x_wconf 70' lang='lat' dir='ltr'><strong>ter</strong></span> <span class='ocrx_word' id='word_1_708' title='bbox 2160 3618 2442 3674; x_wconf 82' lang='lat' dir='ltr'><strong>carissime</strong></span> <span class='ocrx_word' id='word_1_709' title='bbox 2469 3633 2534 3674; x_wconf 88' lang='lat' dir='ltr'><strong>ac</strong></span> <span class='ocrx_word' id='word_1_710' title='bbox 2561 3618 2919 3680; x_wconf 78' lang='lat' dir='ltr'><strong>sanctissime.</strong></span> <span class='ocrx_word' id='word_1_711' title='bbox 2952 3617 3075 3688; x_wconf 91' lang='lat' dir='ltr'><strong>quia</strong></span> <span class='ocrx_word' id='word_1_712' title='bbox 3117 3617 3480 3676; x_wconf 75' lang='lat' dir='ltr'><strong>ecclesiastica</strong></span> <span class='ocrx_word' id='word_1_713' title='bbox 3511 3634 3628 3673; x_wconf 81' lang='lat' dir='ltr'><strong>ser-</strong></span> 
     </span>
    </p>
   </div>
   <div class='ocr_carea' id='block_1_96' title="bbox 2037 3707 3627 3778">
    <p class='ocr_par' dir='ltr' id='par_1_96' title="bbox 2037 3707 3627 3778">
     <span class='ocr_line' id='line_1_96' title="bbox 2037 3707 3627 3778; baseline 0.002 -18"><span class='ocrx_word' id='word_1_714' title='bbox 2037 3717 2169 3763; x_wconf 86' lang='lat' dir='ltr'><strong>vant</strong></span> <span class='ocrx_word' id='word_1_715' title='bbox 2196 3707 2406 3765; x_wconf 83' lang='lat' dir='ltr'><strong>vincula</strong></span> <span class='ocrx_word' id='word_1_716' title='bbox 2449 3707 2793 3765; x_wconf 77' lang='lat' dir='ltr'><strong>concordiam</strong></span> <span class='ocrx_word' id='word_1_717' title='bbox 2814 3750 2829 3775; x_wconf 86' lang='lat'><strong>,</strong></span> <span class='ocrx_word' id='word_1_718' title='bbox 2861 3711 2980 3778; x_wconf 64' lang='lat' dir='ltr'><strong>qud:</strong></span> <span class='ocrx_word' id='word_1_719' title='bbox 3009 3721 3109 3762; x_wconf 91' lang='lat' dir='ltr'><strong>nos</strong></span> <span class='ocrx_word' id='word_1_720' title='bbox 3144 3707 3213 3762; x_wconf 91' lang='lat' dir='ltr'><strong>ab</strong></span> <span class='ocrx_word' id='word_1_721' title='bbox 3254 3707 3627 3767; x_wconf 69' lang='lat' dir='ltr'><strong>hmreticoruxn</strong></span> 
     </span>
    </p>
   </div>
   <div class='ocr_carea' id='block_1_97' title="bbox 2040 3782 3631 3867">
    <p class='ocr_par' dir='ltr' id='par_1_97' title="bbox 2040 3782 3631 3867">
     <span class='ocr_line' id='line_1_97' title="bbox 2040 3782 3631 3867; baseline 0.001 -16"><span class='ocrx_word' id='word_1_722' title='bbox 2040 3804 2253 3851; x_wconf 84' lang='lat' dir='ltr'><strong>tueatur</strong></span> <span class='ocrx_word' id='word_1_723' title='bbox 2278 3796 2505 3863; x_wconf 80' lang='lat' dir='ltr'><strong>insidiis,</strong></span> <span class='ocrx_word' id='word_1_724' title='bbox 2529 3812 2627 3867; x_wconf 89' lang='lat' dir='ltr'><strong>per</strong></span> <span class='ocrx_word' id='word_1_725' title='bbox 2646 3813 2808 3867; x_wconf 82' lang='lat' dir='ltr'><strong>quam</strong></span> <span class='ocrx_word' id='word_1_726' title='bbox 2838 3797 3000 3853; x_wconf 75' lang='lat' dir='ltr'><strong>etiam</strong></span> <span class='ocrx_word' id='word_1_727' title='bbox 3029 3782 3297 3852; x_wconf 89' lang='lat' dir='ltr'><strong>canonum</strong></span> <span class='ocrx_word' id='word_1_728' title='bbox 3324 3797 3631 3856; x_wconf 76' lang='lat' dir='ltr'><strong>custoditur</strong></span> 
     </span>
    </p>
   </div>
   <div class='ocr_carea' id='block_1_98' title="bbox 2039 3885 3629 3960">
    <p class='ocr_par' dir='ltr' id='par_1_98' title="bbox 2039 3885 3629 3960">
     <span class='ocr_line' id='line_1_98' title="bbox 2039 3885 3629 3960; baseline 0.001 -20"><span class='ocrx_word' id='word_1_729' title='bbox 2039 3886 2321 3954; x_wconf 88' lang='lat' dir='ltr'><strong>integritas</strong></span> <span class='ocrx_word' id='word_1_730' title='bbox 2344 3885 2712 3960; x_wconf 79' lang='lat' dir='ltr'><strong>(auctoritas),</strong></span> <span class='ocrx_word' id='word_1_731' title='bbox 2760 3886 2856 3943; x_wconf 81' lang='lat' dir='ltr'><strong>liis</strong></span> <span class='ocrx_word' id='word_1_732' title='bbox 2895 3888 2946 3943; x_wconf 93' lang='lat' dir='ltr'><strong>in</strong></span> <span class='ocrx_word' id='word_1_733' title='bbox 2983 3886 3182 3941; x_wconf 89' lang='lat' dir='ltr'><strong>robore</strong></span> <span class='ocrx_word' id='word_1_734' title='bbox 3211 3902 3311 3948; x_wconf 88' lang='lat' dir='ltr'><strong>suo</strong></span> <span class='ocrx_word' id='word_1_735' title='bbox 3350 3889 3495 3941; x_wconf 90' lang='lat' dir='ltr'><strong>omni</strong></span> <span class='ocrx_word' id='word_1_736' title='bbox 3524 3890 3629 3943; x_wconf 83' lang='lat' dir='ltr'><strong>cir-</strong></span> 
     </span>
    </p>
   </div>
   <div class='ocr_carea' id='block_1_99' title="bbox 2037 3977 3631 4048">
    <p class='ocr_par' dir='ltr' id='par_1_99' title="bbox 2037 3977 3631 4048">
     <span class='ocr_line' id='line_1_99' title="bbox 2037 3977 3631 4048; baseline 0.002 -17"><span class='ocrx_word' id='word_1_737' title='bbox 2037 3977 2441 4048; x_wconf 89' lang='lat' dir='ltr'><strong>cumspectione</strong></span> <span class='ocrx_word' id='word_1_738' title='bbox 2491 3978 2718 4033; x_wconf 82' lang='lat' dir='ltr'><strong>servatis</strong></span> <span class='ocrx_word' id='word_1_739' title='bbox 2750 4017 2767 4044; x_wconf 86' lang='lat'><strong>,</strong></span> <span class='ocrx_word' id='word_1_740' title='bbox 2812 3978 3050 4037; x_wconf 68' lang='lat' dir='ltr'><strong>remedia</strong></span> <span class='ocrx_word' id='word_1_741' title='bbox 3097 3986 3403 4047; x_wconf 85' lang='lat' dir='ltr'><strong>sperantur.</strong></span> <span class='ocrx_word' id='word_1_742' title='bbox 3458 3978 3631 4034; x_wconf 85' lang='lat' dir='ltr'><strong>liabet</strong></span> 
     </span>
    </p>
   </div>
   <div class='ocr_carea' id='block_1_100' title="bbox 2032 4069 3630 4142">
    <p class='ocr_par' dir='ltr' id='par_1_100' title="bbox 2032 4069 3630 4142">
     <span class='ocr_line' id='line_1_100' title="bbox 2032 4069 3630 4142; baseline 0.001 -17"><span class='ocrx_word' id='word_1_743' title='bbox 2032 4069 2183 4129; x_wconf 75' lang='lat' dir='ltr'><strong>enim</strong></span> <span class='ocrx_word' id='word_1_744' title='bbox 2229 4069 2717 4126; x_wconf 85' lang='lat' dir='ltr'><strong>ecclesiasticarum</strong></span> <span class='ocrx_word' id='word_1_745' title='bbox 2765 4071 2905 4127; x_wconf 87' lang='lat' dir='ltr'><strong>ordo</strong></span> <span class='ocrx_word' id='word_1_746' title='bbox 2965 4070 3308 4139; x_wconf 77' lang='lat' dir='ltr'><strong>regularum,</strong></span> <span class='ocrx_word' id='word_1_747' title='bbox 3359 4081 3416 4126; x_wconf 87' lang='lat' dir='ltr'><strong>et</strong></span> <span class='ocrx_word' id='word_1_748' title='bbox 3461 4072 3630 4142; x_wconf 87' lang='lat' dir='ltr'><strong>ipsius</strong></span> 
     </span>
    </p>
   </div>
   <div class='ocr_carea' id='block_1_101' title="bbox 2037 4160 3651 4234">
    <p class='ocr_par' dir='ltr' id='par_1_101' title="bbox 2037 4160 3651 4234">
     <span class='ocr_line' id='line_1_101' title="bbox 2037 4160 3651 4234; baseline 0.001 -19"><span class='ocrx_word' id='word_1_749' title='bbox 2037 4161 2210 4216; x_wconf 87' lang='lat' dir='ltr'><strong>forma</strong></span> <span class='ocrx_word' id='word_1_750' title='bbox 2250 4160 2471 4229; x_wconf 67' lang='lat' dir='ltr'><strong>justitire</strong></span> <span class='ocrx_word' id='word_1_751' title='bbox 2495 4200 2509 4223; x_wconf 89' lang='lat'><strong>,</strong></span> <span class='ocrx_word' id='word_1_752' title='bbox 2543 4170 2602 4218; x_wconf 90' lang='lat' dir='ltr'><strong>ut</strong></span> <span class='ocrx_word' id='word_1_753' title='bbox 2639 4162 2906 4218; x_wconf 87' lang='lat' dir='ltr'><strong>medicina</strong></span> <span class='ocrx_word' id='word_1_754' title='bbox 2948 4163 3281 4223; x_wconf 84' lang='lat' dir='ltr'><strong>rationabilis</strong></span> <span class='ocrx_word' id='word_1_755' title='bbox 3318 4163 3546 4234; x_wconf 87' lang='lat' dir='ltr'><strong>benigne</strong></span> <span class='ocrx_word' id='word_1_756' title='bbox 3576 4173 3651 4229; x_wconf 78' lang='lat' dir='ltr'><strong>et</strong></span> 
     </span>
    </p>
   </div>
   <div class='ocr_carea' id='block_1_102' title="bbox 2038 4249 3628 4324">
    <p class='ocr_par' dir='ltr' id='par_1_102' title="bbox 2038 4249 3628 4324">
     <span class='ocr_line' id='line_1_102' title="bbox 2038 4249 3628 4324; baseline 0.005 -21"><span class='ocrx_word' id='word_1_757' title='bbox 2038 4249 2269 4306; x_wconf 85' lang='lat' dir='ltr'><strong>ﬁdeliter</strong></span> <span class='ocrx_word' id='word_1_758' title='bbox 2290 4252 2635 4321; x_wconf 87' lang='lat' dir='ltr'><strong>sperantibus</strong></span> <span class='ocrx_word' id='word_1_759' title='bbox 2668 4269 2774 4309; x_wconf 90' lang='lat' dir='ltr'><strong>non</strong></span> <span class='ocrx_word' id='word_1_760' title='bbox 2806 4262 3065 4322; x_wconf 75' lang='lat' dir='ltr'><strong>negetur,</strong></span> <span class='ocrx_word' id='word_1_761' title='bbox 3099 4269 3198 4312; x_wconf 83' lang='lat' dir='ltr'><strong>nec</strong></span> <span class='ocrx_word' id='word_1_762' title='bbox 3229 4255 3510 4324; x_wconf 80' lang='lat' dir='ltr'><strong>quisquam</strong></span> <span class='ocrx_word' id='word_1_763' title='bbox 3548 4263 3628 4311; x_wconf 78' lang='lat' dir='ltr'><strong>est</strong></span> 
     </span>
    </p>
   </div>
   <div class='ocr_carea' id='block_1_103' title="bbox 2040 4342 3628 4416">
    <p class='ocr_par' dir='ltr' id='par_1_103' title="bbox 2040 4342 3628 4416">
     <span class='ocr_line' id='line_1_103' title="bbox 2040 4342 3628 4416; baseline 0.001 -20"><span class='ocrx_word' id='word_1_764' title='bbox 2040 4342 2111 4396; x_wconf 89' lang='lat' dir='ltr'><strong>ita</strong></span> <span class='ocrx_word' id='word_1_765' title='bbox 2144 4344 2212 4399; x_wconf 86' lang='lat' dir='ltr'><strong>ab</strong></span> <span class='ocrx_word' id='word_1_766' title='bbox 2240 4344 2579 4411; x_wconf 84' lang='lat' dir='ltr'><strong>humanitate</strong></span> <span class='ocrx_word' id='word_1_767' title='bbox 2600 4345 2891 4411; x_wconf 78' lang='lat' dir='ltr'><strong>discretus,</strong></span> <span class='ocrx_word' id='word_1_768' title='bbox 2922 4362 3083 4416; x_wconf 88' lang='lat' dir='ltr'><strong>quem</strong></span> <span class='ocrx_word' id='word_1_769' title='bbox 3113 4362 3218 4408; x_wconf 90' lang='lat' dir='ltr'><strong>non</strong></span> <span class='ocrx_word' id='word_1_770' title='bbox 3250 4363 3280 4400; x_wconf 87' lang='lat' dir='ltr'><strong>a</strong></span> <span class='ocrx_word' id='word_1_771' title='bbox 3308 4347 3489 4415; x_wconf 83' lang='lat' dir='ltr'><strong>rigore</strong></span> <span class='ocrx_word' id='word_1_772' title='bbox 3518 4347 3628 4402; x_wconf 78' lang='lat' dir='ltr'><strong>dis-</strong></span> 
     </span>
    </p>
   </div>
   <div class='ocr_carea' id='block_1_104' title="bbox 2035 4433 3631 4510">
    <p class='ocr_par' dir='ltr' id='par_1_104' title="bbox 2035 4433 3631 4510">
     <span class='ocr_line' id='line_1_104' title="bbox 2035 4433 3631 4510; baseline 0.005 -24"><span class='ocrx_word' id='word_1_773' title='bbox 2035 4433 2305 4489; x_wconf 83' lang='lat' dir='ltr'><strong>trictionis</strong></span> <span class='ocrx_word' id='word_1_774' title='bbox 2354 4434 2577 4490; x_wconf 84' lang='lat' dir='ltr'><strong>inclinet</strong></span> <span class='ocrx_word' id='word_1_775' title='bbox 2631 4446 2789 4495; x_wconf 86' lang='lat' dir='ltr'><strong>cauta</strong></span> <span class='ocrx_word' id='word_1_776' title='bbox 2842 4438 3180 4510; x_wconf 77' lang='lat' dir='ltr'><strong>simplicitas,</strong></span> <span class='ocrx_word' id='word_1_777' title='bbox 3222 4437 3332 4494; x_wconf 82' lang='lat' dir='ltr'><strong>Sed</strong></span> <span class='ocrx_word' id='word_1_778' title='bbox 3371 4448 3431 4494; x_wconf 91' lang='lat' dir='ltr'><strong>ut</strong></span> <span class='ocrx_word' id='word_1_779' title='bbox 3472 4449 3631 4494; x_wconf 87' lang='lat' dir='ltr'><strong>caute</strong></span> 
     </span>
    </p>
   </div>
   <div class='ocr_carea' id='block_1_105' title="bbox 2037 4523 3627 4599">
    <p class='ocr_par' dir='ltr' id='par_1_105' title="bbox 2037 4523 3627 4599">
     <span class='ocr_line' id='line_1_105' title="bbox 2037 4523 3627 4599; baseline 0.004 -22"><span class='ocrx_word' id='word_1_780' title='bbox 2037 4523 2141 4578; x_wconf 91' lang='lat' dir='ltr'><strong>hoc</strong></span> <span class='ocrx_word' id='word_1_781' title='bbox 2167 4565 2182 4591; x_wconf 94' lang='lat'><strong>,</strong></span> <span class='ocrx_word' id='word_1_782' title='bbox 2214 4532 2544 4592; x_wconf 77' lang='lat' dir='ltr'><strong>czeterasque</strong></span> <span class='ocrx_word' id='word_1_783' title='bbox 2575 4527 2823 4595; x_wconf 87' lang='lat' dir='ltr'><strong>querelas</strong></span> <span class='ocrx_word' id='word_1_784' title='bbox 2869 4536 2962 4582; x_wconf 85' lang='lat' dir='ltr'><strong>aut</strong></span> <span class='ocrx_word' id='word_1_785' title='bbox 2989 4543 3204 4583; x_wconf 88' lang='lat' dir='ltr'><strong>errores</strong></span> <span class='ocrx_word' id='word_1_786' title='bbox 3257 4529 3483 4599; x_wconf 87' lang='lat' dir='ltr'><strong>alicujus</strong></span> <span class='ocrx_word' id='word_1_787' title='bbox 3528 4532 3627 4585; x_wconf 75' lang='lat' dir='ltr'><strong>mvi</strong></span> 
     </span>
    </p>
   </div>
   <div class='ocr_carea' id='block_1_106' title="bbox 2036 4614 3623 4688">
    <p class='ocr_par' dir='ltr' id='par_1_106' title="bbox 2036 4614 3623 4688">
     <span class='ocr_line' id='line_1_106' title="bbox 2036 4614 3623 4688; baseline 0.002 -21"><span class='ocrx_word' id='word_1_788' title='bbox 2036 4614 2158 4685; x_wconf 84' lang='lat' dir='ltr'><strong>(rei)</strong></span> <span class='ocrx_word' id='word_1_789' title='bbox 2191 4614 2371 4670; x_wconf 87' lang='lat' dir='ltr'><strong>valeas</strong></span> <span class='ocrx_word' id='word_1_790' title='bbox 2401 4615 2657 4686; x_wconf 80' lang='lat' dir='ltr'><strong>expedire</strong></span> <span class='ocrx_word' id='word_1_791' title='bbox 2679 4658 2694 4682; x_wconf 94' lang='lat'><strong>,</strong></span> <span class='ocrx_word' id='word_1_792' title='bbox 2726 4617 3072 4673; x_wconf 73' lang='lat' dir='ltr'><strong>dilectissime</strong></span> <span class='ocrx_word' id='word_1_793' title='bbox 3104 4618 3270 4672; x_wconf 82' lang='lat' dir='ltr'><strong>frater</strong></span> <span class='ocrx_word' id='word_1_794' title='bbox 3293 4658 3308 4683; x_wconf 92' lang='lat'><strong>,</strong></span> <span class='ocrx_word' id='word_1_795' title='bbox 3333 4633 3623 4688; x_wconf 87' lang='lat' dir='ltr'><strong>personam</strong></span> 
     </span>
    </p>
   </div>
   <div class='ocr_carea' id='block_1_107' title="bbox 2035 4706 3631 4777">
    <p class='ocr_par' dir='ltr' id='par_1_107' title="bbox 2035 4706 3631 4777">
     <span class='ocr_line' id='line_1_107' title="bbox 2035 4706 3631 4777; baseline 0.003 -19"><span class='ocrx_word' id='word_1_796' title='bbox 2035 4720 2212 4759; x_wconf 72' lang='lat' dir='ltr'><strong>meam</strong></span> <span class='ocrx_word' id='word_1_797' title='bbox 2241 4714 2296 4761; x_wconf 91' lang='lat' dir='ltr'><strong>te</strong></span> <span class='ocrx_word' id='word_1_798' title='bbox 2324 4707 2376 4761; x_wconf 92' lang='lat' dir='ltr'><strong>in</strong></span> <span class='ocrx_word' id='word_1_799' title='bbox 2407 4706 2512 4762; x_wconf 87' lang='lat' dir='ltr'><strong>hoc</strong></span> <span class='ocrx_word' id='word_1_800' title='bbox 2535 4716 2752 4777; x_wconf 86' lang='lat' dir='ltr'><strong>oportet</strong></span> <span class='ocrx_word' id='word_1_801' title='bbox 2783 4709 3026 4774; x_wconf 84' lang='lat' dir='ltr'><strong>induere,</strong></span> <span class='ocrx_word' id='word_1_802' title='bbox 3059 4710 3320 4763; x_wconf 88' lang='lat' dir='ltr'><strong>scientem</strong></span> <span class='ocrx_word' id='word_1_803' title='bbox 3353 4709 3405 4762; x_wconf 90' lang='lat' dir='ltr'><strong>in</strong></span> <span class='ocrx_word' id='word_1_804' title='bbox 3439 4706 3631 4776; x_wconf 90' lang='lat' dir='ltr'><strong>hujus-</strong></span> 
     </span>
    </p>
   </div>
   <div class='ocr_carea' id='block_1_108' title="bbox 2034 4796 3633 4872">
    <p class='ocr_par' dir='ltr' id='par_1_108' title="bbox 2034 4796 3633 4872">
     <span class='ocr_line' id='line_1_108' title="bbox 2034 4796 3633 4872; baseline 0.002 -22"><span class='ocrx_word' id='word_1_805' title='bbox 2034 4796 2179 4851; x_wconf 89' lang='lat' dir='ltr'><strong>modi</strong></span> <span class='ocrx_word' id='word_1_806' title='bbox 2203 4798 2381 4852; x_wconf 86' lang='lat' dir='ltr'><strong>causis</strong></span> <span class='ocrx_word' id='word_1_807' title='bbox 2401 4797 2569 4868; x_wconf 85' lang='lat' dir='ltr'><strong>(sicut</strong></span> <span class='ocrx_word' id='word_1_808' title='bbox 2597 4799 2909 4868; x_wconf 65' lang='lat' dir='ltr'><strong>praedicunt]</strong></span> <span class='ocrx_word' id='word_1_809' title='bbox 2933 4798 3035 4872; x_wconf 78' lang='lat' dir='ltr'><strong>est)</strong></span> <span class='ocrx_word' id='word_1_810' title='bbox 3063 4799 3187 4869; x_wconf 90' lang='lat' dir='ltr'><strong>quid</strong></span> <span class='ocrx_word' id='word_1_811' title='bbox 3209 4797 3509 4854; x_wconf 72' lang='lat' dir='ltr'><strong>caventium</strong></span> <span class='ocrx_word' id='word_1_812' title='bbox 3538 4800 3633 4866; x_wconf 77' lang='lat' dir='ltr'><strong>sit,</strong></span> 
     </span>
    </p>
   </div>
   <div class='ocr_carea' id='block_1_109' title="bbox 2033 4887 3633 4960">
    <p class='ocr_par' dir='ltr' id='par_1_109' title="bbox 2033 4887 3633 4960">
     <span class='ocr_line' id='line_1_109' title="bbox 2033 4887 3633 4960; baseline 0.002 -18"><span class='ocrx_word' id='word_1_813' title='bbox 2033 4894 2089 4942; x_wconf 90' lang='lat' dir='ltr'><strong>et</strong></span> <span class='ocrx_word' id='word_1_814' title='bbox 2116 4887 2190 4941; x_wconf 89' lang='lat' dir='ltr'><strong>ita</strong></span> <span class='ocrx_word' id='word_1_815' title='bbox 2220 4888 2398 4946; x_wconf 90' lang='lat' dir='ltr'><strong>omnia</strong></span> <span class='ocrx_word' id='word_1_816' title='bbox 2439 4888 2872 4958; x_wconf 68' lang='lat' dir='ltr'><strong>przevidendnm,</strong></span> <span class='ocrx_word' id='word_1_817' title='bbox 2910 4898 2967 4944; x_wconf 94' lang='lat' dir='ltr'><strong>nt</strong></span> <span class='ocrx_word' id='word_1_818' title='bbox 2988 4905 3017 4943; x_wconf 84' lang='lat' dir='ltr'><strong>a</strong></span> <span class='ocrx_word' id='word_1_819' title='bbox 3047 4897 3098 4944; x_wconf 88' lang='lat' dir='ltr'><strong>te</strong></span> <span class='ocrx_word' id='word_1_820' title='bbox 3135 4905 3241 4943; x_wconf 93' lang='lat' dir='ltr'><strong>non</strong></span> <span class='ocrx_word' id='word_1_821' title='bbox 3275 4890 3515 4960; x_wconf 88' lang='lat' dir='ltr'><strong>ambigas</strong></span> <span class='ocrx_word' id='word_1_822' title='bbox 3544 4907 3633 4945; x_wconf 87' lang='lat' dir='ltr'><strong>ra-</strong></span> 
     </span>
    </p>
   </div>
   <div class='ocr_carea' id='block_1_110' title="bbox 2033 4977 3627 5050">
    <p class='ocr_par' dir='ltr' id='par_1_110' title="bbox 2033 4977 3627 5050">
     <span class='ocr_line' id='line_1_110' title="bbox 2033 4977 3627 5050; baseline 0.002 -17"><span class='ocrx_word' id='word_1_823' title='bbox 2033 4978 2234 5034; x_wconf 88' lang='lat' dir='ltr'><strong>tionem</strong></span> <span class='ocrx_word' id='word_1_824' title='bbox 2256 4977 2673 5049; x_wconf 80' lang='lat' dir='ltr'><strong>dispensationis</strong></span> <span class='ocrx_word' id='word_1_825' title='bbox 2702 4980 2861 5050; x_wconf 88' lang='lat' dir='ltr'><strong>hujus</strong></span> <span class='ocrx_word' id='word_1_826' title='bbox 2893 4981 3002 5035; x_wconf 89' lang='lat' dir='ltr'><strong>Deo</strong></span> <span class='ocrx_word' id='word_1_827' title='bbox 3032 4996 3151 5035; x_wconf 83' lang='lat' dir='ltr'><strong>esse</strong></span> <span class='ocrx_word' id='word_1_828' title='bbox 3172 4980 3523 5049; x_wconf 91' lang='lat' dir='ltr'><strong>reddendam,</strong></span> <span class='ocrx_word' id='word_1_829' title='bbox 3555 4982 3627 5036; x_wconf 85' lang='lat' dir='ltr'><strong>ita</strong></span> 
     </span>
    </p>
   </div>
   <div class='ocr_carea' id='block_1_111' title="bbox 2034 5073 3619 5142">
    <p class='ocr_par' dir='ltr' id='par_1_111' title="bbox 2034 5073 3619 5142">
     <span class='ocr_line' id='line_1_111' title="bbox 2034 5073 3619 5142; baseline 0.001 -17"><span class='ocrx_word' id='word_1_830' title='bbox 2034 5080 2213 5127; x_wconf 89' lang='lat' dir='ltr'><strong>tamen</strong></span> <span class='ocrx_word' id='word_1_831' title='bbox 2244 5083 2303 5127; x_wconf 89' lang='lat' dir='ltr'><strong>nt</strong></span> <span class='ocrx_word' id='word_1_832' title='bbox 2344 5087 2439 5127; x_wconf 88' lang='lat' dir='ltr'><strong>eos</strong></span> <span class='ocrx_word' id='word_1_833' title='bbox 2467 5073 2556 5142; x_wconf 90' lang='lat' dir='ltr'><strong>qui</strong></span> <span class='ocrx_word' id='word_1_834' title='bbox 2589 5074 2745 5128; x_wconf 76' lang='lat' dir='ltr'><strong>vobis</strong></span> <span class='ocrx_word' id='word_1_835' title='bbox 2771 5073 2966 5128; x_wconf 82' lang='lat' dir='ltr'><strong>fuerint</strong></span> <span class='ocrx_word' id='word_1_836' title='bbox 2983 5074 3363 5129; x_wconf 86' lang='lat' dir='ltr'><strong>communione</strong></span> <span class='ocrx_word' id='word_1_837' title='bbox 3404 5073 3619 5135; x_wconf 89' lang='lat' dir='ltr'><strong>sociati,</strong></span> 
     </span>
    </p>
   </div>
   <div class='ocr_carea' id='block_1_112' title="bbox 2037 5162 3625 5235">
    <p class='ocr_par' dir='ltr' id='par_1_112' title="bbox 2037 5162 3625 5235">
     <span class='ocr_line' id='line_1_112' title="bbox 2037 5162 3625 5235; baseline -0.001 -17"><span class='ocrx_word' id='word_1_838' title='bbox 2037 5164 2121 5221; x_wconf 88' lang='lat' dir='ltr'><strong>vel</strong></span> <span class='ocrx_word' id='word_1_839' title='bbox 2149 5180 2247 5234; x_wconf 91' lang='lat' dir='ltr'><strong>per</strong></span> <span class='ocrx_word' id='word_1_840' title='bbox 2270 5180 2368 5219; x_wconf 72' lang='lat' dir='ltr'><strong>ros</strong></span> <span class='ocrx_word' id='word_1_841' title='bbox 2409 5163 2522 5218; x_wconf 82' lang='lat' dir='ltr'><strong>sedi</strong></span> <span class='ocrx_word' id='word_1_842' title='bbox 2562 5163 2874 5233; x_wconf 66' lang='lat' dir='ltr'><strong>apostolicae</strong></span> <span class='ocrx_word' id='word_1_843' title='bbox 2914 5169 3091 5217; x_wconf 81' lang='lat' dir='ltr'><strong>vestra</strong></span> <span class='ocrx_word' id='word_1_844' title='bbox 3122 5163 3276 5218; x_wconf 80' lang='lat' dir='ltr'><strong>nobis</strong></span> <span class='ocrx_word' id='word_1_845' title='bbox 3302 5164 3504 5235; x_wconf 89' lang='lat' dir='ltr'><strong>scripta</strong></span> <span class='ocrx_word' id='word_1_846' title='bbox 3535 5162 3625 5218; x_wconf 89' lang='lat' dir='ltr'><strong>de-</strong></span> 
     </span>
    </p>
   </div>
   <div class='ocr_carea' id='block_1_113' title="bbox 2036 5240 3632 5327">
    <p class='ocr_par' dir='ltr' id='par_1_113' title="bbox 2036 5240 3632 5327">
     <span class='ocr_line' id='line_1_113' title="bbox 2036 5240 3632 5327; baseline -0.002 -17"><span class='ocrx_word' id='word_1_847' title='bbox 2036 5240 2243 5313; x_wconf 82' lang='lat' dir='ltr'><strong>clarent</strong></span> <span class='ocrx_word' id='word_1_848' title='bbox 2265 5297 2279 5321; x_wconf 92' lang='lat'><strong>,</strong></span> <span class='ocrx_word' id='word_1_849' title='bbox 2311 5256 2506 5327; x_wconf 90' lang='lat' dir='ltr'><strong>quibus</strong></span> <span class='ocrx_word' id='word_1_850' title='bbox 2533 5255 2694 5309; x_wconf 85' lang='lat' dir='ltr'><strong>etiam</strong></span> <span class='ocrx_word' id='word_1_851' title='bbox 2724 5263 2778 5308; x_wconf 87' lang='lat' dir='ltr'><strong>et</strong></span> <span class='ocrx_word' id='word_1_852' title='bbox 2812 5268 2971 5325; x_wconf 89' lang='lat' dir='ltr'><strong>quam</strong></span> <span class='ocrx_word' id='word_1_853' title='bbox 3002 5255 3391 5309; x_wconf 90' lang='lat' dir='ltr'><strong>continentiam</strong></span> <span class='ocrx_word' id='word_1_854' title='bbox 3423 5253 3632 5308; x_wconf 61' lang='lat' dir='ltr'><strong>libello?</strong></span> 
     </span>
    </p>
   </div>
   <div class='ocr_carea' id='block_1_114' title="bbox 2036 5344 3622 5431">
    <p class='ocr_par' dir='ltr' id='par_1_114' title="bbox 2036 5344 3622 5431">
     <span class='ocr_line' id='line_1_114' title="bbox 2036 5344 3622 5431; baseline -0.001 -31"><span class='ocrx_word' id='word_1_855' title='bbox 2036 5362 2156 5408; x_wconf 77' lang='lat' dir='ltr'><strong>rum</strong></span> <span class='ocrx_word' id='word_1_856' title='bbox 2186 5347 2481 5403; x_wconf 83' lang='lat' dir='ltr'><strong>obtulerint</strong></span> <span class='ocrx_word' id='word_1_857' title='bbox 2516 5346 2866 5418; x_wconf 81' lang='lat' dir='ltr'><strong>(continentia</strong></span> <span class='ocrx_word' id='word_1_858' title='bbox 2898 5347 3199 5431; x_wconf 79' lang='lat' dir='ltr'><strong>libellorum</strong></span> <span class='ocrx_word' id='word_1_859' title='bbox 3239 5361 3375 5415; x_wconf 92' lang='lat' dir='ltr'><strong>quos</strong></span> <span class='ocrx_word' id='word_1_860' title='bbox 3415 5344 3622 5400; x_wconf 88' lang='lat' dir='ltr'><strong>obtule-</strong></span> 
     </span>
    </p>
   </div>
   <div class='ocr_carea' id='block_1_115' title="bbox 2038 5450 3629 5529">
    <p class='ocr_par' dir='ltr' id='par_1_115' title="bbox 2038 5450 3629 5529">
     <span class='ocr_line' id='line_1_115' title="bbox 2038 5450 3629 5529; baseline -0.002 -16"><span class='ocrx_word' id='word_1_861' title='bbox 2038 5461 2184 5529; x_wconf 89' lang='lat' dir='ltr'><strong>quod</strong></span> <span class='ocrx_word' id='word_1_862' title='bbox 2213 5460 2337 5515; x_wconf 85' lang='lat' dir='ltr'><strong>data</strong></span> <span class='ocrx_word' id='word_1_863' title='bbox 2382 5460 2649 5515; x_wconf 89' lang='lat' dir='ltr'><strong>habeatur</strong></span> <span class='ocrx_word' id='word_1_864' title='bbox 2676 5460 2776 5515; x_wconf 89' lang='lat' dir='ltr'><strong>sub</strong></span> <span class='ocrx_word' id='word_1_865' title='bbox 2809 5450 3089 5521; x_wconf 76' lang='lat' dir='ltr'><strong>capsulam</strong></span> <span class='ocrx_word' id='word_1_866' title='bbox 3134 5459 3418 5514; x_wconf 86' lang='lat' dir='ltr'><strong>Justiniani</strong></span> <span class='ocrx_word' id='word_1_867' title='bbox 3447 5460 3629 5529; x_wconf 78' lang='lat' dir='ltr'><strong>tertio,</strong></span> 
     </span>
    </p>
   </div>
   <div class='ocr_carea' id='block_1_116' title="bbox 2042 5528 3605 5601">
    <p class='ocr_par' dir='ltr' id='par_1_116' title="bbox 2042 5528 3605 5601">
     <span class='ocr_line' id='line_1_116' title="bbox 2042 5528 3605 5601; baseline -0.001 -17"><span class='ocrx_word' id='word_1_868' title='bbox 2042 5546 2164 5584; x_wconf 91' lang='lat' dir='ltr'><strong>cum</strong></span> <span class='ocrx_word' id='word_1_869' title='bbox 2205 5530 2318 5601; x_wconf 81' lang='lat' dir='ltr'><strong>jam</strong></span> <span class='ocrx_word' id='word_1_870' title='bbox 2368 5546 2475 5585; x_wconf 90' lang='lat' dir='ltr'><strong>non</strong></span> <span class='ocrx_word' id='word_1_871' title='bbox 2506 5532 2733 5601; x_wconf 86' lang='lat' dir='ltr'><strong>amplius</strong></span> <span class='ocrx_word' id='word_1_872' title='bbox 2762 5530 3088 5598; x_wconf 81' lang='lat' dir='ltr'><strong>Bonifacius,</strong></span> <span class='ocrx_word' id='word_1_873' title='bbox 3135 5529 3232 5584; x_wconf 91' lang='lat' dir='ltr'><strong>sed</strong></span> <span class='ocrx_word' id='word_1_874' title='bbox 3261 5529 3495 5584; x_wconf 82' lang='lat' dir='ltr'><strong>Joannes</strong></span> <span class='ocrx_word' id='word_1_875' title='bbox 3525 5528 3605 5582; x_wconf 81' lang='lat' dir='ltr'><strong>Ro</strong></span> 
     </span>
    </p>
   </div>
   <div class='ocr_carea' id='block_1_117' title="bbox 2042 5600 3634 5671">
    <p class='ocr_par' dir='ltr' id='par_1_117' title="bbox 2042 5600 3634 5671">
     <span class='ocr_line' id='line_1_117' title="bbox 2042 5600 3634 5671; baseline 0.001 -18"><span class='ocrx_word' id='word_1_876' title='bbox 2042 5614 2214 5655; x_wconf 77' lang='lat' dir='ltr'><strong>manm</strong></span> <span class='ocrx_word' id='word_1_877' title='bbox 2244 5600 2496 5657; x_wconf 73' lang='lat' dir='ltr'><strong>Ecclesia:</strong></span> <span class='ocrx_word' id='word_1_878' title='bbox 2542 5600 2873 5671; x_wconf 54' lang='lat' dir='ltr'><strong>pra&#39;sideret.</strong></span> <span class='ocrx_word' id='word_1_879' title='bbox 2928 5601 3055 5656; x_wconf 86' lang='lat' dir='ltr'><strong>llaec</strong></span> <span class='ocrx_word' id='word_1_880' title='bbox 3101 5601 3334 5671; x_wconf 83' lang='lat' dir='ltr'><strong>prudens</strong></span> <span class='ocrx_word' id='word_1_881' title='bbox 3374 5601 3634 5656; x_wconf 88' lang='lat' dir='ltr'><strong>collector</strong></span> 
     </span>
    </p>
   </div>
   <div class='ocr_carea' id='block_1_118' title="bbox 2043 5670 3659 5742">
    <p class='ocr_par' dir='ltr' id='par_1_118' title="bbox 2043 5670 3659 5742">
     <span class='ocr_line' id='line_1_118' title="bbox 2043 5670 3659 5742; baseline 0 -17"><span class='ocrx_word' id='word_1_882' title='bbox 2043 5670 2394 5740; x_wconf 83' lang='lat' dir='ltr'><strong>epistolaruin</strong></span> <span class='ocrx_word' id='word_1_883' title='bbox 2416 5670 2813 5742; x_wconf 83' lang='lat' dir='ltr'><strong>pontiﬁciarmn</strong></span> <span class='ocrx_word' id='word_1_884' title='bbox 2846 5670 3128 5739; x_wconf 78' lang='lat' dir='ltr'><strong>diligenter</strong></span> <span class='ocrx_word' id='word_1_885' title='bbox 3149 5672 3659 5742; x_wconf 85' lang='lat' dir='ltr'><strong>considerans,_su-.</strong></span> 
     </span>
    </p>
   </div>
   <div class='ocr_carea' id='block_1_119' title="bbox 2041 5739 3631 5814">
    <p class='ocr_par' dir='ltr' id='par_1_119' title="bbox 2041 5739 3631 5814">
     <span class='ocr_line' id='line_1_119' title="bbox 2041 5739 3631 5814; baseline 0.002 -20"><span class='ocrx_word' id='word_1_886' title='bbox 2041 5739 2287 5810; x_wconf 73' lang='lat' dir='ltr'><strong>spectant</strong></span> <span class='ocrx_word' id='word_1_887' title='bbox 2310 5739 2723 5814; x_wconf 61' lang='lat' dir='ltr'><strong>depbreptione</strong></span> <span class='ocrx_word' id='word_1_888' title='bbox 2753 5742 2871 5797; x_wconf 78' lang='grc' dir='ltr'><strong>Ιίιιρί</strong></span> <span class='ocrx_word' id='word_1_889' title='bbox 2904 5742 3183 5814; x_wconf 61' lang='grc' dir='ltr'><strong>Ιῑῃᾟιυιηηι</strong></span> <span class='ocrx_word' id='word_1_890' title='bbox 3230 5742 3482 5811; x_wconf 80' lang='lat' dir='ltr'><strong>explosit.</strong></span> <span class='ocrx_word' id='word_1_891' title='bbox 3526 5739 3631 5797; x_wconf 75' lang='lat' dir='ltr'><strong>Ba-</strong></span> 
     </span>
    </p>
   </div>
   <div class='ocr_carea' id='block_1_120' title="bbox 2041 5808 3137 5878">
    <p class='ocr_par' dir='ltr' id='par_1_120' title="bbox 2041 5808 3137 5878">
     <span class='ocr_line' id='line_1_120' title="bbox 2041 5808 3137 5878; baseline 0.001 -16"><span class='ocrx_word' id='word_1_892' title='bbox 2041 5808 2160 5864; x_wconf 77' lang='lat' dir='ltr'><strong>ron.</strong></span> <span class='ocrx_word' id='word_1_893' title='bbox 2188 5827 2330 5866; x_wconf 87' lang='lat' dir='ltr'><strong>anno</strong></span> <span class='ocrx_word' id='word_1_894' title='bbox 2363 5811 2487 5878; x_wconf 73' lang='lat'><strong>530,</strong></span> <span class='ocrx_word' id='word_1_895' title='bbox 2520 5808 2666 5875; x_wconf 74' lang='lat' dir='ltr'><strong>nunt.</strong></span> <span class='ocrx_word' id='word_1_896' title='bbox 2696 5813 2748 5867; x_wconf 75' lang='grc'><strong>5.</strong></span> <span class='ocrx_word' id='word_1_897' title='bbox 2781 5814 2906 5867; x_wconf 73' lang='lat' dir='ltr'><strong>Ssv.</strong></span> <span class='ocrx_word' id='word_1_898' title='bbox 2942 5808 3137 5866; x_wconf 68' lang='lat' dir='ltr'><strong>Bislus.</strong></span> 
     </span>
    </p>
   </div>
   <div class='ocr_carea' id='block_1_121' title="bbox 2115 5880 3360 5953">
    <p class='ocr_par' dir='ltr' id='par_1_121' title="bbox 2115 5880 3360 5953">
     <span class='ocr_line' id='line_1_121' title="bbox 2115 5880 3360 5953; baseline 0.002 -21"><span class='ocrx_word' id='word_1_899' title='bbox 2115 5884 2130 5899; x_wconf 87' lang='lat'>&#39;</span> <span class='ocrx_word' id='word_1_900' title='bbox 2157 5880 2488 5953; x_wconf 30' lang='lat' dir='ltr'><strong>limoquoquc</strong></span> <span class='ocrx_word' id='word_1_901' title='bbox 2512 5900 2540 5941; x_wconf 87' lang='lat' dir='ltr'><strong>a</strong></span> <span class='ocrx_word' id='word_1_902' title='bbox 2565 5884 2771 5937; x_wconf 71' lang='lat' dir='ltr'><strong>callido</strong></span> <span class='ocrx_word' id='word_1_903' title='bbox 2789 5893 3089 5937; x_wconf 76' lang='lat' dir='ltr'><strong>vcteratore</strong></span> <span class='ocrx_word' id='word_1_904' title='bbox 3116 5881 3360 5947; x_wconf 75' lang='lat' dir='ltr'><strong>conﬁcta:</strong></span> 
     </span>
    </p>
   </div>
  </div>
