2061 3165
214 199 249 226 4⁸1
724 195 908 225 ΜΟΝΤΑΝυΒ
927 195 1028 225 Εριδο

1039 196 1113 226 ΙΡΕΞ
1132 197 1344 227 τοιετλκυε.
1818 197 1853 227 48

213 257 289 293 rint),
309 257 450 284 inseratur.
475 255 520 283 Sic
543 262 651 290 quoque
676 254 854 282 humilitatem
874 253 1004 281 debemus
1020 257 1041 286 Α
1057 255 1207 282 animarum
1218 255 1304 283 l'ructu
1316 254 1452 290 perducat.
1469 253 1541 282 Deus
1551 258 1577 282 te
1588 254 1749 282 incolumem
1761 260 1852 282 custo-

214 310 307 331 tcnere
318 304 343 331 in
352 306 451 335 mente,
467 307 496 329 ut
507 302 567 329 inde
583 301 697 337 (tamen)
708 300 810 328 ordinis
825 300 910 328 nostri
921 299 1007 334 digni:
1058 301 1124 333 dial,
1141 302 1363 329 reverendissime
1378 301 1470 328 frater.
1484 301 1580 328 Amen.
1591 300 1686 328 Datum
1701 308 1747 328 vni
1758 301 1854 329 kalen-

212 355 297 379 tatem
319 358 458 378 servemus
478 350 504 377 in
518 349 621 376 honore
634 369 643 382 ,
654 352 787 383 quatenus
799 347 825 374 in
841 347 919 374 nobis
931 366 938 380 ,
955 354 1005 374 nec
1058 348 1106 376 das
1130 347 1254 375 Octobris
1272 348 1342 383 (haec
1364 347 1430 374 falsa
1448 347 1589 374 consulum
1613 346 1688 381 nota)
1701 346 1854 374 Iustiniano

212 398 349 425 humilitas
362 396 454 424 timida
468 418 474 427 ,
487 403 536 423 nec
550 395 619 423 ratio
632 395 667 422 sit
680 394 805 429 superba.
827 392 1004 428 Omnipotens
1058 394 1167 421 tertium
1177 397 1204 421 et
1218 392 1313 421 Oreste
1329 392 1483 429 (Valentino
1499 401 1517 420 ιι
1529 397 1556 420 et
1566 392 1673 427 Oreste,
1683 393 1748 420 viris
1758 393 1853 421 claris-

211 444 282 471 Dcus
293 444 451 476 ,ccarissime
463 463 470 474 ,
486 450 533 470 sua
548 446 576 469 te
585 441 753 477 protectioae
763 439 907 472 custodiat,
923 443 1004 473 atque
1057 438 1132 466 simis
1145 438 1301 466 consulibus
1316 438 1398 473 (anno
1411 436 1512 465 Christi
1529 436 1580 464 530
1593 437 1636 465 vel
1651 437 1726 473 555).

211 480 249 517 ad.
260 490 377 517 caelestis
399 488 642 516 remunerationem
658 486 751 521 pati-iw
764 485 849 522 (cum)
860 484 1004 519 multiplici

663 544 1689 557 ___.———*——'7__#—_.__——7__._—______.-_———n
1693 546 1763 551 ___..

211 536 1838 563 W—m

845 595 929 617 ANNO
951 594 1067 617 DOMINI
1084 592 1212 616 DXXV".

515 666 1547 822 MONTANUS

723 870 994 910 EPISCOPUS
1020 867 1257 908 TOLETAN
1264 866 1342 906 US.

804 938 851 971 (Ex
864 937 966 963 Oollect.
979 936 1024 961 SS.
1037 935 1138 960 Patrum
1149 934 1243 965 Tolet.)

822 1025 1230 1067 PBOL’EGOMENA
1239 1047 1251 1061 ο

396 1098 550 1126 ΜυΝιτυΜ
572 1099 617 1126 Ap
633 1097 818 1126 LECTOREM
1018 1096 1042 1126 Β
1055 1092 1088 1119 ab
1103 1099 1156 1119 em.
1177 1089 1301 1125 Aguirrio
1322 1090 1349 1117 in
1364 1097 1410 1117 sua
1425 1088 1593 1117 Collectione
1608 1087 1782 1115 conciliorum
1800 1088 1845 1116 Hi-

243 1146 428 1181 Auspicamur,
454 1145 539 1172 lector
561 1144 671 1180 optime,
698 1152 713 1171 a
728 1143 856 1171 Montano
879 1141 928 1169 SS.
944 1140 995 1167 PP.
1049 1143 1057 1163 ε

1049 1135 1149 1174 spanng
1161 1143 1168 1161 :
1180 1131 1318 1169 postr'emo
1333 1141 1348 1161 a
1368 1133 1398 1161 P.
1414 1133 1509 1160 Florez
1533 1132 1566 1159 ad
1587 1132 1759 1167 quamplures
1779 1140 1843 1160 mss.

208 1193 398 1221 Toletanorum
414 1190 570 1224 editionem,
594 1190 722 1225 quoniam
737 1197 752 1217 e
767 1193 822 1217 tota
837 1192 910 1216 retro
930 1187 999 1214 anti-
1050 1183 1157 1211 codices
1167 1182 1300 1217 gothicos,
1310 1187 1338 1210 ut
1349 1182 1407 1217 ipse
1418 1182 1523 1215 asserit,
1534 1182 1648 1214 collata,
1660 1181 1846 1209 multoemen—

207 1238 309 1272 quitate
324 1237 346 1264 is
360 1236 462 1271 primus
475 1239 527 1268 est,
547 1243 601 1262 non
616 1234 662 1270 qui
676 1238 849 1262 monumenta
871 1231 999 1259 litteraria
1051 1229 1170 1257 datiores
1183 1235 1263 1263 quam
1279 1227 1305 1255 in
1320 1228 1455 1263 prioribus
1470 1227 1633 1255 editionibus
1644 1227 1769 1254 exhibita:
1783 1229 1847 1253 sunt

207 1282 331 1314 ediderit,
347 1280 394 1309 sed
409 1280 484 1315 cujus
494 1280 594 1315 scripta
609 1279 642 1306 ad
654 1286 704 1306 nos
719 1285 804 1313 usque
819 1276 999 1313 pervonerint.
1052 1275 1080 1302 in
1093 1274 1241 1310 appendice
1259 1274 1293 1301 ad
1314 1278 1380 1301 tom.
1397 1274 1419 1302 V
1444 1273 1578 1309 Hispania:
1598 1281 1691 1301 sacrae.
1712 1273 1775 1308 Ejus
1799 1280 1848 1301 nos

207 1327 273 1360 Quis
295 1326 367 1353 enim
389 1324 493 1352 dubitet
516 1323 644 1351 Montano
668 1323 773 1358 aliquos
787 1320 956 1357 prazcessisse
974 1321 1000 1347 in
1054 1320 1200 1347 editionem
1215 1320 1300 1347 secuti
1314 1327 1416 1353 sumus,
1432 1319 1512 1346 nullis
1526 1326 1560 1346 ex
1573 1323 1665 1346 nostro
1684 1318 1848 1345 variantibus

207 1371 271 1398 sede
287 1369 417 1397 Toletana
437 1369 533 1397 doctos
555 1368 693 1403 praesules,
718 1375 751 1394 ac
768 1365 901 1395 scribendi
923 1365 1002 1393 laude
1055 1365 1215 1393 lectionibus
1225 1365 1369 1398 adnotatis,
1380 1365 1506 1399 quoniam
1519 1373 1569 1391 ms.
1583 1364 1756 1399 codicem,ad
1767 1371 1846 1398 quem

207 1415 369 1449 pra-claros?
384 1413 576 1443 DeAudcncio.
590 1421 671 1447 quem
683 1410 1000 1440 Toletanumantistitem
1054 1411 1182 1445 epistolas
1207 1410 1385 1444 exigeremus,
1411 1410 1513 1437 nullum
1536 1409 1686 1437 habuimus.
1707 1409 1849 1436 Variantes

208 1459 289 1485 fuisse
313 1465 392 1485 nemo
413 1457 534 1491 ambigit,
559 1457 655 1484 scitum
670 1460 711 1483 est
724 1455 854 1483 Gennadii
873 1455 1000 1489 elogium,
1053 1455 1133 1489 igitur
1147 1455 1288 1490 descriptae
1299 1458 1360 1483 sunt
1372 1462 1403 1482 ex
1421 1455 1478 1490 ipsa
1492 1454 1608 1482 Florezii
1621 1453 1849 1481 editione:adno—

207 1510 266 1537 cap.
288 1501 328 1533 li,
351 1501 393 1528 bis
416 1501 505 1529 verbis
522 1501 688 1527 :Audencius
710 1500 844 1535 episcopus
866 1499 1000 1534 Hispanus
1053 1500 1167 1528 taliones
1181 1507 1245 1527 vero
1260 1500 1293 1527 ad
1308 1500 1389 1527 imam
1406 1508 1481 1528 oram
1497 1500 1631 1527 adhibitas
1645 1507 1679 1527 ex
1702 1507 1755 1526 em.
1771 1499 1844 1526 card.

208 1547 310 1582 scripsit
323 1546 446 1573 adversus
453 1545 614 1573 Manichwos
629 1550 652 1573 et
660 1546 835 1577 Sabellianos,
847 1545 997 1577 atAt-ianos,
1053 1547 1176 1581 Agnirrio
1190 1546 1396 1581 desumpsimus,
1416 1554 1485 1581 quas
1499 1550 1588 1573 tamen
1612 1546 1710 1573 nostris
1726 1545 1846 1572 animad-
1872 1541 1877 1545 ’

208 1595 250 1630 qui
263 1602 329 1621 nunc
343 1597 466 1621 vocantur
482 1593 628 1625 Banosiati,
645 1593 738 1620 librum
748 1601 822 1628 quem
835 1592 1000 1628 pra’litulavit
1053 1591 1222 1619 versionibus
1236 1591 1269 1618 ad
1291 1591 1392 1619 calcem
1416 1592 1550 1625 auximus,
1575 1591 1664 1618 locum
1689 1591 1847 1618 obscurissi-

208 1640 239 1667 (ιε
255 1639 320 1667 Fide
334 1640 469 1666 adversum
492 1647 580 1666 omnes
594 1638 736 1666 ereticos
747 1646 756 1665 :
768 1638 795 1665 in
818 1647 867 1673 quo
890 1638 1001 1664 ostendit
1053 1646 1125 1665 mum
1140 1637 1260 1672 epistola:
1274 1637 1398 1665 secunda:
1409 1636 1601 1672 quoquomodo
1617 1636 1784 1668 illustraturi,
1800 1636 1846 1670 qui

208 1686 389 1717 antiquitatem
405 1684 467 1711 Filii
483 1684 532 1711 Dei
556 1684 735 1713 cogtenmlem
750 1683 825 1711 Patri
848 1684 938 1720 fuisse,
955 1692 1000 1710 nec
1055 1684 1120 1712 nulli
1133 1684 1262 1712 hactenus
1276 1683 1374 1711 editori
1397 1692 1451 1712 non
1466 1684 1604 1718 negotium
1628 1683 1744 1711 facessit.
1770 1684 1847 1717 Quod

208 1730 309 1756 inilium
323 1728 434 1756 Deitatis
457 1734 516 1756 tunc
533 1738 549 1756 ιι
569 1728 623 1757 Deo
639 1728 720 1756 Putre
738 1729 878 1764 accepisse,
899 1737 957 1756 cum
970 1729 1001 1756 de
1015 1751 1036 1780 Ο
1054 1730 1137 1756 vitam
1151 1729 1270 1757 Montani
1285 1730 1342 1764 ejus
1356 1729 1477 1764 epistolis
1491 1729 1664 1764 pneligimus,
1679 1737 1733 1757 non
1748 1736 1846 1756 vanum

207 1776 281 1803 beata
297 1775 385 1803 Maria
402 1775 509 1812 Virgine
523 1776 609 1810 homo,
625 1776 680 1804 Deo
695 1777 847 1813 fabricante,
863 1781 1000 1812 conceptus
1013 1775 1036 1814 Ῐ
1055 1777 1132 1804 nobis
1147 1777 1288 1804 consilium
1304 1776 1391 1804 visum
1406 1780 1447 1804 est
1462 1777 1561 1809 iniisse,
1586 1780 1616 1804 ut
1629 1776 1663 1804 de
1678 1780 1788 1803 auctore
1802 1784 1847 1802 ra-

207 1825 232 1847 et
246 1825 322 1848 natus
336 1825 384 1848 est.
401 1821 493 1848 Virum
504 1821 627 1849 eumdem
638 1822 665 1848 in
674 1821 816 1857 Scriptum
830 1823 1000 1849 exercitatum
1053 1823 1153 1850 tionem
1167 1822 1240 1858 prius
1261 1822 1442 1856 redderemus,
1465 1830 1544 1857 quam
1565 1822 1623 1857 ejus
1637 1826 1846 1857 repracsentare-

208 1866 341 1893 habentem
357 1866 489 1901 ingenium
508 1870 590 1894 vocat
604 1866 778 1894 Trithemius.
804 1866 857 1895 Sed
880 1867 932 1894 hoc
946 1867 999 1894 Au-
1053 1876 1111 1896 mus
1125 1868 1233 1903 scripta.
1249 1868 1342 1903 Itaque
1357 1868 1383 1896 in
1399 1868 1503 1896 caeteris
1517 1867 1639 1896 Patribus
1649 1868 1758 1895 edendis
1769 1875 1844 1895 eam-

206 1911 294 1938 nlcncii
308 1918 385 1945 opus,
410 1910 480 1938 sicut
498 1914 526 1938 et
540 1911 591 1938 alia
606 1911 730 1942 aliorum,
752 1911 841 1945 periit.
858 1910 1000 1939 Montanus
1037 1907 1113 1942 rdem
1137 1914 1339 1942 observavimus
1367 1913 1535 1941 mctbodum.
1569 1914 1597 1941 In
1619 1914 1747 1942 Montano
1769 1921 1845 1946 vero,

207 1955 297 1989 itaque
312 1955 414 1989 primus
428 1954 554 1987 occurrit,
580 1954 655 1989 cujus
668 1954 789 1992 eplstola:
810 1956 908 1983 smculo
922 1960 999 1983 sexto
1053 1959 1180 1994 quoniam
1197 1959 1312 1993 elogium
1333 1959 1404 1987 illius
1417 1967 1432 1986 a
1446 1959 1474 1986 S.
1491 1959 1652 1995 Ildepbonso
1665 1960 1846 1995 conscriptum

207 2000 377 2034 conscriptzc,
388 2003 469 2035 atque
483 2007 498 2026 a
513 1999 540 2027 S.
557 1999 717 2034 lldephonso
731 1999 853 2033 laudatm,
870 2001 999 2036 temporis

1055 2004 1161 2031 brevius
1175 2007 1226 2036 est,
1243 2012 1291 2031 nos
1305 2004 1366 2031 vita:
1378 2004 1435 2039 ejus
1449 2004 1587 2032 historiam
1603 2006 1683 2041 paulo
1697 2005 1844 2039 longiorem

207 2045 366 2073 edacitatem
380 2049 548 2080 superantes,
571 2045 598 2072 in
611 2045 691 2072 variis
714 2053 778 2073 mss.
793 2049 906 2081 reperta:
924 2051 996 2076 sunt.
1054 2049 1251 2082 contexuimus,
1276 2049 1432 2083 colligentes
1456 2054 1488 2078 ea"
1508 2058 1567 2086 quae
1586 2050 1620 2079 ab
1634 2051 1692 2078 aliis
1711 2050 1846 2078 historias

207 2099 238 2118 ex
253 2091 350 2126 quibus
364 2090 442 2118 edita:
457 2091 571 2126 primum
584 2097 599 2118 a
615 2090 645 2117 D.
662 2089 757 2119 Garcia
770 2091 883 2128 Loaysa,
903 2092 999 2120 deinde
1053 2095 1152 2130 scripta
1168 2094 1327 2130 reperimus.
1343 2092 1419 2123 Vale.

805 2185 1075 2231 MONTANI
1101 2189 1254 2230 VITA.

240 2284 382 2312 Montanus
400 2284 526 2314 Ecclesizc
541 2287 678 2316 Toletanae
692 2293 752 2324 post
766 2288 872 2317 Celsum
885 2289 996 2317 antistes
1048 2288 1199 2324 lldephonsi
1214 2293 1293 2318 :ctate
1317 2291 1436 2318 omnium
1460 2298 1508 2318 ore
1532 2290 1678 2323 ferebatur,
1703 2291 1842 2319 sanctissi-

205 2330 295 2358 lloruit
308 2335 430 2365 tempore
446 2331 589 2361 Amalarici
611 2333 681 2368 regis
695 2333 856 2368 Gothorum,
878 2335 996 2370 pmfuit-
1013 2344 1038 2373 Ι)
1050 2343 1122 2362 mum
1136 2336 1274 2370 praesulem
1289 2337 1380 2371 putida
1390 2337 1522 2364 calumnia
1534 2337 1568 2364 ab
1581 2336 1734 2364 hominibus
1745 2336 1843 2364 invidis

204 2383 255 2409 que
270 2375 306 2402 illi
322 2375 355 2402 ab
370 2383 441 2403 anno
456 2375 507 2403 522
520 2384 603 2412 usque
614 2377 648 2404 ad
663 2377 723 2412 551,
740 2379 887 2407 secundum
899 2380 995 2407 seriem
1050 2380 1207 2415 appetitum,
1224 2380 1320 2416 insigni
1334 2382 1462 2409 miraculo
1473 2389 1547 2409 suam
1563 2382 1742 2409 innocentiam
1754 2382 1841 2409 vindi-

204 2422 346 2455 prmsulum
370 2421 561 2449 Toletanorum
577 2421 607 2449 D.
624 2422 734 2451 Joannis
748 2424 873 2460 Baptista:
893 2424 996 2452 Perezii
1049 2433 1133 2457 casse,
1150 2426 1282 2455 carbones
1296 2435 1424 2455 accensos
1441 2428 1530 2455 tandiu
1547 2428 1572 2455 in
1593 2428 1708 2463 propriis
1723 2427 1842 2455 vestibus

204 2466 326 2492 canonici
349 2466 487 2499 Toletani,
513 2472 540 2495 et
566 2467 638 2495 Clar.
661 2468 789 2504 Loaysre,
818 2474 845 2497 et
869 2469 994 2507 Aguirrii,
1048 2471 1205 2500 sustinendo
1227 2472 1316 2508 quoad
1345 2480 1420 2500 sacra
1449 2474 1575 2509 mysteria
1604 2473 1661 2508 ipse
1683 2475 1840 2508 perageret;

204 2517 282 2543 quam
301 2510 446 2537 auctiorem
461 2515 488 2538 et
501 2512 693 2540 correctiorem
708 2512 830 2541 dabimus
844 2514 878 2541 ad
892 2514 993 2541 calcem
1048 2516 1111 2550 quin
1137 2520 1225 2544 tamen
1249 2516 1351 2545 interea
1374 2523 1464 2547 vestes
1481 2519 1522 2546 vel
1543 2518 1705 2547 levissimum
1721 2518 1843 2553 reperio:

161 2588 163 2591 ι
203 2559 269 2601 Imp.
286 2553 317 2580 ΙΙ.
408 2600 415 2601 7
1049 2560 1250 2595 detrimentum,
1266 2562 1368 2597 ignisve
1379 2564 1524 2601 quidquam
1537 2563 1570 2591 de
1591 2564 1616 2591 vi
1632 2572 1680 2591 sua
1695 2563 1839 2590 remiserit.

240 2599 276 2627 Ex
292 2604 386 2627 sancto
407 2600 567 2636 lldephonso
585 2603 779 2639 intelligimus,~
793 2608 860 2639 quot
874 2605 993 2639 quantis-
1048 2606 1130 2642 Cujus
1142 2608 1221 2636 simili
1238 2599 1395 2644 purgatione
1409 2611 1603 2645 posterioribus
1626 2611 1730 2638 szcculis
1744 2610 1773 2637 S.
1786 2610 1841 2637 An-

202 2655 253 2681 que
269 2647 412 2677 virtutibus
427 2647 551 2675 clum-rit.
566 2648 626 2676 Fuit
638 2651 708 2678 enim
723 2658 826 2679 summa
841 2650 923 2679 animi
936 2651 993 2679 vir-
1047 2653 1160 2683 selmum
1184 2654 1304 2690 aliosque
1330 2656 1514 2685 sanctissimos
1527 2657 1609 2690 vii‘os,
1625 2656 1727 2692 Spiritu
1745 2658 1841 2684 sancto

203 2697 259 2720 tute
274 2693 411 2728 praeditus,
432 2693 459 2720 in
474 2693 587 2721 dicendo
601 2695 846 2731 eloquentissimus,
857 2696 883 2723 in
895 2695 992 2731 guber-
1047 2699 1204 2736 inspirante,
1221 2708 1283 2728 usos
1298 2701 1418 2736 legimus.

203 2738 292 2765 llﬂlldo
306 2739 539 2774 prudentissimus,
567 2740 690 2768 omnibus
711 2742 821 2769 summis
846 2741 993 2770 honoribus
1083 2744 1241 2780 Eloquentia
1256 2745 1375 2773 Montani
1391 2750 1471 2781 atque
1490 2746 1548 2781 ejus
1561 2746 1691 2774 doctrinae
1711 2746 1840 2781 splendor

201 2784 306 2817 dignus,
331 2789 413 2820 atque
427 2785 487 2813 vita:
502 2785 655 2812 innocentia
675 2787 951 2816 commendatissimus
964 2792 993 2816 et
1046 2790 1112 2817 satis
1126 2796 1235 2826 apparet
1251 2799 1284 2818 ex
1298 2792 1401 2820 duabus
1416 2792 1544 2827 epistolis,
1561 2800 1621 2828 quae
1635 2792 1669 2820 ad
1684 2800 1734 2820 nos
1754 2799 1838 2826 usque

202 2829 383 2858 beatissimus.
855 2833 860 2838 ’
1045 2841 1235 2871 pervenerunt.
1260 2837 1348 2865 Prima
1374 2837 1499 2866 fratribus
1519 2838 1633 2873 filiisque
1655 2837 1838 2866 dilectissimis

235 2874 270 2902 Et
283 2876 392 2911 quidem
406 2884 465 2911 ejus
480 2877 630 2905 sanctitatis
644 2878 788 2906 eminentia
803 2879 909 2908 abunde
923 2887 994 2908 com-
1046 2884 1174 2911 territorii
1189 2884 1330 2917 Palentini,
1356 2885 1438 2913 altera
1456 2886 1484 2912 Ι).
1502 2885 1601 2913 eximio
1616 2885 1745 2913 Thuribio
1766 2884 1835 2912 scri-

201 2922 331 2958 probatur
355 2923 540 2958 antiquissima
564 2923 689 2961 ﬁdelique
712 2925 870 2957 traditione,
889 2934 940 2957 qua
964 2926 991 2953 S.
1046 2933 1105 2956 nta:
1129 2937 1234 2957 necnon
1253 2938 1285 2957 cx
1310 2931 1423 2958 concilio
1438 2931 1568 2959 Toletano
1583 2930 1614 2963 ll,
1639 2931 1682 2958 cui
1707 2928 1834 2965 praefuit:
