4068 6342
395 366 467 426 t9
1081 340 1090 353 ‘
1771 349 2295 410 l‘ROLEGOMENA.
3611 341 3684 400 so

396 485 552 556 cujus
591 494 830 541 canones
875 478 966 550 qui
1009 474 1199 534 sedulo
1241 473 1548 545 perlegerit,
1593 471 1690 527 abs
1727 469 1890 524 dubio
1932 470 1985 523 in
2016 467 2062 526 A
2092 462 2412 518 Arianorum
2440 475 2603 531 grege
2635 468 2742 514 tam
2791 459 3014 529 insignia
3067 457 3281 527 pietatis
3309 468 3364 512 et
3408 455 3462 512 in
3490 456 3682 513 ortho-

396 579 507 637 illis
552 571 947 630 animadvertat
983 565 1270 638 quamdam
1309 563 1574 620 sermonis
1615 559 1987 621 castimoniam

393 681 564 723 aurea
600 662 797 720 saecula
835 658 1192 722 redolentem,
1243 664 1298 711 et
1325 653 1623 710 Gothorum
1656 650 1990 722 temporibus

394 771 702 830 perraram.

471 868 686 937 Insigne
713 864 812 919 fuit
841 862 938 918 abs
961 860 1125 917 dubio
1147 874 1244 931 per
1265 872 1479 914 omnem
1504 854 1816 926 Hispaniam
1839 851 1990 907 Mon-

392 963 514 1020 tani
543 975 771 1026 nomen;
795 968 849 1014 et
879 955 997 1025 ejus
1022 953 1300 1025 sapientiae
1326 949 1464 1005 fama
1495 949 1630 1004 adeo
1659 946 1986 1019 percrebuit,

394 1068 458 1115 ut
500 1055 740 1130 synodus
776 1051 821 1108 ll
865 1049 1127 1106 Toletana
1173 1045 1354 1101 habita
1385 1057 1526 1098 anno
1555 1039 1657 1096 527
1695 1041 1800 1096 hoc
1827 1037 1990 1094 modo

393 1149 728 1206 inscribatur
756 1164 769 1200 :
796 1141 1043 1216 Synodus
1065 1138 1242 1194 habita
1269 1138 1324 1192 in
1354 1137 1558 1192 civitate
1580 1133 1830 1189 Totetana
1851 1131 1991 1202 apud

395 1243 714 1298 Montanum
740 1238 1066 1309 episcopum;
1087 1232 1385 1302 saepiusque
1400 1226 1689 1282 aPatribus
1715 1231 1991 1296 postremo

394 1337 456 1390 in
483 1333 663 1404 capite
691 1328 1018 1391 nominatur,
1064 1321 1374 1387 asserendo,
1425 1331 1656 1388 sequens
1703 1314 1989 1371 concilium

465 1629 758 1697 Octoginta
805 1624 978 1681 tribus
1022 1622 1179 1678 annis
1240 1626 1362 1691 post
1408 1615 1680 1688 praefatam
1725 1611 1988 1685 synodum

394 1720 706 1782 transactis,
756 1717 810 1772 in
847 1715 1053 1788 synodo
1080 1709 1487 1780 Carthaginensi
1518 1706 1696 1762 habita
1739 1703 1839 1760 sub
1865 1716 1991 1770 rege

393 1812 750 1874 Gundemaro
779 1823 920 1863 anno
961 1804 1066 1862 610
1105 1804 1346 1859 referunt
1379 1801 1565 1856 Patres
1605 1807 1725 1854 acta
1773 1796 1987 1853 concilii

397 1903 653 1959 Toletani
694 1917 732 1957 ιι
759 1901 838 1956 sic
866 1897 1131 1968 indigitati
1168 1915 1180 1950 :
1214 1895 1351 1967 apud
1378 1902 1614 1948 sanctum
1658 1889 1983 1945 Montanum.

392 1995 534 2062 Quae
561 1993 728 2048 verba
753 1988 1120 2062 superioribus
1148 1986 1398 2057 adjuncta
1420 1984 1702 2056 perspicue
1740 1997 1992 2050 compro-

392 2086 534 2142 bant
571 2099 680 2139 non
705 2082 882 2138 solum
925 2078 1266 2150 sapientiam,
1300 2091 1485 2131 verum
1517 2075 1681 2131 etiam
1735 2072 1990 2129 sanctita-

397 2186 513 2233 tem
535 2173 782 2230 Montani
811 2173 866 2228 in
894 2169 1150 2242 Hispania
1178 2168 1339 2223 fuisse
1363 2165 1746 2238 percelebrem.

469 2292 730 2361 Quamvis
775 2299 1087 2347 sanctorum
1129 2289 1512 2344 Boletanorum
1561 2286 1708 2341 fastis
1757 2301 1864 2340 non
1919 2285 1989 2340 sit

395 2385 701 2456 ascriptus,
750 2382 984 2438 fraudari
1022 2397 1130 2437 non
1197 2388 1375 2451 potest
1415 2379 1592 2449 elogio
1638 2377 1810 2432 sancti
1849 2376 1989 2430 lide-

395 2476 619 2548 phonsi,
665 2474 758 2544 qui
799 2489 921 2529 eum
965 2473 1324 2527 beatissimum
1369 2469 1686 2525 sacerdotem
1734 2467 1986 2538 appellat,

397 2581 615 2621 necnon
645 2563 860 2618 Patrum
882 2561 1384 2630 Carthaginensium
1413 2558 1840 2616 conclamatione
1860 2573 1988 2611 san-

396 2667 542 2711 ctum
567 2656 884 2712 Montanum
908 2653 1392 2710 denominantium.

476 2781 630 2837 Licet
659 2781 920 2835 virtutum
963 2779 1202 2834 omnium
1249 2777 1407 2833 laude
1451 2776 1720 2844 ﬂoruerit,
1758 2776 1992 2832 maxime

400 2875 539 2928 vero
565 2871 682 2926 zelo
711 2871 902 2926 domus
931 2869 1143 2929 Domini
1170 2869 1359 2925 ardere
1386 2868 1531 2924 visus
1552 2876 1654 2935 est,
1686 2876 1741 2924 et
1767 2883 1866 2939 pro
1890 2865 1993 2923 ﬁde

400 2963 704 3020 orthodoxa
735 2969 879 3017 sarta
912 2968 1052 3016 tecta
1081 2959 1279 3016 tuenda
1311 2967 1473 3030 atque
1499 2973 1774 3016 sacrorum
1822 2972 1989 3014 cano-

400 3070 534 3110 num
563 3053 840 3124 disciplina
869 3051 1232 3118 instauranda,
1263 3063 1452 3107 contra
1478 3067 1723 3136 errorum
1752 3057 1992 3106 monstra

399 3155 460 3201 et
487 3160 686 3216 pravos
714 3159 842 3199 usus
885 3143 939 3198 in
969 3141 1226 3213 Hispania
1263 3150 1569 3213 grassantes
1598 3140 1809 3197 assidue
1851 3155 1990 3212 prae-

401 3233 544 3289 liari.
577 3233 635 3288 1d
663 3232 906 3304 epistola:
928 3231 1040 3302 jam
1068 3231 1294 3287 laudata:
1325 3239 1610 3298 testantur,
1636 3222 1877 3300 undique
1902 3245 1994 3286 ze-
2025 3227 2070 3290 C

402 3323 514 3381 lum
544 3325 844 3395 spirantes;
894 3323 1007 3378 sive
1037 3323 1380 3394 presbyteros
1408 3321 1718 3378 Palentinos
1761 3321 1992 3377 chrisma

403 3413 774 3480 conﬁcientes,
805 3423 969 3485 atque
999 3415 1184 3469 alienae
1211 3415 1374 3471 sortis
1400 3414 1685 3486 episcopos
1713 3413 1781 3470 ad
1804 3429 1995 3470 conse-

405 3506 635 3562 crandas
662 3506 914 3562 basilicas
941 3505 1304 3562 adsciscentcs
1330 3505 1526 3562 acriter
1557 3505 1835 3576 coarguit;
1881 3505 1995 3585 sive

404 3602 646 3671 ipsorum
678 3599 952 3654 levitatem
982 3605 1143 3668 atque
1166 3598 1474 3657 vecordiam
1521 3598 1852 3668 perstringit,
1901 3597 1994 3668 qui

405 3693 822 3749 abominandam
852 3691 1171 3748 Priscilliani
1209 3681 1465 3748 haeresim
1495 3692 1830 3762 abjicientes,
1879 3690 1996 3760 ejus

407 3797 606 3840 nomen
637 3784 910 3841 benorare
948 3792 1264 3855 pergerent;
1309 3785 1424 3841 sive
1451 3783 1576 3840 dum
1614 3784 1994 3857 probatissimo

405 3878 726 3948 presbytero
750 3876 1010 3933 Thuribio
1039 3875 1416 3933 adctoritatem
1446 3893 1595 3932 suam
1622 3876 1690 3932 ad
1719 3877 1833 3933 haec
1853 3877 1994 3932 mala

407 3969 708 4026 coercenda
756 3968 1064 4024 committit.
1122 3967 1362 4037 Denique
1409 3977 1609 4039 quanta
1647 3966 1997 4023 veneratione

408 4063 776 4118 Romanorum
797 4061 1114 4132 pontiﬁcum
1129 4062 1332 4116 monita
1349 4061 1672 4132 suspexerit,
1689 4067 1997 4131 quantoque

407 4152 587 4208 studio
612 4152 968 4208 conciliorum
994 4159 1306 4206 sanctorum
1336 4166 1571 4206 canones
1600 4151 1875 4206 observari
1902 4166 1998 4206 eu-

406 4245 628 4311 raverit,
679 4245 929 4316 exemplo
971 4244 1075 4300 erit
1101 4243 1245 4313 quod
1274 4259 1342 4298 ex
1382 4243 1608 4314 epistola
1630 4243 1864 4299 secunda
1890 4258 1996 4298 non

407 4337 840 4409 improbabiliter
875 4337 1212 4407 conjicimus,
1258 4346 1420 4407 atque
1458 4337 1618 4393 latius
1659 4337 1715 4393 in
1757 4338 1901 4393 notis
1931 4337 2000 4393 ad

407 4446 530 4486 eam
557 4446 909 4502 exponemus.
933 4429 1064 4486 Cum
1088 4431 1230 4485 enim
1253 4430 1467 4502 quidam
1497 4430 1771 4499 illegitime
1799 4432 2000 4486 electus

407 4537 474 4576 ac
501 4521 784 4576 ordinatus
811 4521 1117 4591 episcopus,
1139 4519 1298 4576 Celso
1319 4521 1738 4590 metropolitano
1761 4519 1999 4575 Montani

405 4613 826 4681 praedecessore,
844 4611 1493 4681 comprovincialibusque
1510 4611 1772 4682 episcopis
1795 4611 1994 4677 insciis,
2030 4615 2077 4674 ο

406 4699 706 4755 Ecclesiam
736 4699 1070 4756 Palentinam
1102 4701 1406 4767 invasisset,
1436 4699 1722 4756 Montanus
1751 4700 1818 4755 ad
1848 4701 2000 4755 Tole-

407 4801 594 4845 tanam
624 4791 806 4846 sedem
855 4800 1092 4856 evectus,
1141 4801 1350 4848 sontem
1397 4793 1488 4848 diu
1517 4792 1833 4862 impunitum
1879 4807 1998 4847 esse

407 4901 517 4938 non
547 4892 632 4939 est
657 4899 866 4954 passus,
899 4898 1075 4954 neque
1093 4885 1383 4941 multorum
1404 4886 1654 4955 precibus
1674 4885 1866 4941 adduci
1894 4900 1996 4955 po-

406 4976 531 5040 tuit,
585 4981 646 5028 ut
690 4983 877 5029 contra
925 4975 1098 5030 sancti
1127 4975 1340 5031 concilii
1367 4975 1565 5031 Nicaeni
1595 4973 1814 5030 decreta
1842 4973 1997 5044 quid-

405 5081 572 5134 quam
602 5065 671 5120 de
699 5065 912 5120 illorum
937 5066 1227 5121 severitate
1255 5067 1578 5122 remitteret.

484 5176 616 5243 Quae
646 5176 824 5232 omnia
854 5191 920 5232 eo
950 5177 1120 5246 magis
1147 5176 1388 5232 Montani
1430 5179 1680 5234 virtutem
1724 5195 1999 5236 commen-

407 5267 562 5331 dant,
612 5283 720 5338 quo
753 5266 1049 5323 mirabilius
1091 5276 1193 5335 est,
1238 5276 1510 5338 pastorem
1539 5269 1674 5326 adeo
1713 5270 1999 5341 integerri-

408 5372 580 5421 mum,
609 5372 862 5425 sauaeque
883 5356 1102 5412 Patrum
1131 5373 1351 5414 suorum
1377 5357 1637 5414 doctrinae
1663 5360 1734 5414 ita
1756 5368 1998 5417 tenacem

407 5449 476 5502 iis
515 5447 851 5518 temporibus
895 5447 1156 5515 ﬂoruisse,
1195 5465 1316 5505 cum
1345 5450 1542 5504 Ariana
1572 5450 1790 5506 hazresis
1829 5460 2000 5508 totam

408 5537 524 5592 fere
557 5537 865 5608 Hispaniam
895 5551 1271 5611 occupaverat,
1320 5557 1442 5597 cum
1468 5541 1659 5598 Gothis
1686 5544 1902 5612 regibus
1948 5546 2001 5600 in

408 5631 611 5686 throno
631 5631 957 5701 jactabunda
983 5632 1296 5688 consedens.
1316 5633 1434 5703 Ipse
1457 5649 1589 5689 vero
1611 5649 1717 5690 non
1742 5635 1793 5689 in
1822 5635 2002 5706 aliquo

410 5733 626 5779 remoto
655 5725 851 5794 angulo
881 5725 1114 5789 latuerit,
1154 5740 1342 5780 verum
1373 5725 1425 5780 in
1456 5725 1631 5781 media
1660 5727 1774 5797 ipsa
1805 5727 1997 5799 Hispa-

409 5815 502 5868 nia
554 5828 736 5869 coram
779 5814 1020 5888 principe
1074 5814 1363 5883 hmretico,
1424 5824 1645 5886 totoque
1702 5818 2001 5875 aulicorum

2089 557 2226 612 doxa
2257 555 2515 624 religione
2542 553 2736 608 tuenda
2759 550 3010 608 indefessi
3032 551 3196 606 studii
3221 548 3525 606 testimonia
3549 564 3680 618 pra:-

2090 647 2284 702 buerit.
2314 645 2395 700 Ex
2422 661 2529 716 quo
2558 630 2843 698 maximam
2875 643 2926 697 in
2957 643 3095 697 hanc
3123 649 3366 697 sanctam
3396 647 3675 708 metropo-

2090 740 2310 794 litanam
2370 735 2664 793 Ecclesiam
2711 733 3027 791 Toletanam
3088 732 3312 802 gloriam
3377 729 3680 784 redundare
3765 804 3768 808 η

2090 847 2249 886 nemo
2280 845 2390 886 non
2414 828 2592 883 videt:
2620 833 2781 896 atque
2811 825 2933 880 inde
2954 838 3142 879 omnes
3176 821 3495 888 intelligent,
3516 834 3678 888 quam

2091 924 2284 979 merito
2307 937 2428 978 eam
2477 920 2789 974 catholicam
2817 917 3017 972 dixerit
3060 913 3334 970 Eufemius
3364 927 3394 965 a
3425 911 3679 965 Montano

2090 1023 2311 1088 quartus
2357 1013 2516 1082 hujus
2561 1011 2702 1065 sedis
2743 1011 3032 1080 episcopus
3080 1008 3132 1062 in
3180 1005 3577 1075 subscriptione
3621 1017 3678 1055 ιιι

2091 1107 2306 1164 concilii
2331 1104 2612 1161 Toletani:
2653 1118 2842 1172 nempe
2871 1102 2994 1171 quia
3036 1108 3281 1170 pastores
3327 1111 3541 1166 semper
3583 1094 3680 1147 lia-

2092 1199 2313 1263 buisset,
2337 1195 2429 1266 qui
2455 1194 2710 1249 Montano
2732 1191 2934 1248 similes
2955 1206 2984 1244 a
3007 1199 3155 1247 recta
3184 1197 3345 1260 atque
3374 1183 3678 1244 orthodoxa

2091 1289 2367 1372 catholica:
2395 1287 2645 1342 Ecclesiae
2674 1285 2777 1340 ﬁde
2805 1284 2891 1340 vel
2916 1286 3055 1339 inter
3085 1285 3229 1354 ipsas
3257 1296 3500 1338 errorum
3528 1287 3680 1334 tene-

2091 1383 2217 1438 bras
2251 1381 2616 1450 maximasque
2647 1377 3078 1449 persecutionum
3112 1376 3378 1447 procellas
3407 1387 3676 1440 nunquam

2092 1471 2432 1526 desciverint.

2165 1563 2307 1617 Obiit
2335 1561 2617 1617 Montanus
2661 1575 2803 1616 anno
2831 1559 3018 1614 ultimo
3047 1555 3330 1611 Amalarici
3363 1556 3521 1623 regis,
3560 1555 3676 1624 cpi-

2093 1661 2344 1720 scopatus
2372 1651 2455 1706 sui
2482 1667 2646 1717 nouo,
2706 1647 3096 1705 lncarnatiouis
3123 1645 3405 1700 dominiezc
3435 1643 3526 1696 551
3562 1662 3573 1696 :
3600 1653 3677 1697 at-

2093 1758 2198 1812 que
2226 1743 2276 1796 in
2306 1743 2448 1797 hunc
2467 1757 2666 1796 annum
2696 1739 2976 1796 referenda
3007 1744 3130 1793 sunt
3155 1752 3274 1806 quae
3302 1733 3678 1805 quamplurimi

2093 1831 2331 1887 historici
2361 1846 2483 1886 cum
2513 1838 2806 1896 nostrates,
2847 1835 2958 1882 tum
2988 1827 3160 1882 exteri
3193 1823 3411 1880 tradunt
3440 1822 3508 1876 de
3537 1822 3677 1876 dirc-

2090 1923 2275 1993 ptione
2299 1919 2558 1976 Toletana
2586 1937 2616 1974 a
2637 1919 2804 1975 Gallis
2825 1916 2960 1973 facta
2986 1926 3110 1986 post
3132 1914 3410 1970 victoriam
3438 1912 3506 1967 de
3529 1913 3678 1966 Αιηιις

2091 2011 2257 2067 larico
2287 2011 2452 2081 impio
2481 2010 2791 2079 crudelique
2820 2008 3096 2064 catholicrc
3131 2005 3375 2062 Clotildis
3424 2013 3678 2059 vexatore

2092 2111 2443 2174 reportatam.
2493 2101 2608 2170 Qua
2639 2118 2703 2158 ex
2733 2116 2791 2156 re
2833 2116 2938 2155 non
2970 2109 3172 2154 temere
3201 2098 3503 2169 opinamur,
3554 2112 3678 2150 sau-

2085 2195 2388 2270 ‘ctissinnum
2445 2193 2726 2266 praesulem
2781 2208 2887 2248 non
2937 2199 3046 2245 tam
3091 2191 3242 2245 senio
3289 2204 3448 2258 quam
3497 2187 3680 2242 dolore

2091 2290 2417 2356 coniectum,
2446 2303 2566 2343 cum
2596 2286 2817 2341 vidisset
2847 2284 3031 2339 urbem
3062 2291 3210 2337 tanta
3235 2280 3542 2338 calamitate
3580 2296 3681 2349 op-

2091 2394 2350 2451 pressam,
2381 2377 2676 2433 Ecclesiam
2719 2390 2972 2446 sponsam
3001 2389 3154 2429 suam
3184 2372 3330 2429 omni
3356 2372 3468 2426 vita
3515 2371 3682 2426 cario-

2093 2487 2205 2526 rem
2235 2471 2390 2526 bonis
2417 2471 2527 2526 suis
2569 2469 2940 2539 exSpoliatam,
2998 2481 3128 2522 vasa
3187 2481 3339 2522 sacra
3397 2478 3564 2535 usque
3614 2463 3680 2517 ad

2091 2561 2370 2628 sexaginta
2385 2561 2628 2630 abrepta,
2648 2559 2859 2628 patinas
2880 2549 3207 2627 quindecim,
3233 2556 3487 2610 librorum
3510 2553 3682 2608 Evan-

2094 2651 2356 2721 geliorum
2389 2651 2572 2705 thecas
2601 2649 2802 2717 viginti.
2856 2648 3034 2702 omnia
3066 2662 3132 2702 ex
3173 2661 3304 2700 auro
3336 2644 3682 2699 mundissimo

2087 2743 2326 2801 conﬂata
2356 2751 2518 2813 atque
2547 2741 2948 2811 pretiosissimis
2984 2737 3208 2808 gemmis
3237 2745 3446 2803 ornata,
3497 2735 3682 2788 oculos

2095 2845 2242 2892 tanta
2289 2835 2441 2892 clade
2466 2833 2788 2903 defatigatos
2827 2831 3114 2896 clausisse;
3163 2843 3391 2898 eamque
3419 2843 3530 2881 rem
3563 2842 3680 2880 om-

2098 2930 2242 2984 nium
2284 2925 2731 2984 luctuosissimam
2761 2932 2991 2980 mortem
3035 2922 3109 2977 illi
3161 2920 3530 2976 maturavisse.
3583 2918 3682 2970 Pro

2095 3019 2352 3077 coronide
2394 3018 2583 3074 damus
2627 3015 2790 3071 verba
2839 3014 2896 3070 S.
2930 3013 3264 3085 lldephonsi,
3315 3010 3509 3083 quibus
3551 3009 3684 3065 tanti

2095 3111 2196 3166 viri
2219 3110 2450 3179 elogium
2479 3107 2768 3179 expressit,
2793 3104 2910 3161 Lib.
2945 3104 3014 3160 de
3044 3103 3185 3159 Viris
3212 3103 3401 3158 illustr.
3435 3115 3554 3168 cap.
3579 3098 3630 3151 5.

2179 3221 2196 3253 ι
2228 3199 2512 3256 Montanus
2554 3205 2679 3270 post
2717 3197 2933 3253 Celsum
2978 3195 3165 3266 primae
3208 3192 3352 3249 sedis
3402 3189 3686 3261 provincia

2101 3290 2438 3360 Carthaginis
2464 3288 2741 3345 Toletanae
2772 3286 2915 3341 urbis
2945 3283 3255 3341 cathedram
3287 3281 3457 3336 tenuit
3489 3297 3500 3331 :
3526 3279 3685 3332 homo

2101 3392 2156 3440 et
2199 3383 2398 3437 virtute
2445 3380 2664 3451 spiritus
2708 3378 2902 3444 nitens,
2955 3383 3010 3431 et
3059 3372 3258 3442 eloquii
3290 3367 3686 3441 opportunitate

2097 3473 2325 3528 decorus
2353 3512 2367 3538 ,
2412 3469 2651 3539 regimen
2697 3466 2924 3522 honoris
2968 3462 3258 3520 r‘etentavit
3309 3475 3374 3516 ac
3420 3456 3685 3528 disposuit

2098 3565 2366 3633 condigne
2392 3561 2706 3629 emlestique
2729 3558 2871 3629 jure,
2921 3557 3079 3613 simul
3123 3564 3179 3610 et
3223 3553 3431 3608 ordine.
3464 3549 3686 3618 Scripsit

2097 3655 2355 3727 epistolas
2382 3653 2514 3708 duas
2541 3649 2920 3705 ecclesiasticae
2950 3645 3196 3702 utilitatis
3217 3643 3498 3712 disciplina
3549 3656 3683 3695 con-

2099 3747 2296 3811 fertas;
2325 3760 2356 3800 e
2383 3743 2761 3813 quibus'unam
2784 3739 3039 3796 Palentia:
3066 3735 3482 3800 habitatoribus,
3505 3733 3560 3787 in
3581 3748 3685 3802 qua

2097 3837 2437 3910 presbyteros
2464 3833 2695 3889 chriSma
2739 3829 3030 3897 conﬁcere,
3075 3827 3468 3898 episcoposqne
3496 3821 3686 3876 alienae

2098 3927 2346 3985 dimcesis
2366 3925 2587 3982 alterius
2616 3921 2871 3979 territorii
2896 3918 3164 3976 Ecclesias
3191 3925 3529 3976 consecrare,
3575 3925 3689 3964 ma—

2101 4033 2204 4088 gna
2249 4016 2565 4089 perhibetur
2589 4012 2879 4084 prohibere
2908 4009 3249 4073 auctoritate,
3277 4017 3549 4061 sacrarum
3581 4001 3690 4055 Lit-

2100 4116 2338 4162 terarum
2379 4102 2700 4173 testimoniis
2739 4098 3014 4154 afﬁrnians
3055 4097 3106 4153 id
3137 4097 3311 4166 ipsum
3346 4094 3456 4149 ﬁeri
3484 4091 3690 4163 penitus

2102 4213 2208 4251 non
2239 4197 2422 4250 licere.
2446 4193 2732 4248 Amatores
2751 4205 2966 4262 quoque
2988 4180 3334 4243 Priscillianm
3359 4192 3538 4248 sectae,
3567 4182 3691 4238 licet

2100 4309 2206 4348 non
2237 4295 2594 4362 operarentur
2621 4288 2830 4353 eadem,
2865 4287 2992 4354 q’uia
3021 4294 3200 4341 tamen
3231 4283 3546 4339 memoriam
3577 4282 3692 4350 ejus

2101 4399 2286 4440 amore
2314 4383 2628 4449 retinerent,
2658 4380 2870 4437 abdicat
2910 4387 2967 4436 et
3018 4378 3328 4449 exprobrat,
3362 4391 3692 4431 commemo-

2099 4490 2244 4538 rans,
2287 4472 2433 4542 quod
2479 4472 2534 4528 in
2580 4471 2730 4528 libris
2758 4469 3052 4527 beatissimi
3084 4468 3327 4523 Thuribii
3359 4467 3598 4538 episcopi
3628 4469 3692 4524 ad

2105 4565 2339 4622 Leonem
2370 4581 2565 4636 papam
2593 4564 2789 4630 missis,
2821 4565 3007 4619 eadem
3039 4561 3493 4617 Priscillianorum
3520 4559 3694 4612 haere-

2104 4656 2179 4710 sis
2193 4656 2425 4723 detecta,
2448 4655 2716 4719 convicta,
2733 4662 2895 4724 atque
2916 4653 3173 4708 decenter
3189 4657 3406 4706 maneat
3427 4648 3692 4702 abdicata.

2107 4745 2278 4799 Aliam
2323 4761 2454 4800 vero
2482 4744 2767 4816 epistolam
2798 4744 2864 4798 ad
2896 4742 3211 4813 ’l‘huribjum
3259 4739 3588 4808 religiosum,
3643 4738 3694 4793 in

2103 4850 2208 4904 qua
2236 4832 2550 4890 collaudans
2577 4847 2720 4896 eum,
2753 4831 2897 4902 q'uod
2926 4831 3190 4885 culturam
3219 4827 3548 4882 destruxerit
3577 4825 3694 4881 ido-

2105 4927 2302 4992 lorum,
2330 4923 2623 4981 committit
2642 4921 2694 4977 ei
2713 4919 3062 4976 sacerdotalis
3094 4917 3474 4973 auctoritatem
3497 4915 3697 4985 vigoris

2103 5032 2200 5088 per
2218 5031 2380 5086 quam
2402 5014 2746 5086 presbyteros
2766 5011 2996 5067 chrisma
3019 5005 3307 5070 conﬁcere,
3337 5014 3391 5060 et
3412 5006 3697 5076 episcopos

2107 5106 2294 5160 alienae
2323 5105 2483 5160 sortis
2530 5102 2751 5157 alterius
2791 5097 3036 5155 dimcesis
3063 5095 3332 5152 Ecclesias
3377 5110 3698 5151 consecrare

2107 5209 2301 5264 magna
2337 5198 2646 5263 compescat
2690 5188 3012 5244 invectioue.
3056 5185 3154 5242 llic
3201 5187 3282 5241 vir
3327 5184 3696 5253 antiquissima

2108 5282 2357 5352 ﬁdelique
2398 5281 2660 5335 relatione
2705 5284 2977 5341 narratur,
3023 5277 3090 5331 ad
3117 5274 3588 5345 exprobrationem
3619 5271 3696 5325 in-

2107 5371 2280 5426 famiae
2313 5369 2494 5423 tandiu
2526 5382 2727 5437 prunas
2750 5366 2987 5421 tenuisse
3011 5366 3060 5419 in
3090 5364 3418 5419 vestimento
3443 5359 3697 5415 ardentes

2110 5459 2285 5514 donec
2312 5472 2492 5512 coram
2523 5455 2666 5510 sedis
2693 5471 2801 5510 sum
2845 5470 3000 5509 sacro
3029 5453 3182 5507 altari
3209 5452 3372 5505 totius
3402 5452 3576 5504 missm
3603 5465 3696 5504 ce-

2107 5549 2408 5604 lebritatem
2437 5553 2533 5617 per
2555 5547 2901 5618 semetipsum
2931 5543 3191 5615 expleret.
3246 5539 3484 5596 Peractis
3513 5549 3695 5594 autem

2106 5637 2453 5701 solemnibus,
2485 5652 2594 5692 nec
2611 5652 2792 5707 pruna:
2822 5636 3018 5704 ignem,
3049 5649 3148 5688 nec
3176 5631 3338 5687 vestis
3366 5630 3582 5685 inventa
3612 5639 3696 5686 est

2108 5728 2352 5784 amisisse
2379 5729 2648 5784 decorem.
2685 5727 2834 5782 Tunc
2863 5725 2974 5780 Deo
3005 5725 3186 5780 relatis
3215 5723 3508 5792 gratiarum
3533 5723 3696 5776 actio-

2108 5820 2282 5885 nibus,
2335 5836 2430 5891 per
2468 5821 2763 5892 simplicem
2795 5827 3042 5871 naturam
3087 5814 3222 5885 ignis
3251 5812 3495 5870 convicta
3529 5819 3612 5868 est
3636 5820 3695 5868 et
