4122 6330
368 266 444 333 53
1489 317 1494 322 .
1727 260 2054 319 EPISTOLA
2093 257 2324 313 PRIMA.
2790 254 2807 276 ‘
3582 247 3653 304 54

369 384 515 450 dotis
541 384 741 455 cilicio,
790 394 982 443 contra
1007 383 1117 454 jus
1140 381 1325 453 fasque
1380 379 1708 452 potestativo
1735 379 1910 435 elatus
1930 386 1954 416 ι
1990 387 2037 445 Α
2066 374 2118 427 in
2145 370 2360 426 Christo
2385 367 2636 435 connexi,
2670 376 2849 423 tamen
2888 378 2991 421 nec
3019 362 3311 436 provinciae
3339 362 3649 433 privilegiis,

370 484 660 547 cothurno,
709 476 1039 536 oblationem
1068 471 1391 543 espiationis
1416 471 1546 527 solis
1590 467 1958 525 sacerdotibus

369 573 608 629 debitam
635 568 831 626 offerre
850 574 1084 638 pararet,
1108 564 1186 619 sic
1206 564 1409 619 ultione
1435 560 1642 616 caelesti
1669 560 1815 629 lepra
1838 573 1961 628 per-

370 665 633 728 funditur,
662 669 723 716 ut
744 673 969 714 munere
998 654 1294 711 sacerdotis
1322 662 1378 708 et
1419 653 1572 722 regni
1601 667 1666 706 ex
1696 666 1763 706 eo
1793 664 1962 719 usque

368 756 440 812 ad
464 755 671 809 obitum
693 753 1038 822 permaneret
1059 744 1126 799 η
1147 741 1311 799 Ozam
1341 742 1563 813 pariter,
1605 747 1864 809 quantum
1890 738 1959 792 ad

370 847 550 917 ipsum
579 848 716 907 erat,
765 839 964 895 devoto
1011 834 1223 920 cilicio,
1259 833 1505 903 juvencis
1531 830 1958 894 calcitrantibus,

372 952 444 991 ne
472 948 599 995 arca
627 932 721 987 Dei
761 929 1051 990 laberetur,
1101 926 1369 981 sustinere
1395 931 1676 995 parantem
1707 921 1965 977 divinitus

370 1026 654 1100 percussio
698 1022 849 1077 illata
891 1018 1225 1089 consumpsit
1266 1014 1354 1087 (II
1389 1014 1517 1086 Reg.
1550 1030 1624 1080 vi,
1656 1012 1710 1083 7)
1739 1019 1963 1068 :osten-

372 1120 506 1173 dere
533 1114 740 1173 scilicet
767 1110 973 1176 volens,
1020 1108 1147 1179 quia
1178 1106 1338 1164 nullis
1363 1105 1585 1161 omnino
1622 1104 1820 1169 causis.
1865 1119 1964 1159 nec

371 1208 479 1263 sub
506 1203 792 1261 occasione
819 1199 1137 1255 humilitatis
1156 1195 1623 1268 praesumentibus,
1647 1194 1827 1249 divina
1846 1193 1964 1248 ofli-

372 1300 459 1354 cia
501 1304 560 1353 et
586 1298 927 1351 sacramenta
955 1289 1216 1352 caelestia,
1250 1287 1317 1342 ah
1345 1301 1419 1342 eo
1441 1286 1527 1342 cui
1560 1301 1666 1341 non
1709 1285 1966 1340 incumbit

373 1386 637 1451 officium,
668 1381 907 1451 contingi
936 1381 1277 1450 aliquatenus
1297 1377 1513 1432 debent.

448 1480 541 1536 1V.
571 1478 810 1535 Caveant
837 1488 991 1543 ergo,
1021 1479 1249 1529 caueant
1286 1469 1380 1539 qui
1424 1468 1525 1524 sibi
1554 1476 1744 1538 putant
1766 1482 1886 1523 esse
1910 1468 1971 1521 li-

373 1572 548 1627 citum
575 1567 722 1639 quod
749 1566 1021 1621 aliisnon
1077 1564 1327 1632 ignorant
1357 1572 1381 1602 ο
1418 1576 1537 1616 esse
1589 1560 1830 1615 illicitum
1857 1577 1871 1624 ;
1904 1576 1971 1614 ne

376 1663 572 1721 similis
597 1676 695 1717 eos
722 1657 750 1696 δ
799 1659 991 1712 horum
1020 1670 1165 1725 quos
1195 1652 1630 1716 memoravimus,
1663 1666 1820 1722 poena
1851 1665 1972 1721 per.

2068 480 2171 519 nec
2207 477 2388 518 rerum
2429 460 2640 516 Domini
2678 464 2974 516 noscuntur
2996 456 3316 513 utilitatibus
3346 456 3652 521 convenire,

2066 556 2193 624 quia
2217 554 2326 622 jam
2357 554 2422 606 ad
2467 552 2638 622 ipsum
2678 545 3047 620 hujuscemodi
3094 545 3232 602 fama
3266 546 3472 618 perlata
3500 544 3524 584 ¹ι
3549 553 3653 602 est.

2065 647 2302 716 Ideoque
2324 645 2522 701 salubri
2552 643 2888 698 ordinatione
2917 641 3240 705 censuimus,
3282 649 3341 695 ut
3370 640 3412 694 si
3442 639 3661 708 quando

2066 741 2189 794 talis
2220 739 2512 795 necessitas
2540 736 2861 803 incubuerit,
2899 733 3092 790 litteris
3115 749 3216 788 nos
3244 731 3536 787 informare
3564 731 3658 785 de-

2067 831 2259 897 beatis,
2289 838 2345 885 et
2378 837 2472 885 aut
2512 845 2609 899 per
2640 842 2762 894 nos,
2818 835 2912 880 aut
2952 842 3050 896 per
3085 840 3210 881 eum
3251 823 3344 894 qui
3391 822 3547 879 nobis
3593 838 3658 875 ex

2066 920 2321 977 fratribus
2348 929 2402 975 et
2430 917 2763 988 coepiscopis
2800 916 2998 971 nostris
3044 916 3194 972 visus
3226 914 3412 980 fuerit,
3442 924 3497 968 et
3524 928 3659 967 con-

2066 1014 2299 1069 secratio
2349 1012 2726 1073 ecclesiarum,
2778 1009 2889 1064 Deo
2942 1008 3190 1079 auspice,
3252 1007 3454 1078 poterit
3511 1004 3658 1060 cele-

2071 1104 2215 1173 brari
2226 1145 2232 1153 .

2140 1210 2250 1265 Vll.
2308 1210 2574 1265 Pratterea
2644 1209 3059 1280 perditissimam
3132 1209 3657 1265 Priscillianistarum

2068 1314 2271 1361 sectam
2305 1313 2415 1358 tam
2458 1304 2593 1359 actis
2638 1318 2800 1373 quam
2855 1303 3070 1357 nomine
3123 1318 3154 1357 a
3202 1303 3354 1358 vobis
3394 1302 3658 1373 praecipue

2074 1396 2319 1450 novimus
2361 1394 2636 1449 honorari.
2683 1392 2854 1462 Rogo,
2888 1408 3007 1462 quae
3047 1401 3130 1448 cst
3171 1392 3271 1449 ista
3308 1391 3575 1449 dementia
3605 1393 3660 1448 in

2073 1488 2189 1554 cjlts
2224 1500 2411 1543 amore
2450 1485 2720 1557 superﬂue
2749 1485 2877 1554 labi,
2912 1500 3070 1554 quem
3111 1485 3165 1539 in
3193 1500 3359 1555 opere
3396 1500 3500 1540 non
3528 1485 3662 1540 velis

2076 1578 2321 1633 imitari?
2358 1576 2510 1643 Nam,
2544 1585 2602 1631 ut
2629 1592 2799 1646 pauca
2844 1577 2911 1631 de
2954 1575 3071 1645 ejus
3109 1575 3382 1646 spurcitiis
3422 1576 3477 1630 in
3522 1576 3664 1631 noti-

2075 1669 2203 1723 tiam
2227 1669 2389 1724 vestri
2433 1667 2714 1735 deducam,
2756 1668 2996 1738 exceptis
3041 1668 3105 1722 iis
3133 1683 3252 1737 quae
3283 1669 3336 1723 in
3376 1667 3664 1723 Divinitate

326 1818 333 1823 ,
377 1754 561 1811 cellat.
615 1750 697 1807 An
747 1748 971 1804 forsitan
1027 1754 1337 1803 sanctorum
1387 1743 1604 1799 Patrum
1658 1742 1873 1811 regulas
1917 1749 1982 1796 et-

2083 1760 2333 1831 profanus
2357 1761 2557 1831 erupit,
2597 1769 2653 1815 et
2681 1776 2775 1815 ore
2804 1761 3067 1830 sacrilego
3106 1760 3514 1831 blasphemavit,
3544 1776 3664 1816 om-

378 1842 799 1900 constitutiones
824 1837 1108 1910 synodicas
1133 1836 1409 1906 ignoratis,
1438 1835 1630 1904 quibus
1656 1833 1971 1906 praecipiun-

376 1946 473 1993 tur
494 1946 518 1974 ⁸
548 1932 913 2005 parochenses
942 1928 1242 2000 presbyteri
1274 1943 1380 1983 non
1409 1942 1506 1998 per
1530 1926 1747 1982 viliores
1785 1940 1979 1998 persas

380 2045 500 2094 nas,
532 2026 628 2083 sed
654 2033 748 2080 aut
784 2039 881 2096 per
914 2022 1256 2091 semetipsos,
1285 2026 1377 2074 aut
1405 2035 1501 2090 per
1528 2027 1766 2075 rectores
1790 2032 1972 2075 sacra~

380 2121 595 2175 riorum—
619 2116 813 2171 annuis
840 2113 1047 2170 vicibus
1073 2112 1305 2167 chrisma
1334 2128 1363 2165 a
1384 2111 1705 2181 pratsidentc
1729 2109 1971 2181 sibiepi~

381 2227 569 2283 scopo.
599 2209 826 2282 petant?
875 2196 1056 2263 Credo
1107 2204 1253 2276 quod
1306 2206 1418 2274 qui'
1449 2211 1633 2276 petere
1674 2203 1972 2274 jusserunt,

382 2309 711 2375 potestatem
742 2295 1099 2355 consecrandi
1136 2296 1350 2367 penitus
1389 2295 1744 2352 abstulerunt.
1789 2292 1976 2350 Provi-

382 2393 535 2449 debit
570 2393 586 2429 τ
619 2404 752 2458 ergo
790 2388 990 2444 caritas
1037 2395 1237 2455 vestra,
1288 2394 1515 2454 nepost
1561 2385 1717 2454 hujus
1764 2383 1977 2438 humili.

334 2510 348 2517 -
383 2483 515 2539 tatis
537 2489 740 2538 nostra
777 2477 1141 2542 interdictum,
1173 2476 1346 2532 donec
1373 2483 1441 2531 et.
1454 2485 1743 2531 consuetus
1767 2475 1921 2531 vobis
1947 2490 1976 2528 a

385 2574 619 2629 Domino
645 2577 978 2642 praeparatur
1006 2569 1249 2633 antistes,
1281 2568 1560 2638 quisquam
1590 2567 1752 2622 vetita
1782 2567 1978 2621 iterare

366 2670 700 2741 ‘prtcsumat,
730 2669 786 2717 et
812 2660 1033 2731 incipiat
1057 2659 1358 2729 graviorem
1401 2658 1775 2714 ecclesiastica:
1798 2657 1978 2712 distri-

350 2793 355 2797 ο
385 2755 589 2812 ctionis
628 2752 895 2811 sustinere
920 2764 1239 2805 censuram.
1293 2746 1482 2803 Utatur
1505 2749 1733 2819 quisque
1759 2747 1980 2803 honoris

385 2848 474 2903 sui
499 2859 759 2901 concesso
786 2840 1107 2913 privilegio,
1125 2840 1268 2911 quod
1296 2840 1573 2910 proprium
1601 2838 1702 2894 scit
1724 2848 1750 2885 κ
1778 2838 1980 2894 ordinis

344 3001 353 3007 .
388 2934 749 3008 presbyterii;
780 2949 887 2987 non
929 2930 1073 3006 quod
1117 2931 1313 2986 summi
1348 2929 1691 3000 pontiﬁcatus
1728 2938 1830 2996 est,
1873 2929 1978 2983 im-

388 3028 594 3098 probus
619 3026 873 3080 minister-
889 3030 1146 3078 assumat.
1187 3020 1440 3092 Quisquis
1466 3029 1591 3092 post
1617 3022 1756 3076 hanc
1790 3019 1981 3076 admo-

348 3144 354 3149 ο
390 3097 654 3175 tuitionem
677 3117 730 3170 in
752 3114 1123 3184 hujuscemodi
1147 3113 1307 3169 rebus
1328 3113 1668 3185 aliquatenus
1696 3111 1855 3167 fuerit
1892 3110 1983 3167 de-
2008 3097 2054 3159 C

392 3211 728 3282 prehensus,
784 3206 884 3263 sub
938 3206 1296 3261 anathematis
1347 3204 1616 3261 insolubili
1659 3204 1873 3261 vinculo
1924 3219 1985 3261 se

393 3302 607 3358 noverit
631 3316 749 3356 esse
776 3296 1160 3355 damnandum.
1192 3295 1293 3351 Cui
1327 3296 1382 3350 in
1412 3295 1516 3352 hoc
1545 3296 1719 3367 ipsum
1754 3311 1861 3351 non
1891 3311 1986 3367 pa-

392 3410 513 3449 rum
534 3391 884 3448 humanitatis
910 3387 1242 3458 conceditur,
1273 3386 1420 3458 quod
1444 3402 1586 3443 nunc
1606 3402 1729 3442 eum
1759 3386 1988 3442 transire

391 3487 636 3560 patimur
662 3457 1002 3554 impunitum:

470 3573 537 3628 ν.
568 3573 711 3628 Sane
738 3573 784 3629 si
807 3571 1066 3627 Dominus
1093 3572 1493 3643 voluerit,cum
1522 3580 1735 3642 tempus
1757 3570 1984 3642 pascha-

393 3668 464 3722 lis
503 3663 807 3720 festivitatis
846 3646 1148 3729 advenerit,
1192 3663 1239 3718 si
1281 3662 1436 3718 vobis
1469 3663 1536 3717 ad
1566 3662 1854 3732 petendum
1884 3662 1986 3715 im-

394 3754 654 3827 possibile
690 3762 793 3817 est,
823 3752 961 3808 datis
1003 3752 1196 3808 litteris
1219 3753 1414 3808 vestris
1442 3752 1682 3821 indicare
1709 3752 1915 3808 debetis
1939 3751 1987 3822 δ,

396 3857 454 3902 et
485 3862 586 3903 nos
630 3846 771 3902 sacri
824 3844 985 3916 hujus
1031 3845 1257 3916 liquoris
1301 3845 1443 3901 ultro
1484 3846 1782 3943 poterimus
1812 3855 1988 3901 trans-

396 3940 617 3994 mittere
644 3938 892 4006 gratiam,
930 3937 1221 3993 dummodo
1256 3948 1272 3976 ι
1306 3954 1415 3993 non
1443 3937 1799 4010 prtestimatur
1829 3939 1844 3991 i
1884 3941 1985 3995 illi-

397 4036 532 4090 cita.
1708 4078 1721 4093 .

348 4134 353 4137 '
475 4128 563 4182 Vl.
609 4127 732 4182 Pari
772 4127 982 4182 ratione
1020 4125 1370 4195 cognovimus
1407 4123 1552 4195 quod
1592 4126 1661 4181 ad
1701 4141 1987 4181 consecra-

399 4224 610 4275 tionem
661 4218 1003 4276 basilicarum
1057 4216 1244 4273 alienae
1279 4217 1441 4273 sortis
1482 4232 1514 4271 a
1556 4217 1708 4273 vobis
1752 4218 1992 4289 episcopi

400 4313 719 4377 invitentur,
750 4308 807 4364 et
833 4309 962 4364 licet
999 4307 1108 4364 sint
1143 4308 1301 4363 unius
1326 4307 1449 4364 fidei
1491 4308 1685 4380 copula
1714 4309 1991 4367 nobiscum

479 4446 495 4477 ⁸
528 4443 679 4498 Hanc
703 4448 1092 4497 commemorat
1120 4438 1179 4495 S.
1208 4439 1559 4511 Ildephonsus
1588 4441 1725 4497 libro
1749 4430 1903 4498 citat.
1930 4446 1998 4502 de

400 4515 552 4570 Viris
596 4512 896 4568 illustribus
923 4524 1088 4580 agens
1113 4511 1182 4566 de
1220 4509 1478 4567 Montano
1507 4510 1782 4567 Toletana:
1809 4511 1997 4570 Eccle-

402 4588 500 4640 sia:
525 4583 773 4654 prmsule.
801 4580 1092 4650 Postquam
1112 4581 1257 4636 enim
1283 4580 1352 4636 de
1370 4581 1702 4651 praecedenti
1723 4582 1864 4637 illius
1883 4587 1999 4655 epi-

402 4656 547 4711 stola
578 4654 790 4708 locutus
829 4651 945 4711 fuit,
990 4659 1047 4704 ut
1085 4652 1140 4706 in
1168 4651 1312 4707 notis
1350 4651 1419 4705 ad
1444 4667 1565 4707 eam
1591 4652 1840 4711 vidimus.
1872 4657 1997 4711 sub-

402 4666 547 4711 stcta
578 4666 790 4708 locutus
829 4666 945 4716 ιιιιι,
990 4666 1047 4704 ιιι
1085 4667 1140 4706 m
1168 4666 1312 4707 netis
1350 4666 1419 4705 aa
1444 4667 1565 4707 eam
1591 4666 1840 4719 vtmmus,
1872 4666 1997 4711 sub-

399 4724 620 4796 jungit:
651 4724 979 4796 Aliamuoero
1023 4723 1295 4796 epistolam
1323 4722 1571 4796 (scripsit
1600 4720 1904 4796 Montanus)
1928 4727 1999 4780 ad

408 4792 734 4867 Tlturibium
760 4792 1092 4867 religiosam,
1128 4794 1185 4867 in
1223 4809 1326 4863 qua
1366 4792 1668 4867 collaudem
1696 4792 2000 4867 cumquod
2046 4814 2049 4815 '

404 4867 668 4921 culturam
700 4862 1009 4918 destruxerit
1036 4862 1312 4925 idolorum,
1351 4863 1621 4916 committit
1661 4862 1997 4921 sacerdotalis

404 4935 773 4989 auctoritatem
825 4933 1036 5004 vigoris,
1078 4949 1172 5001 per
1216 4949 1370 5003 quam
1414 4932 1738 5004 presbyteros
1774 4934 1998 4990 chrisma

481 5054 506 5081 ι
539 5043 617 5097 Ita
645 5040 773 5098 Ger.
802 5051 869 5113 et
886 5041 1123 5113 Urgell.;
1156 5042 1244 5096 alii
1269 5057 1418 5106 vero,
1452 5042 1731 5100 Potestatis
1754 5045 1975 5102 celatus.

481 5114 510 5153 δ
538 5113 619 5167 Ita
647 5112 815 5200 edidit
843 5111 903 5167 P.
926 5111 1115 5200 Floret.
1148 5128 1215 5167 ex
1248 5123 1377 5181 ms.;
1407 5128 1503 5200 nos
1526 5113 1810 5200 legendum
1828 5126 1996 5200 lputau

405 5200 567 5239 mus:
591 5183 662 5237 ad
690 5182 882 5254 obitum
919 5185 1148 5254 privatus
1197 5191 1428 5236 maneret
1468 5200 1485 5254 ς
1527 5182 1672 5252 quod
1718 5182 2001 5243 conﬁrmat

404 5254 580 5309 editio
608 5253 924 5322 Aguirriana
948 5271 960 5306 :
985 5262 1040 5306 ut
1066 5268 1275 5308 munere
1301 5253 1583 5308 sacerdotis
1603 5265 1652 5308 et
1681 5257 1827 5325 regni
1854 5271 2008 5313 care-'

407 5335 512 5393 ret.
538 5340 843 5395 ςποξιιδφιεν
875 5332 980 5395 stc-

486 5389 509 5466 c:
540 5393 618 5466 l_ta
647 5389 1080 5466 Loa'ys.,_Florea
1109 5408 1259 5466 vero,
1290 5409 1392 5466 non
1413 5392 1728 5466 ignorant“.

484 5462 511 5502 ἀ
545 5462 734 5519 Florez
759 5462 827 5520 ex
855 5464 1093 5519 Gerund.
1125 5472 1181 5518 et
1209 5462 1410 5532 Urgell.
1436 5462 1603 5518 edidit
1624 5481 1754 5519 reos.

490 5545 513 5572 ο
546 5533 735 5590 Florez
762 5551 831 5590 ex
873 5533 1080 5591 eisdem
1124 5549 1252 5589 mss.
1299 5534 1570 5605 interserit
1596 5545 1691 5599 ut;
1720 5534 1862 5605 quod
1895 5552 2000 5588 non

410 5605 727 5675 probamus,
778 5607 880 5661 nisi
928 5620 1026 5677 pro
1063 5606 1431 5677 praecipiantur
1466 5604 1743 5660 scribatur
1765 5606 2001 5675 prtccipi-

412 5685 531 5735 tur;
552 5678 704 5744 quod
735 5677 911 5744 nullus
935 5675 1093 5730 habet
1120 5675 1313 5735 codex.

494 5746 513 5782 ί
540 5743 620 5800 ita
642 5743 847 5803 Genet
878 5743 1098 5809 Urgell.;
1131 5746 1237 5804 ali.
1272 5747 1567 5805 providerit.

2080 1850 2223 1904 nium
2251 1850 2505 1906 vitiorum
2552 1851 2605 1904 in
2652 1851 2843 1905 eodem
2887 1851 3187 1919 congeries,
3231 1850 3396 1906 veluti
3440 1851 3494 1907 in
3545 1868 3665 1910 sor—

2078 1942 2225 1996 dium
2261 1942 2471 1997 sentina
2503 1941 2778 2009 conlluxit,
2810 1950 2868 1997 ut
2895 1943 3238 1997 sectatricmn
3273 1942 3533 2013 pudorem
3563 1944 3666 1997 im‘-

2079 2031 2392 2103 pudefactus
2457 2033 2667 2088 adulter
2721 2035 2954 2104 eriperet
3001 2031 3057 2101 1;
3108 2042 3165 2090 et
3217 2043 3276 2090 ut
3331 2034 3398 2088 ad
3451 2035 3668 2091 sceleris

2080 2121 2270 2178 nefarii
2312 2123 2561 2179 ellectum
2604 2124 2811 2180 facilius
2848 2125 3184 2195 perveniret,
3229 2125 3476 2182 maleficii
3517 2142 3672 2181 usum

2079 2222 2229 2284 gesta
2258 2215 2418 2270 etiam
2449 2216 2498 2271 ei
2528 2216 2819 2285 assignant.
2855 2215 2993 2283 Quid
3022 2216 3239 2273 tandem
3264 2218 3316 2272 in
3346 2219 3449 2273 hoc
3480 2227 3519 2255 ω
3547 2218 3673 2274 reli-

2079 2310 2226 2378 gioni
2269 2322 2566 2378 congruum
2608 2309 2778 2365 fidelis
2815 2312 3130 2381 cujusquam
3159 2312 3282 2366 ani:
3305 2326 3336 2365 a
3362 2319 3670 2378 veneratur,

2080 2403 2174 2475 qui
2197 2419 2304 2459 non
2333 2402 2509 2459 solum
2551 2418 2582 2457 a
2610 2404 2811 2459 sanctis
2858 2403 3228 2460 sacerdotibus
3268 2404 3531 2461 refutatus
3568 2412 3670 2472 est,

2080 2510 2269 2549 verum
2298 2494 2460 2549 etiam
2501 2493 2758 2549 mundani
2787 2487 3059 2565 princi'pes
3097 2494 3303 2564 justitia
3347 2494 3522 2564 legum
3551 2493 3688 2550 sum"

2082 2600 2201 2639 rum
2240 2601 2364 2641 eum
2402 2601 2502 2656 pro
2534 2580 2833 2640 memorati
2883 2586 3103 2641 sceleris
3148 2586 3407 2655 qualitate
3453 2586 3673 2642 damna-

2083 2674 2254 2729 runt?

2159 2785 2287 2841 Vill.
2319 2784 2472 2842 Hunc
2507 2786 2666 2842 talem
2690 2788 2889 2854 fuisse,
2921 2789 3128 2859 plenius
3157 2789 3327 2844 discet
3352 2790 3443 2859 qui
3471 2788 3672 2845 beatis-

2083 2877 2206 2933 simi
2233 2892 2298 2932 ac
2324 2877 2711 2946 religiosissimi
2734 2878 2837 2934 viri
2865 2878 3106 2934 Thoribii
3129 2888 3156 2916 ιι
3186 2878 3425 2950 episcopi
3453 2878 3521 2935 ad
3547 2896 3674 2936 san-

2085 2981 2233 3027 ctum
2255 2985 2450 3041 papam
2473 2969 2619 3027 urbis
2647 2968 2833 3027 Romae
2870 2970 3105 3027 Leonem
3134 2972 3301 3029 libros
3325 2973 3502 3028 editos
3527 2967 3675 3043 legit,

2087 3062 2142 3117 in
2187 3061 2380 3132 quibus
2415 3061 2557 3116 banc
2594 3061 2867 3117 sordidam
2912 3061 3159 3118 hteresim
3187 3062 3515 3133 explanavit,
3544 3079 3677 3135 ape-

2086 3154 2214 3221 ruit,
2261 3161 2320 3210 et
2353 3152 2619 3209 occultam
2670 3152 2906 3208 tenebris
2957 3154 3108 3218 suis,
3150 3152 3493 3224 perﬁdizeque
3538 3156 3703 3219 nubo.

2087 3247 2322 3303 velatam
2350 3246 2402 3302 in
2431 3245 2717 3316 propatulo
2745 3246 2909 3300 misit.
2962 3244 3039 3300 Ex
3083 3246 3212 3315 ipsis
3259 3246 3458 3301 etenim
3507 3246 3677 3310 libris,

2086 3338 2322 3409 qualiter
2348 3354 2561 3406 cavere,
2609 3338 2740 3408 quid
2793 3337 3124 3409 respondere
3169 3347 3355 3394 contra
3393 3339 3680 3409 sacrilegos

2085 3431 2277 3501 possit,
2307 3431 2424 3499 pius
2445 3430 2615 3486 lector
2642 3430 2898 3486 inveniet.
2937 3439 2961 3467 ο
3003 3427 3173 3495 Unde,
3206 3444 3410 3499 quarso,
3436 3437 3493 3485 ut
3522 3428 3681 3500 perti-

2089 3522 2232 3578 diam
2263 3537 2385 3577 cum
2414 3529 2635 3575 auctore
2663 3521 2981 3575 damnante's
3018 3528 3181 3587 atque
3220 3520 3679 3574 anathematizan-

2088 3620 2190 3673 tes,
2226 3619 2385 3666 rectae
2415 3609 2535 3666 fidei
2566 3610 2809 3678 regulam
2832 3610 3080 3675 teneatis,
3120 3618 3175 3663 et
3201 3609 3269 3664 de
3309 3609 3558 3665 omnibus
3593 3625 3679 3664 su-

2092 3702 2401 3773 prascriptis
2442 3701 2710 3757 cautiores
2761 3699 3018 3756 exhibere
3063 3716 3160 3756 vos
3212 3696 3534 3770 procuretis,
3573 3712 3681 3769 quo

2092 3795 2301 3849 facilius
2327 3809 2426 3850 nec
2453 3794 2581 3847 mihi
2609 3792 2677 3848 de
2716 3791 3082 3847 taciturnitate
3112 3792 3280 3862 possit
3308 3805 3426 3846 esse
3462 3789 3681 3845 damna-

2093 3888 2190 3952 tio,
2222 3894 2277 3940 et
2300 3885 2450 3941 vobis
2486 3885 2554 3940 de
2582 3883 2886 3940 obedientia
2917 3883 3150 3938 fructum
3180 3883 3470 3937 maximum
3500 3897 3683 3937 coram

2099 3977 2379 4034 Salvatore
2405 3975 2517 4031 Deo
2546 3982 2731 4031 nostro
2755 3966 3042 4045 providere
3071 3975 3306 4044 possitis.
3342 3974 3450 4028 Pax
3475 3971 3684 4029 Domini

2100 4088 2219 4127 cum
2241 4070 2493 4126 omnibus
2517 4068 2690 4123 vobis.
2724 4068 2915 4122 Amen.

2521 4177 2851 4233 EPISTULA
2890 4177 3207 4233 SECUNDA
3240 4181 3275 4233 '.

2174 4294 2400 4349 Domino
2450 4292 2653 4348 eximio
2686 4334 2700 4360 ,
2755 4291 3133 4363 pmcipuoque
3189 4292 3539 4359 Christicolae,
3592 4293 3689 4349 do-

2101 4444 2370 4569 rmt/icere,
2402 4453 2454 4498 et
2501 4444 2766 4514 episcopos
2809 4443 2994 4496 aliena:
3036 4446 3192 4497 sortis
3221 4445 3429 4499 alterius
3459 4446 3689 4499 dioecesis

2103 4532 2187 4569 ccc
2210 4515 2343 4569 esias
2385 4530 2687 4569 consecrare
2713 4529 2903 4569 maana
2933 4523 3221 4569 conmescat
3251 4515 3550 4569 inuectione.
3580 4515 3688 4569 Sed

2103 4515 2343 4570 ecclesias
2385 4530 2687 4569 consecrare
2713 4529 2903 4585 magna
2933 4523 3221 4585 compescat
3251 4515 3550 4569 inuectione.
3580 4515 3688 4569 Sed

2102 4598 2155 4636 «ιι
2185 4586 2366 4653 statim
2408 4586 2669 4652 insignem
2701 4583 2817 4653 ejus
2844 4583 3056 4639 laudem
3084 4583 3250 4649 addit,
3294 4585 3441 4639 hisce
3470 4585 3646 4638 verbis
3672 4602 3683 4636 :

2107 4655 2208 4709 Hic
2245 4646 2328 4709 'vir
2361 4646 2993 4727 antiqtlissima'ﬁdeliqae
3038 4646 3288 4708 relatione
3323 4664 3586 4727 narratur,
3620 4654 3690 4707 ad

2100 4726 2552 4792 exprobrationem
2586 4725 2821 4794 infamiae
2847 4725 3027 4777 tandiu
3056 4740 3249 4793 prunas
3274 4725 3496 4777 tenuisse
3524 4726 3578 4777 in
3606 4740 3689 4778 ve-

2098 4796 2351 4849 stimentis
2380 4794 2640 4856 ardentes,
2671 4794 2831 4847 donec
2854 4810 3029 4848 coram
3051 4794 3189 4861 sedis
3216 4810 3323 4847 sna.-
3356 4810 3504 4850 sacro
3532 4796 3690 4848 altari

2101 4866 2256 4935 totius
2284 4865 2457 4919 missae
2476 4865 2817 4935 celebritatem
2845 4881 2936 4935 per
2953 4865 3281 4933 semetipsum
3304 4865 3550 4934 expleret.
3586 4863 3689 4919 Pe-

2100 4934 2256 4990 ractis
2278 4945 2446 4989 autem
2474 4934 2812 4999 solemnibus,
2836 4934 2927 4988 nec
2963 4950 3142 5005 prima:
3186 4936 3372 5005 ignem,
3411 4952 3503 4991 nec
3537 4937 3690 4991 restis

2172 5059 2196 5093 κ
2221 5047 2297 5102 Ita
2322 5047 2449 5104 Ger.
2481 5057 2536 5103 et
2561 5047 2759 5116 l'rgell.
2783 5064 2797 5113 ;
2821 5046 2915 5101 alii
2941 5047 3144 5102 habent
3169 5049 3253 5103 sit.

2170 5116 2196 5156 δ
2224 5119 2503 5183 Alii‘cod.,
2527 5118 2790 5173 debebitis.
3288 5120 3293 5127 ’

2179 5190 2192 5228 ί
2229 5189 2307 5244 ita
2335 5187 2571 5243 Gerund.
2604 5197 2660 5243 et
2690 5185 2856 5252 Urg.;
2886 5188 2977 5243 alii
3008 5189 3149 5243 dum.

2179 5260 2205 5331 ῥα
2231 5258 2605 5331 ζ’γωδιηηαιαις,
2637 5274 2744 5312 non
2775 5258 2939 5314 habet
2964 5259 3158 5331 Loays.
3187 5260 3369 5316 editio.

2108 5374 2117 5383 .
2171 5325 2193 5396 'f
2231 5327 2445 5396 Loays.,
2469 5328 2694 5396 prolata.

2182 5393 2196 5431 ι
2234 5398 2308 5452 Ita
2340 5393 2535 5469 Loays.
2567 5396 2757 5455 Flore:
2783 5415 2851 5456 ex
2894 5396 3131 5456 Gerund.
3162 5399 3358 5467 edidit,
3391 5404 3689 5472 impudent—

2194 5508 2247 5520 ...
2354 5485 2369 5518 l
2517 5506 2530 5520 ι

2092 5492 2214 5576 "ut"
2245 5477 2538 5619 Ιιξινῗζέξέ.
2565 5537 2905 5619 Florez_vero
2930 5554 2995 5594 ex
3015 5541 3125 5619 suis
3154 5556 3282 5597 mss.
3313 5541 3524 5612 edebat,
3552 5541 3692 5610 Quid

2107 5618 2273 5678 tamen
2298 5609 2350 5660 in
2380 5608 2513 5661 lmnc
2537 5624 2554 5662 :
2587 5625 2693 5664 non
2723 5610 2925 5678 absque
2954 5612 3166 5664 mendo.

2178 5686 2201 5711 ι·
2234 5676 2376 5731 Flor.
2408 5694 2473 5733 ex
2506 5694 2631 5733 mss.
2667 5676 2885 5744 Loaysl,
2920 5678 3195 5734 Tlieoribii.

2178 5756 2201 5781 υ
2231 5745 2306 5801 Ita
2340 5746 2462 5820 [τῖε.
2500 5747 2692 5820 Loays.
2725 5739 2910 5815 edidit,
2944 5750 3215 5813 iut'en'itar,
