4122 6330
529 362 597 419 59
670 420 677 423 _
790 400 791 403 η
1260 376 1265 379 ’
1413 370 1471 425 S.
1514 368 1925 429 ELEUTIIERII
1969 375 2126 429 VITA
2169 375 2489 432 AUCTORE
2527 378 2889 437 GUIBERTO.
3741 385 3811 445 ϐο

506 476 676 533 nobis
722 477 835 533 erit
867 478 1078 536 Domini
1126 481 1296 535 nostri
1334 482 1532 537 exinde
1574 483 1795 538 auribus
1839 484 2107 548 intimare,
2144 490 2191 549 Α
2217 496 2363 540 tanta
2402 489 2937 555 ctenimytribnente
2977 488 3229 557 Domino,
3257 489 3375 559 ejus
3412 501 3498 547 est
3526 492 3721 563 pietas,
3754 506 3813 552 ut

503 568 729 637 pariter
750 577 808 624 ct
826 569 938 624 ﬁlio
968 579 1156 626 nostro
1176 570 1372 640 Ergani
1401 587 1708 642 suggerere,
1723 584 1778 628 et
1806 574 2112 644 liujusmodi

518 674 705 713 ausum
736 671 1007 731 prrecepta
1057 662 1305 717 culminis
1343 663 1460 732 ejus
1498 664 1585 720 vel
1625 665 1891 721 districtio
1914 668 2113 736 judicis

517 762 626 804 non
655 751 772 807 sine
796 760 976 808 vestro
1015 754 1340 810 detrimento
1370 749 1710 812 severisSime
1729 757 2108 814 vindicabunt:

528 902 770 918 —_

2219 577 2353 631 nihil
2375 578 2443 632 de
2468 580 2570 634 hoc
2598 580 2743 648 quod
2771 578 2860 648 jus
2893 580 3172 650 antiquum
3188 570 3501 638 7custo'disse
3533 585 3809 654 probatur,

2220 667 2493 722 immutari
2535 670 2833 739 permittat.
2881 669 3071 726 Divina
3115 688 3211 727 vos
3252 674 3522 730 custodiat
3555 676 3810 734 Trinitas.

2218 760 2409 816 Amen.
2506 782 2517 791 ’

809 902 3232 932 M

1549 1043 1825 1125 VlTA
1904 1049 1991 1126 s.
2080 1049 2797 1132 ELEUTHERII
2896 1022 2897 1025 ‘

1274 1201 1322 1260 Α
1370 1201 1829 1267 aura/512m
1878 1206 2068 1267 ouo.
2117 1162 2548 1273 ΜιΝοιιΠΜ
2595 1210 3059 1277 οιιοιΝΑΤΑ.

1194 1314 1197 1317 ’
1793 1342 1887 1402 (Ex
1928 1335 2278 1396 Biblioth.PP.
2329 1356 2382 1397 et
2418 1352 2533 1421 ιιιδ.)

1986 1485 2395 1502 ψ

513 1596 811 1656 Pnococus.
841 1630 909 1638 —
934 1598 983 1652 l.
1009 1596 1324 1668 Revereudo
1350 1598 1485 1666 patri
1512 1613 1574 1652 ac
1602 1598 1822 1654 domino
1844 1608 1869 1635 ἰ
1891 1599 2110 1668 Joanni,

586 1671 680 1725 Dei
709 1672 878 1751 gratia
899 1669 1189 1752 venerabili
1220 1667 1853 1752 'liornacensilepiscopo,
1876 1670 2110 1752 Guiber-

586 1752 689 1804 tus,
713 1741 919 1807 origine
941 1738 1316 1801 Tornacensis,
1335 1738 1671 1806 prolessione
1693 1738 1890 1806 Minor,
1912 1741 2108 1796 merito

510 1830 513 1833 λ
949 1786 1153 1878 spiritu
1183 1786 1394 1864 consilii
1425 1817 1535 1862 tam
1569 1809 1845 1880 sapienter
1874 1786 2107 1879 ,armari,
2143 1851 2188 1910 Β
2215 1786 2453 1854 penem?

584 1896 742 1910 "unum
766 1880 991 1910 "zmilion.-
1022 1879 1247 1910 αηῖηυηιῖ
2342 1895 2375 1910 ι·
2395 1908 2405 1910 ᾼ

583 1896 743 1950 quam
766 1880 991 1935 viriliter
1021 1879 1269 1934 animari.

512 1976 515 1977 ν
587 1991 799 2048 Petistis
822 2033 839 2058 ,
860 1990 1094 2046 domine
1121 1991 1418 2046 reverende
1440 2033 1455 2056 ,
1488 2000 1549 2046 ut
1576 2000 1725 2048 actus
1754 2000 1810 2047 et
1837 1995 2109 2063 prteconia

510 2082 737 2152 gloriosi
782 2081 1107 2137 confessoris
1151 2079 1351 2136 Christi
1398 2079 1688 2137 Eleutherii
1738 2082 1822 2137 vel
1860 2083 2113 2140 ordinare

515 2174 761 2236 debeam,
791 2172 875 2227 vel
905 2171 1230 2241 diligentiori
1261 2172 1405 2239 lima,
1440 2172 1525 2227 vel
1555 2173 1780 2227 meliore
1805 2173 1947 2245 stylo
1976 2189 2113 2244 pra:-

514 2265 753 2320 senlibus
781 2270 837 2317 et
866 2263 1095 2333 posteris
1124 2262 1437 2333 explanare.
1471 2261 1562 2318 Pia
1592 2263 1800 2333 petitio,
1825 2279 1924 2334 per
1950 2279 2113 2334 quam

469 2360 486 2378 '
514 2353 649 2410 ictas
678 2352 965 2424 posthuma
1006 2353 1143 2408 tanti
1183 2353 1414 2424 pastoris
1451 2354 1881 2411 concelebrando
1917 2370 2114 2427 perpe-

513 2451 626 2499 tuet
639 2443 1004 2512 sanctitatem,
1021 2451 1077 2499 et
1096 2444 1374 2513 generatio
1392 2459 1649 2522 praesens,
1663 2444 1778 2515 ejus
1800 2446 2111 2503 inlnerendo

513 2534 777 2603 vestigiis,
801 2535 1030 2606 amplius
1056 2532 1415 2589 inﬂammetur
1435 2535 1501 2591 ad
1524 2535 1618 2591 Dei
1643 2545 1698 2592 ct
1719 2537 1949 2607 proximi
1975 2538 2114 2594 cari-

512 2633 699 2679 tatem.
742 2624 809 2679 lli
858 2633 989 2680 sunt
1015 2625 1120 2681 cibi
1171 2640 1309 2695 quos
1350 2626 1403 2680 in
1434 2627 1718 2682 novalibus
1746 2625 1966 2683 Patrum
1992 2644 2114 2686 esse

519 2732 672 2772 sacra
703 2716 896 2786 pagina
925 2722 1258 2787 protestatur
1296 2715 1476 2788 (Prov.
1511 2734 1634 2786 xm,
1667 2718 1758 2789 25)
1778 2757 1794 2784 ,
1826 2718 1955 2774 dum
1988 2734 2114 2777 san-

512 2817 723 2863 ctorum
753 2807 1017 2877 exemplis
1038 2808 1328 2878 posteritas
1352 2807 1690 2864 informatur.
1734 2809 1870 2866 Novi
1895 2811 2113 2882 petitio-

513 2900 596 2954 nis
625 2899 780 2953 istius
812 2899 1074 2968 originem
1105 2913 1173 2955 ex
1209 2899 1380 2968 gloria
1410 2899 1632 2968 Christi,
1661 2916 1767 2971 qua
1796 2902 2113 2959 miriﬁcatur

513 2992 568 3046 in
610 2990 844 3059 sanctis,
894 3006 963 3046 ex
1005 2992 1179 3060 gratia
1221 2992 1439 3063 speciali
1498 3009 1607 3065 qua
1642 3005 1835 3051 vestra:
1878 2996 2112 3054 civitatis

514 3081 811 3137 antistitem
841 3090 894 3137 et
931 3090 1215 3152 patronum
1244 3084 1506 3140 sincerius
1534 3087 1587 3142 in
1614 3084 1830 3145 Christo
1857 3089 2108 3160 diligitis,

514 3187 581 3227 ex
612 3172 948 3242 providentia
991 3175 1247 3244 pastorali
1281 3190 1386 3245 qua
1417 3177 1562 3233 clero
1588 3187 1768 3236 vestro
1794 3182 2104 3249 consulitis,
2135 3211 2181 3274 Ο

513 3277 583 3316 ex
606 3262 984 3318 benevolentia
1021 3264 1273 3334 singulari
1307 3282 1467 3337 quam
1493 3270 1616 3325 talis
1642 3278 1698 3325 et
1719 3279 1898 3328 tantus
1925 3272 1996 3329 ad
2022 3290 2109 3332 me

515 3351 934 3409 homuncionem
976 3355 1241 3410 tantillum
1285 3365 1342 3411 et
1384 3372 1522 3427 pene
1560 3360 1761 3415 nullum
1800 3364 2106 3435 ostenditis,

515 3444 768 3499 derivari.
806 3444 985 3512 Quare
1011 3461 1099 3501 me
1122 3447 1274 3515 quasi
1303 3450 1624 3519 compellitis
1652 3460 1746 3506 aut
1766 3454 1971 3522 garrire
1997 3471 2108 3510 ιιω-

515 3536 620 3590 Iiis
643 3578 659 3604 ,
690 3544 783 3590 aut
811 3537 991 3606 potius
1020 3537 1269 3609 ineptire.
1302 3539 1416 3609 Ego
1447 3540 1609 3609 igitur
1652 3543 1778 3599 dum
1828 3545 1882 3600 in
1930 3547 2108 3618 capite

514 3628 892 3699 memetipsum
923 3622 1214 3684 introrsum
1247 3634 1460 3702 metior,
1494 3649 1591 3705 per
1619 3635 1854 3693 incertos
1883 3638 2107 3697 allectus

515 3718 788 3774 distrahor
814 3727 870 3775 et
896 3718 1154 3776 deducor.
1186 3720 1318 3776 Nam
1349 3724 1489 3779 inter
1515 3726 1901 3784 sollicitudines
1927 3730 2105 3786 conti-

498 3824 651 3863 uuas
697 3807 989 3863 lectionum
1037 3817 1092 3865 et
1143 3811 1286 3866 inter
1332 3813 1665 3886 labyrinthos
1712 3818 2105 3887 inegressibiles

515 3898 872 3966 quaestionum
897 3939 912 3963 ,
952 3916 1261 3956 sermonum
1311 3905 1675 3973 paradigmata
1699 3947 1714 3971 ,
1756 3910 2104 3965 consiliorum

515 3989 806 4059 axioinata,
830 3992 1025 4060 quibus
1050 3992 1340 4064 immergor
1359 4004 1414 4051 et
1433 3997 1634 4054 alteror
1653 4000 1886 4065 assidue,
1911 4002 2104 4060 durum

602 4141 885 4199 aWaltero
914 4143 1170 4213 cpiscOpo
1190 4145 1261 4199 26
1281 4146 1538 4203 Novemb.
1567 4151 1691 4204 anni
1724 4150 1847 4205 l26l
1886 4163 2103 4212 mortuo

512 4215 771 4268 successit
797 4213 1033 4269 Joannes
1057 4214 1376 4281 Buchiavus,
1404 4219 1508 4272 vita
1535 4220 1748 4277 functus
1772 4221 1842 4275 25
1863 4224 2100 4281 Februa-

512 4283 578 4337 rii
606 4284 730 4337 anni
758 4283 916 4337 1266.

511 4298 578 4338 rn
606 4298 730 4338 aum
758 4298 916 4338 uno.

495 4352 545 4486 ἰ)
582 4362 609 4400 ι’
639 4362 934 4487 δεᾳῖειιιὶιι
963 4363 1155 4419 desunt
1180 4367 1232 4422 in
1262 4383 1494 4433 excuso;
1527 4386 1821 4443 eorumque
1852 4376 1970 4431 loco
1998 4377 2099 4432 ba-

547 4440 668 4487 etur
694 4450 753 4487 sa
782 4475 796 4487 .
1008 4458 1013 4465 ε

547 4446 668 4488 Θῐιιι·
694 4446 796 4488 sat.
1008 4458 1013 4465 '

490 4548 495 4551 -
548 4582 560 4590 _
586 4523 608 4552 ο
638 4509 867 4590 Hosliic
901 4515 1289 4590 subiungimus,
1324 4535 1387 4575 ac
1421 4521 1645 4590 margini
1675 4522 1796 4576 dein
1831 4524 1968 4580 nuda
2004 4545 2097 4583 ca-

509 4582 617 4709 rita
640 4584 958 4640 ascribimus
978 4581 1025 4651 ί,
1045 4581 1297 4642 caeterum
1321 4606 1471 4645 more
1494 4581 1679 4647 nostro
1700 4581 2092 4664 distinguimus.
2129 4581 2177 4640 θ

534 4670 566 4707 ιι
584 4653 710 4709 inec
736 4669 867 4709 emo
896 4658 1071 4709 cunila
1098 4667 1286 4709 auctor
1313 4661 1661 4709 distinxerat:
1704 4672 1705 4675 ‘

534 4670 566 4707 ιι
584 4653 710 4726 hinc
736 4669 867 4726 ergo
896 4658 1071 4726 capita
1098 4667 1286 4712 auctor
1313 4661 1661 4716 distinxerat:
1704 4672 1705 4675 ‘

576 4723 703 4798 Cap.
733 4741 769 4779 ι.
803 4725 882 4798 De
904 4723 1103 4798 origine
1127 4728 1347 4784 civitatis
1377 4730 1740 4788 Tornacensis.

490 4826 549 4880 Am
575 4793 701 4865 Cap.
736 4812 792 4851 ιι.
834 4795 914 4857 De
941 4793 1161 4851 adven'u
1198 4808 1246 4851 et
1274 4802 1644 4870 prrcdicatione
1674 4804 1735 4859 Β.
1768 4805 1912 4862 Piati
1951 4811 2092 4880 apud

507 4862 812 4920 Tornacum.

575 4933 701 5002 Cap.
734 4952 810 4990 ιιι.
856 4935 938 4990 De
965 4938 1192 5009 reliquiis
1218 4948 1266 4993 et
1295 4944 1489 4996 semine
1521 4941 1580 4996 Β.
1620 4943 1765 4999 Piati
1803 4956 1851 4999 et
1879 4960 1993 5004 ortu
2026 4951 2088 5005 Β.

507 4998 807 5057 Eleutherii.

507 5003 807 5058 Eleutherii.
1072 5003 1082 5009 ⁷

482 5104 487 5113 η
573 5070 702 5144 Cap.
735 5089 807 5128 tv.
826 5073 919 5144 iDe
946 5076 1275 5144 bouaindole
1301 5079 1361 5133 Β.
1393 5081 1694 5138 Eleutlierii.

506 5207 545 5264 Τ
572 5138 701 5212 Cap.
726 5158 779 5197 v.
811 5143 890 5198 De
914 5140 1287 5219 proscriptione
1307 5151 1539 5221 ﬁdelium
1569 5170 1629 5207 ac
1662 5154 1722 5210 Β.
1752 5138 2030 5216 Eleutlierii
2058 5181 2091 5216 a

546 5228 759 5264 ornaco.

484 5242 487 5247 ·
510 5228 528 5264 Ι
546 5228 759 5269 ornaco.

571 5281 699 5353 Cap.
732 5300 806 5340 vr.
843 5283 921 5339 De
949 5291 1270 5358 promotione
1298 5291 1359 5346 B.
1393 5291 1678 5351 Eleutlierii
1715 5298 1769 5352 in
1796 5303 2091 5373 episcopum

505 5351 902 5410 Tornacensem.
949 5351 959 5358 ’
1455 5386 1461 5391 ~

571 5421 829 5513 Copam.
858 5426 932 5480 De
966 5426 1198 5513 Blanda,
1231 5447 1344 5513 qua:
1364 5435 1667 5513 sollicitavit
1694 5438 2010 5513 episcopum,
2042 5454 2092 5498 et

503 5492 563 5545 ile
577 5492 755 5571 ‘morte
782 5508 831 5550 et
858 5492 1254 5571 resuscitalione'
1275 5502 1457 5571 ipsius.

569 5562 696 5647 Cap.
723 5581 835 5621 vni.
874 5569 947 5647 De
975 5569 1127 5647 modo
1157 5562 1503 5647 eonversionis
1538 5580 1712 5647 populi
1746 5580 2089 5639 Toruaceusis

501 5633 752 5755 mit/idem
780 5655 871 5707 per
900 5637 962 5691 B.
992 5638 1363 5696 Eleutherium.

611 5722 696 5755 an.
747 5723 823 5755 lx.
881 5707 957 5755 De
991 5711 1255 5755 miraculis
1303 5718 1363 5755 t'n.

611 5722 676 5774 (Ψ

526 5707 696 5795 “Cap.
747 5723 823 5788 ix.
881 5707 957 5762 De
991 5711 1255 5764 miraculis
1300 5716 1454 5783 [actis
1498 5718 1586 5771 illo
1628 5728 1855 5792 tempore
1899 5741 1992 5795 per
2024 5725 2084 5779 Β.

504 5768 868 5830 [fleui/teriam.

573 5841 699 5907 Cap.
731 5862 781 5900 κ.
813 5849 886 5902 L'e
906 5852 1169 5908 miraculis
1190 5855 1346 5922 [actis
1368 5857 1418 5912 in
1446 5862 1735 5916 ostensione
1761 5864 2090 5934 reliquiarum

2216 1604 2347 1658 mihi
2385 1606 2625 1663 scribere
2648 1646 2665 1675 ,
2704 1608 2889 1667 durius
2918 1619 3080 1668 tantm
3109 1615 3384 1685 dignitatis
3415 1622 3641 1695 imperio
3669 1644 3802 1685 con«

2217 1696 2401 1752 traire.
2449 1696 2585 1752 Nam
2629 1715 2819 1770 preces
2846 1711 3058 1761 vestras
3089 1722 3188 1762 cur
3224 1710 3507 1783 imperium
3556 1735 3663 1776 non
3707 1738 3806 1794 διν

2341 1895 2447 1947 Nan
2468 1899 2581 1960 quia
2608 1900 2790 1950 nudato
2812 1902 3057 1965 supplicat
3082 1919 3206 1957 ense
3232 1916 3409 1970 [zoteus
3434 1950 3447 1973 ,

2213 1999 2321 2056 Sed
2370 2002 2495 2072 quia
2544 2002 2744 2059 dudum
2803 2005 2937 2062 inita
3009 2007 3382 2081 familiaritas,
3432 2018 3807 2077 concivilitatis

2214 2090 2522 2161 iudentitas,
2559 2094 2753 2164 patria,
2790 2099 3098 2167 parentela,
3129 2103 3405 2171 sanguinis
3440 2115 3496 2161 et
3535 2107 3808 2167 afﬁnitatis

2214 2184 2609 2254 propinquitas,
2631 2193 2687 2241 et
2706 2194 2901 2244 caetera
2920 2189 2974 2245 id
2992 2203 3180 2260 genus,
3202 2207 3323 2263 qua:
3340 2196 3430 2252 vel
3451 2203 3807 2257 reverentiam

2214 2274 2505 2329 conciliant
2540 2275 2629 2331 vel
2674 2277 3017 2335 conciliatam
3079 2284 3435 2351 continuant,
3485 2288 3703 2359 exigunt
3748 2302 3809 2348 et

2214 2366 2513 2436 requirunt,
2547 2375 2609 2423 ut‘
2631 2377 2825 2426 vestrae
2852 2372 3146 2432 voluntatis
3169 2374 3453 2449 affectum,
3485 2384 3647 2438 vestri
3676 2383 3806 2441 affe-

2215 2464 2335 2531 ctus
2368 2467 2631 2530 appetens
2665 2461 3061 2534 beneplacitum
3106 2482 3330 2525 censere
3370 2470 3597 2529 debeam
3639 2475 3808 2546 impo-

2215 2549 2354 2604 rium
2383 2557 2440 2604 ct
2467 2560 2816 2623 praeceptum.
2848 2553 2965 2612 Hoc
2991 2564 3171 2614 autem
3197 2564 3599 2632 exsequendum
3624 2568 3808 2623 utilius

2214 2643 2475 2712 peteretis
2501 2659 2532 2698 a
2570 2646 2820 2715 personis
2845 2647 3089 2718 pluribus
3131 2658 3292 2708 astate
3330 2655 3664 2726 grandazvis,
3704 2660 3807 2716 lida

2215 2730 2407 2797 claris,
2439 2748 2605 2804 opere
2633 2735 2893 2805 vulgatis,
2927 2752 3022 2794 ore
3047 2742 3339 2813 promptis,
3366 2748 3624 2804 memoria
3656 2758 3804 2806 tena-

2215 2821 2398 2911 cibus,
2431 2824 2580 2879 omni
2609 2823 2842 2897 denique
2869 2828 3174 2886 sublimium
3204 2833 3521 2891 meritorum
3550 2837 3679 2897 dote
3704 2856 3804 2911 po-

2212 2909 2443 2967 tioribus
2462 2953 2477 2978 ,
2518 2927 2655 2983 quos
2683 2915 2894 2972 habetis
2921 2917 2993 2973 ad
3013 2934 3231 2976 manum
3261 2929 3370 2979 tam
3398 2924 3467 2981 de
3504 2909 3803 2985 vestrarm]

2214 3002 2600 3058 canonicorum
2639 3021 2905 3074 numero,
2954 3024 3118 3080 quam
3166 3010 3235 3068 de
3275 3024 3463 3070 vestrae
3508 3016 3803 3075 dimceseos

2213 3091 2439 3149 diversis
2463 3094 2705 3164 collegiis
2738 3099 3149 3156 monachorum.
3194 3101 3390 3161 Exsilis
3428 3105 3572 3163 eniti]
3603 3109 3801 3179 eloquii

2212 3183 2321 3239 mei
2347 3184 2692 3244 mediocritas
2720 3195 2912 3246 tenues
2940 3190 3227 3248 admodum
3255 3193 3435 3264 fruges
3463 3198 3624 3267 parit,
3654 3206 3709 3255 et
3736 3200 3802 3257 ad

2214 3277 2350 3332 tanti
2371 3277 2697 3337 confessoris
2716 3281 2943 3351 gloriam
2964 3285 3388 3357 exprimendam,
3406 3288 3564 3344 nullis
3583 3293 3801 3348 secundi

2210 3367 2430 3437 cespitis
2456 3369 2717 3428 fructibus
2745 3373 3086 3454 ingravescit.
3119 3371 3233 3446 Ego
3262 3376 3423 3447 igitur
3448 3387 3503 3434 et
3527 3379 3802 3438 fraudatus

2210 3469 2479 3539 tempore,
2501 3473 2559 3520 et
2580 3475 2875 3538 occupatus
2895 3468 3097 3538 animo,
3119 3471 3204 3525 cui
3232 3471 3401 3541 magis
3426 3480 3509 3528 est
3528 3472 3801 3530 humilitas

2209 3555 2514 3625 appetitui,
2544 3572 2705 3627 quam
2744 3558 3032 3615 verborum
3076 3560 3349 3617 urbanitas
3390 3564 3684 3635 voluptati,
3715 3567 3800 3622 vel

2208 3646 2467 3704 historica
2505 3651 2744 3706 narratio
2781 3652 3185 3722 consuetudini,
3230 3653 3368 3710 facio
3407 3656 3552 3727 quod
3576 3656 3799 3726 iubetis,

2208 3737 2442 3795 oli'erens
2465 3741 2661 3796 seriem
2682 3742 2810 3796 vita:
2837 3744 3006 3799 sancti
3028 3744 3315 3815 pontificis,
3340 3755 3396 3802 et
3416 3746 3649 3805 officium
3674 3765 3797 3805 cum

2206 3830 2318 3886 suis
2346 3831 2710 3901 appendiciis,
2754 3834 2894 3889 sicut
2933 3850 2996 3890 ex
3029 3844 3180 3906 parte
3208 3845 3384 3893 vestra
3420 3848 3638 3908 rogatus
3680 3840 3795 3896 fue-

2207 3937 2340 3989 ram,
2369 3924 2525 3979 mitto
2553 3927 2729 3991 vobis,
2758 3935 2813 3982 et
2843 3935 2901 3983 ut
2924 3929 3161 3999 apertius
3190 3937 3348 3985 tenor
3374 3932 3582 4001 paginae
3609 3933 3795 3989 videa-

2208 4018 2316 4082 tur,
2344 4014 2444 4068 sub
2467 4017 2647 4082 certis,
2680 4018 2724 4072 si
2754 4018 2954 4088 placet,
2988 4031 3011 4060 ο
3047 4019 3212 4075 titulis
3235 4020 3609 4091 distinguatur.

2204 4174 2536 4230 sanctarum,
2570 4186 2684 4223 cum
2717 4168 2885 4224 Roma
2915 4171 3152 4227 rediisse!
3183 4173 3427 4229 Sanctus.

2274 4233 2404 4313 gap.
2436 4253 2508 4291 ιι.
2550 4238 2630 4313 D_e
2657 4242 2899 4313 conflictu
2921 4259 3067 4313 quem
3097 4243 3275 4297 habuit
3301 4261 3415 4299 eum
3444 4246 3716 4303 haereticis.

2205 4302 2402 4429 “Cap.
2438 4324 2532 4363 χιι.
2569 4307 2647 4364 De
2676 4302 2878 4366 insidiis
2905 4302 2955 4366 et
2991 4313 3386 4397 plagis'Sancto
3408 4332 3500 4387 per
3528 4302 3797 4375 hwreticos

2205 4393 2216 4429 ι
2261 4390 2382 4429 ais.

2261 4393 2314 4427 ar
2368 4412 2382 4430 .

2199 4393 2400 4528 "fagi.
2435 4463 2545 4503 xm.
2588 4449 2665 4503 De
2702 4451 2863 4506 verbis
2896 4464 2946 4506 et
2980 4453 3425 4511 exhortationibus
3463 4457 3577 4527 ejus
3620 4460 3796 4515 novis-

2201 4532 2400 4668 ῗιηέἔξι.
2432 4604 2540 4672 xxv.
2574 4588 2652 4643 De
2675 4589 2900 4655 Satana,
2925 4609 3071 4662 quem
3098 4594 3222 4648 vidit
3251 4596 3564 4661 adstantem,
3596 4601 3792 4670 positus

2198 4667 2254 4709 tn
2283 4667 2549 4713 extremis.

2257 4726 2399 4808 .‘Cap.
2437 4740 2523 4782 XV.
2558 4728 2637 4783 De
2672 4732 2887 4786 muliere
2927 4749 3063 4787 ca'ca
3100 4742 3150 4787 et
3184 4743 3327 4790 muta
3354 4755 3447 4807 per
3473 4738 3641 4808 ἱμειιηὶ
3670 4741 3793 4794 illu-

2198 4805 2397 4849 minata
2432 4808 2482 4852 et
2510 4809 2710 4853 rurata.
2939 4807 2956 4825 '

2269 4865 2394 4946 gap.
2428 4885 2535 4922 xw.
2572 4869 2652 4946 De
2675 4873 2996 4946 restitutione
3025 4875 3163 4946 seriis
3193 4877 3527 4946 episwpalis.

2201 4936 2396 5059 “cur.
2430 4954 2555 4993 xvu.
2608 4939 2690 4994 De
2734 4943 3039 4999 reuelatione
3089 4944 3150 5001 Β.
3195 4936 3485 5002 ΕιειιιΙὶοι·ὶὶ
3533 4959 3584 5003 et
3629 4960 3794 5005 morte

2280 5024 2335 5059 ec
2358 5024 2421 5059 re.

2280 5024 2421 5063 ecum

2268 5076 2397 5156 gap.
2423 5089 2567 5135 xviii.
2602 5079 2680 5156 De
2709 5085 3099 5139 reeuscitatioue
3124 5087 3224 5156 ﬁlii
3250 5088 3436 5141 vidule.

2267 5144 2398 5229 Cap.
2438 5166 2563 5229 XIX.‘
2599 5151 2866 5229 De‘morte
2897 5144 3135 5211 ntulieris'
3152 5166 3202 5211 et
3227 5158 3567 5213 suscitatione
3585 5160 3794 5229 juvenis

2196 5214 2249 5269 in
2279 5214 2455 5272 eadem
2485 5222 2828 5277 solemnitate.

2267 5284 2395 5368 gap.
2429 5305 2518 5344 xx.
2550 5290 2627 5368 De
2648 5294 2767 5368 aliis
2790 5295 3051 5368 mirarulis
3078 5296 3256 5368 eodem
3284 5297 3367 5351 die
3392 5299 3560 5368 faelis.

2268 5354 2409 5442 Cap;
2441 5376 2553 5442 ιιλιζ
2590 5361 2664 5416 De
2699 5364 2949 5435 ligatione
2996 5364 3057 5421 S.
3094 5365 3291 5421 Ferioli
3322 5354 3578 5422 vis'ituntis
3619 5385 3791 5442 septi.—

2197 5441 2340 5480 crum
2372 5428 2573 5485 Sancti.

2269 5495 2396 5566 Cap.
2429 5516 2554 5578 χχιι.
2590 5501 2669 5578 De
2691 5502 2944 5557 solutione
2971 5504 3203 5575 ejusdem
3225 5523 3317 5578 per
3349 5507 3410 5561 Β.
3442 5506 3794 5566 Eleutheriunt

2195 5575 2244 5619 et
2274 5578 2437 5622 morte
2466 5571 2682 5625 tribuni.

2266 5636 2392 5708 Cap.
2428 5657 2578 5696 xxnl.
2614 5641 2690 5695 De
2723 5644 3061 5697 suscitatioue
3094 5645 3285 5699 tribuni

2267 5707 2395 5778 (lup.
2426 5726 2571 5767 xxiv.
2618 5711 2695 5766 De
2728 5713 2978 5767 relatione
3006 5718 3237 5786 corporis
3267 5733 3300 5770 a
3341 5715 3623 5773 Blaudinio
3663 5717 3796 5775 Tor-

2195 5794 2403 5833 uacum.

2256 5879 2272 5896 ‘
2299 5877 2397 5928 Nos
2418 5882 2466 5931 in
2494 5888 2711 5932 notarum
2747 5882 2907 5935 fronte
2933 5898 3041 5937 cum
3083 5886 3234 5938 cilIris
3267 5888 3626 5951 superioribus.
3654 5884 3798 5953 Enn.-
