4068 6342
248 339 297 432 it
1187 369 1599 425 ELECTHERII
1636 348 1787 426 vrri
1828 371 2145 432 AUCTORE
2181 374 2542 450 GUIBERTO.
2605 333 2612 342 ⁸
3393 391 3469 450 ω

597 529 602 542 ξ
713 478 940 535 CAPUT
977 479 1266 538 PRIMUM.

302 569 538 624 Fabulam
555 568 700 639 origo
723 569 864 639 urbis
890 570 1247 626 Tornacensis.
1278 572 1436 628 Fides
1460 573 1649 630 Christi
1675 594 1708 630 α

772 638 832 693 S.
863 639 1013 694 Piato
1042 643 1208 696 illata.

300 755 314 784 ‘
331 750 379 804 2.
396 748 749 804 Recensentes
768 749 1072 818 diligentius
1093 754 1529 823 cosmographias
1554 756 1781 814 etchro-

240 843 335 898 nica
361 848 668 911 temporum,
693 838 928 905 gentium
954 841 1201 897 historias
1227 851 1282 897 et
1306 845 1546 912 annales,
1569 844 1776 902 Torna-

239 947 332 989 cum
362 929 532 985 Galliae
560 928 784 998 Belgica:
827 929 1050 998 legimus
1078 934 1499 1003 antiquissimam
1527 945 1581 991 et
1612 939 1778 992 notis-

237 1023 391 1078 simam
429 1019 695 1074 civitatem
719 1060 735 1086 ,
775 1036 893 1090 quae
921 1024 1161 1092 potentia
1187 1066 1202 1092 ,
1234 1025 1512 1080 nobilitate
1533 1069 1548 1092 ,
1581 1028 1773 1097 gloria,

237 1127 365 1182 super
388 1111 512 1164 alias
553 1110 652 1165 sibi
690 1108 944 1169 ﬁnitimas
973 1115 1299 1184 singularem
1329 1117 1565 1174 vindicat
1604 1120 1775 1190 digni-

240 1213 368 1257 tatem
399 1217 411 1254 :
435 1214 549 1270 qua:
582 1210 606 1237 ⁸
637 1202 770 1256 mari
797 1205 1130 1260 contermina
1151 1247 1166 1272 ,
1197 1206 1440 1280 dulcibus
1466 1210 1620 1280 aquis
1643 1210 1672 1250 δ
1702 1212 1775 1266 ir-

236 1294 366 1362 rigua,
391 1290 621 1360 frugibus
648 1292 890 1362 copiosa,
918 1293 1114 1350 divitiis
1138 1305 1193 1352 et
1217 1277 1422 1355 deliciis
1441 1277 1533 1355 est
1552 1300 1770 1359 referta.

235 1381 367 1449 Cujus‘
383 1393 501 1447 ager
525 1378 750 1434 diffusus
777 1381 830 1436 in
857 1382 1025 1449 silvis,
1047 1385 1222 1454 pictus
1241 1387 1294 1441 in
1319 1388 1506 1457 pratis,
1529 1390 1772 1460 peculio-

234 1486 301 1525 sus
323 1477 392 1523 est
415 1469 464 1522 in
494 1469 819 1538 pastoribus,
847 1478 906 1526 et
929 1471 987 1526 in
1013 1475 1224 1542 pascuis
1251 1490 1564 1545 pecorosus.
1611 1479 1774 1550 Cujus

234 1562 414 1625 ﬂuvius,
458 1560 652 1616 Scalda
679 1560 892 1629 dictus,
925 1562 1093 1632 ipsam
1133 1565 1338 1620 alluens
1377 1577 1432 1622 et
1473 1570 1772 1639 conﬁuens,

234 1653 412 1710 Galliam
446 1651 638 1706 dividit
666 1659 721 1706 et
749 1650 1088 1709 Germaniam
1110 1692 1126 1723 ,
1156 1666 1481 1727 potestatem
1524 1662 1773 1718 videlicet

231 1744 509 1818 imperialem
552 1752 611 1798 et
650 1743 903 1813 regalem.
950 1756 972 1784 ο
1003 1746 1151 1803 lianc
1187 1748 1454 1818 siquidem
1497 1752 1768 1808 civitatem

235 1839 398 1893 Priscus
420 1835 443 1874 ἀ
474 1837 822 1908 Tarquinius,
845 1839 1209 1896 Romanorum
1239 1858 1335 1896 rex
1362 1844 1580 1913 quintus
1606 1861 1637 1900 a
1666 1844 1774 1900 Ro-
1804 1848 1852 1906 B

236 1932 356 1992 nulo,
376 1931 582 1986 decimo
605 1932 752 2000 regni
780 1931 861 1986 sui
890 1948 1034 1988 anno
1062 1949 1159 2003 per
1180 1933 1452 1990 Romanos
1478 1936 1771 1992 aediﬁcasse

237 2027 417 2095 legitur,
445 2033 498 2080 et
537 2025 875 2096 sumptuosis
914 2041 1243 2096 consurgens
1289 2025 1526 2083 aediﬁciis
1552 2029 1772 2084 alterius

236 2117 375 2172 Romae
400 2115 617 2169 nomine
652 2115 989 2170 censebatur.
1033 2114 1188 2169 Anno
1227 2115 1486 2186 siquidem
1529 2126 1552 2154 °
1589 2125 1772 2172 cente-

232 2211 332 2264 simo
364 2205 769 2277 quadragesimo
805 2205 965 2260 tertio
993 2205 1060 2260 ab
1096 2200 1240 2260 Urbe
1279 2206 1494 2261 condita
1533 2207 1772 2262 civitatis

231 2299 416 2369 ejusdem
434 2296 697 2352 aedificata
717 2303 842 2352 sunt
862 2294 1232 2360 fundamenta,
1251 2296 1391 2351 circa
1413 2305 1621 2367 tempus
1642 2296 1771 2352 illud

231 2403 308 2458 quo
330 2394 715 2442 sacrosanctum
754 2383 966 2439 Domini
1007 2384 1264 2454 templum
1300 2399 1331 2439 a
1358 2384 1622 2440 Chaldaeis
1649 2400 1770 2440 suc-

231 2495 398 2536 censum
423 2486 541 2544 est,
584 2485 639 2532 et
668 2475 960 2531 Jerusalem
991 2475 1179 2530 civitas
1223 2484 1411 2531 saneta
1459 2491 1555 2545 per
1591 2475 1770 2530 Nabu-

231 2571 511 2627 cbodonosor
538 2578 632 2626 est
659 2583 867 2623 eversa.
918 2566 974 2622 ln
1009 2567 1197 2622 diebus
1231 2567 1334 2622 illis
1372 2568 1806 2636 transmigravit~

231 2657 454 2723 Ezechiel,
484 2667 538 2713 et
570 2673 670 2713 rex
707 2656 950 2712 Joachim
991 2657 1186 2726 legitur
1214 2658 1542 2728 captivatus,
1574 2667 1630 2712 et
1660 2658 1770 2714 Ro-

229 2767 455 2806 manorum
508 2766 613 2806 rex
663 2749 984 2818 Tarquinius
1049 2750 1420 2819 interemptus.
1501 2749 1771 2806 Successit

231 2843 359 2899 eidem
395 2842 411 2880 ί
443 2840 670 2896 Servius
694 2879 709 2906 ,
751 2840 842 2910 qui
869 2839 1132 2894 minorem
1165 2839 1429 2907 Romam,
1461 2856 1581 2910 quae
1627 2858 1769 2899 nunc

229 2931 472 2988 Tornaeum
499 2931 730 2996 dicitur,
763 2945 928 2999 super
955 2941 1174 2984 centum
1211 2930 1398 2998 viginti
1423 2932 1665 3002 quinque
1692 2932 1770 2988 ci-

229 3024 371 3078 vitates
397 3023 471 3078 vel
497 3021 704 3093 oppida
733 3020 1061 3086 sublimavit,
1091 3029 1149 3074 ut
1177 3036 1244 3074 ex
1274 3021 1337 3076 iis
1366 3036 1559 3076 census
1583 3030 1638 3076 et
1667 3023 1768 3078 tri-

229 3114 319 3168 bula
339 3114 624 3182 colligeret,
649 3127 769 3182 qua:
799 3110 1056 3165 Romanis
1084 3111 1425 3180 postmodum
1450 3110 1765 3167 destinaret.

229 3205 304 3259 Sed
327 3206 540 3260 insolens
577 3205 714 3259 facta
746 3219 854 3273 pne
883 3203 1222 3258 multitudine
1255 3203 1446 3257 virium
1470 3243 1486 3270 ,
1517 3219 1660 3259 anno
1699 3202 1768 3258 24

230 3299 357 3352 Servii
391 3299 526 3368 regis
582 3296 740 3351 desiit
785 3295 852 3349 ab
899 3295 1182 3366 impendiis
1223 3295 1577 3364 tributorum,
1606 3303 1662 3351 et
1690 3296 1768 3352 sic

230 3390 343 3443 annis
363 3388 423 3441 40
449 3389 514 3443 ab
541 3387 664 3456 ejus
690 3387 1073 3442 constitutione
1097 3386 1238 3442 dicta
1269 3387 1458 3442 civitas
1482 3388 1684 3458 quievit
1712 3389 1768 3444 in

227 3494 340 3548 pace.
373 3479 472 3536 Sed
501 3479 739 3535 Romani
770 3479 947 3534 missis
973 3479 1270 3547 legionibus
1298 3481 1352 3535 in
1381 3481 1608 3536 rebelles
1631 3497 1768 3551 pne-

228 3569 318 3624 lium
342 3573 614 3638 suscitant,
639 3579 694 3624 et
717 3578 837 3640 post
867 3561 1124 3640 plurimos
1148 3570 1272 3624 hinc
1301 3569 1424 3624 inde
1447 3585 1768 3640 congressus

228 3675 330 3736 anno
359 3661 520 3716 Servii
567 3663 847 3730 trigesimo
887 3669 1082 3730 quarto
1118 3661 1216 3716 sub
1247 3676 1412 3716 onere
1441 3662 1767 3718 tributorum

230 3755 404 3822 pristino
444 3753 799 3825 rependendo
841 3769 961 3808 cum
995 3753 1253 3807 Romanis
1284 3768 1471 3822 pacem
1500 3755 1602 3810 sibi
1631 3771 1767 3811 con-

230 3845 365 3899 tiliant
389 3856 438 3900 et
478 3845 800 3900 reformant.
847 3843 956 3899 Nec
996 3844 1224 3914 amplius
1252 3843 1395 3899 dicta
1423 3856 1505 3900 est
1535 3847 1765 3902 secunda

231 3935 374 4003 Roma,
400 3937 488 3992 sed
519 3936 746 3991 Hostilis
773 3936 962 3990 civitas
989 3935 1260 4005 appellata
1283 3946 1386 3992 est.
1419 3937 1527 3994 Sed
1555 3938 1769 3995 labente

230 4033 417 4096 tempore
445 4043 567 4082 cum
598 4025 847 4095 regnaret
878 4036 901 4073 ε
936 4025 1280 4092 Artaxerxes,
1303 4028 1395 4096 qui
1423 4043 1645 4097 regnum
1675 4030 1770 4085 de-

229 4118 374 4170 struxit
394 4117 631 4188 rEgypti,
656 4117 843 4171 civitas
870 4113 1086 4170 Hostilis
1114 4115 1382 4171 destructa
1405 4125 1506 4185 est,
1529 4127 1585 4174 et
1611 4118 1769 4175 Elea-

227 4220 316 4261 zaro
339 4210 667 4279 principante
699 4206 929 4275 Judmis,
961 4207 1216 4262 vicesimo
1246 4219 1402 4264 sexto
1433 4207 1459 4247 ιι
1491 4210 1766 4266 Ptolemzei

225 4299 330 4365 regis
355 4315 486 4354 anno
517 4297 870 4363 remdiﬁcata,
914 4297 1139 4353 Nervius
1173 4301 1438 4370 appellata
1478 4311 1578 4356 est.
1614 4301 1769 4358 Prius

228 4387 350 4444 altera
389 4390 551 4447 Roma
598 4406 695 4462 pro
721 4391 906 4459 gloriae
945 4388 1245 4460 dignitate;
1294 4393 1530 4448 secundo
1577 4395 1765 4450 civitas

282 4527 292 4597 ξ
319 4525 445 4597 Alias
469 4528 633 4582 etiam
659 4541 781 4597 cap.
813 4542 849 4581 ι.

280 4595 294 4623 ³
312 4596 438 4650 Alias
464 4613 585 4666 cap.
619 4614 675 4652 ιι.

269 4673 296 4742 ,ι
331 4665 545 4720 Finibus
562 4667 819 4742 _di(Bcesis
861 4665 998 4720 ultra
1037 4666 1236 4736 Brugas
1283 4665 1350 4721 ad
1397 4682 1545 4723 mare
1592 4683 1761 4738 usque

230 4737 321 4805 olim
352 4737 627 4805 protensis.

279 4804 297 4840 δ
319 4804 510 4876 Sealdis
539 4806 686 4861 fluvii
712 4807 1010 4876 pmcipue,
1039 4807 1130 4876 qui
1160 4809 1345 4863 urbem
1374 4817 1540 4862 secat.

281 4884 297 4910 ε
322 4874 438 4931 Ilinc
460 4877 669 4931 initium
688 4874 845 4931 datur
869 4874 1072 4931 fabulis
1085 4877 1152 4936 de
1180 4878 1387 4946 origine
1409 4877 1758 4944 Tornacensi,

230 4955 315 5015 que
339 4946 452 5015 ipsis
481 4947 910 5001 Tornacensibus
936 4948 1062 5000 olim
1105 4948 1156 5001 in
1199 4948 1404 5004 deliciis
1444 4959 1636 5013 erant,
1668 4951 1762 5005 sed

228 5014 476 5087 nodulum
506 5018 576 5071 ab
606 5018 708 5071 illis
735 5032 892 5087 quam
924 5019 1162 5071 externis
1190 5019 1520 5087 rejiciuntur.
1554 5017 1657 5074 Eas
1685 5020 1763 5075 fa-

229 5080 342 5158 bulas
383 5087 700 5158 revelationi
744 5080 960 5141 Henrici
989 5080 1268 5158 Canonici}
1299 5097 1356 5142 ut
1386 5089 1621 5158 aliquam
1651 5092 1764 5146 veri

230 5155 414 5228 speciem
445 5173 554 5226 pra:
583 5172 649 5228 se
668 5156 886 5228 ferrent,
919 5159 1191 5228 appositas
1220 5157 1380 5214 fuisse
1407 5155 1654 5214 diiimns.

280 5220 299 5256 “
338 5226 408 5299 An
437 5220 560 5281 huic
590 5227 725 5299 adeo
755 5227 918 5280 latum
953 5220 1242 5297 imperium
1269 5269 1282 5290 ,
1319 5245 1386 5299 ac
1410 5240 1596 5299 postea
1622 5230 1764 5287 Julio

228 5286 414 5368 gestari,
453 5299 542 5366 qui
590 5297 951 5368 Romanorum
995 5286 1197 5366 primus
1236 5286 1286 5350 in
1317 5286 1582 5368 Belgicam
1614 5286 1764 5355 arma

229 5364 394 5436 intulit?
437 5364 688 5435 Augustis
737 5367 912 5420 adhuc
941 5364 1180 5421 terminis
1209 5364 1436 5436 regnum
1464 5368 1764 5425 llomanum

227 5432 298 5482 sub
318 5432 596 5504 Tarquinio
623 5437 948 5491 conclusum.

279 5509 298 5535 ε
323 5503 475 5577 Anno
511 5505 668 5560 Urbis
709 5507 938 5562 conditae
979 5507 1076 5560 HO
1104 5508 1267 5577 erepit
1315 5506 1633 5576 Tarquinius
1682 5527 1768 5565 re-

227 5575 479 5653 gnare,_ad
507 5592 705 5653 annum
736 5592 914 5653 usque
936 5577 1031 5653 l_77
1060 5617 1082 5653 ,_
1124 5575 1276 5646 cujus
1322 5575 1470 5644 regni
1521 5588 1764 5650 tempore

229 5634 360 5715 ludzei
390 5646 438 5698 in
473 5634 839 5715 captivitatem
869 5634 1084 5702 abducti
1114 5634 1256 5702 sunt.

209 5749 238 5783 η
284 5708 297 5745 ί
324 5713 529 5770 Servius
545 5708 797 5785 regnavit
825 5717 892 5770 ab
921 5733 1062 5772 anno
1095 5717 1158 5773 U.
1193 5719 1252 5774 C.
1295 5721 1390 5773 177
1420 5721 1484 5774 ad
1512 5719 1637 5784 Sil,
1669 5723 1762 5778 sed

229 5785 333 5834 intra
355 5788 503 5856 regni
533 5786 805 5856 Tarquinii
840 5787 1052 5843 limites.

281 5857 301 5896 ε
341 5852 669 5914 Artaxerxes
693 5858 892 5914 bellum
942 5860 992 5915 in
1038 5856 1326 5927 .I'Egyptum
1360 5863 1527 5917 movit.
1563 5880 1700 5921 anno
1729 5867 1762 5920 ’Ξ

1812 495 1859 548 Α
1887 493 2107 552 Hostilis
2133 513 2163 550 a
2189 497 2533 563 fortitudine;
2576 499 2736 553 tertio
2764 499 2987 556 Nervius
3021 517 3051 556 a
3088 503 3102 539 ί
3131 501 3326 560 Servio
3356 505 3469 560 Ro-

1883 602 2164 642 manorum
2193 601 2318 657 rege
2343 606 2356 641 :
2381 587 2477 643 sed
2508 589 2676 658 prima
2703 589 2878 649 littera
2903 593 3230 659 mutabatur,
3265 611 3332 649 ne
3355 595 3470 650 for-

1883 686 2024 732 tasse
2049 679 2322 734 servitutis
2356 679 2532 747 elogio
2560 689 2858 737 notaretur.

1947 770 2002 825 5.
2045 771 2177 825 Cum
2204 780 2386 827 autem
2413 772 2739 843 procedente
2769 777 2942 846 spatio
2969 779 3224 847 temporis
3251 779 3265 829 l
3299 778 3474 835 Julius

1879 861 2060 918 Caesar
2087 863 2154 917 ad
2185 863 2529 920 obtinendam
2568 864 2792 920 Galliam
2822 869 3127 923 mitteretur
3146 911 3160 936 ,
3190 881 3244 924 et
3275 871 3326 924 in
3355 871 3472 925 bel4

1877 954 2051 1010 lorum
2076 955 2348 1010 exercitiis
2371 963 2662 1024 occupatus
2678 971 2773 1026 per
2793 956 3111 1014 decennium
3134 975 3282 1016 mora
3292 970 3464 1028 retur,

1937 1071 2094 1129 Quem
2114 1070 2274 1120 tenuit
2297 1070 2507 1131 geminis
2530 1069 2794 1120 bellantem
2814 1070 2984 1121 Gaillia
3009 1073 3176 1122 lustris

1875 1170 2091 1224 tandem
2124 1167 2192 1224 de
2217 1166 2389 1224 Gallia
2421 1167 2786 1239 triumphavit,
2817 1172 2907 1242 qui
2932 1173 3187 1229 barbaras
3217 1175 3466 1230 nationes

1875 1268 1930 1314 et
1955 1259 2240 1315 indomitas
2262 1258 2587 1313 sublimavit.
2620 1258 2755 1313 Nam

1996 1376 2307 1442 Cappadoces
2329 1373 3060 1442 Cilicasque‘fet‘osTaurosque
3094 1380 3314 1442 subegit,

2000 1437 2156 1494 Quem
2179 1438 2396 1487 domitus
2417 1437 2644 1496 cognovit
2667 1437 2842 1497 Arabs,
2866 1445 2918 1485 ct
2939 1438 3104 1487 dedita
3125 1437 3275 1490 sacris

2001 1499 2175 1550 Incerti
2205 1498 2372 1547 Judaea
2399 1497 2508 1546 Dei.

1874 1603 1943 1658 Et
1977 1611 2036 1658 ut
2075 1602 2319 1672 egregius
2369 1601 2457 1656 ille
2504 1599 2970 1670 historiographus
3017 1601 3136 1655 ait:
3169 1599 3297 1670 Ejus
3337 1612 3458 1672 post

1872 1695 2095 1750 multam
2121 1693 2396 1762 sanguinis
2421 1691 2689 1748 fusionem
2717 1691 2897 1762 paruit
2917 1691 3088 1747 Gallia
3118 1693 3308 1748 ditioni
3337 1712 3350 1748 :

2482 1805 2795 1867 Nimiumque
2819 1805 3025 1855 rebellis

1999 1868 2235 1924 Nervius,
2276 1874 2326 1916 et
2353 1868 2464 1916 caesi
2494 1867 2706 1930 pollutus
2739 1869 2979 1992 sanguine
3013 1874 3161 1989 opere

2891 1942 3031 1978 utan.

1872 2033 2024 2090 Sicut
2049 2033 2383 2088 manifestius
2411 2033 2604 2104 legitur
2630 2034 2683 2089 in
2709 2033 2946 2089 secundo
2966 2033 3104 2089 libro
3129 2031 3253 2088 Julii
3279 2031 3454 2090 Ctesa-

1871 2130 1978 2194 ris,
2007 2129 2098 2199 qui
2127 2127 2432 2182 inscribitur
2460 2127 2584 2181 belli
2613 2127 2800 2182 Gallici
2831 2142 2860 2181 a
2889 2142 2948 2182 se
2976 2125 3228 2183 confecti.
3263 2126 3454 2186 Iisdem

1870 2237 2002 2278 vero
2048 2222 2382 2291 temporibus
2421 2221 2447 2259 ιι
2489 2222 2699 2277 Turnus
2748 2238 2841 2277 rex
2894 2221 3210 2278 Nerviorum
3260 2217 3463 2288 populo

1869 2311 2080 2382 praefuit
2107 2331 2120 2366 :
2151 2329 2180 2366 a
2205 2328 2313 2382 quo
2343 2313 2529 2369 civitas
2558 2313 2834 2369 Tornacus
2856 2329 3049 2369 nomen
3071 2312 3298 2383 accepit.
3322 2312 3456 2378 Quia

1870 2404 2008 2460 sicut
2047 2401 2258 2484 Turnus
2294 2410 2481 2460 contra
2513 2400 2738 2458 Eneam
2759 2445 2775 2472 ,
2804 2403 2882 2459 sic
2912 2403 3013 2459 iste
3041 2412 3231 2459 contra
3258 2400 3456 2455 Julium

1871 2496 2083 2551 fortiter
2109 2496 2402 2552 dimicavit.
3007 2541 3010 2544 .

1943 2589 1962 2620 ³
2003 2589 2129 2643 Post
2157 2598 2384 2645 mortem
2411 2586 2532 2642 Julii
2554 2585 2777 2642 Caesaris
2796 2596 3055 2656 regnante
3080 2587 3318 2654 Augusto
3337 2582 3456 2638 Ca:-

1868 2694 2007 2744 sare,
2041 2694 2182 2734 anno
2213 2680 2417 2750 imperii
2449 2677 2564 2747 ejus
2592 2677 3003 2747 quadragesimo
3029 2675 3283 2740 secundo,
3313 2689 3458 2729 anno

1871 2772 1938 2828 ab
1971 2773 2102 2828 orbe
2131 2771 2350 2828 condito
2386 2771 2672 2840 quinquies
2711 2769 2994 2824 millesimo
3031 2768 3325 2824 centesimo
3355 2782 3456 2821 no-

1871 2861 2144 2929 nagesimo
2173 2875 2338 2928 nono,
2381 2868 2436 2914 et
2459 2860 2527 2914 ab
2558 2857 2701 2914 Urbe
2729 2859 2945 2914 condita
2975 2857 3458 2928 septingentesimo

1867 2952 2309 3022 quinquagesimo
2332 2949 2586 3016 secundo,
2617 2958 2671 3006 et
2692 2965 2722 3004 a
2743 2949 2917 3020 prima
2945 2949 3255 3004 conditione
3283 2946 3298 2987 ι
3324 2947 3457 3003 Tor-

1871 3043 1988 3098 naci
2018 3041 2448 3112 quingentesimo
2477 3042 2824 3110 nonagesimo
2853 3039 2965 3096 fere
2994 3041 3176 3109 tertio,
3202 3039 3461 3095 Dominus

1867 3133 2021 3191 Jesns
2049 3133 2292 3189 Christus
2321 3133 2372 3186 in
2405 3131 2683 3186 Bethleem
2723 3130 2790 3186 de
2828 3131 3050 3201 Virgine
3087 3131 3362 3196 nascitur,
3404 3136 3460 3184 et

1797 3240 1840 3300 ί]
1871 3224 2107 3280 secundo
2136 3234 2172 3261 ιιι
2203 3222 2431 3278 Neronis
2459 3237 2601 3277 anno
2632 3222 2650 3292 (
2680 3221 2937 3277 videlicet
2977 3221 3120 3277 circa
3163 3235 3359 3275 annum
3390 3219 3460 3274 ab

1871 3313 2239 3369 incarnatione
2286 3310 2498 3367 Domini
2543 3307 3084 3381 quinquagesimum)
3133 3325 3164 3364 a
3203 3308 3462 3366 Romanis

1870 3403 2224 3460 Tornacensis
2245 3403 2432 3458 civitas
2455 3410 2484 3438 ιι
2513 3407 2864 3456 restauratnr.

1941 3517 1994 3573 4.
2035 3517 2398 3572 Cucurrerunt
2436 3515 2704 3585 apostoli,
2744 3522 2852 3568 tam
2895 3514 3016 3568 vitae
3054 3513 3262 3584 prodigi
3298 3528 3460 3582 quam

1870 3609 2088 3672 laboris,
2111 3607 2176 3662 ad
2207 3615 2420 3662 exteras
2449 3606 2694 3660 nationes
2727 3623 2739 3658 :
2767 3604 3034 3660 Christum
3066 3605 3262 3672 ubique
3285 3611 3459 3658 terra-

1870 3715 1989 3754 rum
2028 3700 2378 3754 disseminant
2410 3715 2422 3750 :
2454 3696 2833 3751 disseminatus
2872 3694 3137 3762 germinat
3185 3694 3328 3747 viros
3368 3708 3461 3748 ca~

1873 3789 2104 3844 tholicos
2151 3797 2207 3843 et
2253 3786 2454 3842 ﬁdeles.
2502 3785 2572 3851 Et
2621 3786 2748 3840 dum
2792 3783 3082 3839 secundum
3133 3781 3458 3854 Prophetam

1873 3881 1890 3952 (
1919 3879 2050 3934 Isai.
2083 3895 2247 3945 xxvii,
2278 3878 2353 3946 6)
2396 3877 2621 3947 implent
2657 3874 2862 3930 faciem‘
2886 3875 3032 3929 orbis
3058 3874 3262 3928 semine
3287 3915 3302 3941 ,
3332 3889 3459 3943 pur-

1869 3981 2065 4042 gantur
2090 3973 2292 4026 zizania
2321 3971 2606 4036 vitiorum;
2636 3968 2814 4036 fruges
2843 3967 3143 4022 exuberant
3167 3980 3376 4021 morum
3405 3973 3460 4020 et

1872 4064 1992 4119 ﬁdei
2021 4064 2336 4135 disciplime.
2377 4062 2760 4118 Successerunt
2797 4069 2917 4130 post
2953 4058 3229 4130 apostolos
3258 4067 3460 4130 marty-

1871 4171 1992 4221 res,
2019 4153 2355 4210 confessores
2386 4152 2715 4220 temporibus
2744 4149 3065 4220 opportunis
3094 4149 3278 4204 mundi
3308 4157 3459 4212 tene-

1871 4249 1996 4303 bras
2041 4247 2442 4310 illuminantes,
2493 4244 2654 4299 radiis
2696 4243 2938 4298 veritatis
2984 4240 3325 4309 fulgentibus.
3369 4239 3458 4294 Sic

1873 4340 2018 4395 enim
2049 4338 2117 4393 ad
2146 4337 2547 4392 illuminandam
2594 4344 2808 4390 noctem
2855 4334 2977 4387 vitae
3007 4333 3284 4402 praesentis
3313 4339 3457 4384 astra

1870 4444 2096 4500 qumque
2119 4429 2229 4484 suis
2256 4427 2458 4482 viribus
2487 4427 2540 4481 in
2559 4425 2689 4488 ,cazli
2719 4424 2905 4478 faciem
2934 4422 3175 4484 veniunt,
3203 4421 3376 4475 donec
3404 4420 3458 4474 in

1871 4559 2190 4631 Olympiadis
2221 4558 2313 4612 lOl
2339 4601 2366 4631 ι
2483 4557 2543 4612 C.
2571 4556 2692 4610 579.

1944 4629 1972 4667 ιι
2020 4623 2310 4684 Ptolemmo
2342 4628 2703 4682 Philom‘etore
2751 4633 3044 4694 regnante,
3093 4624 3160 4678 ab
3193 4623 3458 4677 Antiocho

1867 4699 2145 4772 Epiphanes
2174 4713 2299 4772 rege
2323 4697 2681 4772 Syrize‘occisi
2706 4705 2832 4751 sunt
2859 4695 3226 4772 Eleazarusnet
3249 4702 3456 4772 septem

1867 4760 2059 4826 fratres
2096 4760 2384 4824 Mach'abmi
2409 4809 2424 4834 ,
2463 4768 2606 4822 circa
2645 4782 2844 4821 annum
2895 4763 2957 4819 U.
2997 4765 3059 4818 ϐ.
3101 4761 3226 4828 586,
3268 4771 3322 4816 et
3354 4760 3458 4814 168

1867 4849 1993 4894 ante
2021 4840 2291 4894 Christum
2322 4847 2527 4893 natum.

1947 4913 1961 4947 ι
1997 4910 2102 4965 Sed
2123 4910 2284 4963 annis.
2306 4908 2430 4972 560.
2460 4916 2514 4962 et
2543 4906 2768 4976 amplius
2797 4914 2917 4976 post
2946 4902 3157 4976 obitum
3187 4900 3378 4976 Servii.

1946 4979 1959 5030 ἱ
1997 4980 2152 5034 Anno
2179 4978 2245 5033 U.
2277 4981 2337 5033 (ἰ.
2373 4971 2475 5032 ϋ96
2502 4971 2726 5033 Galli—am
2755 4971 3080 5044 provinciam
3109 4971 3359 5036 obtinuit,
3393 4986 3455 5026 ac
3539 5032 3548 5044 λ

1868 5051 2113 5118 sequenti
2141 5050 2347 5104 domuit
2388 5048 2651 5118 Nervios.
2700 5042 2894 5115 quibus
2936 5042 3226 5098 Guibertus
3271 5056 3456 5097 errore

1869 5115 1980 5174 tum
2006 5127 2224 5190 recepto
2253 5115 2982 5190 annumerat_'l‘ogiacenses.

1941 5190 1965 5226 ιι
1997 5189 2063 5245 Ει
2101 5181 2212 5244 ὴξῡε
2250 5191 2406 5244 anilis
2453 5187 2626 5241 fabula
2676 5181 3098 5238 Tornacensium
3137 5191 3220 5238 est
3244 5223 3259 5247 ,
3301 5181 3455 5251 cujus

1868 5261 2069 5330 nullum
2102 5259 2239 5330 apud
2273 5259 2470 5314 Julium
2497 5256 2761 5309 Caesarem
2795 5254 3094 5322 vestigium.

1947 5328 1963 5369 ¹
1997 5322 2152 5385 lianc
2190 5331 2382 5384 seriem
2427 5342 2688 5380 annorum
2717 5358 2734 5390 ς
2761 5340 2988 5394 quorum
3022 5340 3088 5378 ne
3134 5323 3219 5378 vel
3254 5322 3454 5394 unicus

1868 5409 2017 5455 recte
2061 5401 2362 5465 ordinatur,
2392 5397 2626 5451 refutare
2666 5393 2950 5462 nolumus,
2980 5394 3124 5462 quod
3153 5408 3182 5446 a
3213 5393 3454 5462 plurimis

1870 5471 1997 5525 viris
2023 5469 2245 5524 eruditis
2273 5468 2492 5522 factum.

1929 5551 1966 5577 ιιι
1999 5540 2062 5606 Q.
2095 5540 2275 5593 Asinio
2306 5538 2554 5593 Marcello
2581 5545 2635 5592 et
2664 5537 2732 5591 Μ.
2761 5533 3153 5606 AcilioAviola
3169 5547 3308 5586 coss.
3341 5531 3458 5606 sive

1870 5601 2159 5664 animiam-1e
2190 5609 2505 5663 Christiana:
2531 5607 2626 5672 54,
2655 5618 2868 5662 mortuo
2890 5603 3114 5661 Claudio
3142 5601 3460 5673 imperatori

1866 5681 2124 5735 successit
2153 5678 2311 5732 Nero.

1942 5760 1966 5785 η
1999 5750 2126 5802 Acta
2156 5748 2210 5802 S.
2243 5748 2373 5804 l’iati
2405 5758 2512 5804 tum
2537 5749 2710 5820 primo
2733 5746 3002 5804 conditam
3027 5742 3244 5799 tradunt
3269 5739 3471 5800 urbem

1867 5821 2286 5876 Tornaccnsem.
