4068 6342
554 398 624 455 05
1052 390 1059 405 ’
1454 397 1511 453 S.
1553 392 1965 454 ELEL'TllEllll
2009 396 2162 454 ‘v'l'fA
2206 394 2524 454 AUCTORE
2560 394 2926 457 GUIBERTO.
3761 398 3834 459 αι

554 518 819 572 matutino
848 515 1147 572 Luciferqu
1177 515 1422 570 homines
1451 515 1706 585 ell'ulgere
1741 522 1986 571 cernunt.
2032 511 2137 567 No-
2170 515 2210 570 Α
2243 514 2459 569 nomine
2488 514 2780 571 llirenteus.
2813 515 2910 571 llic
2936 515 3062 571 dum
3092 531 3219 570 suos
3248 527 3493 586 posteros
3522 513 3834 575 informavit

551 617 797 663 cturnum
827 607 1025 662 etenim
1061 607 1293 677 spatium
1322 606 1447 660 dum
1476 604 1933 661 descendentium
1951 619 2138 659 succe-

552 697 901 766 dentiumque
947 698 1223 752 stellarum
1272 694 1515 750 cursibus
1563 694 1896 761 illustratur,
1944 707 2137 762 magno

551 790 675 844 cmli
704 789 902 845 decore
929 791 1236 860 peragitur;
1275 788 1354 842 sic
1392 795 1539 841 certe
1576 786 1751 842 donec
1794 786 1847 841 in
1876 786 2137 840 matutino

551 877 735 945 gloria:
766 878 978 933 Lucifer
1003 893 1161 932 verus
1190 884 1481 947 appareat,
1512 892 1620 931 uox
1646 876 1925 931 militantis
1952 874 2139 931 Eccle-

552 971 646 1024 siae
683 970 788 1025 sibi
814 970 1225 1027 succedentibus
1265 969 1475 1024 erudita
1514 969 1825 1026 doctoribus
1862 968 2047 1025 rutilat
2081 976 2138 1023 et

552 1070 818 1117 coruscat.
850 1061 955 1117 Pro
977 1062 1216 1132 patribus
1236 1075 1364 1130 ergo
1386 1062 1494 1116 nati
1523 1071 1650 1117 sunt
1673 1062 1783 1129 lilii,
1809 1062 1908 1116 viri
1931 1062 2138 1118 scilicet

553 1153 854 1220 apostolici,
877 1153 966 1223 qui
995 1153 1272 1223 sapientia:
1301 1153 1421 1209 luce
1449 1153 1668 1225 perfusi,
1694 1163 1751 1209 et
1779 1154 1899 1209 lidei
1928 1154 2138 1210 fervore

553 1243 834 1305 succensi,
880 1242 1091 1299 diversa
1138 1243 1321 1298 mundi
1358 1242 1572 1299 climata
1611 1251 1735 1298 sunt
1767 1244 1964 1298 sortiti.
2003 1243 2135 1299 Nam

553 1333 693 1386 sicut
722 1333 956 1389 Thomas
982 1336 1204 1391 sortitus
1232 1343 1314 1392 est
1344 1334 1589 1400 Parthos,
1621 1335 1901 1392 Matthzeus
1925 1336 2139 1392 IEthio-

551 1440 665 1493 pcs,
699 1423 1125 1482 Bartholomzeus
1153 1426 1458 1483 citeriorem
1487 1426 1711 1492 Indiam,
1744 1428 1984 1485 Andreas
2007 1428 2140 1501 Scy-

553 1517 741 1583 thiam,
788 1516 1023 1573 Joannes
1051 1518 1249 1584 Asiam,
1279 1519 1467 1575 Petrus
1489 1518 1741 1585 Pontum,
1769 1519 2056 1590 Galatiam,
2084 1531 2140 1578 et

550 1612 736 1665 ceteri
780 1618 1005 1669 caeteras
1039 1614 1380 1669 illustravere
1416 1616 1751 1686 provincias;
1789 1618 1868 1673 sic
1895 1626 2139 1688 postmo-

551 1701 679 1755 dum
725 1700 1080 1759 Parisiensem
1128 1704 1382 1774 populum
1413 1717 1437 1743 ι·
1483 1706 1766 1779 Dionysius
1810 1723 1933 1763 cum
1978 1710 2141 1765 sociis

552 1789 709 1860 adiit,
736 1790 1000 1848 Lueiauus
1027 1794 1403 1851 Belvacensem
1433 1798 1687 1866 expetiit,
1726 1798 2136 1854 Ambianensem

2241 602 2307 656 ad
2334 602 2513 671 tidem,
2541 620 2638 660 sua
2665 607 2927 677 sapientia
2958 606 3203 663 liberavit
3227 622 3258 661 a
3279 608 3503 663 crimine
3531 607 3828 664 civitatem.

2240 694 2344 749 Iste
2373 703 2455 749 est
2485 695 2761 751 llirenteus
2784 738 2799 762 ,
2841 697 2932 766 qui
2962 696 3238 753 confessus
3278 698 3489 769 publice
3534 698 3830 767 Christum,

2239 795 2490 856 suscepto
2513 786 2540 824 δ
2569 788 2827 859 martyrio
2855 789 3104 858 migravit
3133 789 3359 845 feliciter
3386 785 3454 843 ad
3479 789 3827 860 triumphum.

2309 878 2363 933 ϐ.
2408 878 2506 933 llic
2538 888 2561 918 ε
2595 878 2762 933 lilium
2791 894 2850 934 rc
2879 895 2943 935 ac
2967 879 3183 935 nomine
3209 879 3468 935 Serenum
3500 881 3707 949 genuit,
3736 881 3831 950 qui

2239 968 2545 1025 divitiarum
2585 970 2753 1041 gloria
2781 1012 2797 1038 ,
2836 978 3120 1040 parentum
3147 971 3385 1041 potentia
3410 1012 3426 1035 ,
3468 971 3710 1025 veritatis
3738 987 3829 1025 sa-

2241 1059 2439 1129 pientia
2465 1100 2479 1122 ,
2512 1059 2727 1129 pietatis
2774 1058 3047 1115 afﬂuentia
3096 1061 3289 1131 plenus
3326 1058 3444 1115 fuit.
3494 1059 3664 1130 Hujus
3695 1076 3833 1116 uxor

2242 1148 2446 1204 Blanda
2496 1158 2602 1204 tam
2650 1166 2779 1206 vero
2825 1167 2984 1221 quam
3014 1152 3235 1222 proprio
3265 1152 3481 1208 nomine
3507 1152 3825 1218 vocabatur,

2240 1249 2301 1295 ut
2328 1250 2546 1310 putares
2573 1242 2694 1313 quia
2726 1242 2907 1298 cordis
2932 1244 3195 1300 serenitas
3224 1252 3280 1299 et
3306 1244 3573 1301 sermonis
3593 1245 3831 1303 suavitas

2240 1333 2473 1403 quodam
2502 1334 2765 1404 spirituali
2792 1334 3042 1405 conjugio
3070 1337 3387 1392 ditarentur.
3417 1335 3485 1391 Et
3510 1337 3636 1406 quia
3665 1338 3831 1393 arbor

2240 1424 2381 1479 bona
2411 1424 2643 1479 fructum
2669 1424 2868 1481 bonum
2898 1441 2967 1482 ex
2988 1442 3045 1481 se
3073 1427 3337 1498 producit,
3364 1435 3420 1483 et
3445 1427 3588 1498 quod
3616 1436 3828 1498 patrem

2243 1513 2433 1568 viderit
2463 1514 2744 1569 facientem
2770 1554 2784 1578 ,
2819 1516 2958 1572 filius
2988 1516 3127 1571 idem
3168 1516 3330 1582 facit,
3368 1517 3701 1575 declinantes
3728 1515 3829 1573 ali-

2240 1604 2556 1674 quantisper
2584 1604 2651 1659 ad
2679 1620 2958 1676 vesperam
2989 1606 3281 1661 senectutis
3302 1648 3318 1674 ,
3357 1606 3483 1663 dum
3518 1608 3588 1663 ob
3624 1605 3827 1664 cultum

2243 1694 2363 1751 fidei
2394 1695 2795 1766 propagandum
2842 1705 3037 1752 vacant
3072 1695 3251 1753 oﬂicio
3277 1698 3482 1769 copula:
3509 1699 3823 1770 conjugalis,

2242 1787 2426 1843 divino
2454 1803 2677 1844 munere
2720 1788 3019 1859 suscipiunt
3060 1789 3325 1846 bzeredem
3348 1830 3364 1857 ,
3414 1797 3523 1845 tam
3562 1782 3826 1847 bonorum

552 1879 853 1946 Quintinus,
879 1882 1318 1940 Suessionensem
1342 1884 1620 1956 Crispinus
1651 1894 1706 1941 et
1732 1886 2136 1957 Crispinianus;
2172 1880 2213 1936 Β
2242 1894 2460 1947 suorum
2509 1894 2670 1949 quam
2707 1880 2925 1950 Ρῖθιθιίε
2953 1895 3018 1936 ac
3045 1879 3169 1935 ﬁdei
3195 1895 3582 1937 successorem
3632 1879 3825 1936 Filium

553 1968 734 2026 Piatus
780 1989 909 2029 vero
950 1975 1204 2044 populum
1245 1976 1662 2040 Tornacensem.
1715 1978 1968 2044 Quicum
1994 1987 2138 2034 esset

554 2063 747 2117 nobilis
774 2078 972 2132 genere
992 2108 1007 2134 ,
1036 2066 1130 2122 sed
1158 2067 1387 2122 nobilior
1425 2067 1558 2134 fide,
1590 2068 2002 2126 Beneventanus
2030 2070 2137 2125 ori-

550 2152 695 2219 gine,
729 2154 1048 2223 prmdicator
1075 2156 1276 2225 oﬂicio,
1306 2158 1475 2213 dulcis
1498 2160 1735 2229 eloquio,
1769 2167 1972 2233 martyr
1997 2161 2131 2216 desi-

550 2243 829 2313 derio,sed
843 2249 1117 2316 apostolus
1143 2250 1280 2317 zelo,
1303 2260 1490 2319 gentes
1510 2252 1816 2318 indomitas,
1838 2261 1892 2307 et
1914 2253 2139 2308 incultas

548 2345 673 2407 post
714 2338 935 2393 multam
986 2341 1380 2411 prmdicationis
1419 2344 1725 2399 instantiam
1760 2345 2027 2399 convertit
2069 2345 2136 2399 ad

549 2427 671 2481 fidei
712 2428 1067 2500 disciplinam.
1113 2433 1478 2502 Regnantibus
1515 2444 1693 2491 autem
1725 2437 2054 2493 Diocletiano
2083 2445 2139 2490 et

548 2514 895 2586 Max'miano,
926 2529 1047 2589 post
1072 2522 1234 2577 multa
1262 2538 1457 2591 genera
1485 2534 1892 2591 tormentorum,
1918 2528 2134 2582 tandem

548 2608 866 2676 praecisione
916 2612 1107 2681 capitis
1152 2613 1203 2667 in
1248 2614 1436 2669 eodem
1488 2618 1760 2674 territorio
1805 2619 2135 2674 Tornacensi

547 2699 745 2752 meruit
773 2699 1018 2757 obtinere
1054 2701 1413 2760 desideratum
1448 2705 1650 2763 diutius
1687 2709 1928 2765 bravium
1959 2717 2013 2765 et
2043 2727 2138 2765 eo-

547 2801 736 2843 ronam
755 2829 771 2854 ,
810 2792 1120 2862 relinquens
1157 2804 1273 2864 post
1305 2796 1420 2863 ejus
1444 2800 1758 2871 martyrium
1790 2801 1926 2857 filios
1954 2811 2009 2857 et
2039 2819 2137 2858 ne-

547 2886 734 2947 potes,
762 2897 898 2950 quos
936 2898 1032 2952 per
1068 2884 1412 2956 Evangelium
1452 2889 1504 2944 in
1547 2890 1762 2947 Christo
1788 2894 1998 2960 genitos
2025 2909 2134 2948 sua:

547 2966 778 3051 reddidit
805 2972 987 3040 gloria:
1025 2975 1307 3046 participe:
1325 3016 1340 3043 ,
1380 2987 1434 3032 et
1463 2977 1585 3035 fidei
1613 2982 1892 3038 catholica:
1920 2984 2134 3039 confes-

547 3073 718 3115 SOI‘CS.

1169 3199 1396 3258 CAPUT
1432 3203 1495 3260 ll.

550 3303 612 3361 δ.
645 3304 931 3364 ΕΙειιιΙιει-ἱί
971 3321 1143 3378 ortus,
1184 3315 1445 3378 educatio,
1490 3318 1749 3383 exsilium,
1790 3323 2129 3392 episcopatus.

621 3420 637 3451 ί
677 3419 730 3474 5.
770 3421 936 3491 Igitur
962 3434 1084 3494 post
1127 3426 1282 3495 hujus
1320 3429 1640 3487 venerabilis
1665 3431 1809 3488 beati
1839 3435 2007 3505 patris
2036 3452 2133 3492 ex-

548 3524 758 3571 cessum
786 3557 801 3583 ,
839 3517 1169 3589 procedente
1211 3529 1481 3593 tempore,
1512 3524 1607 3580 sed
1633 3526 1763 3581 vitio
1790 3528 2130 3597 succedente,

545 3614 707 3687 gente
768 3606 1160 3678 multiplicata,
1221 3610 1316 3665 sed
1373 3629 1477 3667 non
1525 3616 1863 3684 magnificata
1927 3619 2129 3685 laetitia,

546 3709 737 3764 magna
775 3711 898 3766 pars
942 3697 1126 3769 populi
1176 3699 1534 3759 Tornaceusfs
1577 3707 1866 3762 revertitur
1900 3713 1961 3764 u’t
1985 3712 2134 3766 canis

545 3783 613 3838 ad
640 3784 899 3838 vomitum
917 3827 932 3850 ,
965 3794 1022 3840 et
1047 3788 1289 3844 veritatis
1333 3790 1619 3863 deficiente
1646 3794 1919 3865 doctrina,
1952 3815 2132 3856 recru-

545 3873 715 3929 descit
742 3873 1027 3931 infidelitas
1056 3886 1433 3947 et'peccatum.
1461 3882 1525 3936 Et
1549 3887 1803 3953 quoniam
1833 3905 1953 3943 cum
1979 3892 2131 3947 senio

544 3962 737 4017 delicta
760 3964 1067 4020 nullatenus
1093 3968 1412 4035 moriuntur,
1441 3987 1539 4027 nec
1568 3974 1768 4028 scelera
1800 3979 2132 4047 temporibus

544 4053 865 4121 obruuntur,
895 4069 996 4110 nec
1024 4056 1295 4112 oblivione
1329 4058 1536 4116 facinus
1562 4064 1852 4132 sepelitur;
1895 4077 2132 4126 mutatus

438 4188 441 4189 ν
543 4148 638 4223 (ξεθιιι
672 4149 845 4196 status
887 4144 1121 4213 optimus
1144 4188 1159 4213 ,
1192 4149 1352 4217 periit
1400 4150 1453 4203 in
1505 4150 1748 4209 Tornaco
1778 4155 2129 4225 plurimorum

545 4232 706 4302 fides,
743 4242 798 4289 et
827 4236 965 4291 sicut
991 4238 1249 4308 scriptum
1276 4250 1361 4296 est
1400 4240 1575 4313 (Osca!
1603 4262 1654 4311 v,
1690 4247 1807 4317 il),
1835 4252 1999 4320 empit
2026 4268 2128 4323 po-

541 4328 699 4398 pulus
737 4328 885 4383 abire
922 4338 1045 4399 post
1081 4333 1287 4388 sordes.
1334 4335 1465 4389 Nam
1496 4339 1671 4396 onmis
1698 4342 1859 4397 arbor
1886 4345 2129 4402 eradica-

541 4416 721 4481 bitur,
751 4432 870 4486 qua:
910 4433 939 4472 a
982 4416 1142 4475 Patre
1169 4422 1377 4478 cmlesti
1426 4426 1537 4495 (qui
1564 4429 1712 4485 solus
1737 4430 2125 4492 incrementum

541 4507 927 4576 vegetabilihus
955 4511 1192 4580 mysticis
1221 4514 1446 4584 tribuit)
1497 4533 1602 4571 non
1648 4520 1921 4589 plantatur
1952 4542 1964 4577 :
1998 4541 2127 4596 ergo

2240 1979 2419 2025 autem
2462 1971 2572 2039 jam
2620 1971 2672 2026 in
2704 1972 2916 2028 Christo
2962 1981 3209 2027 renatum
3235 2012 3251 2037 ,
3282 1980 3338 2031 et
3383 1971 3452 2028 de
3489 1988 3642 2029 sacro
3680 1973 3827 2030 fonte

2239 2069 2578 2131 susceptum,
2609 2061 2976 2118 Eleutherium
3007 2071 3237 2133 vocant,
3266 2071 3320 2119 et
3345 2065 3488 2135 quod
3517 2073 3659 2122 esset
3687 2067 3827 2121 fulu-

2240 2169 2331 2209 rus
2358 2160 2735 2208 ornamentum
2773 2155 2973 2223 saeculi,
3002 2155 3154 2224 quasi
3185 2156 3417 2213 nominis
3444 2157 3469 2193 ά
3502 2158 3827 2228 interpreta—

2239 2244 2387 2297 tione
2414 2243 2737 2313 praesagiunt
2767 2252 2823 2301 et
2849 2244 3149 2315 designant.
3200 2247 3388 2304 Nonne
3420 2248 3530 2319 jam
3568 2262 3827 2307 renovata

2236 2333 2406 2388 videri
2435 2342 2649 2403 poterat
2675 2335 2767 2389 illa
2808 2335 3061 2404 pnudicta
3098 2352 3197 2408 per
3235 2338 3482 2408 angelum
3524 2337 3700 2395 futura
3731 2341 3824 2396 la:-

2242 2424 2355 2478 tilia
2390 2423 2538 2496 (Luc.
2565 2424 2625 2495 ι),
2653 2439 2773 2480 cum
2802 2424 3037 2482 Joannes
3062 2438 3220 2483 natus
3248 2436 3331 2483 est
3357 2430 3424 2484 de
3446 2428 3607 2499 justis
3633 2446 3826 2501 paren-

2244 2516 2387 2570 tilms
2414 2525 2468 2571 et
2495 2526 2655 2572 :etate
2682 2519 2953 2588 provectis
2970 2518 3244 2576 Elisabeth
3266 2528 3321 2576 et
3344 2521 3631 2578 Zacharia?
3662 2534 3687 2563 ε
3717 2524 3825 2581 Re-

2238 2607 2523 2674 guanlihus
2560 2623 2688 2678 ergo
2718 2609 3093 2665 Valentiniano
3131 2620 3187 2667 et
3228 2611 3500 2670 Marciano
3538 2614 3824 2687 imperato-

2238 2699 2384 2753 ribus
2405 2715 2539 2768 puer
2566 2698 2904 2756 Eleutherius
2931 2701 3159 2759 Tornaci
3191 2705 3448 2768 nascitur,
3474 2705 3594 2763 loco
3619 2708 3824 2764 scilicet

2239 2790 2532 2861 oppidano.

2308 2884 2328 2914 '
2362 2884 2410 2936 7.
2448 2881 2584 2939 Puer
2605 2874 2782 2941 autem
2813 2887 3082 2956 magistris
3112 2888 3337 2945 traditus
3364 2890 3554 2947 litteris
3584 2893 3823 2949 imbuen-

2237 2972 2370 3030 dus.
2403 2973 2749 3030 adolescebat
2789 2976 2840 3030 in
2870 2978 3040 3046 gratia
3064 3019 3080 3044 ,
3121 2980 3396 3036 crescebat
3434 2982 3486 3035 in
3515 2973 3773 3053 sapientia
3808 3003 3822 3038 :
3902 2987 3915 2997 ‘

2237 3064 2481 3121 Creatori
2522 3067 2762 3123 caritatis
2791 3068 3038 3126 ardorem
3063 3112 3078 3136 ,
3115 3070 3215 3126 sibi
3256 3073 3518 3128 castitatis
3551 3074 3823 3141 decorem,

2239 3159 2500 3227 proximis
2550 3160 2866 3217 humilitatis
2916 3162 3179 3219 honorem
3223 3164 3441 3221 sedulus
3486 3168 3769 3224 exhibebat
3810 3188 3822 3223 :
3898 3192 3919 3207 ο

2161 3249 2206 3312 C
2238 3251 2400 3305 corde
2431 3253 2579 3321 pius,
2610 3268 2704 3308 ore
2732 3254 2972 3319 sobrius,
3005 3273 3170 3327 opere
3198 3268 3462 3325 strenuus,
3499 3261 3645 3315 vultu
3674 3259 3824 3316 vere-

2238 3341 2462 3408 cuudus,
2494 3352 2645 3411 gestu
2675 3354 2938 3415 maturus,
2969 3348 3161 3404 affectu
3190 3349 3434 3419 devotus,
3467 3352 3628 3408 aifatu
3658 3355 3823 3410 bene-

2238 3431 2410 3500 Vultts,
2441 3434 2638 3489 vestitu
2668 3436 2972 3504 modestus,
3005 3442 3272 3508 gratiosus
3301 3444 3352 3499 in
3383 3446 3632 3504 omnibus
3656 3463 3822 3519 appa-

2237 3522 2407 3577 rebat.
2435 3523 2665 3580 Tantam
2688 3527 2820 3583 inse
2842 3528 3217 3590 demonstrans
3241 3537 3477 3606 speciem
3507 3538 3822 3608 honestatis,

2238 3626 2293 3667 ιιι
2323 3615 2375 3669 in
2405 3617 2691 3673 exterioris
2718 3617 3070 3690 dispositione
3110 3624 3343 3682 hominis
3377 3627 3481 3697 legi
3518 3638 3701 3700 posset
3740 3631 3824 3685 in-

2237 3708 2450 3764 terioris
2483 3709 2698 3768 habitus
2725 3713 2909 3782 gratia:
2937 3723 2994 3770 et
3023 3716 3252 3773 virtutis.
3304 3717 3393 3775 Sic
3422 3721 3563 3776 enim
3588 3722 3641 3776 in
3669 3731 3823 3778 exte-

2236 3799 2392 3855 rioris
2419 3799 2611 3856 domus
2641 3804 2904 3859 vestibulo
2934 3806 3218 3877 conjicitur
3247 3809 3402 3866 facile
3436 3812 3652 3869 bonitas
3679 3813 3823 3870 inte-

2235 3890 2346 3943 rior
2381 3906 2500 3959 qua:
2531 3895 2660 3948 latet
2711 3894 2764 3951 in
2793 3895 2975 3952 domo.
3026 3897 3153 3954 lude
3180 3908 3263 3956 est
3286 3942 3303 3967 ,
3342 3902 3488 3972 quod
3519 3902 3822 3969 Medardus,

2234 3978 2442 4032 futurus
2474 3982 2815 4048 postmodum
2855 3984 3229 4044 Noviomensis
3266 3991 3554 4063 episcopus
3577 4031 3594 4058 ,
3630 3995 3821 4065 spiritu

2233 4068 2535 4138 prophetia:
2561 4082 2894 4144 pneventus,
2926 4078 3175 4135 eumdem
3198 4078 3313 4136 fore
3339 4082 3585 4151 przedixit
3612 4086 3822 4155 episco—

2230 4175 2356 4230 pum
2384 4160 2779 4221 Tornacensem
2802 4206 2819 4233 ,
2858 4184 2980 4225 cum
3023 4171 3198 4228 adhuc
3234 4173 3373 4230 idem
3400 4174 3821 4245 Eleutheriusjn

2229 4251 2429 4307 scholis
2456 4253 2662 4323 positus
2688 4264 2903 4313 a:tatem
2934 4264 3119 4330 ageret
3146 4264 3425 4334 puerilem.

2301 4343 2353 4397 8.
2391 4343 2497 4400 Sed
2525 4354 2581 4400 et
2606 4347 2711 4403 hoc
2739 4351 2965 4411 multum
2994 4352 3111 4422 ejus
3140 4353 3391 4412 laudibus
3417 4359 3647 4428 prolicit,
3678 4362 3822 4431 quod

2230 4436 2371 4491 inter
2399 4437 2571 4494 malos
2611 4456 2744 4511 puer
2780 4444 2936 4499 bona:
2964 4445 3160 4504 indolis
3187 4447 3305 4504 fuit.
3350 4450 3501 4506 Sicut
3530 4454 3672 4507 enim
3701 4467 3823 4523 gra-

2233 4527 2402 4585 vioris
2428 4528 2600 4601 culpze
2628 4541 2747 4598 est,
2783 4534 2924 4590 inter
2959 4536 3133 4594 bonos
3169 4538 3371 4596 bonum
3410 4557 3515 4598 non
3546 4559 3706 4612 esse;
3744 4549 3820 4604 sic

540 4597 704 4652 ramis
732 4600 969 4664 succisis,
1001 4600 1141 4657 foliis
1168 4605 1407 4659 excussis
1430 4647 1444 4671 ,
1487 4605 1848 4680 fructibusque
1876 4614 2131 4687 dispersis
2158 4621 2210 4682 D
2234 4618 2452 4688 majoris
2480 4597 2564 4677 est
2591 4625 2844 4692 praeconii
2874 4626 3015 4682 inter
3042 4630 3212 4687 malos
3247 4632 3410 4687 etiam
3451 4633 3653 4690 bonum

538 4687 743 4745 succisa
765 4695 849 4743 est
867 4689 1027 4743 arbor
1044 4691 1217 4760 typica
1234 4691 1469 4749 Danielis
1489 4695 1650 4766 (Dan.
1669 4700 1762 4770 iv),
1783 4701 2044 4761 intantum
2069 4717 2127 4764 ut

539 4773 784 4843 fugerent
796 4776 1046 4832 volucres
1061 4777 1114 4832 in
1130 4794 1400 4835 ramorum
1417 4785 1782 4845 cacuminibus
1802 4791 2121 4852 habitantes.

539 4862 757 4920 Succisa
785 4874 894 4932 est,
925 4882 1031 4922 non
1061 4868 1375 4940 simpliciter
1402 4876 1724 4947 exstirpata,
1752 4882 1874 4951 quia
1904 4900 2122 4954 germen

539 4952 777 5009 radicum
817 4956 984 5028 ipsius
1017 4963 1419 5030 perseveravit,
1465 4975 1520 5020 et
1558 4969 1835 5037 pullulavit
1874 4952 1927 5029 in
1956 4984 2119 5033 terra.

538 5039 670 5094 Nam
693 5059 813 5098 cum
836 5059 980 5103 esset
1007 5050 1195 5105 civitas
1212 5051 1541 5109 idololatria:
1563 5057 1793 5115 ludibrio
1813 5067 2117 5134 prostituta,

535 5129 788 5185 vitiorum
811 5135 979 5202 spinis
999 5137 1196 5205 obsita,
1220 5151 1467 5211 repertus
1495 5153 1576 5200 est
1606 5146 1657 5199 in
1687 5163 1750 5201 ea
1780 5129 1861 5204 vir
1886 5129 2119 5223 sapiens,

537 5221 641 5278 fide
678 5227 1000 5297 conspicuus
1024 5269 1039 5295 ,
1079 5231 1337 5291 doctrina:
1378 5235 1509 5292 Piati
1540 5246 1776 5296 sectator
1801 5221 2120 5321 pnecipuus,

610 5430 623 5459 '
657 5429 800 5501 Alias
823 5446 944 5501 cap.
977 5447 1053 5487 HI.

606 5501 625 5529 ¹
651 5499 799 5571 Alias
825 5499 943 5571 cap.
976 5518 1044 5556 Iv.

608 5569 950 5657 fiIVColu'ntur
996 5573 1049 5628 hi
1097 5572 1393 5657 galliarum
1441 5591 1669 5657 aposton
1697 5624 1711 5648 ,
1765 5584 2044 5657 Dionysius
2084 5592 2118 5647 9

532 5635 721 5717 ρνμιὶξ.
751 5679 766 5703 ,
806 5640 1065 5717 Lucianus
1156 5645 1391 5702 Januarii
1419 5690 1433 5710 ,

532 5705 798 5792 ς”ξδιξίηηδ
826 5722 877 5792 εξ
903 5710 1265 5792 διῆδρᾷ-ηἱαηιιδς
1285 5718 1355 5772 25
1796 5704 1854 5711 "
1905 5704 2116 5729 "‘"‘""9

607 5777 970 5862 {Martyrium
1003 5777 1177 5862 .silent
1219 5788 1348 5862 Acta
1392 5789 1651 5849 hactenus
1697 5794 1844 5852 data.
1876 5797 2010 5856 Illud
2040 5802 2122 5857 iu-

529 5851 712 5903 nuilur
758 5851 809 5903 in
844 5851 961 5906 Vita
1002 5852 1292 5913 Eleutherii
1339 5876 1402 5915 ex
1449 5862 1715 5920 brcviario
1756 5851 1851 5924 Ms.
1882 5851 2120 5933 "viiii;-

2232 4710 2361 4767 lude
2388 4711 2489 4767 Job
2518 4718 2724 4785 magnis
2750 4717 2969 4774 effertur
2994 4720 3238 4779 laudibus
3261 4723 3380 4796 (Job
3403 4742 3530 4791 xxx,
3552 4726 3664 4798 29),
3694 4731 3820 4799 quia

2233 4802 2397 4857 frater
2440 4803 2540 4859 fuit
2584 4804 2878 4863 draconum
2925 4819 2981 4866 et
3024 4813 3203 4869 socius
3237 4815 3619 4872 struthionum.
3661 4817 3728 4873 Et
3754 4821 3822 4876 de

2231 4894 2368 4951 Loth
2397 4896 2592 4952 dicitur
2621 4897 2712 4969 (ΙΙ
2735 4899 2881 4957 Petr.
2915 4919 2973 4972 ιι,
3002 4903 3079 4976 8),
3110 4906 3363 4976 quoniam
3394 4916 3614 4979 aspectu
3643 4921 3699 4966 et
3727 4926 3823 4966 au-

2229 4985 2341 5071 ditu
2375 4986 2551 5056 justus
2589 4998 2744 5059 erat,
2777 4992 3026 5051 habitans
3078 4997 3222 5067 apud
3252 5013 3347 5054 eos
3402 5000 3492 5071 qui
3529 5000 3597 5056 de
3642 5001 3730 5057 die
3768 5004 3821 5058 in
3858 4995 3871 5003 ’

2228 5064 2368 5131 diem
2399 5078 2633 5134 animum
2659 5080 2790 5151 justi
2838 5084 3036 5155 iniquis
3079 5064 3333 5158 operibus
3369 5064 3701 5148 cruciabam.
3733 5093 3824 5150 Sic

2228 5176 2447 5221 sanctus
2482 5168 2584 5225 iste
2607 5210 2623 5234 ,
2665 5172 2717 5228 in
2757 5176 2991 5232 nationis
3024 5193 3204 5249 prava:
3233 5188 3287 5234 et
3317 5196 3583 5251 perversa:
3618 5184 3822 5253 medio,

2230 5257 2369 5312 sicut
2399 5257 2662 5320 luminare
2691 5262 2904 5321 lucebat
2927 5267 2980 5323 in
3006 5256 3207 5326 mundo
3229 5311 3244 5333 ,
3284 5271 3425 5328 sicut
3449 5274 3709 5344 scriptum
3740 5286 3825 5333 est

2225 5458 2393 5513 censi.

2305 5539 2325 5606 ς
2356 5527 2735 5606 Pronepotem
2752 5537 2987 5606 appellat
3013 5540 3201 5595 eadem
3240 5541 3360 5598 Vita

2298 5598 2324 5678 tl
2356 5598 2692 5678 :tiicueipzoc,
2725 5598 3003 5678 ingenuus,
3035 5624 3348 5678 generosus,
3381 5614 3635 5673 liberalis.

2303 5677 2326 5706 ε
2358 5667 2701 5751 Μριςευίξξυηι
2728 5667 3132 5751 valentiuianus
3155 5697 3297 5736 anno
3327 5667 3821 5751 35l,hfarciauus

2228 5752 2373 5824 anno
2394 5738 2666 5824 4_57_.uNon
2694 5756 2820 5824 sunt
2840 5750 3082 5824 apposita
3105 5753 3329 5824 nomina
3354 5738 3821 5824 imperatoruiiiiu

2230 5822 2328 5895 ius.
2356 5817 2448 5862 aut
2468 5811 2586 5895 aliis
2608 5814 2772 5895 A'_c_tis,
2791 5811 3076 5895 militeque
3104 5821 3296 5895 lfrapci
3319 5811 3520 5895 antiqui
3550 5811 3821 5884 solebant;

2230 5874 2396 5934 Natus
2425 5888 2508 5936 est
2541 5880 2597 5938 S.
2633 5874 2971 5955 Eleutherius
2990 5874 3245 5946 2.1.1456.
