4122 6330
233 318 309 377 05
1137 321 1198 382 S.
1235 319 1646 380 ELEUTIIERll
1691 321 1848 380 ΥΙΤΑ
1885 321 2206 384 AUCTORE
2244 325 2599 389 GUIBEltTG.
3421 336 3503 398 .66

234 433 288 486 in
329 433 531 488 amoris
569 431 792 489 Cantico
843 433 1019 504 (Cant.
1051 451 1106 498 ιι,
1137 435 1193 503 2)
1231 454 1241 488 :
1275 436 1424 490 Sient
1467 434 1633 488 lilium
1683 436 1820 489 inter
1850 440 1895 498 Α
1925 437 2240 493 videbantur
2262 440 2482 495 rediisse
2504 451 2742 513 tempora
2766 445 3218 519 prapbetarmnu
3249 447 3400 504 Esdr.
3426 451 3508 523 ιιι)

232 524 458 592 spinas,
490 523 569 579 sic
596 524 768 579 amica
799 539 919 580 mea
967 525 1106 581 inter
1151 524 1303 581 ﬁlias.
1353 524 1516 594 Spina
1566 534 1648 581 est
1686 527 1824 580 inter

230 611 422 680 spinas
445 652 460 675 ,
507 610 648 666 inter
689 611 953 683 inquietos
997 613 1262 682 inquietus
1286 652 1302 677 ,
1337 615 1500 669 lilium
1529 616 1664 669 inter
1694 615 1819 680 lilia,

231 702 378 756 inter
406 701 776 772 disciplinatos
823 702 1115 772 paciﬁcus;
1158 705 1310 776 spina
1350 707 1489 759 inter
1528 707 1667 769 lilia,
1696 706 1823 761 Saul

233 793 378 846 inter
408 791 700 862 prophetas
727 809 739 844 :
767 791 862 846 sed
885 809 1004 848 cum
1036 793 1100 848 iis
1125 794 1216 862 qui
1243 794 1472 849 oderunt
1499 811 1684 866 pacem
1709 804 1826 849 erat

231 881 517 952 paciﬁcus,
549 891 605 937 et
631 883 708 939 sic
736 883 904 938 lilium
935 884 1076 940 inter
1099 885 1300 955 spinas.

307 996 323 1024 ⁸
365 992 418 1047 9.
463 993 686 1068 Factum
724 1002 807 1050 est
832 1001 1021 1049 autem
1042 995 1094 1051 in
1123 996 1310 1052 diebus
1339 997 1465 1066 illis,
1497 1005 1555 1052 ut
1587 999 1827 1056 tribunus

233 1095 258 1121 ι
271 1085 681 1151 Scandinensis,
701 1085 792 1154 qui
805 1094 860 1140 et
876 1085 1203 1157 Toruacensi
1221 1096 1447 1158 prmerat
1458 1089 1682 1156 civitati,
1697 1105 1828 1144 con-

231 1174 475 1242 gregatis
497 1175 798 1230 senioribus
826 1175 1026 1246 populi,
1059 1189 1180 1231 cum
1209 1176 1464 1233 effrenata
1491 1180 1828 1237 multitudine

233 1263 537 1332 paganismi
584 1263 901 1320 decerneret
932 1265 984 1320 in
1011 1267 1284 1320 communi
1311 1307 1326 1333 ,
1357 1275 1418 1321 ut
1463 1269 1579 1323 sine
1615 1269 1828 1324 delectu

232 1353 567 1408 conditionis
595 1361 689 1408 aut
714 1367 873 1408 sexus
904 1353 1266 1409 indifferenter
1292 1371 1478 1410 omnes
1508 1354 1632 1411 ﬁdei
1671 1356 1828 1411 Chri-

235 1445 428 1498 stiana:
459 1443 694 1500 cultores
720 1445 788 1499 ab
814 1445 947 1499 urbe
975 1444 1220 1500 Tornaco
1248 1461 1368 1501 cum
1399 1447 1686 1516 ignominia
1716 1448 1828 1518 pel-

236 1535 499 1600 lerentur,
532 1542 588 1591 et
625 1536 738 1591 suis
767 1537 987 1592 omnino
1019 1539 1442 1607 possessionibus
1470 1539 1826 1608 privarentur.

236 1623 622 1694 Propelluntur
672 1626 835 1695 igitur
882 1626 948 1680 ad
984 1626 1230 1696 injuriam
1268 1625 1467 1682 Christi
1513 1629 1747 1684 Serenus
1776 1640 1831 1684 et

237 1717 442 1772 Blanda
491 1727 548 1772 et
588 1718 779 1773 unicus
826 1733 1014 1772 eorum
1061 1717 1200 1772 ﬁlius
1228 1717 1563 1774 Eleutherius
1602 1719 1670 1774 ab
1698 1721 1830 1775 urbe

1925 543 2044 581 cum
2065 530 2164 583 sub
2176 529 2470 585 Zorobabcl
2491 527 2908 589 remdiﬁcaretur
2925 537 3200 607 templum.
3216 539 3352 606 Quin
3373 539 3505 607 imo,

1921 620 2153 689 jucunda
2183 640 2282 677 nos
2315 624 2621 692 imaginatio
2667 629 2934 698 protrahit
2975 629 3041 684 ad
3085 631 3507 688 Machabacorum

1926 715 2317 770 consideranda
2346 723 2587 786 tempora
2614 757 2628 781 ,
2672 735 2793 773 cum
2838 720 3123 775 Machabazi
3167 722 3356 779 fratres
3383 740 3510 780 suos

1928 804 2201 876 dispersos
2243 818 2532 871 revocant,
2575 809 2721 878 leges
2760 812 2937 880 lapsas
2966 813 3214 883 erigunt,
3253 828 3512 872 renovant

1927 898 2293 962 c:cremonias,
2323 899 2580 954 mundam
2603 917 2772 967 sacra,
2805 902 2998 957 damna
3025 904 3196 974 longa:
3222 906 3512 962 desolatio-

1929 987 2010 1041 nis
2036 989 2234 1043 eximio
2274 989 2486 1044 virtutis
2533 991 2848 1061 compendio
2894 994 3238 1051 redimentes.
3281 997 3510 1052 Recola—

1929 1095 2046 1134 mus
2075 1080 2326 1135 Ecclesia:
2357 1083 2625 1136 nascentis
2654 1083 2928 1138 infantiam
2952 1126 2966 1151 ,
2991 1101 3283 1157 pauperum
3313 1089 3508 1143 Christi

1929 1180 2145 1235 statum,
2179 1173 2480 1227 videbimus
2508 1175 2840 1229 consimilem
2869 1176 3184 1233 humilitatis
3212 1180 3504 1245 modulum,

1931 1277 1959 1314 a
1992 1277 2099 1330 quo
2122 1262 2348 1330 sumpsit
2370 1262 2599 1318 ecclesia
2626 1263 2979 1322 Tornacensis
3001 1268 3278 1324 exordium
3307 1280 3361 1325 et
3386 1287 3509 1340 pru-

1931 1363 2192 1418 gressum.
2252 1351 2367 1406 Non
2415 1351 2485 1406 de
2532 1353 2789 1409 lateribus
2835 1355 2950 1424 ejus
2993 1358 3177 1412 arvina
3222 1360 3506 1429 pendebat,

1931 1440 2144 1510 quando
2185 1441 2362 1496 nullus
2399 1441 2673 1511 proprium
2714 1443 2912 1513 aliquid
2952 1446 3242 1500 asserebat.
3291 1447 3398 1502 Sed
3445 1465 3511 1504 ne

1931 1535 2081 1602 plebs
2127 1535 2340 1588 humilis
2386 1535 2535 1590 velut
2579 1538 2835 1606 acephala
2868 1554 2981 1608 ,per
3022 1539 3249 1594 licentia:
3295 1557 3513 1612 campos

1931 1638 2084 1693 vaga,
2117 1625 2200 1679 vel
2233 1635 2255 1662 ε
2291 1633 2426 1680 tetre
2470 1641 2566 1696 per
2601 1627 2831 1682 barreses
2857 1628 3073 1699 dyscola
3112 1630 3362 1699 periculis
3390 1632 3514 1686 subi
3611 1649 3625 1663 ·

1924 1713 2167 1777 ,(ὶειεξῑιιι,
2193 1713 2507 1769 Theodorus
2535 1715 2586 1769 in
2612 1716 2838 1784 primum
2868 1718 3177 1787 episcopum
3209 1718 3516 1774 Tornacen--

237 1808 511 1874 'l'ornaci,
564 1807 794 1878 propriis
837 1807 1021 1862 nudati
1071 1807 1537 1878 possessionibus,
1591 1807 1832 1863 destituti
1865 1811 2048 1870 Bsem
2093 1818 2122 1856 a
2172 1804 2356 1872 paucis
2403 1802 2646 1860 ﬁdelibus
2696 1806 3060 1861 conﬁrmatur.
3111 1806 3216 1864 Sed
3252 1809 3270 1846 τ
3312 1809 3514 1864 interiit

238 1904 455 1974 przediis
483 1913 540 1960 et
569 1903 739 1973 gloria
776 1903 1080 1974 temporali.
1124 1903 1228 1958 Sed
1257 1903 1467 1957 virtutis
1494 1903 1829 1971 exercitium,

239 1995 383 2064 quod
415 1996 649 2049 latuerat
678 1995 730 2048 in
759 1994 1116 2064 prosperitate
1140 2033 1155 2059 ,
1200 1993 1368 2060 magis
1395 2007 1460 2046 ac
1482 1991 1650 2059 magis
1676 1991 1834 2046 inno-

241 2086 341 2140 tuit
362 2086 418 2140 in
447 2083 797 2138 adversitate.
829 2083 919 2138 Sic
947 2082 1090 2137 enim
1115 2089 1384 2151 unguenta
1405 2078 1650 2134 redolere
1675 2078 1834 2133 latius

240 2177 490 2231 nesciunt
534 2173 636 2228 nisi
683 2180 951 2228 commota
984 2189 996 2224 :
1029 2171 1108 2226 sic
1149 2176 1391 2226 aromata
1428 2167 1458 2207 ι’
1489 2167 1832 2235 fragrantiam

239 2284 349 2322 non
379 2265 716 2336 expandunt,
743 2263 846 2318 nisi
873 2261 1070 2317 fuerint
1099 2262 1220 2331 igne
1248 2274 1504 2316 succensa
1530 2276 1543 2311 :
1574 2258 1652 2312 sic
1680 2257 1832 2327 grani

239 2357 446 2427 sinapis
472 2357 640 2410 virtus
673 2367 1007 2424 nequaquam
1037 2351 1395 2422 cognoscitur,
1427 2348 1528 2403 nisi
1557 2349 1712 2403 theca
1743 2362 1835 2402 va-

238 2447 348 2505 lide
376 2454 734 2511 conteratur;
783 2461 890 2501 non
921 2443 1210 2500 contritum
1249 2442 1367 2498 leve
1395 2449 1506 2506 est,
1541 2441 1832 2496 contritum

240 2541 478 2610 amplius
520 2534 814 2591 inardescit
855 2543 912 2591 et
955 2533 1308 2588 acrimoniam
1349 2531 1565 2586 latentis
1603 2531 1832 2599 energia:

242 2633 598 2686 vehementer
621 2629 876 2685 ostendit.
898 2626 990 2683 Sic
1009 2627 1063 2682 in
1085 2625 1460 2698 persecutione
1482 2623 1648 2678 virtus
1667 2623 1842 2677 animi.

240 2723 598 2777 declaratur:
628 2721 706 2777 sic
732 2719 880 2790 quod
915 2719 1121 2774 latebat
1149 2717 1203 2772 in
1246 2715 1557 2787 parentibus
1605 2722 1659 2769 et
1700 2713 1830 2781 ﬁlio,

241 2809 578 2867 luculentius
606 2811 863 2881 aperitur.
912 2808 1064 2864 Unde
1092 2809 1197 2863 alia
1223 2807 1401 2862 littera
1429 2805 1558 2861 dicit
1604 2804 1830 2875 (Psalm.

241 2917 354 2968 ιιι,
387 2902 464 2972 9)
508 2921 521 2956 :
563 2901 620 2956 In
667 2901 753 2957 die
791 2900 1064 2955 mandavit
1110 2899 1367 2954 Dominus
1410 2895 1832 2951 misericordiam

242 3008 421 3060 suam,
450 3003 474 3031 ε
498 3000 552 3047 et
582 2992 634 3045 in
667 2999 822 3046 nocte
847 2989 1158 3045 declaravit.
1189 2987 1400 3043 Donum
1422 2986 1564 3041 enim
1591 2984 1687 3040 Dei
1712 2998 1834 3054 gra-

242 3085 440 3138 tuitum
467 3125 484 3151 ,
521 3081 670 3153 quod
701 3083 753 3138 in
794 3091 1036 3152 tempore
1066 3079 1374 3135 serenitatis
1410 3075 1706 3132 infunditur
1727 3116 1741 3143 ,
1779 3076 1832 3129 in

241 3174 684 3230 tribulationibus
715 3173 1034 3228 declaratur.
1077 3169 1186 3226 Sed
1218 3169 1347 3238 quid
1386 3167 1556 3238 paleis
1586 3166 1652 3223 ad
1690 3166 1834 3221 triti-
1859 3165 1905 3227 ο

242 3281 369 3321 cum
387 3267 411 3320 ?
429 3246 571 3320 .dicit
598 3264 853 3319 Dominus
882 3261 1094 3332 (Jerem.
1125 3277 1274 3326 nm,
1299 3257 1414 3331 28).

315 3380 407 3435 10.
442 3378 514 3435 Ut
543 3380 704 3449 igitur
731 3378 1159 3449 disjungeredtur
1186 3385 1240 3432 et
1266 3375 1418 3441 locis,
1449 3374 1540 3445 qui
1571 3374 1837 3444 disjunge—

245 3473 445 3527 bantur
477 3479 532 3526 et
559 3470 784 3538 actibus,
820 3478 967 3525 mota
997 3477 1082 3524 est
1108 3466 1412 3539 persecutio
1439 3465 1591 3536 quasi
1625 3473 1833 3520 ventus.

246 3561 308 3616 Et
334 3563 482 3618 sicut
508 3561 870 3616 invalescente
905 3567 1188 3614 ventorum
1218 3557 1427 3612 turbine
1456 3555 1723 3612 ventilatis
1745 3569 1841 3625 pa-

247 3654 366 3718 leis,
396 3655 456 3708 et
486 3650 803 3706 adulterinis
829 3652 1041 3720 granis,
1073 3658 1129 3704 et
1155 3648 1335 3704 vacuis
1353 3646 1574 3718 jamjam
1602 3644 1836 3714 rejectis,

249 3753 372 3814 post
395 3741 769 3815 regyratioues
793 3741 1114 3813 multiplices
1136 3756 1299 3811 grana
1326 3739 1494 3796 solida
1515 3738 1841 3808 congloban-

251 3840 338 3887 tur
367 3833 438 3887 ad
469 3834 701 3888 invicem
720 3874 734 3899 ,
768 3840 828 3887 ut
853 3832 1012 3888 unius
1038 3846 1227 3887 massze
1255 3829 1541 3901 quamdam
1569 3829 1842 3899 insepara-

1933 1893 2112 1946 divino
2142 1907 2426 1962 percussus
2453 1895 2677 1963 spiculo,
2710 1911 2999 1965 paucorum
3037 1897 3241 1952 dierum
3275 1907 3515 1967 tempore

1933 1982 2169 2039 evoluto.
2196 1983 2286 2039 Sic
2305 1998 2401 2053 per
2421 1987 2700 2053 apostasia:
2721 1987 2905 2041 vitium
2927 1988 3127 2059 primus
3149 1990 3367 2058 angelus
3391 2007 3514 2046 cor-

1931 2075 2072 2140 ruit;
2127 2075 2206 2130 sic
2234 2075 2363 2130 Saul
2393 2076 2595 2145 primus
2635 2076 2981 2134 Hebraeorum
3022 2096 3116 2136 rex
3144 2089 3364 2152 propter
3392 2098 3515 2152 pec-

1932 2171 2110 2218 catum
2140 2165 2518 2222 inobedientiaa
2556 2169 2875 2236 reprobatus
2905 2168 3002 2224 fuit
3031 2169 3085 2240 (1
3109 2171 3237 2242 Reg.
3275 2173 3361 2244 xv)
3397 2191 3408 2226 :
3439 2175 3516 2227 sic

1931 2254 2138 2324 primus
2180 2255 2463 2324 cpiscopus
2491 2256 2846 2313 Tornaccnsis
2876 2259 3076 2315 ultione
3104 2261 3281 2315 divina
3311 2263 3516 2332 percel-

1932 2344 2078 2410 litur,
2100 2351 2161 2398 ut
2180 2345 2468 2400 secundum
2492 2346 2760 2416 Sapientis
2779 2348 3050 2419 eloquium
3074 2352 3358 2421 pestilente
3380 2355 3515 2408 mul-

1933 2443 2080 2490 ctato
2110 2436 2361 2505 parvulus
2387 2438 2682 2507 sapientior
2706 2440 2968 2495 habeatur
3007 2445 3023 2509 (
3049 2441 3202 2497 Prov.
3238 2460 3348 2508 xxx,
3380 2444 3490 2514 25)

1934 2523 2065 2577 Nam
2094 2540 2213 2579 cum
2245 2524 2438 2593 exiguo
2466 2526 2794 2581 concedatur
2820 2529 3185 2585 misericordia
3211 2572 3226 2598 ,
3267 2541 3515 2602 potentes

1933 2621 2183 2683 potenter
2207 2614 2463 2685 supplicia
2494 2617 2782 2685 patientur.
2815 2618 2920 2674 Sed
2948 2621 3039 2688 qui
3067 2621 3225 2676 sedes
3252 2624 3513 2692 superbo-

1933 2721 2052 2760 rum
2081 2708 2298 2772 evertit,
2331 2715 2387 2761 et
2415 2707 2643 2762 humiles
2671 2725 2770 2778 pro
2799 2709 2998 2764 eisdem
3026 2713 3322 2778 constituit,
3355 2713 3514 2768 Eleu-

1933 2797 2165 2852 therium
2192 2797 2244 2852 in
2275 2797 2586 2868 episcopum
2631 2800 2753 2868 eligi
2796 2803 3098 2870 procuravit
3125 2845 3140 2870 ,
3180 2810 3242 2858 et'
3263 2804 3378 2872 ejus
3404 2804 3515 2858 ele-

1933 2887 2112 2942 ctione
2137 2887 2450 2942 conlirmata
2471 2904 2570 2958 per
2591 2898 2614 2935 ις
2638 2903 2902 2943 summum
2928 2890 3256 2960 pontiﬁcem,
3283 2895 3515 2962 gratuito

1935 2985 2286 3034 consecratus
2334 2986 2417 3033 est
2465 2979 2516 3033 in
2582 2980 2892 3050 episcopum
2955 2979 3347 3039 Tornacensem
3397 2994 3516 3055 poSt

1936 3067 2276 3123 Theodorum
2305 3067 2351 3124 δ.

2553 3205 2686 3260 LAP
2699 3204 2787 3260 UT
2824 3206 2911 3262 lll.

1936 3297 2146 3354 Mortua
2172 3317 2205 3353 a
2233 3298 2294 3356 S.
2323 3298 2619 3374 Eleutherio
2647 3307 2979 3368 resuscitata;
3011 3307 3155 3374 σαβοῖ,
3179 3307 3411 3374 claudus,
3443 3310 3516 3363 le-

2006 3387 2189 3438 prosus
2212 3372 2420 3450 aquati;
2449 3372 2798 3450 Tornqcences
2827 3376 2897 3427 ad
2915 3376 3071 3446 ﬁdem
3097 3372 3325 3432 cenversi
3348 3395 3366 3444 ;
3397 3372 3516 3450 pec-

2004 3448 2176 3493 catum
2205 3440 2489 3496 Chlodoveo
2513 3446 2618 3513 regi
2647 3440 2950 3500 indicatum.

2010 3553 2030 3584 ⁸
2061 3553 2147 3608 12.
2175 3554 2502 3610 Sublimatus
2522 3555 2855 3611 Eleutherius
2877 3557 3040 3613 infula
3065 3560 3339 3629 pastorali,
3361 3561 3518 3616 bonis

1939 3645 2190 3714 operibus
2220 3645 2462 3714 implevit
2502 3645 2807 3714 pontiﬁcem
2833 3687 2846 3709 ,
2880 3647 3031 3716 cujus
3059 3645 3292 3702 ofﬁcium
3325 3651 3518 3705 mereri

1939 3737 2109 3804 magis
2137 3735 2417 3790 studuerat
2437 3752 2598 3805 quam
2627 3737 2857 3810 mercari
2882 3777 2897 3802 ,
2928 3738 3113 3796 vivens
3149 3739 3520 3794 ordinabiliter

1942 3827 2043 3882 sibi
2071 3868 2085 3891 ,
2117 3827 2385 3882 socialiter
2423 3827 2670 3897 proximo
2695 3867 2710 3892 ,
2738 3827 2834 3884 sed
2859 3829 3131 3884 humiliter
3160 3829 3212 3884 in
3241 3832 3520 3900 praesentia

251 3923 415 3979 bilem
442 3923 645 3978 faciant
673 3918 974 3994 portionem
994 3961 1009 3987 ,
1037 3919 1062 3959 ἀ
1090 3922 1168 3975 sic
1194 3936 1226 3975 a
1254 3920 1472 3976 civitate
1499 3918 1646 3987 regia
1673 3917 1844 3972 elimi-
1943 3918 2215 3975 Creatoris
2243 3937 2256 3971 :
2289 3920 2616 3989 compositus
2660 3919 2728 3974 ad
2775 3936 2953 3975 mores
2978 3959 2992 3987 ,
3024 3920 3255 3976 fervidus
3292 3922 3344 3976 in
3391 3921 3525 3977 dile-

252 4015 364 4068 nati
393 4013 722 4070 cbristieolaa
761 4020 815 4069 et
848 4011 1063 4078 ﬁdeles,
1096 4027 1204 4066 non
1240 4010 1394 4066 divisi
1423 4009 1518 4064 sed
1545 4007 1710 4075 uniti,
1737 4024 1844 4063 non
1943 4011 2142 4072 ctione,
2176 4017 2486 4064 mansuetus
2513 4009 2563 4063 in
2592 4011 2851 4065 societate
2875 4052 2890 4077 ,
2921 4011 3126 4066 stabilis
3157 4012 3207 4065 in
3237 4012 3520 4082 promisso,

253 4107 477 4163 contriti
506 4106 604 4161 sed
633 4103 817 4171 exciti,
857 4103 1086 4159 vividius
1115 4102 1479 4171 glomerantur
1502 4100 1568 4154 ad
1595 4098 1846 4153 Eleuthe-
1946 4100 2098 4156 fortis
2123 4091 2190 4156 ad
2213 4101 2521 4172 patientiam
2547 4141 2561 4166 ,
2593 4117 2793 4171 pronus
2829 4101 2895 4156 ad
2921 4103 3260 4158 concordiam
3285 4146 3299 4169 ,
3328 4104 3527 4172 rigidus

253 4197 393 4251 rium
422 4204 484 4252 et
510 4202 780 4266 parentes,
839 4201 895 4249 et
922 4193 976 4248 in
1009 4193 1152 4256 loco.
1182 4191 1272 4260 qui
1299 4189 1637 4244 Blandinium
1665 4187 1848 4258 appel-
1947 4192 2013 4246 ad
2036 4206 2338 4248 censuram.
2371 4190 2498 4244 Erat
2519 4192 2661 4246 enim
2683 4192 2735 4247 in
2761 4192 2973 4260 judiciis
2993 4201 3190 4260 rectus,
3216 4195 3269 4248 in
3291 4193 3526 4264 jubeudn

254 4287 418 4352 latur,
475 4286 754 4351 basilicam
799 4285 854 4340 in
899 4285 1107 4339 honore
1147 4282 1209 4337 Β.
1240 4281 1384 4337 Petri
1429 4286 1748 4335 construunt
1795 4285 1850 4331 et
1949 4281 2215 4336 discretus
2241 4321 2256 4346 ,
2307 4281 2358 4334 in
2408 4280 2804 4350 diSpensatione
2852 4282 3179 4348 industrius,
3228 4284 3278 4338 in
3323 4284 3528 4352 agendo

256 4377 533 4438 aediﬁcant
563 4395 577 4432 :
609 4377 700 4432 ubi
743 4377 808 4430 ad
847 4374 1106 4431 Serenum
1136 4372 1290 4428 multi
1317 4370 1595 4441 gentilium
1623 4368 1849 4423 familia-
1950 4381 2199 4428 strenuus
2221 4415 2234 4437 ,
2264 4373 2317 4426 in
2346 4373 2653 4427 auxiliando
2681 4374 2938 4429 sollicitus
2961 4413 2976 4436 ,
3011 4374 3064 4429 in
3095 4375 3331 4430 consiliis
3372 4375 3526 4436 ﬁdus.

259 4470 435 4525 ritatis
465 4466 700 4538 antiquae
727 4466 919 4536 gratia,
951 4477 1159 4519 necnon
1189 4473 1244 4518 et
1268 4477 1369 4533 pro
1395 4460 1708 4516 meritorum
1734 4458 1850 4529 ejus
1877 4535 1915 4538 _7
1953 4464 2006 4518 in
2039 4463 2474 4532 rcspunsionibus
2502 4462 2936 4533 circumspectus.
2990 4463 3092 4531 Qui
3135 4465 3270 4522 dum.
3289 4468 3531 4521 oratione

260 4535 964 4616 excellentia'conﬁuentes
987 4596 1004 4625 ,
1053 4555 1241 4611 relicto
1285 4551 1597 4622 gentilitatis
1642 4564 1846 4614 errore,
1877 4535 1929 4592 Ῑ)
1951 4569 2045 4608 sua
2078 4550 2322 4608 reﬁceret
2371 4553 2596 4623 quadam
2644 4556 2656 4590 ί
2709 4554 2826 4610 vice
2853 4555 3097 4624 spiritum
3122 4594 3137 4619 ,
3170 4571 3295 4611 ecce
3337 4572 3528 4611 vesana

261 4651 432 4706 renati
466 4647 616 4704 fonte
641 4647 997 4718 baptismatis,
1025 4643 1340 4701 idololatriae
1361 4641 1547 4699 sordes
1574 4639 1849 4708 abjiciunl,
1951 4645 2194 4715 quaedam
2223 4645 2420 4699 tribuni
2446 4646 2548 4698 lilia
2574 4645 2968 4710 Scandinensis,
3009 4661 3127 4714 qua:
3153 4646 3386 4700 latenter
3411 4661 3532 4700 eum

261 4741 546 4796 catholicae
577 4737 698 4793 ﬁdei
727 4737 926 4793 cultum
955 4735 1285 4807 suscipiunt,
1325 4733 1488 4788 ritum
1515 4737 1744 4784 mutant.
1953 4735 2249 4802 dilexerat,
2289 4737 2357 4790 ab
2386 4735 2604 4804 antiquo
2628 4744 2823 4789 vexata
2854 4737 3042 4804 spiritu
3071 4736 3302 4790 libidinis
3332 4752 3534 4806 Oppor-

332 4837 354 4866 ⁸
395 4833 490 4886 Η.
523 4830 838 4899 Refulgente
859 4828 969 4898 jam
992 4828 1125 4892 sole,
1151 4825 1242 4896 qui
1262 4825 1412 4896 prius
1431 4821 1619 4878 eratin
1649 4819 1852 4885 nubilo,
1954 4824 2238 4879 tunitatem
2265 4831 2418 4878 nacta
2449 4823 2767 4889 solitudinis,
2793 4823 3126 4878 verecundia:
3147 4822 3340 4878 tollens
3360 4825 3537 4892 signa-

262 4926 531 4982 serenitas
569 4921 863 4992 aspiravit,
901 4927 1044 4976 ccetu
1081 4917 1316 4973 ﬁdelium
1351 4915 1404 4970 in
1443 4913 1669 4970 ecclesia
1717 4927 1851 4967 con-
1955 4915 2134 4970 culum
2157 4955 2173 4982 ,
2220 4909 2375 4968 irruit
2401 4913 2452 4968 in
2482 4925 2750 4969 secretum
2781 4913 2953 4967 locum
2978 4953 2993 4978 ,
3041 4913 3379 4983 interrumpit
3409 4914 3538 4969 illud

257 5023 512 5088 gregato.
554 5012 935 5070 Gratulabatur
954 5017 1126 5068 coetus
1148 5005 1382 5064 ﬁdelium
1408 5004 1858 5067 orthodoxorum,
1961 5003 2196 5058 divinum
2229 5002 2540 5073 alloquium.
2592 5001 2732 5058 Proh
2769 5002 2977 5057 uudor!
3019 5001 3238 5058 Fatetur
3267 5004 3534 5069 affectum,

1960 5227 2156 5279 actibus
2179 5265 2194 5292 ,
2237 5234 2377 5281 mota
2414 5234 2492 5280 est
2525 5228 2806 5296 persecutio
2854 5229 2907 5282 in
2943 5225 3281 5283 Christianos.
3338 5225 3539 5282 Desunt

1964 5296 2016 5351 in
2057 5312 2156 5351 ms.

2038 5377 2060 5404 ο
2093 5365 2380 5429 Excusum,
2415 5373 2584 5420 teme.

2040 5434 2058 5474 τ
2094 5434 2299 5506 Passim
2318 5433 2536 5506 fulmine
2563 5451 2896 5506 percussum,
2918 5446 2974 5492 et
3001 5437 3070 5491 ob
3091 5435 3415 5506 superbiam,
3441 5450 3538 5488 vo-

1964 5507 2098 5562 lunt.
2131 5505 2307 5629 ﬁliqui
2336 5503 2578 5573 laudant,
2605 5505 2861 5563 Catullius
2883 5503 2963 5562 ait
2992 5506 3127 5562 tradi
3157 5503 3318 5562 etiam
3347 5514 3512 5575 marty

1967 5594 2072 5629 rem
2099 5592 2130 5629 0
2173 5590 2315 5629 IISSC.

1967 5594 2072 5630 rem
2099 5590 2315 5630 ODIISSC.

345 5240 360 5269 ³
393 5236 543 5290 Alias
570 5251 689 5307 cap.
722 5254 777 5294 v.

338 5309 361 5338 ’
391 5307 542 5359 Alias
570 5321 688 5377 cap.
715 5325 788 5362 vt.

344 5377 366 5407 ³
398 5377 548 5445 Alias
577 5390 694 5445 cap.
728 5393 818 5430 vn.
883 5409 898 5422 ι

343 5455 368 5483 ⁸
400 5440 706 5511 Ειευειιιὴ,
748 5444 1117 5505 Scandiensis;
1161 5442 1282 5495 alibi
1314 5482 1328 5504 ,
1372 5440 1759 5495 Scaudinicnsis
1809 5447 1864 5493 et

262 5514 690 5583 Statdiniensis,
721 5515 788 5568 ad
815 5514 1045 5569 Scaldim
1076 5512 1312 5565 ﬂuvium.

346 5591 371 5623 ι’
403 5582 696 5656 Excusum,
727 5585 1003 5656 {ragantiaz
1032 5599 1134 5636 non
1163 5582 1462 5656 extendunt.

349 5667 375 5694 ε
407 5654 594 5708 Editin
621 5651 831 5723 vulgata
852 5693 866 5715 ,
898 5662 945 5707 et
976 5655 1026 5706 in
1057 5661 1204 5723 nocte
1230 5654 1484 5706 canticum
1516 5652 1643 5721 ejus.

347 5724 373 5762 ει
410 5721 750 5792 Repetuntnr
780 5724 830 5777 in
872 5738 1069 5778 excuso
1110 5722 1223 5778 hmc
1266 5723 1426 5780 verba
1468 5721 1811 5792 anteposita
1847 5740 1858 5774 :

271 5791 534 5868 Eligitur
555 5792 969 5867 dixjungerentur
1004 5801 1053 5846 et
1081 5794 1204 5848 locis
1243 5797 1328 5870 qui
1361 5791 1788 5866 disjungebnntur
1818 5800 1862 5844 et

2038 5657 2063 5720 β
2093 5645 2150 5720 In
2178 5645 2303 5720 aliis
2317 5644 2470 5720 Actis
2497 5643 2721 5703 Romam
2753 5646 3020 5720 profectus
3047 5645 3257 5703 dicitur.

2038 5715 2062 5753 ιι
2095 5716 2248 5769 Anno
2277 5713 2400 5768 487.

2043 5788 2056 5825 ί
2095 5784 2358 5841 Excusum
2375 5827 2392 5856 ,
2421 5783 2550 5842 luce.
