4068 6342
549 404 616 462 67
1437 395 1493 451 S.
1537 389 1945 449 ELEUTllERll
1986 388 2143 444 VITA
2185 385 2500 443 AUCTORE
2537 385 2895 443 CUIBERTO.
3734 397 3804 453 οη,

549 515 685 588 petit
708 518 1050 572 concubitum
1075 558 1089 578 ,
1121 514 1299 569 turhat
1329 513 1380 567 in
1411 510 1660 581 pontiﬁce
1689 516 1845 577 pecto
1879 505 1922 558 is
1945 503 2131 557 sabba-
2158 507 2202 566 Α
2231 501 2458 568 quodam
2505 501 2650 555 fonte
2696 501 3064 570 copiosissimo
3103 502 3330 558 ubertim
3359 501 3599 560 effundit.
3631 505 3802 575 Quam

549 609 786 662 tismum.
819 607 923 662 Sed
955 621 1079 661 ecce
1108 607 1244 659 alter
1269 602 1487 670 .Inscph,
1519 600 1607 670 qui
1637 598 1827 651 relicto
1855 595 2016 664 pallio
2048 592 2130 646 fu-

549 700 643 767 git,
675 707 730 753 et
759 712 1004 765 egressus
1034 701 1117 752 est
1143 695 1304 760 foras,
1336 694 1642 759 relinquens
1671 688 1880 743 femina:
1901 693 2124 746 vestem,

549 803 617 841 ne
659 787 989 854 relinqueret
1034 785 1352 840 castitatem.
1407 781 1474 834 At
1521 780 1607 833 illa
1650 783 1892 847 protecta
1941 773 2126 842 pallio,

549 883 832 944 postquam
864 891 980 928 eam
1011 874 1295 929 salubriter
1337 867 1577 940 pontifex
1606 875 1822 923 sanctus
1851 863 2129 919 admonuit

547 973 603 1020 et
627 967 904 1034 corripuit,
934 965 1174 1034 spiritum
1201 961 1492 1018 exhalavit.
1533 984 1535 988 λ

619 1055 707 1110 15.
767 1055 999 1109 Audiens
1062 1053 1303 1108 tribunus
1352 1049 1470 1105 ﬁlia:
1519 1047 1874 1104 miserabilem
1923 1044 2125 1098 obitum

547 1145 897 1214 obstupescit.
930 1143 1035 1198 Sed
1065 1145 1107 1197 si
1136 1141 1334 1197 Christi
1365 1140 1519 1195 ﬁdem
1549 1155 1674 1193 vero
1697 1136 1861 1192 corde
1889 1131 2128 1205 proﬁteri

547 1237 800 1302 voluerit,
829 1236 890 1289 B.
922 1235 1260 1290 Eleutherius
1288 1233 1354 1287 de
1381 1232 1558 1286 divina
1578 1229 1810 1285 conlisus
1831 1224 2131 1281 misericor-

548 1324 653 1389 dia,
671 1325 1030 1379 suscitandam
1053 1323 1166 1393 ejus
1187 1321 1343 1376 ﬁliam
1367 1321 1710 1390 repromittit.
1737 1318 1930 1372 Annuit
1952 1323 2122 1384 pater,

545 1425 603 1472 et
628 1419 912 1474 celebratis
941 1434 1007 1472 ex
1047 1431 1194 1471 more
1238 1416 1519 1470 missarum
1565 1411 1840 1466 solcmniis
1864 1449 1878 1471 ,
1930 1419 2124 1462 terram

544 1515 766 1562 sanctus
793 1508 981 1562 baculo
1003 1506 1228 1576 percutit
1259 1505 1510 1576 pastorali
1537 1522 1548 1556 :
1574 1511 1628 1557 et
1652 1502 1775 1556 dum
1801 1501 1936 1570 patri
1967 1498 2123 1552 ﬁdem

549 1597 725 1653 facere
753 1614 914 1668 super
939 1598 1202 1668 promisso
1231 1597 1437 1668 nititur,
1458 1594 1630 1648 factus
1658 1599 1738 1647 est
1765 1600 1918 1645 terra:
1945 1597 2124 1642 motus

455 1735 466 1744 .
545 1667 836 1742 horribilis.
883 1667 1017 1754 Quid
1049 1688 1242 1758 plura?
1285 1667 1455 1738 Patris
1486 1681 1770 1737 inﬁdelitas
1798 1680 1958 1734 certis
1986 1677 2122 1730 indi-

543 1780 643 1835 ciis
667 1781 920 1850 aperitur.
973 1778 1300 1833 Pernoctans
1339 1776 1496 1844 igitur
1532 1780 1747 1828 sanctus
1775 1771 1825 1824 in
1855 1769 2122 1834 oratione,

2228 589 2352 643 dum
2402 589 2557 644 oﬁ'ert
2599 600 2816 644 sanctus
2868 591 3106 662 pontifex
3159 594 3212 648 in
3253 595 3613 652 ministerium
3654 600 3808 656 bolo-

2228 681 2394 734 causti
2442 681 2621 736 statim
2668 680 2833 736 refert
2869 680 2892 717 ά
2937 683 3150 737 xeniem
3196 684 3249 737 in
3296 685 3504 754 signum
3565 691 3804 744 muneris
3846 755 3849 757 ί

2229 771 2515 841 impetrati.
2565 771 2696 825 Nam
2744 773 3096 841 promissione
3137 789 3263 829 mox
3299 777 3625 833 certiﬁcatur
3648 793 3804 848 auge-

2227 861 2326 916 lica
2347 861 2489 930 quod
2516 860 2633 930 ejus
2661 862 2833 915 oratio
2863 870 2945 916 est
2973 862 3240 919 exaudita.

2299 953 2384 1006 16.
2418 951 2558 1021 Ergo
2586 953 2708 1022 quia
2749 967 2847 1022 per
2887 968 3046 1007 omne
3073 951 3335 1022 ﬂagellum
3364 953 3657 1012 Jerusalem
3687 975 3803 1016 eru-

2226 1041 2391 1108 ditur,
2421 1049 2477 1095 et
2503 1057 2600 1111 per
2625 1042 2961 1096 vexationem
2993 1043 3293 1100 intellectus
3335 1046 3479 1104 acies
3525 1051 3762 1119 aperitur
3783 1093 3800 1119 ,

2227 1151 2352 1189 mox
2381 1151 2539 1204 super
2568 1149 2804 1205 paganos
2842 1153 3032 1193 manus
3071 1138 3280 1194 Domini
3335 1150 3539 1211 pestem
3580 1160 3802 1216 exagge-

2226 1241 2352 1280 rans
2378 1236 2714 1294 aggravatur.
2761 1226 2980 1284 Prodire
3017 1244 3122 1283 non
3152 1239 3374 1299 possunt
3402 1231 3454 1286 in
3507 1234 3796 1305 publicum,

2222 1324 2486 1383 coguntur
2529 1315 2788 1371 dmmonia
2827 1331 3021 1386 negare
3063 1321 3402 1388 responsum,
3459 1319 3689 1379 ﬁnaliter
3713 1326 3801 1381 de-

2224 1413 2452 1459 cernunt
2477 1405 2701 1474 gentiles
2735 1406 3003 1461 tribunum
3044 1408 3308 1473 occidere,
3336 1410 3379 1466 si
3419 1427 3526 1466 non
3557 1413 3610 1466 in
3635 1415 3800 1469 Omni-

2225 1495 2325 1550 bus
2352 1496 2582 1551 voluerit
2609 1495 2916 1553 Eleutherio
2944 1500 3265 1555 consentire.
3297 1501 3400 1568 Qui
3429 1503 3704 1560 venientes
3729 1505 3797 1560 ad

2224 1595 2488 1653 sanctum,
2519 1587 2766 1659 lacrymis
2795 1587 2941 1654 fusis,
2973 1598 3321 1659 prosternunt
3347 1608 3407 1648 se
3432 1594 3655 1664 pedibus
3680 1611 3799 1650 san-

2223 1679 2295 1733 cti
2333 1677 2618 1748 pontiﬁcis.
2661 1678 2940 1749 impletum
2977 1689 3059 1736 est
3102 1681 3226 1736 illud
3266 1681 3414 1739 Isaia:
3440 1686 3745 1741 vaticinium
3778 1706 3792 1742 :

2223 1771 2454 1826 Venient
2479 1770 2545 1825 ad
2571 1779 2622 1825 te
2644 1772 2792 1825 curvi
2823 1771 2908 1826 lilii
2932 1787 3140 1838 eorum,
3167 1773 3258 1843 qui
3283 1774 3693 1830 humiliaverunt
3721 1786 3793 1845 te,

545 1886 704 1924 mane
734 1880 965 1940 emptum
993 1869 1312 1938 aggreditur.
1335 1865 1442 1920 Sed
1468 1866 1660 1918 iterato
1688 1871 1840 1917 terra:
1861 1867 2007 1914 motu
2023 1874 2120 1928 pa-
2150 1861 2197 1920 B
2224 1872 2278 1917 et
2304 1864 2396 1933 qui
2433 1863 2787 1918 detrahebant
2825 1864 2942 1930 tibi,
2991 1864 3290 1923 adorabunt
3333 1867 3553 1934 vestigia
3601 1868 3795 1938 pedqu

543 1961 643 2015 tris
671 1959 954 2014 inﬁdelitas
981 1958 1346 2014 conﬁrmatur.
1388 1955 1488 2022 Qui
1517 1959 1865 2022 compunctus
1894 1950 1957 2004 ad
1986 1959 2126 2004 tem-

543 2064 646 2119 pus
675 2050 832 2104 tertio
862 2049 1018 2114 redit,
1043 2049 1265 2119 pedibus
1295 2045 1560 2116 pontilicis
1586 2059 1644 2098 se
1671 2042 1978 2112 prostravit,
2001 2056 2122 2094 rea-

543 2150 657 2196 tum
679 2143 869 2210 aperit,
898 2141 1166 2195 ﬁctionem
1188 2138 1443 2204 ostendit,
1468 2135 1660 2204 recipit
1679 2132 1838 2187 ﬁliam
1863 2133 1912 2185 in
1927 2131 2124 2186 Christi

545 2231 760 2290 nomine
783 2247 878 2302 per
905 2229 964 2285 Β.
993 2229 1352 2284 Eleutherium
1381 2227 1708 2282 suscitatam.
1737 2223 1866 2289 Qua:
1892 2221 2122 2277 catechi-

542 2332 661 2376 zata
691 2321 812 2377 ﬁdei
833 2321 1166 2382 rudimentis,
1190 2333 1390 2387 sexque
1417 2317 1620 2372 dierum
1647 2323 1868 2384 purgata
1891 2312 2119 2382 jejunio,

543 2421 891 2482 regeneratur
920 2413 970 2466 in
994 2410 1236 2474 Christo;
1262 2424 1423 2479 quam
1447 2407 1648 2462 Blanda
1677 2405 1992 2460 venerabilis
2017 2420 2126 2458 ma-

544 2513 626 2560 ter
653 2505 886 2576 episcopi
915 2503 980 2559 de
1021 2519 1178 2558 sacro
1227 2503 1372 2556 fonte
1399 2499 1652 2569 suscepit,
1685 2493 1898 2555 Blanda-
1928 2511 2122 2552 nomen

542 2595 714 2650 eidem
761 2595 1029 2665 imposuit.
1062 2599 1191 2661 Qua:
1231 2592 1428 2648 tribuni
1467 2589 1570 2645 ﬁlia
1600 2589 1936 2660 postmodum
1966 2587 2124 2643 Blan-

542 2683 691 2740 dinio
721 2702 915 2740 nomen
945 2686 1110 2740 dedit.
1165 2685 1309 2738 lianc
1357 2693 1515 2754 pater
1544 2683 1609 2739 ad
1651 2681 2015 2736 inﬁdelitatem
2045 2697 2126 2737 re-

541 2776 715 2845 diens,
747 2777 926 2832 multis
965 2776 1142 2832 affecit
1177 2775 1437 2830 molestiis
1474 2789 1540 2827 eo
1579 2772 1726 2841 quod
1751 2779 1894 2827 esset
1930 2770 2116 2826 ﬁdelis.

541 2866 648 2923 Sed
674 2869 824 2936 virgo
849 2867 1116 2923 Christum
1143 2865 1496 2927 lucrifaciens.
1530 2865 1695 2934 patris
1726 2873 1749 2902 ⁸
1783 2865 2121 2919 abdicatione

542 2969 784 3029 ereptum
810 2961 909 3013 sibi
935 2957 1312 3028 patrimonium
1339 2955 1746 3027 parvipendens,
1772 2970 2120 3025 perseverans

540 3050 595 3104 in
625 3049 748 3115 ﬁde,
779 3048 1037 3120 b’quievit
1081 3049 1134 3103 in
1179 3063 1330 3118 pace.
1377 3046 1596 3116 Sepulta
1624 3047 1675 3100 in
1702 3045 1826 3103 villa
1855 3045 2120 3102 Blandinii

540 3141 711 3211 pridie
742 3151 765 3181 ο
795 3140 1044 3197 calendas
1085 3139 1226 3196 Junii
1273 3147 1396 3194 ante
1441 3138 1500 3192 Β.
1551 3137 1693 3193 Petri
1741 3138 2033 3194 sacrarium
2063 3146 2119 3193 et

539 3232 728 3288 altare.

614 3325 628 3354 ¹
662 3321 746 3380 14.
780 3323 980 3378 Volens
1026 3321 1204 3376 autem
1253 3319 1507 3376 Dominus
1535 3333 1789 3388 generare
1817 3320 1915 3376 sibi
1943 3336 2116 3390 popu-

539 3413 646 3467 lum
669 3413 1077 3478 substantivum,
1094 3412 1351 3482 corripuit
1373 3410 1736 3466 Tornacenses
1757 3420 1905 3480 peste
1927 3411 2116 3466 mortis

537 3503 748 3572 subitm,
777 3519 879 3572 qua
901 3504 1163 3574 percussit
1190 3503 1384 3558 ibidem
1408 3503 1614 3572 aliquos
1641 3515 1990 3572 paganorum.
2020 3502 2118 3556 La-

539 3595 725 3652 tebant
747 3594 1026 3648 vulnerum
1045 3595 1215 3662 signa,
1242 3594 1577 3649 nesciebatur
1598 3593 1883 3648 eifectuum
1911 3609 2071 3650 causa
2097 3611 2110 3651 :

537 3685 865 3744 sentiebatur
892 3686 1135 3740 funerum
1163 3701 1343 3755 poma,
1372 3685 1711 3755 quaerebatur
1741 3685 1984 3741 inellicax
2009 3702 2118 3742 me-

535 3776 729 3834 dicina.
779 3775 911 3830 Nam
953 3777 1184 3844 quodam
1225 3777 1396 3831 noctis
1439 3778 1751 3846 crepusculo
1791 3793 1912 3832 cum
1953 3779 2115 3834 armis

537 3867 873 3926 Blandiuium
921 3875 1450 3937 pergunt,sanctum
1507 3877 1749 3923 orantem
1805 3871 2110 3935 inveniunt,

532 3958 740 4014 catenis
786 3959 1042 4022 vinciunt,
1075 3959 1368 4012 Censorino
1398 3954 1592 4014 Caesari
1643 3959 1856 4015 tribuno
1897 3961 2110 4028 sistunt,

534 4059 620 4106 ter
645 4049 804 4117 virgis
832 4066 1023 4104 ca:sum
1052 4051 1383 4105 incarccrant
1411 4057 1466 4102 et
1493 4039 1758 4104 reludunt.
1789 4049 1894 4105 Sed
1924 4052 2112 4106 eadem

537 4149 692 4194 nocte
717 4140 938 4194 visitans
959 4156 1081 4194 eum
1113 4139 1353 4208 angelus,
1383 4140 1554 4194 eidem
1581 4141 1798 4206 assistit,
1833 4141 1974 4196 fores
2001 4158 2113 4196 car-

531 4232 674 4288 ceris
701 4234 891 4302 aperit,
929 4234 1064 4287 viam
1094 4249 1199 4302 qua
1244 4232 1575 4288 Blandiuium
1621 4244 1824 4304 pergat,
1855 4237 2107 4304 ostendit,

535 4322 743 4378 vincula
769 4324 1068 4396 disrumpit,
1098 4327 1334 4381 vinctum
1365 4327 1562 4385 educit.

607 4411 694 4467 15.
727 4411 962 4469 Eductus
990 4417 1188 4483 gratias
1217 4416 1342 4484 agit,
1372 4425 1426 4472 et
1453 4417 1592 4473 diem
1620 4419 1960 4488 postmodum
1989 4421 2111 4477 mis.

531 4519 710 4562 sarum
739 4514 895 4559 vacat
938 4506 1232 4571 solemniis,
1272 4506 1444 4562 factus
1487 4509 1538 4562 in
1578 4510 1793 4572 exstasi,
1824 4511 2026 4580 positus
2055 4513 2106 4567 in

2225 1961 2437 2008 tuorum
2469 1951 2624 2022 (Isai.
2656 1969 2746 2016 1.x,
2779 1952 2892 2020 14).
2922 1951 3050 2008 Post
3089 1955 3202 2009 inec
3231 1954 3430 2010 indicto
3459 1965 3660 2026 septem
3691 1959 3795 2014 die-

2221 2057 2338 2096 rum
2368 2041 2593 2096 solemni
2634 2040 2857 2109 jejunio,
2887 2042 2974 2096 die
3002 2051 3189 2098 octava
3219 2044 3461 2100 tribunus
3488 2049 3796 2117 et'populus

2222 2131 2389 2185 induti
2419 2131 2606 2196 saccis,
2639 2138 2838 2187 exeunt
2881 2131 2949 2186 de
2998 2131 3261 2191 Tornaco.
3294 2135 3440 2200 Quos
3479 2153 3702 2194 numero
3729 2141 3796 2194 si-

2219 2229 2502 2289 gnatorum
2547 2221 2929 2278 et‘electorum
2973 2231 3189 2280 sanctus
3227 2224 3442 2279 ascribit
3487 2227 3797 2286 charactere

2219 2309 2555 2380 baptismatis
2601 2319 2655 2365 et
2699 2309 2820 2368 ﬁdei
2859 2323 3216 2373 sacramento.
3267 2315 3400 2375 Nam
3449 2318 3690 2377 volentes
3727 2322 3796 2378 de

2220 2401 2454 2455 tenebris
2482 2401 2694 2470 prodire
2737 2403 2802 2456 ad
2841 2401 3036 2466 lucem,
3064 2414 3118 2459 et
3144 2406 3391 2476 amplecti
3428 2411 3794 2468 suavissimam

2219 2493 2412 2548 Christi
2452 2492 2640 2561 legem,
2671 2509 2780 2549 sua:
2817 2497 3180 2552 conversionis
3207 2499 3466 2568 primitias
3493 2503 3795 2574 baptismali

2218 2581 2433 2639 lavacro
2461 2598 2680 2638 necesse
2708 2592 2792 2639 est
2818 2588 3143 2653 consecrari,
3198 2598 3462 2660 quatenus
3498 2594 3551 2648 in
3601 2611 3793 2652 novam

2218 2674 2408 2736 anima:
2438 2675 2797 2730 innocentiam
2826 2685 2880 2732 et
2907 2678 3028 2732 vita:
3057 2679 3336 2740 infantiam
3364 2695 3713 2746 renascantur
3739 2690 3793 2744 in

2219 2767 2374 2836 aquis
2423 2769 2845 2836 regenerationis
2874 2770 3116 2841 deposita
3153 2779 3418 2832 Vetustate
3445 2781 3670 2848 peccati.
3701 2781 3794 2836 Ce-

2219 2859 2420 2915 lebrata
2449 2867 2533 2916 est
2557 2875 2685 2930 ergo
2707 2877 2826 2917 cum
2853 2865 3051 2932 gaudio
3075 2866 3188 2922 dies
3217 2869 3304 2924 illa
3328 2871 3582 2932 solemnis
3607 2877 3793 2942 quinto

2218 2951 2470 3009 calendas
2489 2951 2755 3021 Octobris,
2783 2971 2902 3011 cum
2928 2973 2956 3010 a
2979 2960 3289 3026 gentilitatis
3313 2975 3496 3018 errore
3519 2981 3616 3035 per
3641 2966 3794 3024 Eleo-

2219 3043 2447 3098 therium
2474 3061 2766 3102 conversus
2793 3055 2876 3105 est
2915 3049 2982 3104 ad
3023 3048 3178 3106 ﬁdem
3225 3055 3538 3110 catholicam
3567 3060 3792 3128 populus

2220 3132 2592 3190 Tornacensis.
2642 3135 2762 3192 "me
2786 3145 2870 3192 est
2897 3138 3029 3205 dies,
3061 3155 3222 3211 quam
3252 3143 3394 3198 nulla
3424 3145 3583 3202 debet
3612 3147 3794 3204 delere

2144 3219 2189 3281 C
2220 3224 2436 3289 oblivio,
2459 3225 2552 3280 sed
2573 3227 2868 3284 exuberare
2895 3245 3000 3284 vox
3026 3230 3196 3287 laudis
3221 3241 3272 3288 et
3302 3235 3593 3304 gratiarum
3615 3239 3790 3305 actio;

2217 3329 2339 3369 cum
2386 3323 2496 3369 tam
2544 3316 2907 3386 indignatione
2952 3337 3109 3391 quam
3152 3323 3494 3380 miseratione
3534 3342 3793 3385 conversa

2217 3414 2300 3462 est
2325 3414 2473 3462 tanta
2499 3409 2680 3478 populi
2701 3410 2983 3467 multitudo
3007 3413 3167 3468 modo
3183 3415 3410 3470 mirabili
3431 3425 3486 3472 et
3505 3419 3790 3488 stupendo,

2216 3497 2355 3553 sicut
2373 3499 2630 3569 scriptum
2661 3508 2742 3555 est
2768 3500 2922 3574 (Isai.
2948 3519 3038 3573 ιχ,
3062 3504 3148 3574 10)
3177 3505 3268 3562 :ln
3292 3507 3654 3578 indignatione
3672 3526 3794 3570 mea

2215 3592 2454 3662 percussi
2483 3601 2566 3657 te,
2614 3602 2663 3648 et
2698 3594 2748 3648 in
2787 3597 3222 3653 reconciliatione
3251 3615 3370 3654 mea
3399 3601 3646 3660 misertus
3673 3619 3792 3658 sum

2217 3683 2312 3735 tui.
2363 3682 2591 3739 Sanctus
2617 3699 2745 3754 ergo
2774 3686 3013 3756 pontifex
3056 3697 3180 3758 post
3208 3691 3321 3746 hau:
3350 3691 3641 3762 ingreditur
3667 3710 3790 3750 cum

2215 3773 2383 3841 gloria
2403 3777 2697 3845 civitatem,
2719 3795 2875 3848 quem
2898 3781 3127 3849 populus
3145 3783 3423 3838 universus
3442 3786 3650 3857 excepit
3667 3802 3791 3843 cum

2215 3865 2393 3924 debita
2425 3871 2722 3924 reverentia
2752 3871 2888 3926 sicut
2917 3873 3102 3941 patria:
3130 3873 3486 3936 defensorem.

2286 3961 2305 3992 ’
2346 3959 2430 4014 l7.
2471 3959 2729 4014 Latuerat
2763 3961 2852 4016 diu
2896 3963 3111 4017 lucerna
3147 3965 3246 4020 sub
3275 3967 3454 4024 modio
3480 4009 3496 4032 ,
3535 3981 3653 4036 qua:
3679 3966 3791 4034 jam

2213 4050 2386 4120 posita
2424 4065 2587 4119 super
2622 4049 3002 4106 candelabrum
3050 4053 3212 4123 ctepit
3253 4053 3480 4124 amplius
3526 4055 3790 4110 illustrare

2213 4141 2450 4197 domum.
2491 4138 2621 4193 Nam
2649 4139 2774 4194 dum
2803 4157 2867 4196 ex
2899 4141 2968 4210 pii
2999 4144 3227 4212 pastoris
3253 4145 3530 4214 prmsenlia
3562 4146 3791 4215 populus

2212 4231 2610 4301 gratulabatur,
2640 4233 2833 4287 crescit
2872 4234 3098 4303 atuplius
3135 4235 3506 4291 evsnltationis
3542 4238 3788 4304 materia,

2214 4325 2336 4396 quia
2367 4334 2389 4361 ε
2417 4339 2588 4378 ctecus
2624 4323 2884 4380 adductus
2921 4323 2988 4378 ad
3027 4324 3332 4394 pontiﬁcem
3363 4327 3659 4381 illustratur
3691 4345 3703 4378 :
3735 4336 3792 4380 et

2211 4419 2382 4474 infusa
2427 4418 2527 4472 sibi
2565 4417 2684 4473 luce
2726 4415 2848 4473 ﬁdei
2883 4415 2900 4455 τ
2930 4419 3141 4474 carcitas
3187 4419 3410 4473 interior
3446 4419 3785 4474 emundatur.

2211 4508 2420 4564 Caecum
2462 4508 2624 4562 etiam
2655 4508 2851 4572 alium,
2886 4508 3100 4562 nomine
3132 4506 3456 4571 Mamilium,
3489 4507 3541 4562 in
3571 4507 3660 4563 die
3687 4508 3788 4563 do-

529 4610 753 4650 excessu
776 4596 989 4658 mentis,
1015 4597 1262 4652 obsecrat
1287 4614 1384 4668 pro
1411 4599 1642 4666 tribuno,
1668 4599 1833 4654 Deum
1862 4602 2106 4670 precibus
2133 4597 2185 4657 D
2208 4599 2388 4654 minici
2414 4598 2613 4655 Natalis
2641 4599 2922 4662 illuminat,
2952 4599 3043 4666 qui
3071 4597 3356 4654 destitutus
3380 4599 3659 4668 temporali
3689 4599 3790 4654 sti-

528 4685 780 4742 sollicitat
810 4702 905 4756 pro
935 4687 1105 4740 salute
1145 4688 1326 4757 populi
1358 4688 1732 4745 Tornacensis.
1776 4691 2105 4746 Constitutus

526 4789 612 4836 est
637 4781 687 4834 in
719 4781 805 4834 illa
837 4783 1031 4836 mentis
1053 4781 1358 4847 affectione,
1381 4791 1436 4838 et
1455 4792 1674 4854 experta
1705 4785 1887 4854 paucis
1915 4785 2107 4839 oratio-

528 4872 612 4928 nis
639 4871 938 4936 dulcedine,
971 4888 1088 4943 qua:
1115 4888 1329 4928 sensum
1361 4873 1651 4928 humanum
1690 4875 1914 4928 omnino.
1937 4882 2105 4928 trans.

525 4961 722 5023 eendit,
751 4977 908 5029 quam
937 4979 1034 5018 nec
1059 4979 1222 5018 sonus
1249 4965 1415 5025 vocis,
1444 4979 1541 5018 nec
1563 4964 1754 5032 lingua:
1779 4972 1978 5026 motus,
2005 4980 2104 5020 nec

524 5056 822 5110 enuntiatio
849 5058 1128 5112 verborum
1153 5059 1256 5112 ulla
1279 5058 1579 5126 distinguit.
1618 5057 1710 5112 sed
1733 5075 1890 5128 quam
1912 5059 2103 5114 devota

525 5161 678 5203 mens
707 5145 968 5202 iufusioue
997 5149 1228 5204 cmlestis
1259 5149 1523 5204 illustrata
1566 5147 1778 5201 lmninis
1803 5186 1816 5209 ,
1850 5149 2102 5215 angelicis

525 5251 633 5295 non
683 5235 926 5290 lnnnanis
975 5237 1217 5308 designat
1263 5239 1507 5308 eloquiis,
1540 5239 1630 5294 sed
1675 5239 2008 5308 conglobatis
2049 5241 2100 5294 in

525 5341 686 5379 unum
732 5325 996 5393 sensibus,
1046 5336 1101 5382 et
1148 5327 1482 5384 mortiﬁealis
1521 5328 1819 5392 aﬁ'ectibus,
1851 5329 1995 5386 velut
2032 5329 2099 5384 de

630 5437 652 5465 Ι

599 5488 612 5518 ¹
644 5487 788 5542 Alias
817 5504 936 5557 cap.
966 5504 1077 5542 vm.

595 5557 614 5587 '
639 5557 782 5626 Alias
811 5574 928 5626 cap.
965 5575 1034 5611 ts.

593 5634 620 5666 ι
651 5625 769 5686 Με..
802 5625 1175 5681 abdicationem
1204 5637 1252 5680 et
1279 5636 1528 5687 ereptum.

594 5699 618 5731 ιι
647 5694 775 5767 l’nst
804 5697 1010 5767 plenam
1038 5697 1202 5766 patris
1228 5697 1653 5763 convrrsionem,
1680 5699 1746 5751 ah
1775 5713 1840 5751 eo
1864 5697 2093 5767 sepulta,

526 5779 578 5824 ut
611 5766 696 5818 alii
729 5765 958 5817 tradunt.

594 5849 612 5873 ε
653 5833 774 5890 Μδ..
799 5835 965 5894 pridie
990 5837 1105 5894 idus
1131 5833 1295 5894 Junii.

2210 4692 2430 4762 pendio,
2459 4690 2731 4746 desolatus
2767 4689 3007 4744 ductoris
3031 4689 3306 4759 suﬁ'ragio,
3338 4698 3527 4759 petens
3555 4689 3790 4744 eleemo-

2208 4798 2394 4854 synam
2425 4782 2479 4836 in
2507 4781 2733 4836 ecclesia
2771 4780 3128 4840 mendicabat,
3179 4779 3490 4850 lncrepatur
3527 4789 3585 4834 ut
3612 4787 3791 4833 taceat

2209 4890 2237 4927 a
2269 4873 2714 4944 przetereuntibus
2746 4889 2759 4928 :
2792 4871 2990 4927 misero
3019 4872 3350 4943 compatiens
3377 4879 3593 4928 sanctus
3621 4885 3788 4934 cmce,

2209 4967 2482 5037 proposita
2507 4965 2634 5020 ca:ci
2659 4965 2802 5020 illius
2831 4965 3122 5033 evangelici
3152 4963 3402 5034 parabole
3433 4962 3582 5034 (ιω.
3613 4965 3784 5029 xvui),

2207 5057 2297 5126 qui
2329 5064 2545 5124 rogatus
2575 5063 2632 5110 ut
2661 5064 2883 5120 taceret,
2913 5055 3182 5111 clamabat
3204 5054 3450 5124 amplius,
3480 5055 3634 5121 signo
3661 5069 3788 5108 cru-

2205 5149 2282 5204 cis
2313 5147 2482 5202 oculis
2511 5145 2628 5214 ejus
2674 5146 2936 5216 impresso
2958 5188 2975 5213 ,
3014 5145 3248 5200 restituit
3282 5145 3333 5199 ci
3365 5146 3535 5199 visum
3569 5162 3581 5198 :
3613 5152 3667 5198 et
3702 5144 3791 5197 die

2205 5254 2314 5308 quo
2363 5237 2453 5294 lux
2503 5251 2630 5291 vera
2679 5237 2822 5292 venit
2868 5236 2919 5290 in
2967 5235 3223 5290 mundum
3269 5235 3334 5290 ad
3381 5234 3788 5290 illuminandum

2203 5345 2419 5389 omnem
2448 5329 2738 5394 hominem,
2767 5336 3001 5392 sanctus,
3027 5328 3118 5398 qui
3147 5329 3512 5384 testimonium
3533 5328 3787 5398 perhibe-

2276 5482 2300 5521 δ
2333 5483 2454 5556 Ms,
2487 5485 2757 5548 cmonium,
2787 5484 2984 5540 donum
3020 5487 3318 5556 hospitale,
3351 5495 3409 5540 ut
3436 5487 3672 5556 xenjicm,
3703 5486 3788 5539 cui

2204 5571 2354 5628 more
2379 5543 2584 5628 Gallico
2613 5571 2643 5609 e
2671 5543 3020 5628 prieponitur.
3051 5543 3138 5610 De.
3153 5573 3220 5613 eo
3245 5543 3500 5628 legendus
3531 5543 3789 5626 Rosvvey-

2202 5627 2300 5679 dus
2329 5626 2379 5678 in
2407 5622 2771 5679 Onomastieo.

2278 5705 2300 5731 ο
2339 5693 2604 5767 Excusum
2630 5735 2644 5757 ,
2691 5703 2864 5750 ratus.
2910 5695 2966 5750 ln
3003 5697 3121 5755 aliis
3157 5695 3613 5767 agiturctiamde
3641 5711 3786 5750 croco

2203 5764 2518 5821 lliuminato.
3195 5764 3216 5767 '
3794 5795 3801 5806 .

2282 5834 2298 5870 '
2328 5833 2496 5902 Idem,
2529 5839 2716 5889 raritas
