4122 6330
297 365 376 422 ω
1192 366 1249 422 s.
1292 362 1699 423 mserum:
1741 363 1898 422 vm
1939 361 2255 422 arerem:
2292 346 2651 425 cetnenro.

3505 372 3609 429 731-

296 485 396 542 bat
422 483 489 540 de
519 481 720 538 lumine
738 521 753 546 ,
783 483 971 539 oculos
995 482 1121 539 czeci
1150 485 1378 553 aperuit,
1411 492 1468 538 ut
1495 484 1732 539 exterius
1760 499 1883 553 per-
1912 482 1957 542 Α
1987 481 2209 535 verbera
2239 482 2621 553 sequebantur,
2678 482 2754 538 ita
2781 490 2842 539 ut
2868 483 3022 541 multi
3063 484 3311 543 catholici
3342 500 3439 558 per
3461 487 3575 544 ιη-
3664 466 3672 475 ’

294 577 457 633 deret
495 575 790 630 cecitatem
817 613 833 640 ,
873 582 928 629 et
965 573 1190 629 interius
1233 584 1548 644 agnosceret
1584 575 1886 629 veritatem.

295 666 569 724 Claudum
596 665 760 721 etiam
789 680 820 719 a
851 665 1128 721 nativitate
1153 674 1370 721 sanctus
1398 675 1423 703 λ
1455 666 1636 721 virtuti
1659 667 1893 721 restituit

295 764 678 833 progresslvze.

373 852 465 907 18.
508 851 740 908 Peritius
767 850 984 921 quidam
1018 852 1234 908 nomine
1258 895 1273 917 ,
1304 851 1452 922 lepra
1484 866 1767 923 percussus
1789 889 1804 913 ,
1837 859 1892 905 et

294 945 455 1000 velut
491 944 868 1000 abominabilis
896 944 963 999 ab
991 943 1240 1000 omnibus
1277 952 1358 999 est
1394 951 1755 1013 contemptus.
1794 941 1892 998 llic

294 1036 517 1105 iacebat
544 1035 612 1091 ad
636 1035 856 1105 januam
877 1034 1139 1103 ecclesitr,
1161 1050 1280 1105 qua:
1307 1041 1439 1090 tunc
1466 1034 1720 1104 temporis
1747 1032 1893 1088 dicc-

296 1126 466 1181 batur
494 1124 734 1179 Mamilia
760 1166 776 1193 ,
806 1123 1123 1195 praestolans
1169 1124 1398 1179 electum
1427 1122 1521 1177 Dei
1559 1121 1888 1193 pontificem,

297 1224 362 1272 ut
383 1218 453 1273 ab
477 1232 545 1273 eo
566 1223 957 1272 sacramentum
979 1213 1399 1285 regenerationis
1419 1214 1706 1284 acciperet,
1731 1227 1891 1281 quem

298 1315 719 1379 exspectaverat
763 1322 861 1378 per
896 1306 1013 1362 dies
1050 1306 1263 1362 circiter
1295 1303 1666 1375 quadraginta.
1720 1304 1892 1372 Quem

299 1408 524 1456 sanctus
566 1397 830 1468 aspiciens
852 1437 867 1463 ,
909 1406 966 1451 et
1006 1397 1340 1466 compatiens
1376 1394 1713 1464 regeneravit
1751 1392 1892 1448 unda

296 1489 666 1560 baptismatis,
695 1495 752 1543 et
777 1486 928 1543 carni
955 1487 1183 1542 contulit
1210 1484 1528 1542 beneﬁcium
1560 1485 1779 1553 integra:
1806 1498 1893 1538 sa-

298 1581 512 1636 nitatis.
545 1578 648 1647 Qui
678 1579 848 1649 gratia
875 1577 1174 1635 sanctitatis
1200 1577 1478 1649 eﬂ'ulgeus,
1502 1592 1532 1632 a
1554 1576 1614 1630 Β.
1637 1575 1893 1631 Medardo

298 1670 652 1742 postmodum
679 1670 882 1741 primus
903 1668 1067 1725 abbas
1095 1670 1368 1725 institutus
1396 1676 1477 1723 est
1503 1667 1751 1723 civitatis.
1784 1664 1895 1721 Dif-

296 1761 631 1817 fundebatur
657 1774 787 1829 ergo
813 1761 984 1829 magis
1012 1768 1067 1815 et
1111 1759 1280 1828 magis
1325 1759 1460 1815 odor
1495 1758 1622 1813 boni
1659 1757 1893 1814 nominis

1994 574 2285 628 reticorum
2326 574 2636 629 violentiam
2685 582 2740 630 et
2783 575 3003 633 insidias
3044 577 3100 632 in
3142 576 3372 634 Schalde
3416 577 3578 635 fluvio

1994 673 2337 720 necarentur.
2369 664 2587 719 Decimo
2614 664 2877 734 siquidem
2902 667 3257 724 ordinationis
3281 683 3392 724 sum
3412 684 3575 731 anno,

1993 756 2313 827 pnesidente
2342 770 2480 825 papa
2510 755 2795 812 Anastasio
2820 795 2835 823 ,
2866 756 2893 796 δ
2924 757 3139 814 Gelasio
3161 756 3273 828 jam
3301 759 3575 826 defuncto,

1992 845 2238 919 dyscolos
2267 846 2479 901 reduxit
2506 845 2572 900 ad
2612 846 2797 912 ﬁdem,
2830 856 2886 903 et
2918 849 3226 906 incredulos
3255 850 3323 906 ad
3351 851 3582 906 catholi-

1992 953 2109 991 cam
2143 938 2400 991 uuionem
2433 954 2446 990 :
2478 943 2532 991 et
2560 938 2685 1006 quia
2725 936 3037 1010 frequenter
3063 941 3297 1011 erumpit
3332 942 3386 996 in
3423 939 3581 1010 regu-

1992 1030 2101 1084 lum
2124 1030 2267 1101 quod
2296 1030 2558 1085 occultius
2597 1038 2680 1085 est
2705 1030 3008 1097 confotum,
3054 1034 3461 1102 quartodecimo
3497 1034 3580 1089 sui

1996 1122 2314 1190 praesulatus
2366 1136 2508 1175 anno
2546 1119 2733 1175 videns
2778 1120 3050 1190 vipeream
3089 1123 3333 1179 sobolem
3392 1125 3581 1179 matris

1992 1212 2243 1269 Ecclesiae
2282 1213 2483 1267 viscera
2529 1213 2852 1268 dividentem
2879 1253 2893 1279 ,
2936 1222 2991 1269 et
3027 1221 3216 1270 contra
3245 1216 3580 1271 divinitatem

1994 1305 2251 1374 unigeniti
2295 1305 2413 1359 Filii
2457 1304 2549 1358 Dei
2585 1316 2607 1342 ο
2639 1304 2888 1360 toxicatis
2931 1306 3123 1374 linguis
3169 1308 3580 1363 inverecunrlius

1992 1396 2348 1451 oblatrantem
2374 1437 2389 1463 ,
2435 1395 2618 1451 Romae
2639 1393 2751 1465 jam
2791 1396 3159 1466 praesidentem
3199 1398 3579 1470 Symmachum

1993 1487 2144 1555 adiit,
2202 1501 2485 1545 sermones
2509 1487 2804 1543 catholicos
2839 1487 3011 1543 eidem
3042 1488 3261 1555 obtulit,
3302 1502 3358 1544 et
3395 1506 3581 1545 susce-

1992 1589 2114 1650 ptus
2142 1580 2209 1634 ab
2247 1580 2441 1635 eodem
2480 1579 2804 1648 honoriﬁce,
2840 1581 3193 1643 reversusad
3223 1582 3420 1636 natalia
3450 1599 3580 1638 cono
3618 1635 3631 1651 ,

1993 1669 2128 1727 fudit
2155 1671 2438 1727 haereticos
2465 1680 2520 1726 et
2540 1673 2830 1742 convertit.

2064 1759 2151 1816 21.
2192 1761 2250 1815 In
2287 1760 2476 1817 diebus
2504 1770 2682 1816 autem
2727 1761 2830 1817 illis
2877 1760 3102 1815 invaluit
3128 1758 3157 1798 ά
3186 1759 3610 1830 Acepbalorum~

297 1850 421 1920 ejus
450 1850 518 1905 ad
548 1851 713 1904 Vitam
741 1850 978 1919 sellium
1008 1868 1020 1904 :
1051 1851 1145 1905 lux
1169 1849 1427 1906 claritatis
1452 1849 1617 1920 ipsius
1644 1847 1895 1904 Ecclesia:
1927 1849 1971 1910 Β
1997 1852 2252 1909 hzeresis:
2279 1852 2567 1907 revertitur
2592 1851 2832 1922 pontifex
2863 1851 3060 1907 Christi
3091 1851 3339 1914 Romam,
3363 1859 3419 1905 et
3438 1866 3580 1905 anno
3606 1900 3613 1909 .

297 1940 553 2013 replebat
580 1940 1033 2011 hemisphaerium.

357 2035 467 2091 .19.
508 2033 677 2104 Cujus
713 2033 854 2088 fama
900 2034 1157 2105 compulit
1198 2032 1525 2090 Ludovicum
1572 2048 1793 2103 regem,
1834 2042 1894 2090 ut

299 2128 537 2183 intraret
556 2124 797 2196 pnesulis
815 2125 1106 2180 civitatem.
1131 2124 1250 2195 Ipse
1271 2126 1436 2181 etiam
1458 2133 1543 2182 est
1562 2125 1894 2183 Francorum

298 2232 401 2273 rex
426 2216 735 2273 Ludovicus
762 2216 966 2288 primus
993 2231 1024 2271 a
1065 2216 1126 2271 B.
1158 2216 1402 2287 Remigio
1431 2219 1751 2289 baptizatus.
1785 2218 1895 2275 De-

300 2308 545 2364 lectabat
564 2324 687 2363 eum
706 2307 1023 2363 mirabiliter
1040 2307 1224 2365 audire
1245 2309 1625 2381 praedicantem
1647 2309 1895 2365 Eleuthe-

299 2397 472 2465 rium,
531 2405 586 2452 et
621 2400 935 2454 memoriter
961 2399 1228 2455 retinebat
1270 2415 1574 2457 sermonem
1620 2401 1895 2473 sapientia:

300 2486 422 2542 sale
443 2486 740 2542 conditum.
771 2486 870 2545 Hic
895 2496 1173 2559 peccatum
1201 2498 1324 2561 post
1347 2491 1617 2548 lavacrum
1644 2492 1895 2563 baptismi

298 2576 656 2633 commiserat
698 2576 843 2646 quod
893 2577 1139 2647 conﬁteri
1188 2580 1514 2636 verecundia
1551 2583 1892 2652 prohibebat.

301 2667 469 2735 Quod
515 2676 734 2724 sanctus
786 2669 974 2725 videns
1021 2669 1075 2724 in
1121 2670 1313 2741 spiritu
1358 2672 1471 2740 regi
1516 2671 1724 2731 detulit.
1781 2672 1896 2729 Rex

298 2759 517 2837 pudore
546 2758 775 2817 suffusus
803 2768 860 2816 et
884 2761 1165 2833 lacrymis,
1210 2761 1353 2821 illico
1382 2769 1590 2817 reatum
1618 2764 1892 2832 cognovit,

300 2861 365 2907 et
393 2852 688 2907 obsecrans
722 2867 817 2907 rex
857 2861 917 2907 ut
964 2855 1104 2909 inter
1150 2854 1324 2910 missae
1366 2854 1625 2910 solemnia
1673 2863 1890 2912 sanctus

295 2943 426 3014 ejus
464 2942 621 2999 ﬁeret
659 2944 987 3017 advocatus,
1027 2962 1126 3017 pro
1156 2947 1271 3017 ipso
1307 2947 1519 3003 veniam
1559 2930 1889 3018 impetravit,

298 3036 450 3091 sicut
486 3035 566 3090 rei
609 3036 855 3106 probavit
897 3045 1138 3092 eventus.
1188 3035 1321 3092 Nam
1369 3052 1528 3093 mane
1569 3032 1894 3093 consecrans

298 3125 578 3184 Dominici
606 3125 847 3196 corporis
871 3133 926 3180 et
947 3125 1223 3195 sanguinis
1243 3136 1659 3196 sacramentum,
1683 3128 1817 3199 lucis
1843 3129 1896 3183 in

1995 1938 2312 2016 praesulatus
2336 1944 2418 2000 sui
2451 1953 2474 1980 ε
2503 1943 2760 2000 vicesimo
2788 1944 2998 2014 quinto,
3038 1944 3253 1999 mortuo
3277 1942 3389 2012 jam
3418 1943 3579 2013 Sym-

1996 2035 2190 2091 macho
2235 2036 2437 2106 reperit
2470 2034 2489 2073 ί
2522 2036 2899 2105 ρι’ωειιιιιιιιειῐι
2939 2034 3274 2090 Hormisdam
3312 2051 3435 2090 cum
3472 2050 3579 2104 quo

1996 2143 2161 2198 super
2187 2127 2438 2184 Ecclesia:
2466 2144 2575 2184 suze
2606 2129 2833 2196 negotiis
2873 2128 3103 2196 benigne
3149 2127 3420 2192 contulit,
3460 2134 3516 2181 et
3549 2142 3581 2181 a

1997 2236 2133 2293 papa
2156 2222 2407 2291 reliquias
2428 2221 2785 2286 venerabiles,
2806 2220 2985 2276 Marim
3004 2220 3211 2276 scilicet
3230 2219 3578 2292 Egyptiacze,

1998 2330 2120 2369 cum
2148 2313 2209 2369 Β.
2241 2313 2500 2384 Stephani
2532 2314 2939 2385 protomartyris
2967 2315 3217 2377 humero,
3250 2314 3370 2384 pius
3397 2322 3582 2384 pastor

2000 2405 2320 2475 impetrans,
2351 2405 2448 2461 has
2476 2404 2542 2459 ad
2573 2404 2765 2458 natalia
2795 2403 3130 2474 deportavit,
3160 2411 3215 2458 et
3240 2402 3365 2458 dum
3396 2418 3583 2458 rever-

2000 2504 2206 2552 teretur
2230 2534 2245 2559 ,
2286 2495 2593 2552 occurrenti
2630 2494 2730 2549 sibi
2766 2492 3093 2549 Tornacensi
3120 2492 3266 2549 clero
3300 2500 3364 2551 et
3380 2492 3587 2562 popqu

1999 2601 2120 2641 cum
2141 2585 2322 2641 debita
2349 2585 2713 2648 veneratione,
2738 2593 2974 2639 montem
2997 2582 3051 2638 S.
3078 2582 3321 2648 Andreae,
3343 2582 3583 2650 quitum:

1998 2676 2278 2732 dicebatur
2311 2690 2468 2731 mons
2497 2675 2758 2730 Thesauri
2787 2674 3082 2730 absconditi
3108 2712 3124 2738 ,
3166 2672 3360 2741 legitur
3397 2686 3581 2727 asceu~

1999 2769 2169 2834 disse;
2199 2777 2255 2824 et
2277 2783 2398 2823 cum
2425 2775 2738 2822 reverenter
2756 2765 3067 2821 ostenderet
3092 2764 3350 2833 reliquias
3366 2762 3580 2834 pepulis

2000 2860 2090 2930 qui
2119 2859 2342 2913 aderant
2379 2857 2676 2921 universis,
2714 2854 3065 2913 circnmfulsit
3111 2869 3204 2910 eas
3248 2853 3581 2909 immensitas

2001 2950 2260 3025 claritatis
2282 2968 2296 3004 :
2321 2957 2376 3005 et
2397 2948 2762 3003 laborantibus
2782 2948 2836 3001 in
2857 2946 3009 3001 turba
3030 2945 3236 3000 duabus
3267 2943 3581 2998 mulieribus

2001 3029 2057 3098 et
2081 3052 2314 3112 quatuor
2347 3042 2476 3096 viris
2502 3039 2830 3110 aegritudine
2859 3053 2980 3109 qum
3005 3038 3166 3105 vulgo
3194 3035 3390 3091 dicitur
3430 3050 3580 3089 sacer
3652 3030 3657 3035 ’

2002 3136 2158 3206 ignis,
2179 3143 2307 3189 ante
2326 3134 2469 3189 viros
2482 3133 2663 3204 posuit
2689 3129 3102 3202 protomartyris
3128 3128 3432 3187 humerum,
3458 3132 3581 3180 ante

298 3216 538 3274 ecclesia
566 3216 782 3271 claritas
812 3214 956 3271 fulsit
986 3231 1086 3286 per
1112 3216 1271 3272 unius
1307 3216 1455 3271 hora:
1491 3217 1721 3287 spatium
1748 3258 1763 3283 ,
1803 3218 1895 3273 ubi
1924 3225 1969 3287 ρ
2001 3227 2250 3282 mulieres
2278 3240 2407 3281 vero
2434 3232 2597 3295 caput
2625 3220 2953 3292 Egyptiacze
2981 3218 3296 3288 gloriosum.

298 3324 407 3380 per
432 3308 793 3364 ministerium
820 3307 1119 3376 angelicum
1144 3315 1362 3364 sanctus
1388 3308 1596 3379 accepit
1623 3310 1897 3379 qualitatis

294 3400 482 3471 eulpae
508 3400 753 3455 notitiam
778 3441 792 3463 ,
823 3408 879 3455 et
904 3407 1163 3470 quantum
1188 3399 1257 3455 ad
1285 3401 1495 3456 veniam
1515 3439 1532 3466 ,
1562 3401 1898 3457 certitudinis

298 3498 709 3562 argumentum.
750 3489 1086 3547 Certiﬁcatus
1131 3504 1261 3561 ergo
1287 3506 1384 3547 rex
1410 3506 1509 3562 per
1534 3492 1791 3563 scriptum
1828 3494 1897 3548 ab

299 3581 504 3652 angelo
530 3580 823 3636 revelatum
865 3588 974 3635 tam
1002 3579 1070 3637 de
1095 3580 1251 3652 culpa
1280 3595 1440 3651 quam
1468 3580 1536 3636 de
1562 3582 1751 3647 venia,
1784 3582 1896 3637 Deo

294 3676 511 3746 gratias
558 3687 723 3743 agens
759 3681 815 3728 et
851 3671 918 3728 ad
953 3672 1172 3743 propria
1209 3686 1456 3727 remeans
1488 3713 1505 3739 ,
1566 3679 1753 3727 sancto
1799 3671 1894 3726 Dei

295 3765 539 3822 contulit
561 3766 797 3835 gratuito
826 3765 992 3821 multa
1017 3764 1180 3820 dona.
1211 3762 1305 3819 Sic
1332 3777 1461 3832 ergo
1492 3763 1707 3817 lucerna
1734 3778 1897 3832 super

294 3856 692 3913 candelabrum
719 3857 895 3927 posita
939 3855 1088 3913 fulsit
1123 3854 1416 3923 miraculis,
1438 3852 1529 3925 qui
1557 3853 1896 3924 postmodum

294 3950 788 4021 dilfulsit‘amplius
808 3948 1155 4005 saecularibus
1179 3948 1535 4005 documentis.

933 4081 1163 4138 CAPUT
1200 4080 1289 4139 IV.

300 4196 366 4253 S.
407 4195 701 4251 Eleuther-ii
738 4196 927 4251 itinera
966 4195 1235 4261 Romana,
1260 4193 1508 4265 synodus
1546 4192 1759 4265 habita,
1803 4209 1897 4265 ap-

442 4268 663 4338 pugnati
689 4267 946 4332 heretici,
988 4265 1199 4320 vulnera
1226 4263 1398 4319 illi’ab
1428 4264 1507 4317 his
1536 4263 1754 4332 inﬂicta.

374 4382 392 4413 ¹
430 4378 527 4434 20.
568 4376 833 4445 Quoniam
857 4422 874 4447 ,
912 4385 974 4434 ut
1008 4378 1085 4433 ait
1124 4375 1413 4448 Apostolus
1456 4373 1509 4446 (ι
1530 4373 1652 4429 Cor.
1684 4391 1758 4441 χι,
1784 4372 1894 4447 i9),

298 4474 545 4527 hzereses
575 4484 696 4525 esse
726 4476 972 4540 oportet,
1007 4475 1067 4523 ut
1097 4467 1191 4537 qui
1218 4482 1249 4522 a
1276 4465 1506 4522 Domino
1529 4472 1654 4522 sunt
1682 4466 1898 4536 probati

296 4568 434 4621 ﬁant
463 4574 521 4621 et
555 4565 865 4621 hominibus
900 4561 1167 4619 manifesti
1192 4604 1206 4627 ,
1245 4569 1595 4617 surrexerunt
1624 4560 1676 4613 in
1706 4559 1896 4614 diebus

298 4660 407 4713 illis
434 4658 674 4713 hmreses
695 4696 712 4723 ,
748 4656 1007 4711 unitatem
1034 4654 1225 4710 divinae
1251 4652 1499 4709 essentia:
1522 4693 1537 4718 ,
1578 4651 1887 4723 mysterium

297 4748 699 4803 incarnationis
723 4745 872 4813 Filii,
903 4745 1303 4817 processionem
1329 4742 1561 4814 Spiritus
1596 4741 1768 4796 sancti
1794 4740 1891 4796 de-

295 4848 599 4897 struentes.
648 4836 778 4895 Post
817 4837 1105 4894 verborum
1148 4842 1328 4891 autem
1360 4832 1536 4904 jurgia
1557 4874 1573 4901 ,
1604 4847 1892 4903 corporum

426 5064 582 5119 Alias
610 5076 730 5131 cap.
763 5077 817 5115 x.

425 5133 583 5188 Alias
609 5147 728 5200 cap.
762 5147 834 5186 ιιι.

426 5202 613 5273 Idem,
642 5199 954 5273 progressui.
977 5268 992 5273 _
1188 5267 1203 5273 _
1243 5262 1357 5273 ω,

429 5262 655 5327 Gelasio
680 5262 1033 5325 l9'Novemb.
1079 5267 1205 5323 anni
1230 5263 1335 5321 498
1354 5262 1614 5320 defuncto
1641 5262 1900 5320 successit

290 5361 377 5402 λιι
388 5343 630 5399 astasius
659 5361 673 5394 :
700 5342 800 5397 sub
827 5340 930 5395 hoc
948 5338 1220 5395 convertit
1237 5336 1604 5405 Tprnacenses
1625 5349 1691 5390 ac
1706 5343 1894 5405 postea

291 5390 378 5473 in};
388 5390 802 5472 ἶέςῖξῖἑοὲὲεἷί
828 5390 1055 5465 una;
1070 5390 1190 5464 in."
1203 5390 1431 5463 habent.

378 5499 403 5525 ι
440 5482 572 5551 Με.,
603 5481 918 5536 exiriaiibus.

373 5554 399 5593 ⁴
430 5545 643 5608 Exorta
668 5562 747 5607 est
774 5559 896 5621 post
921 5550 1205 5607 concilium
1226 5545 1683 5621 Chalcedonensc.
1709 5552 1893 5621 contra

280 5625 455 5691 quod
487 5615 790 5694 Eutycheti'
813 5620 1061 5694 favebant
1093 5637 1199 5694 non
1229 5618 1573 5694 admittentes
1594 5615 1815 5694 duarum
1844 5615 1896 5670 in

279 5684 371 5751 eth
390 5697 530 5750 risto
560 5684 873 5747 naturarum
913 5691 1331 5747 distinctionem.
1382 5686 1669 5758 Acephalis
1703 5684 1896 5758 adjun-

284 5776 345 5821 ω
368 5782 433 5821 ns
453 5773 538 5822 est
566 5761 877 5818 Anastasius
910 5762 1234 5830 imperator,
1274 5757 1428 5830 cujus
1463 5754 1708 5830 tempore
1745 5754 1873 5830 sede

289 5853 365 5892 ru
379 5842 444 5894 at
464 5834 730 5899 Gelasius,
765 5824 1095 5899 Anastasius,
1118 5824 1489 5895 Svmmaehus,
1523 5824 1824 5896 Herntisda.

1923 4606 1972 4661 D

2126 3342 2444 3393 Procubuere
2466 3352 2658 3398 omnes,
2687 3335 2962 3396 in'eutique
2984 3344 3066 3381 ora
3089 3329 3329 3381 tenebant

1998 3466 2058 3515 ct
2085 3456 2327 3514 excitans
2348 3462 2566 3510 sanctus
2589 3449 2769 3522 populi
2794 3445 3185 3503 multitudinem
3207 3442 3274 3497 ad
3298 3441 3581 3505 oramlmn,

1997 3558 2214 3606 sanctos
2223 3544 3224 3611 obsecrat,utsuccurrant,protestatus
3233 3551 3353 3591 cum
3368 3533 3581 3597 ﬁducia,

2000 3656 2108 3696 non
2128 3646 2455 3696 cessaturam
2485 3637 2552 3690 ab
2580 3634 2824 3688 oratione
2854 3628 3271 3690 multitudinem,
3295 3625 3468 3681 donec
3488 3641 3581 3679 cu-

1997 3731 2103 3787 rati
2158 3728 2355 3784 fuerint
2410 3728 2500 3796 qui
2538 3726 2803 3783 laborant.
2850 3722 2895 3777 Ο
2938 3722 3072 3775 mira
3113 3718 3212 3774 viri
3257 3717 3582 3784 constantia,

2000 3822 2300 3895 procedens
2320 3820 2387 3875 de
2406 3818 2570 3875 corde
2590 3832 2745 3887 puro,
2768 3823 2821 3870 et
2850 3810 3177 3869 conscientia
3205 3807 3366 3874 bona,
3397 3816 3444 3859 et
3480 3805 3583 3859 ﬁde

2000 3932 2109 3973 non
2131 3914 2281 3971 licta!
2314 3913 2454 3968 Vere
2480 3910 2661 3967 omnia
2681 3905 2952 3979 possibilia
2980 3910 3105 3958 sunt
3137 3898 3397 3958 credenti.
3431 3895 3583 3951 Unde

2000 4008 2067 4064 ad
2104 4015 2269 4063 tanta:
2303 4006 2453 4061 vocis
2489 4000 2780 4058 efﬁcaciam
2827 4003 2953 4053 sunt
2996 4008 3186 4053 omnes
3231 3988 3584 4047 communiter

2001 4098 2231 4156 liberati.
2275 4094 2414 4152 Ecce
2442 4094 2566 4150 data
2594 4098 2678 4149 est
2704 4089 2823 4145 voci
2850 4102 2959 4142 sute
2986 4092 3136 4140 tanta
3166 4080 3378 4136 virtutis
3403 4076 3584 4133 amca-

2000 4192 2122 4256 cia,
2165 4186 2313 4258 quod
2340 4201 2466 4241 caro
2525 4198 2686 4253 quam
2735 4175 2998 4248 aegritudo
3033 4177 3377 4237 corroserat,
3421 4182 3584 4236 quam

2000 4280 2292 4353 erysipelas
2329 4279 2735 4345 consumpserat
2756 4313 2773 4338 ,
2809 4277 2892 4325 est
2919 4268 3081 4323 etiam
3121 4265 3289 4334 (dictu
3318 4258 3585 4325 mirabile)

2000 4373 2256 4428 continuo
2283 4368 2549 4424 restituta.

2071 4465 2091 4495 ¹
2122 4462 2209 4516 22.
2241 4460 2356 4516 Jam
2382 4468 2593 4527 tempus
2612 4454 2922 4515 advenerat,
2942 4449 3052 4521 jam
3073 4446 3386 4523 meritorum
3407 4441 3583 4510 digni.

2002 4563 2084 4610 tas
2115 4551 2366 4621 exigebat
2385 4593 2397 4609 .
2431 4555 2491 4603 ut
2517 4558 2641 4618 post
2679 4543 3026 4613 multiplicem
3057 4553 3247 4610 pugnze
3284 4533 3581 4594 victoriam,

2001 4653 2287 4702 vocaretur
2322 4642 2476 4696 miles
2503 4639 2758 4695 emeritus
2784 4636 2851 4690 ad
2881 4646 3157 4689 coronam.
3205 4628 3295 4683 Sic
3337 4626 3476 4679 enim
3517 4638 3584 4678 ex

2003 4737 2135 4806 legis
2161 4732 2555 4801 civilisjustitia
2597 4728 2816 4798 ascripti
2851 4725 3047 4780 milites
3084 4723 3453 4777 sacramento,
3486 4728 3583 4782 pro

2001 4828 2270 4901 republica
2298 4823 2526 4879 ﬁdeliter
2552 4820 2871 4880 militantes,
2903 4815 3033 4870 olim
3061 4808 3287 4881 expletis
3312 4818 3584 4860 armorum

2074 5059 2098 5088 ε
2137 5048 2263 5103 Haec
2292 5046 2344 5101 in
2383 5043 2650 5116 prioribus
2687 5039 2833 5116 Actis
2866 5028 3283 5116 referunturnad
3315 5025 3583 5116 Symma-

1999 5102 2159 5180 chum
2190 5102 2283 5173 aut
2327 5102 2447 5172 loco
2475 5113 2545 5168 25
2582 5110 2835 5184 legendus
2877 5113 2960 5162 est
3009 5104 3104 5184 59“
3133 5102 3583 5184 aliusveannus,

1999 5172 2266 5249 aut—certe
2298 5185 2442 5242 aliud
2474 5186 2575 5240 iter
2604 5172 2833 5237 instituit
2859 5193 3001 5232 anno
3024 5172 3108 5250 35
3137 5172 3508 5250 ordinatipnis.

2076 5242 2094 5299 ί
2122 5242 2197 5315 ita
2221 5251 3003 5327 Lanfrancus,arcltiepisenpus
3016 5242 3585 5327 Cantuariensistp'rre:

2000 5306 2285 5388 scitantibus
2329 5306 2733 5380 ii’i'e‘c'ésibabus
2758 5306 2921 5394 'suisA:
2941 5316 3306 5394 possessigtes
3333 5306 3585 5394 quaedam

2002 5371 2452 5459 i;.;'tiiivienuisse
2498 5371 3047 5465 P088’38i01'e_5“°ii“r
3083 5386 3136 5465 i."
3178 5383 3296 5465 Vit}?
3335 5371 3585 5465 ΨἮΫΨ

2004 5442 3024 5537 iiotiZEsiE'ép'isféoﬁiprﬁﬁ'sgtd'éiium
3052 5497 3066 5521 ,
3099 5457 3150 5537 in
3181 5447 3414 5537 llOllSjl—(i

2001 5525 2205 5598 merum
2236 5525 2360 5609 pag'.
2394 5525 2515 5609 i974
2546 5525 2638 5609 lin.
2672 5535 2747 5609 ’ζ’
2772 5532 2907 5586 llinc
2929 5525 3583 5609 _pr:_esulatus.,quﬂa_r_vo‘ce

2475 5584 2637 5660 Deda
2664 5584 3070 5676 aliiqit:eﬁ,dncta
3099 5610 3129 5649 a
3159 5584 3349 5676 Latino
3371 5584 3582 5676 petiti].

2003 5684 2093 5742 nui
2124 5680 2324 5751 primus
2348 5671 2464 5733 erat
2487 5671 2784 5732 Saliorum.
2819 5674 2873 5727 lu
2906 5682 3106 5725 excuso
3132 5671 3365 5737 positum
3397 5671 3584 5729 prmi-

2005 5755 2100 5807 den
2109 5761 2226 5806 tem.
