  <div class='ocr_page' id='page_1' title='image "/cluster/home/n/w/nwhite01/storage/ocr_20150623/65/hvd.32044054128558/041.png"; bbox 0 0 4122 6330; ppageno 0'>
   <div class='ocr_carea' id='block_1_1' title="bbox 441 370 3716 484">
    <p class='ocr_par' dir='ltr' id='par_1_1' title="bbox 441 370 3716 484">
     <span class='ocr_line' id='line_1_1' title="bbox 441 370 3716 484; baseline -0.011 0"><span class='ocrx_word' id='word_1_1' title='bbox 441 427 504 484; x_wconf 75' lang='grc' dir='ltr'><strong>τι</strong></span> <span class='ocrx_word' id='word_1_2' title='bbox 1262 370 1269 376; x_wconf 60' lang='grc'><strong>’</strong></span> <span class='ocrx_word' id='word_1_3' title='bbox 1327 413 1384 469; x_wconf 91' lang='lat' dir='ltr'><strong>s.</strong></span> <span class='ocrx_word' id='word_1_4' title='bbox 1425 407 1835 467; x_wconf 60' lang='lat' dir='ltr'><strong>maurusnn</strong></span> <span class='ocrx_word' id='word_1_5' title='bbox 1877 403 2031 463; x_wconf 81' lang='lat' dir='ltr'><strong>vm</strong></span> <span class='ocrx_word' id='word_1_6' title='bbox 2074 403 2395 461; x_wconf 65' lang='lat' dir='ltr'><strong>AECT..RE</strong></span> <span class='ocrx_word' id='word_1_7' title='bbox 2433 399 2796 460; x_wconf 70' lang='lat' dir='ltr'><strong>GUIBERTO.</strong></span> <span class='ocrx_word' id='word_1_8' title='bbox 3642 394 3716 460; x_wconf 67' lang='grc' dir='ltr'><strong>σῃ</strong></span> 
     </span>
    </p>
   </div>
   <div class='ocr_carea' id='block_1_2' title="bbox 443 502 3713 601">
    <p class='ocr_par' dir='ltr' id='par_1_2' title="bbox 443 502 3713 601">
     <span class='ocr_line' id='line_1_2' title="bbox 443 502 3713 601; baseline -0.007 -9"><span class='ocrx_word' id='word_1_9' title='bbox 443 533 732 599; x_wconf 86' lang='lat' dir='ltr'><strong>exercitiis,</strong></span> <span class='ocrx_word' id='word_1_10' title='bbox 763 527 1011 601; x_wconf 76' lang='lat' dir='ltr'><strong>legitimis</strong></span> <span class='ocrx_word' id='word_1_11' title='bbox 1038 523 1315 598; x_wconf 76' lang='lat' dir='ltr'><strong>stipendiis</strong></span> <span class='ocrx_word' id='word_1_12' title='bbox 1341 525 1704 589; x_wconf 78' lang='lat' dir='ltr'><strong>solvebantur,</strong></span> <span class='ocrx_word' id='word_1_13' title='bbox 1731 531 1783 575; x_wconf 88' lang='lat' dir='ltr'><strong>et</strong></span> <span class='ocrx_word' id='word_1_14' title='bbox 1817 520 2025 591; x_wconf 71' lang='lat' dir='ltr'><strong>prmdiis</strong></span> <span class='ocrx_word' id='word_1_15' title='bbox 2057 534 2099 586; x_wconf 77' lang='grc' dir='ltr'>Α</span> <span class='ocrx_word' id='word_1_16' title='bbox 2130 523 2180 574; x_wconf 88' lang='lat' dir='ltr'><strong>in</strong></span> <span class='ocrx_word' id='word_1_17' title='bbox 2213 521 2316 574; x_wconf 81' lang='lat' dir='ltr'><strong>illis</strong></span> <span class='ocrx_word' id='word_1_18' title='bbox 2342 519 2550 584; x_wconf 80' lang='lat' dir='ltr'><strong>diebus,</strong></span> <span class='ocrx_word' id='word_1_19' title='bbox 2581 517 2724 587; x_wconf 91' lang='lat' dir='ltr'><strong>quod</strong></span> <span class='ocrx_word' id='word_1_20' title='bbox 2750 517 2840 585; x_wconf 85' lang='lat' dir='ltr'><strong>qui</strong></span> <span class='ocrx_word' id='word_1_21' title='bbox 2871 514 3116 580; x_wconf 89' lang='lat' dir='ltr'><strong>audierit,</strong></span> <span class='ocrx_word' id='word_1_22' title='bbox 3147 515 3376 571; x_wconf 87' lang='lat' dir='ltr'><strong>tinniant</strong></span> <span class='ocrx_word' id='word_1_23' title='bbox 3399 502 3554 575; x_wconf 88' lang='lat' dir='ltr'><strong>aures</strong></span> <span class='ocrx_word' id='word_1_24' title='bbox 3575 519 3713 592; x_wconf 75' lang='lat' dir='ltr'><strong>ejus,</strong></span> 
     </span>
    </p>
   </div>
   <div class='ocr_carea' id='block_1_3' title="bbox 446 611 2030 688">
    <p class='ocr_par' dir='ltr' id='par_1_3' title="bbox 446 611 2030 688">
     <span class='ocr_line' id='line_1_3' title="bbox 446 611 2030 688; baseline -0.011 -7"><span class='ocrx_word' id='word_1_25' title='bbox 446 627 587 681; x_wconf 89' lang='lat' dir='ltr'><strong>unde</strong></span> <span class='ocrx_word' id='word_1_26' title='bbox 615 626 858 678; x_wconf 74' lang='lat' dir='ltr'><strong>viverent</strong></span> <span class='ocrx_word' id='word_1_27' title='bbox 886 619 1170 688; x_wconf 79' lang='lat' dir='ltr'><strong>assignatis</strong></span> <span class='ocrx_word' id='word_1_28' title='bbox 1198 617 1430 681; x_wconf 91' lang='lat' dir='ltr'><strong>eisdem,</strong></span> <span class='ocrx_word' id='word_1_29' title='bbox 1474 615 1684 668; x_wconf 82' lang='lat' dir='ltr'><strong>tandem</strong></span> <span class='ocrx_word' id='word_1_30' title='bbox 1717 613 1781 666; x_wconf 87' lang='lat' dir='ltr'><strong>ad</strong></span> <span class='ocrx_word' id='word_1_31' title='bbox 1814 611 2030 681; x_wconf 85' lang='lat' dir='ltr'><strong>propria</strong></span> 
     </span>
    </p>
   </div>
   <div class='ocr_carea' id='block_1_4' title="bbox 448 703 2028 769">
    <p class='ocr_par' dir='ltr' id='par_1_4' title="bbox 448 703 2028 769">
     <span class='ocr_line' id='line_1_4' title="bbox 448 703 2028 769; baseline -0.01 0"><span class='ocrx_word' id='word_1_32' title='bbox 448 716 818 769; x_wconf 83' lang='lat' dir='ltr'><strong>mittebantur.</strong></span> <span class='ocrx_word' id='word_1_33' title='bbox 859 709 1146 764; x_wconf 84' lang='lat' dir='ltr'><strong>Certamen</strong></span> <span class='ocrx_word' id='word_1_34' title='bbox 1187 716 1364 760; x_wconf 89' lang='lat' dir='ltr'><strong>tamen</strong></span> <span class='ocrx_word' id='word_1_35' title='bbox 1401 704 1538 760; x_wconf 89' lang='lat' dir='ltr'><strong>forte</strong></span> <span class='ocrx_word' id='word_1_36' title='bbox 1575 703 1722 758; x_wconf 91' lang='lat' dir='ltr'><strong>dedit</strong></span> <span class='ocrx_word' id='word_1_37' title='bbox 1771 703 1820 756; x_wconf 93' lang='lat' dir='ltr'><strong>ei</strong></span> <span class='ocrx_word' id='word_1_38' title='bbox 1867 703 2028 767; x_wconf 91' lang='lat' dir='ltr'><strong>Dens,</strong></span> 
     </span>
    </p>
   </div>
   <div class='ocr_carea' id='block_1_5' title="bbox 449 793 2035 868">
    <p class='ocr_par' dir='ltr' id='par_1_5' title="bbox 449 793 2035 868">
     <span class='ocr_line' id='line_1_5' title="bbox 449 793 2035 868; baseline -0.009 -9"><span class='ocrx_word' id='word_1_39' title='bbox 449 814 509 860; x_wconf 93' lang='lat' dir='ltr'><strong>ut</strong></span> <span class='ocrx_word' id='word_1_40' title='bbox 537 805 810 866; x_wconf 89' lang='lat' dir='ltr'><strong>vinceret,</strong></span> <span class='ocrx_word' id='word_1_41' title='bbox 855 809 910 856; x_wconf 92' lang='lat' dir='ltr'><strong>et</strong></span> <span class='ocrx_word' id='word_1_42' title='bbox 941 800 1059 854; x_wconf 84' lang='lat' dir='ltr'><strong>linis</strong></span> <span class='ocrx_word' id='word_1_43' title='bbox 1085 799 1370 868; x_wconf 77' lang='lat' dir='ltr'><strong>gloriosior</strong></span> <span class='ocrx_word' id='word_1_44' title='bbox 1402 803 1705 864; x_wconf 90' lang='lat' dir='ltr'><strong>appareret.</strong></span> <span class='ocrx_word' id='word_1_45' title='bbox 1757 793 1871 846; x_wconf 88' lang='lat' dir='ltr'><strong>Jam</strong></span> <span class='ocrx_word' id='word_1_46' title='bbox 1902 809 2035 863; x_wconf 89' lang='lat' dir='ltr'><strong>qua-</strong></span> 
     </span>
    </p>
   </div>
   <div class='ocr_carea' id='block_1_6' title="bbox 453 884 2036 963">
    <p class='ocr_par' dir='ltr' id='par_1_6' title="bbox 453 884 2036 963">
     <span class='ocr_line' id='line_1_6' title="bbox 453 884 2036 963; baseline -0.008 -13"><span class='ocrx_word' id='word_1_47' title='bbox 453 897 695 963; x_wconf 87' lang='lat' dir='ltr'><strong>draginta</strong></span> <span class='ocrx_word' id='word_1_48' title='bbox 727 893 892 946; x_wconf 81' lang='lat' dir='ltr'><strong>ferme</strong></span> <span class='ocrx_word' id='word_1_49' title='bbox 921 892 1258 946; x_wconf 84' lang='lat' dir='ltr'><strong>laboraverat</strong></span> <span class='ocrx_word' id='word_1_50' title='bbox 1294 888 1449 941; x_wconf 89' lang='lat' dir='ltr'><strong>annis</strong></span> <span class='ocrx_word' id='word_1_51' title='bbox 1479 887 1530 941; x_wconf 93' lang='lat' dir='ltr'><strong>in</strong></span> <span class='ocrx_word' id='word_1_52' title='bbox 1561 886 1736 940; x_wconf 87' lang='lat' dir='ltr'><strong>oﬂicio</strong></span> <span class='ocrx_word' id='word_1_53' title='bbox 1765 884 2036 954; x_wconf 88' lang='lat' dir='ltr'><strong>regiminis</strong></span> 
     </span>
    </p>
   </div>
   <div class='ocr_carea' id='block_1_7' title="bbox 453 977 2040 1055">
    <p class='ocr_par' dir='ltr' id='par_1_7' title="bbox 453 977 2040 1055">
     <span class='ocr_line' id='line_1_7' title="bbox 453 977 2040 1055; baseline -0.006 -17"><span class='ocrx_word' id='word_1_54' title='bbox 453 977 758 1055; x_wconf 73' lang='lat' dir='ltr'><strong>pastoralis.</strong></span> <span class='ocrx_word' id='word_1_55' title='bbox 810 982 1011 1036; x_wconf 85' lang='lat' dir='ltr'><strong>Novem</strong></span> <span class='ocrx_word' id='word_1_56' title='bbox 1052 978 1313 1049; x_wconf 87' lang='lat' dir='ltr'><strong>siquidem</strong></span> <span class='ocrx_word' id='word_1_57' title='bbox 1360 977 1513 1031; x_wconf 91' lang='lat' dir='ltr'><strong>annis</strong></span> <span class='ocrx_word' id='word_1_58' title='bbox 1549 977 1841 1033; x_wconf 85' lang='lat' dir='ltr'><strong>Ecclesiam</strong></span> <span class='ocrx_word' id='word_1_59' title='bbox 1880 977 2040 1029; x_wconf 86' lang='lat' dir='ltr'><strong>Blan-</strong></span> 
     </span>
    </p>
   </div>
   <div class='ocr_carea' id='block_1_8' title="bbox 452 1068 2034 1141">
    <p class='ocr_par' dir='ltr' id='par_1_8' title="bbox 452 1068 2034 1141">
     <span class='ocr_line' id='line_1_8' title="bbox 452 1068 2034 1141; baseline -0.008 -11"><span class='ocrx_word' id='word_1_60' title='bbox 452 1077 750 1130; x_wconf 87' lang='lat' dir='ltr'><strong>diniensem</strong></span> <span class='ocrx_word' id='word_1_61' title='bbox 777 1115 792 1140; x_wconf 94' lang='lat'><strong>,</strong></span> <span class='ocrx_word' id='word_1_62' title='bbox 846 1072 1060 1141; x_wconf 78' lang='lat' dir='ltr'><strong>triginta</strong></span> <span class='ocrx_word' id='word_1_63' title='bbox 1105 1077 1162 1121; x_wconf 85' lang='lat' dir='ltr'><strong>et</strong></span> <span class='ocrx_word' id='word_1_64' title='bbox 1199 1083 1305 1122; x_wconf 92' lang='lat' dir='ltr'><strong>uno</strong></span> <span class='ocrx_word' id='word_1_65' title='bbox 1354 1075 1570 1123; x_wconf 90' lang='lat' dir='ltr'><strong>rexerat</strong></span> <span class='ocrx_word' id='word_1_66' title='bbox 1620 1068 2034 1122; x_wconf 90' lang='lat' dir='ltr'><strong>Tornacensem.</strong></span> 
     </span>
    </p>
   </div>
   <div class='ocr_carea' id='block_1_9' title="bbox 456 1156 2039 1237">
    <p class='ocr_par' dir='ltr' id='par_1_9' title="bbox 456 1156 2039 1237">
     <span class='ocr_line' id='line_1_9' title="bbox 456 1156 2039 1237; baseline -0.009 -16"><span class='ocrx_word' id='word_1_67' title='bbox 456 1167 818 1224; x_wconf 78' lang='lat' dir='ltr'><strong>Resuscltavit</strong></span> <span class='ocrx_word' id='word_1_68' title='bbox 855 1164 905 1218; x_wconf 90' lang='lat' dir='ltr'><strong>ei</strong></span> <span class='ocrx_word' id='word_1_69' title='bbox 934 1161 1191 1217; x_wconf 83' lang='lat' dir='ltr'><strong>Dominus</strong></span> <span class='ocrx_word' id='word_1_70' title='bbox 1233 1159 1567 1237; x_wconf 79' lang='lat' dir='ltr'><strong>adversarios</strong></span> <span class='ocrx_word' id='word_1_71' title='bbox 1605 1158 1902 1228; x_wconf 88' lang='lat' dir='ltr'><strong>pertinaces</strong></span> <span class='ocrx_word' id='word_1_72' title='bbox 1931 1156 2039 1209; x_wconf 82' lang='lat' dir='ltr'><strong>lue-</strong></span> 
     </span>
    </p>
   </div>
   <div class='ocr_carea' id='block_1_10' title="bbox 455 1245 2040 1321">
    <p class='ocr_par' dir='ltr' id='par_1_10' title="bbox 455 1245 2040 1321">
     <span class='ocr_line' id='line_1_10' title="bbox 455 1245 2040 1321; baseline -0.01 -7"><span class='ocrx_word' id='word_1_73' title='bbox 455 1261 685 1321; x_wconf 87' lang='lat' dir='ltr'><strong>reticos,</strong></span> <span class='ocrx_word' id='word_1_74' title='bbox 719 1253 969 1310; x_wconf 87' lang='lat' dir='ltr'><strong>catholici</strong></span> <span class='ocrx_word' id='word_1_75' title='bbox 997 1251 1266 1318; x_wconf 76' lang='lat' dir='ltr'><strong>dogmatis</strong></span> <span class='ocrx_word' id='word_1_76' title='bbox 1292 1258 1348 1304; x_wconf 86' lang='lat' dir='ltr'><strong>et</strong></span> <span class='ocrx_word' id='word_1_77' title='bbox 1374 1248 1570 1304; x_wconf 85' lang='lat' dir='ltr'><strong>Christi</strong></span> <span class='ocrx_word' id='word_1_78' title='bbox 1599 1247 1832 1302; x_wconf 90' lang='lat' dir='ltr'><strong>nominis</strong></span> <span class='ocrx_word' id='word_1_79' title='bbox 1860 1245 2040 1299; x_wconf 88' lang='lat' dir='ltr'><strong>inimi-</strong></span> 
     </span>
    </p>
   </div>
   <div class='ocr_carea' id='block_1_11' title="bbox 457 1337 2044 1413">
    <p class='ocr_par' dir='ltr' id='par_1_11' title="bbox 457 1337 2044 1413">
     <span class='ocr_line' id='line_1_11' title="bbox 457 1337 2044 1413; baseline -0.008 -11"><span class='ocrx_word' id='word_1_80' title='bbox 457 1364 571 1403; x_wconf 89' lang='lat' dir='ltr'><strong>cos.</strong></span> <span class='ocrx_word' id='word_1_81' title='bbox 613 1346 716 1400; x_wconf 93' lang='lat' dir='ltr'><strong>Sed</strong></span> <span class='ocrx_word' id='word_1_82' title='bbox 745 1344 998 1413; x_wconf 89' lang='lat' dir='ltr'><strong>quoniam</strong></span> <span class='ocrx_word' id='word_1_83' title='bbox 1041 1344 1094 1397; x_wconf 92' lang='lat' dir='ltr'><strong>in</strong></span> <span class='ocrx_word' id='word_1_84' title='bbox 1123 1341 1421 1395; x_wconf 88' lang='lat' dir='ltr'><strong>animarum</strong></span> <span class='ocrx_word' id='word_1_85' title='bbox 1455 1340 1834 1408; x_wconf 84' lang='lat' dir='ltr'><strong>grassabantur</strong></span> <span class='ocrx_word' id='word_1_86' title='bbox 1862 1337 2044 1408; x_wconf 91' lang='lat' dir='ltr'><strong>perni-</strong></span> 
     </span>
    </p>
   </div>
   <div class='ocr_carea' id='block_1_12' title="bbox 456 1429 2043 1508">
    <p class='ocr_par' dir='ltr' id='par_1_12' title="bbox 456 1429 2043 1508">
     <span class='ocr_line' id='line_1_12' title="bbox 456 1429 2043 1508; baseline -0.009 -14"><span class='ocrx_word' id='word_1_87' title='bbox 456 1440 615 1504; x_wconf 86' lang='lat' dir='ltr'><strong>ciem,</strong></span> <span class='ocrx_word' id='word_1_88' title='bbox 638 1437 1025 1508; x_wconf 80' lang='lat' dir='ltr'><strong>pastor‘bouus</strong></span> <span class='ocrx_word' id='word_1_89' title='bbox 1053 1447 1238 1488; x_wconf 93' lang='lat' dir='ltr'><strong>eorum</strong></span> <span class='ocrx_word' id='word_1_90' title='bbox 1271 1447 1374 1486; x_wconf 93' lang='lat' dir='ltr'><strong>non</strong></span> <span class='ocrx_word' id='word_1_91' title='bbox 1406 1431 1582 1485; x_wconf 89' lang='lat' dir='ltr'><strong>ferens</strong></span> <span class='ocrx_word' id='word_1_92' title='bbox 1604 1429 2043 1499; x_wconf 86' lang='lat' dir='ltr'><strong>inquietudinem,</strong></span> 
     </span>
    </p>
   </div>
   <div class='ocr_carea' id='block_1_13' title="bbox 459 1521 2048 1594">
    <p class='ocr_par' dir='ltr' id='par_1_13' title="bbox 459 1521 2048 1594">
     <span class='ocr_line' id='line_1_13' title="bbox 459 1521 2048 1594; baseline -0.009 -7"><span class='ocrx_word' id='word_1_93' title='bbox 459 1547 525 1588; x_wconf 85' lang='lat' dir='ltr'><strong>ex</strong></span> <span class='ocrx_word' id='word_1_94' title='bbox 556 1532 775 1586; x_wconf 90' lang='lat' dir='ltr'><strong>decreto</strong></span> <span class='ocrx_word' id='word_1_95' title='bbox 817 1526 1010 1581; x_wconf 92' lang='lat' dir='ltr'><strong>summi</strong></span> <span class='ocrx_word' id='word_1_96' title='bbox 1040 1523 1310 1594; x_wconf 87' lang='lat' dir='ltr'><strong>pontificis</strong></span> <span class='ocrx_word' id='word_1_97' title='bbox 1349 1522 1554 1592; x_wconf 88' lang='lat' dir='ltr'><strong>pepulit</strong></span> <span class='ocrx_word' id='word_1_98' title='bbox 1582 1537 1612 1574; x_wconf 91' lang='lat' dir='ltr'><strong>a</strong></span> <span class='ocrx_word' id='word_1_99' title='bbox 1643 1521 1809 1590; x_wconf 88' lang='lat' dir='ltr'><strong>septis</strong></span> <span class='ocrx_word' id='word_1_100' title='bbox 1837 1527 1891 1574; x_wconf 91' lang='lat' dir='ltr'><strong>et</strong></span> <span class='ocrx_word' id='word_1_101' title='bbox 1915 1533 2048 1572; x_wconf 69' lang='lat' dir='ltr'><strong>nun-</strong></span> 
     </span>
    </p>
   </div>
   <div class='ocr_carea' id='block_1_14' title="bbox 459 1607 2050 1683">
    <p class='ocr_par' dir='ltr' id='par_1_14' title="bbox 459 1607 2050 1683">
     <span class='ocr_line' id='line_1_14' title="bbox 459 1607 2050 1683; baseline -0.01 -6"><span class='ocrx_word' id='word_1_102' title='bbox 459 1625 619 1678; x_wconf 90' lang='lat' dir='ltr'><strong>nibus</strong></span> <span class='ocrx_word' id='word_1_103' title='bbox 663 1619 896 1675; x_wconf 86' lang='lat' dir='ltr'><strong>civitatis</strong></span> <span class='ocrx_word' id='word_1_104' title='bbox 931 1632 1026 1672; x_wconf 88' lang='lat' dir='ltr'><strong>eos</strong></span> <span class='ocrx_word' id='word_1_105' title='bbox 1061 1616 1324 1670; x_wconf 86' lang='lat' dir='ltr'><strong>duntaxat</strong></span> <span class='ocrx_word' id='word_1_106' title='bbox 1362 1614 1453 1683; x_wconf 87' lang='lat' dir='ltr'><strong>qui</strong></span> <span class='ocrx_word' id='word_1_107' title='bbox 1480 1612 1655 1666; x_wconf 88' lang='lat' dir='ltr'><strong>redire</strong></span> <span class='ocrx_word' id='word_1_108' title='bbox 1685 1610 1939 1665; x_wconf 88' lang='lat' dir='ltr'><strong>nolebant</strong></span> <span class='ocrx_word' id='word_1_109' title='bbox 1982 1607 2050 1661; x_wconf 87' lang='lat' dir='ltr'><strong>ad</strong></span> 
     </span>
    </p>
   </div>
   <div class='ocr_carea' id='block_1_15' title="bbox 460 1703 2050 1778">
    <p class='ocr_par' dir='ltr' id='par_1_15' title="bbox 460 1703 2050 1778">
     <span class='ocr_line' id='line_1_15' title="bbox 460 1703 2050 1778; baseline -0.009 -9"><span class='ocrx_word' id='word_1_110' title='bbox 460 1711 839 1770; x_wconf 74' lang='lat' dir='ltr'><strong>ecclesiastica:</strong></span> <span class='ocrx_word' id='word_1_111' title='bbox 865 1708 1126 1778; x_wconf 89' lang='lat' dir='ltr'><strong>gremium</strong></span> <span class='ocrx_word' id='word_1_112' title='bbox 1163 1707 1402 1761; x_wconf 90' lang='lat' dir='ltr'><strong>unitatis.</strong></span> <span class='ocrx_word' id='word_1_113' title='bbox 1451 1703 1556 1760; x_wconf 90' lang='lat' dir='ltr'><strong>Sed</strong></span> <span class='ocrx_word' id='word_1_114' title='bbox 1583 1720 1651 1758; x_wconf 92' lang='lat' dir='ltr'><strong>ne</strong></span> <span class='ocrx_word' id='word_1_115' title='bbox 1681 1718 1892 1773; x_wconf 68' lang='lat' dir='ltr'><strong>poenam</strong></span> <span class='ocrx_word' id='word_1_116' title='bbox 1922 1717 2050 1771; x_wconf 86' lang='lat' dir='ltr'><strong>pro-</strong></span> 
     </span>
    </p>
   </div>
   <div class='ocr_carea' id='block_1_16' title="bbox 460 1792 2053 1875">
    <p class='ocr_par' dir='ltr' id='par_1_16' title="bbox 460 1792 2053 1875">
     <span class='ocr_line' id='line_1_16' title="bbox 460 1792 2053 1875; baseline -0.008 -18"><span class='ocrx_word' id='word_1_117' title='bbox 460 1803 590 1875; x_wconf 70' lang='lat' dir='ltr'><strong>pria:</strong></span> <span class='ocrx_word' id='word_1_118' title='bbox 648 1800 942 1869; x_wconf 90' lang='lat' dir='ltr'><strong>iniquitatis</strong></span> <span class='ocrx_word' id='word_1_119' title='bbox 980 1797 1310 1852; x_wconf 86' lang='lat' dir='ltr'><strong>ascriberent</strong></span> <span class='ocrx_word' id='word_1_120' title='bbox 1365 1795 1581 1849; x_wconf 63' lang='lat' dir='ltr'><strong>saevitia:</strong></span> <span class='ocrx_word' id='word_1_121' title='bbox 1632 1792 1948 1864; x_wconf 87' lang='lat' dir='ltr'><strong>potestatis,</strong></span> <span class='ocrx_word' id='word_1_122' title='bbox 1995 1799 2053 1844; x_wconf 93' lang='lat' dir='ltr'><strong>ut</strong></span> 
     </span>
    </p>
   </div>
   <div class='ocr_carea' id='block_1_17' title="bbox 2135 607 3723 676">
    <p class='ocr_par' dir='ltr' id='par_1_17' title="bbox 2135 607 3723 676">
     <span class='ocr_line' id='line_1_17' title="bbox 2135 607 3723 676; baseline 0.003 -12"><span class='ocrx_word' id='word_1_123' title='bbox 2135 611 2393 665; x_wconf 83' lang='lat' dir='ltr'><strong>Exierunt</strong></span> <span class='ocrx_word' id='word_1_124' title='bbox 2421 610 2473 663; x_wconf 93' lang='lat' dir='ltr'><strong>in</strong></span> <span class='ocrx_word' id='word_1_125' title='bbox 2503 608 2628 663; x_wconf 93' lang='lat' dir='ltr'><strong>dolo</strong></span> <span class='ocrx_word' id='word_1_126' title='bbox 2658 609 2755 661; x_wconf 90' lang='lat' dir='ltr'><strong>viri</strong></span> <span class='ocrx_word' id='word_1_127' title='bbox 2797 607 3112 676; x_wconf 86' lang='lat' dir='ltr'><strong>sanguinum</strong></span> <span class='ocrx_word' id='word_1_128' title='bbox 3141 616 3194 661; x_wconf 92' lang='lat' dir='ltr'><strong>et</strong></span> <span class='ocrx_word' id='word_1_129' title='bbox 3223 607 3417 672; x_wconf 90' lang='lat' dir='ltr'><strong>dolosi,</strong></span> <span class='ocrx_word' id='word_1_130' title='bbox 3446 619 3501 662; x_wconf 87' lang='lat' dir='ltr'><strong>et</strong></span> <span class='ocrx_word' id='word_1_131' title='bbox 3528 613 3723 668; x_wconf 85' lang='lat' dir='ltr'><strong>unani-</strong></span> 
     </span>
    </p>
   </div>
   <div class='ocr_carea' id='block_1_18' title="bbox 2136 704 3722 780">
    <p class='ocr_par' dir='ltr' id='par_1_18' title="bbox 2136 704 3722 780">
     <span class='ocr_line' id='line_1_18' title="bbox 2136 704 3722 780; baseline -0.001 -16"><span class='ocrx_word' id='word_1_132' title='bbox 2136 713 2294 766; x_wconf 91' lang='lat' dir='ltr'><strong>miter</strong></span> <span class='ocrx_word' id='word_1_133' title='bbox 2335 711 2592 780; x_wconf 90' lang='lat' dir='ltr'><strong>impetum</strong></span> <span class='ocrx_word' id='word_1_134' title='bbox 2639 707 2880 762; x_wconf 88' lang='lat' dir='ltr'><strong>fecerunt</strong></span> <span class='ocrx_word' id='word_1_135' title='bbox 2916 707 2967 761; x_wconf 91' lang='lat' dir='ltr'><strong>in</strong></span> <span class='ocrx_word' id='word_1_136' title='bbox 3007 704 3307 760; x_wconf 89' lang='lat' dir='ltr'><strong>ministrum</strong></span> <span class='ocrx_word' id='word_1_137' title='bbox 3345 705 3562 772; x_wconf 90' lang='lat' dir='ltr'><strong>altaris,</strong></span> <span class='ocrx_word' id='word_1_138' title='bbox 3594 723 3722 764; x_wconf 57' lang='lat' dir='ltr'><strong>san-</strong></span> 
     </span>
    </p>
   </div>
   <div class='ocr_carea' id='block_1_19' title="bbox 2135 795 3722 870">
    <p class='ocr_par' dir='ltr' id='par_1_19' title="bbox 2135 795 3722 870">
     <span class='ocr_line' id='line_1_19' title="bbox 2135 795 3722 870; baseline -0.002 -13"><span class='ocrx_word' id='word_1_139' title='bbox 2135 811 2279 858; x_wconf 90' lang='lat' dir='ltr'><strong>ctum</strong></span> <span class='ocrx_word' id='word_1_140' title='bbox 2309 799 2637 870; x_wconf 88' lang='lat' dir='ltr'><strong>pontificem,</strong></span> <span class='ocrx_word' id='word_1_141' title='bbox 2668 798 2934 852; x_wconf 90' lang='lat' dir='ltr'><strong>Christum</strong></span> <span class='ocrx_word' id='word_1_142' title='bbox 2965 797 3195 860; x_wconf 89' lang='lat' dir='ltr'><strong>Domini,</strong></span> <span class='ocrx_word' id='word_1_143' title='bbox 3226 796 3399 850; x_wconf 86' lang='lat' dir='ltr'><strong>civem</strong></span> <span class='ocrx_word' id='word_1_144' title='bbox 3428 795 3567 853; x_wconf 64' lang='lat' dir='ltr'><strong>caeli.</strong></span> <span class='ocrx_word' id='word_1_145' title='bbox 3601 797 3722 854; x_wconf 78' lang='lat' dir='ltr'><strong>Ca:-</strong></span> 
     </span>
    </p>
   </div>
   <div class='ocr_carea' id='block_1_20' title="bbox 2137 884 3722 962">
    <p class='ocr_par' dir='ltr' id='par_1_20' title="bbox 2137 884 3722 962">
     <span class='ocr_line' id='line_1_20' title="bbox 2137 884 3722 962; baseline -0.001 -16"><span class='ocrx_word' id='word_1_146' title='bbox 2137 901 2250 947; x_wconf 91' lang='lat' dir='ltr'><strong>tera</strong></span> <span class='ocrx_word' id='word_1_147' title='bbox 2272 892 2390 961; x_wconf 90' lang='lat' dir='ltr'><strong>quis</strong></span> <span class='ocrx_word' id='word_1_148' title='bbox 2410 898 2765 962; x_wconf 85' lang='lat' dir='ltr'><strong>prosequatur</strong></span> <span class='ocrx_word' id='word_1_149' title='bbox 2785 889 2940 943; x_wconf 91' lang='lat' dir='ltr'><strong>siccis</strong></span> <span class='ocrx_word' id='word_1_150' title='bbox 2961 888 3168 942; x_wconf 87' lang='lat' dir='ltr'><strong>oculis?</strong></span> <span class='ocrx_word' id='word_1_151' title='bbox 3189 884 3246 942; x_wconf 91' lang='lat' dir='ltr'><strong>ln</strong></span> <span class='ocrx_word' id='word_1_152' title='bbox 3268 887 3512 943; x_wconf 90' lang='lat' dir='ltr'><strong>manibus</strong></span> <span class='ocrx_word' id='word_1_153' title='bbox 3534 905 3722 946; x_wconf 89' lang='lat' dir='ltr'><strong>eorum</strong></span> 
     </span>
    </p>
   </div>
   <div class='ocr_carea' id='block_1_21' title="bbox 2137 979 3724 1050">
    <p class='ocr_par' dir='ltr' id='par_1_21' title="bbox 2137 979 3724 1050">
     <span class='ocr_line' id='line_1_21' title="bbox 2137 979 3724 1050; baseline 0.001 -14"><span class='ocrx_word' id='word_1_154' title='bbox 2137 1000 2265 1038; x_wconf 89' lang='lat' dir='ltr'><strong>vasa</strong></span> <span class='ocrx_word' id='word_1_155' title='bbox 2295 983 2499 1046; x_wconf 91' lang='lat' dir='ltr'><strong>mortis,</strong></span> <span class='ocrx_word' id='word_1_156' title='bbox 2528 981 2810 1035; x_wconf 76' lang='lat' dir='ltr'><strong>latebrosa:</strong></span> <span class='ocrx_word' id='word_1_157' title='bbox 2840 980 3032 1033; x_wconf 91' lang='lat' dir='ltr'><strong>mentis</strong></span> <span class='ocrx_word' id='word_1_158' title='bbox 3059 979 3364 1032; x_wconf 89' lang='lat' dir='ltr'><strong>hominibus</strong></span> <span class='ocrx_word' id='word_1_159' title='bbox 3394 987 3514 1048; x_wconf 89' lang='lat' dir='ltr'><strong>post</strong></span> <span class='ocrx_word' id='word_1_160' title='bbox 3543 982 3724 1050; x_wconf 91' lang='lat' dir='ltr'><strong>anguli</strong></span> 
     </span>
    </p>
   </div>
   <div class='ocr_carea' id='block_1_22' title="bbox 2139 1068 3726 1140">
    <p class='ocr_par' dir='ltr' id='par_1_22' title="bbox 2139 1068 3726 1140">
     <span class='ocr_line' id='line_1_22' title="bbox 2139 1068 3726 1140; baseline -0.002 -11"><span class='ocrx_word' id='word_1_161' title='bbox 2139 1075 2372 1129; x_wconf 85' lang='lat' dir='ltr'><strong>latebras</strong></span> <span class='ocrx_word' id='word_1_162' title='bbox 2392 1073 2689 1128; x_wconf 88' lang='lat' dir='ltr'><strong>occultatis.</strong></span> <span class='ocrx_word' id='word_1_163' title='bbox 2719 1071 2786 1124; x_wconf 82' lang='lat' dir='ltr'><strong>At</strong></span> <span class='ocrx_word' id='word_1_164' title='bbox 2807 1081 2957 1140; x_wconf 90' lang='lat' dir='ltr'><strong>pater</strong></span> <span class='ocrx_word' id='word_1_165' title='bbox 2977 1068 3311 1123; x_wconf 88' lang='lat' dir='ltr'><strong>Eleutherius</strong></span> <span class='ocrx_word' id='word_1_166' title='bbox 3331 1068 3527 1124; x_wconf 89' lang='lat' dir='ltr'><strong>Christi</strong></span> <span class='ocrx_word' id='word_1_167' title='bbox 3551 1071 3726 1126; x_wconf 85' lang='lat' dir='ltr'><strong>hostia</strong></span> 
     </span>
    </p>
   </div>
   <div class='ocr_carea' id='block_1_23' title="bbox 2145 1161 3726 1232">
    <p class='ocr_par' dir='ltr' id='par_1_23' title="bbox 2145 1161 3726 1232">
     <span class='ocr_line' id='line_1_23' title="bbox 2145 1161 3726 1232; baseline -0.003 -10"><span class='ocrx_word' id='word_1_168' title='bbox 2145 1183 2274 1222; x_wconf 90' lang='lat' dir='ltr'><strong>mox</strong></span> <span class='ocrx_word' id='word_1_169' title='bbox 2299 1166 2524 1230; x_wconf 88' lang='lat' dir='ltr'><strong>futurus,</strong></span> <span class='ocrx_word' id='word_1_170' title='bbox 2547 1179 2811 1219; x_wconf 89' lang='lat' dir='ltr'><strong>annorum</strong></span> <span class='ocrx_word' id='word_1_171' title='bbox 2838 1177 3088 1216; x_wconf 90' lang='lat' dir='ltr'><strong>numeros</strong></span> <span class='ocrx_word' id='word_1_172' title='bbox 3110 1161 3420 1216; x_wconf 85' lang='lat' dir='ltr'><strong>meritorum</strong></span> <span class='ocrx_word' id='word_1_173' title='bbox 3448 1162 3602 1217; x_wconf 82' lang='lat' dir='ltr'><strong>titulo</strong></span> <span class='ocrx_word' id='word_1_174' title='bbox 3613 1162 3726 1232; x_wconf 87' lang='lat' dir='ltr'><strong>jam</strong></span> 
     </span>
    </p>
   </div>
   <div class='ocr_carea' id='block_1_24' title="bbox 2145 1251 3728 1328">
    <p class='ocr_par' dir='ltr' id='par_1_24' title="bbox 2145 1251 3728 1328">
     <span class='ocr_line' id='line_1_24' title="bbox 2145 1251 3728 1328; baseline -0.004 -15"><span class='ocrx_word' id='word_1_175' title='bbox 2145 1257 2458 1328; x_wconf 65' lang='lat' dir='ltr'><strong>grandaevus</strong></span> <span class='ocrx_word' id='word_1_176' title='bbox 2485 1257 2684 1326; x_wconf 89' lang='lat' dir='ltr'><strong>pariter</strong></span> <span class='ocrx_word' id='word_1_177' title='bbox 2709 1263 2764 1309; x_wconf 92' lang='lat' dir='ltr'><strong>et</strong></span> <span class='ocrx_word' id='word_1_178' title='bbox 2791 1253 3076 1326; x_wconf 65' lang='lat' dir='ltr'><strong>praeclarus</strong></span> <span class='ocrx_word' id='word_1_179' title='bbox 3105 1252 3318 1322; x_wconf 89' lang='lat' dir='ltr'><strong>(agebat</strong></span> <span class='ocrx_word' id='word_1_180' title='bbox 3345 1251 3485 1305; x_wconf 91' lang='lat' dir='ltr'><strong>enim</strong></span> <span class='ocrx_word' id='word_1_181' title='bbox 3515 1260 3728 1320; x_wconf 89' lang='lat' dir='ltr'><strong>septua-</strong></span> 
     </span>
    </p>
   </div>
   <div class='ocr_carea' id='block_1_25' title="bbox 2144 1344 3729 1419">
    <p class='ocr_par' dir='ltr' id='par_1_25' title="bbox 2144 1344 3729 1419">
     <span class='ocr_line' id='line_1_25' title="bbox 2144 1344 3729 1419; baseline -0.002 -17"><span class='ocrx_word' id='word_1_182' title='bbox 2144 1349 2403 1419; x_wconf 87' lang='lat' dir='ltr'><strong>gesimum</strong></span> <span class='ocrx_word' id='word_1_183' title='bbox 2433 1357 2644 1402; x_wconf 86' lang='lat' dir='ltr'><strong>sextum</strong></span> <span class='ocrx_word' id='word_1_184' title='bbox 2681 1361 2877 1399; x_wconf 92' lang='lat' dir='ltr'><strong>annum</strong></span> <span class='ocrx_word' id='word_1_185' title='bbox 2903 1344 2920 1416; x_wconf 96' lang='lat'>)</span> <span class='ocrx_word' id='word_1_186' title='bbox 2974 1359 3094 1399; x_wconf 90' lang='lat' dir='ltr'><strong>cum</strong></span> <span class='ocrx_word' id='word_1_187' title='bbox 3126 1353 3152 1380; x_wconf 78' lang='grc'><strong>⁸</strong></span> <span class='ocrx_word' id='word_1_188' title='bbox 3183 1344 3474 1398; x_wconf 82' lang='lat' dir='ltr'><strong>Athanasio</strong></span> <span class='ocrx_word' id='word_1_189' title='bbox 3503 1344 3729 1399; x_wconf 89' lang='lat' dir='ltr'><strong>diacono</strong></span> 
     </span>
    </p>
   </div>
   <div class='ocr_carea' id='block_1_26' title="bbox 2145 1433 3728 1504">
    <p class='ocr_par' dir='ltr' id='par_1_26' title="bbox 2145 1433 3728 1504">
     <span class='ocr_line' id='line_1_26' title="bbox 2145 1433 3728 1504; baseline -0.002 -11"><span class='ocrx_word' id='word_1_190' title='bbox 2145 1451 2200 1494; x_wconf 92' lang='lat' dir='ltr'><strong>et</strong></span> <span class='ocrx_word' id='word_1_191' title='bbox 2230 1439 2489 1492; x_wconf 86' lang='lat' dir='ltr'><strong>Andoeno</strong></span> <span class='ocrx_word' id='word_1_192' title='bbox 2519 1437 2658 1491; x_wconf 85' lang='lat' dir='ltr'><strong>ﬁdeli</strong></span> <span class='ocrx_word' id='word_1_193' title='bbox 2688 1435 2949 1504; x_wconf 91' lang='lat' dir='ltr'><strong>discipulo</strong></span> <span class='ocrx_word' id='word_1_194' title='bbox 2969 1475 2984 1500; x_wconf 93' lang='lat'><strong>,</strong></span> <span class='ocrx_word' id='word_1_195' title='bbox 3017 1433 3075 1489; x_wconf 86' lang='grc' dir='ltr'><strong>Β.</strong></span> <span class='ocrx_word' id='word_1_196' title='bbox 3107 1433 3285 1488; x_wconf 79' lang='lat' dir='ltr'><strong>Maria:</strong></span> <span class='ocrx_word' id='word_1_197' title='bbox 3314 1434 3542 1502; x_wconf 76' lang='lat' dir='ltr'><strong>Virginis</strong></span> <span class='ocrx_word' id='word_1_198' title='bbox 3571 1449 3728 1504; x_wconf 87' lang='lat' dir='ltr'><strong>egre-</strong></span> 
     </span>
    </p>
   </div>
   <div class='ocr_carea' id='block_1_27' title="bbox 2147 1523 3731 1597">
    <p class='ocr_par' dir='ltr' id='par_1_27' title="bbox 2147 1523 3731 1597">
     <span class='ocr_line' id='line_1_27' title="bbox 2147 1523 3731 1597; baseline -0.001 -15"><span class='ocrx_word' id='word_1_199' title='bbox 2147 1529 2395 1582; x_wconf 90' lang='lat' dir='ltr'><strong>diebatur</strong></span> <span class='ocrx_word' id='word_1_200' title='bbox 2437 1527 2715 1596; x_wconf 87' lang='lat' dir='ltr'><strong>templum.</strong></span> <span class='ocrx_word' id='word_1_201' title='bbox 2781 1523 2844 1578; x_wconf 86' lang='lat' dir='ltr'><strong>Et</strong></span> <span class='ocrx_word' id='word_1_202' title='bbox 2881 1539 3008 1579; x_wconf 90' lang='lat' dir='ltr'><strong>ecce</strong></span> <span class='ocrx_word' id='word_1_203' title='bbox 3054 1525 3330 1593; x_wconf 90' lang='lat' dir='ltr'><strong>generatio</strong></span> <span class='ocrx_word' id='word_1_204' title='bbox 3367 1541 3528 1594; x_wconf 89' lang='lat' dir='ltr'><strong>prava</strong></span> <span class='ocrx_word' id='word_1_205' title='bbox 3568 1536 3731 1597; x_wconf 86' lang='lat' dir='ltr'><strong>atque</strong></span> 
     </span>
    </p>
   </div>
   <div class='ocr_carea' id='block_1_28' title="bbox 2151 1615 3730 1688">
    <p class='ocr_par' dir='ltr' id='par_1_28' title="bbox 2151 1615 3730 1688">
     <span class='ocr_line' id='line_1_28' title="bbox 2151 1615 3730 1688; baseline 0.001 -18"><span class='ocrx_word' id='word_1_206' title='bbox 2151 1633 2398 1688; x_wconf 88' lang='lat' dir='ltr'><strong>perversa</strong></span> <span class='ocrx_word' id='word_1_207' title='bbox 2425 1655 2439 1680; x_wconf 97' lang='lat'><strong>,</strong></span> <span class='ocrx_word' id='word_1_208' title='bbox 2486 1631 2667 1670; x_wconf 89' lang='lat' dir='ltr'><strong>semen</strong></span> <span class='ocrx_word' id='word_1_209' title='bbox 2697 1615 2950 1668; x_wconf 87' lang='lat' dir='ltr'><strong>Chanaan</strong></span> <span class='ocrx_word' id='word_1_210' title='bbox 2987 1623 3040 1669; x_wconf 91' lang='lat' dir='ltr'><strong>et</strong></span> <span class='ocrx_word' id='word_1_211' title='bbox 3071 1632 3176 1670; x_wconf 89' lang='lat' dir='ltr'><strong>non</strong></span> <span class='ocrx_word' id='word_1_212' title='bbox 3224 1615 3358 1671; x_wconf 85' lang='lat' dir='ltr'><strong>Juda</strong></span> <span class='ocrx_word' id='word_1_213' title='bbox 3383 1658 3396 1681; x_wconf 90' lang='lat'><strong>,</strong></span> <span class='ocrx_word' id='word_1_214' title='bbox 3429 1618 3730 1688; x_wconf 90' lang='lat' dir='ltr'><strong>viperarum</strong></span> 
     </span>
    </p>
   </div>
   <div class='ocr_carea' id='block_1_29' title="bbox 2154 1704 3733 1776">
    <p class='ocr_par' dir='ltr' id='par_1_29' title="bbox 2154 1704 3733 1776">
     <span class='ocr_line' id='line_1_29' title="bbox 2154 1704 3733 1776; baseline 0.001 -16"><span class='ocrx_word' id='word_1_215' title='bbox 2154 1706 2474 1776; x_wconf 85' lang='lat' dir='ltr'><strong>progenies,</strong></span> <span class='ocrx_word' id='word_1_216' title='bbox 2527 1705 2766 1760; x_wconf 78' lang='lat' dir='ltr'><strong>scelesta:</strong></span> <span class='ocrx_word' id='word_1_217' title='bbox 2811 1704 3052 1760; x_wconf 84' lang='lat' dir='ltr'><strong>factionis</strong></span> <span class='ocrx_word' id='word_1_218' title='bbox 3095 1705 3355 1760; x_wconf 88' lang='lat' dir='ltr'><strong>satellites</strong></span> <span class='ocrx_word' id='word_1_219' title='bbox 3402 1716 3561 1776; x_wconf 90' lang='lat' dir='ltr'><strong>caput</strong></span> <span class='ocrx_word' id='word_1_220' title='bbox 3606 1707 3733 1762; x_wconf 84' lang='lat' dir='ltr'><strong>illud</strong></span> 
     </span>
    </p>
   </div>
   <div class='ocr_carea' id='block_1_30' title="bbox 2133 1794 3734 1868">
    <p class='ocr_par' dir='ltr' id='par_1_30' title="bbox 2133 1794 3734 1868">
     <span class='ocr_line' id='line_1_30' title="bbox 2133 1794 3734 1868; baseline 0.001 -17"><span class='ocrx_word' id='word_1_221' title='bbox 2133 1794 2406 1866; x_wconf 75' lang='lat' dir='ltr'><strong>angelicis</strong></span> <span class='ocrx_word' id='word_1_222' title='bbox 2434 1796 2784 1852; x_wconf 91' lang='lat' dir='ltr'><strong>reverendum</strong></span> <span class='ocrx_word' id='word_1_223' title='bbox 2812 1796 3117 1866; x_wconf 88' lang='lat' dir='ltr'><strong>aspectibus</strong></span> <span class='ocrx_word' id='word_1_224' title='bbox 3165 1813 3269 1851; x_wconf 89' lang='lat' dir='ltr'><strong>non</strong></span> <span class='ocrx_word' id='word_1_225' title='bbox 3320 1807 3572 1852; x_wconf 90' lang='lat' dir='ltr'><strong>verentur</strong></span> <span class='ocrx_word' id='word_1_226' title='bbox 3608 1815 3734 1868; x_wconf 90' lang='lat' dir='ltr'><strong>pro-</strong></span> 
     </span>
    </p>
   </div>
   <div class='ocr_carea' id='block_1_31' title="bbox 462 1882 3736 1962">
    <p class='ocr_par' dir='ltr' id='par_1_31' title="bbox 462 1882 3736 1962">
     <span class='ocr_line' id='line_1_31' title="bbox 462 1882 3736 1962; baseline -0.005 1"><span class='ocrx_word' id='word_1_227' title='bbox 462 1894 857 1962; x_wconf 66' lang='grc' dir='ltr'><strong>δενίριυνθτιιηι</strong></span> <span class='ocrx_word' id='word_1_228' title='bbox 884 1888 1175 1944; x_wconf 65' lang='grc' dir='ltr'><strong>δυθιοτίωε</strong></span> <span class='ocrx_word' id='word_1_229' title='bbox 1202 1885 1406 1941; x_wconf 55' lang='lat' dir='ltr'><strong>frontes</strong></span> <span class='ocrx_word' id='word_1_230' title='bbox 1430 1885 1702 1940; x_wconf 64' lang='lat' dir='ltr'><strong>Oblel‘el‘el</strong></span> <span class='ocrx_word' id='word_1_231' title='bbox 1730 1882 2044 1962; x_wconf 67' lang='lat' dir='ltr'><strong>imDUdicas.</strong></span> <span class='ocrx_word' id='word_1_232' title='bbox 2082 1906 2122 1962; x_wconf 78' lang='grc' dir='ltr'><strong>η</strong></span> <span class='ocrx_word' id='word_1_233' title='bbox 2155 1888 2330 1943; x_wconf 88' lang='lat' dir='ltr'><strong>fundis</strong></span> <span class='ocrx_word' id='word_1_234' title='bbox 2351 1888 2660 1944; x_wconf 89' lang='lat' dir='ltr'><strong>vulneribus</strong></span> <span class='ocrx_word' id='word_1_235' title='bbox 2680 1902 2854 1952; x_wconf 90' lang='lat' dir='ltr'><strong>arare,</strong></span> <span class='ocrx_word' id='word_1_236' title='bbox 2873 1887 3080 1941; x_wconf 90' lang='lat' dir='ltr'><strong>sulcare</strong></span> <span class='ocrx_word' id='word_1_237' title='bbox 3101 1895 3154 1941; x_wconf 89' lang='lat' dir='ltr'><strong>et</strong></span> <span class='ocrx_word' id='word_1_238' title='bbox 3171 1886 3196 1926; x_wconf 73' lang='grc' dir='ltr'>δ</span> <span class='ocrx_word' id='word_1_239' title='bbox 3220 1903 3456 1957; x_wconf 89' lang='lat' dir='ltr'><strong>verrere,</strong></span> <span class='ocrx_word' id='word_1_240' title='bbox 3473 1899 3526 1944; x_wconf 91' lang='lat' dir='ltr'><strong>et</strong></span> <span class='ocrx_word' id='word_1_241' title='bbox 3545 1889 3736 1945; x_wconf 83' lang='lat' dir='ltr'><strong>faciem</strong></span> 
     </span>
    </p>
   </div>
   <div class='ocr_carea' id='block_1_32' title="bbox 465 1977 2050 2052">
    <p class='ocr_par' dir='ltr' id='par_1_32' title="bbox 465 1977 2050 2052">
     <span class='ocr_line' id='line_1_32' title="bbox 465 1977 2050 2052; baseline -0.008 -13"><span class='ocrx_word' id='word_1_242' title='bbox 465 1985 607 2040; x_wconf 90' lang='lat' dir='ltr'><strong>diem</strong></span> <span class='ocrx_word' id='word_1_243' title='bbox 637 1983 703 2037; x_wconf 88' lang='lat' dir='ltr'><strong>ad</strong></span> <span class='ocrx_word' id='word_1_244' title='bbox 731 1981 1110 2052; x_wconf 90' lang='lat' dir='ltr'><strong>disputandum</strong></span> <span class='ocrx_word' id='word_1_245' title='bbox 1139 1979 1206 2034; x_wconf 90' lang='lat' dir='ltr'><strong>de</strong></span> <span class='ocrx_word' id='word_1_246' title='bbox 1237 1978 1338 2034; x_wconf 89' lang='lat' dir='ltr'><strong>fide</strong></span> <span class='ocrx_word' id='word_1_247' title='bbox 1365 1977 1629 2033; x_wconf 89' lang='lat' dir='ltr'><strong>catholica</strong></span> <span class='ocrx_word' id='word_1_248' title='bbox 1657 1982 1931 2041; x_wconf 90' lang='lat' dir='ltr'><strong>statuunt,</strong></span> <span class='ocrx_word' id='word_1_249' title='bbox 1962 1989 2050 2045; x_wconf 90' lang='lat' dir='ltr'><strong>sy-</strong></span> 
     </span>
    </p>
   </div>
   <div class='ocr_carea' id='block_1_33' title="bbox 467 2069 2054 2144">
    <p class='ocr_par' dir='ltr' id='par_1_33' title="bbox 467 2069 2054 2144">
     <span class='ocr_line' id='line_1_33' title="bbox 467 2069 2054 2144; baseline -0.008 -12"><span class='ocrx_word' id='word_1_250' title='bbox 467 2077 668 2132; x_wconf 91' lang='lat' dir='ltr'><strong>nodum</strong></span> <span class='ocrx_word' id='word_1_251' title='bbox 698 2076 980 2144; x_wconf 87' lang='lat' dir='ltr'><strong>episcopus</strong></span> <span class='ocrx_word' id='word_1_252' title='bbox 1008 2079 1268 2128; x_wconf 86' lang='lat' dir='ltr'><strong>convocat</strong></span> <span class='ocrx_word' id='word_1_253' title='bbox 1293 2113 1308 2138; x_wconf 97' lang='lat'><strong>,</strong></span> <span class='ocrx_word' id='word_1_254' title='bbox 1351 2078 1408 2124; x_wconf 94' lang='lat' dir='ltr'><strong>ut</strong></span> <span class='ocrx_word' id='word_1_255' title='bbox 1445 2069 1726 2124; x_wconf 70' lang='lat' dir='ltr'><strong>hmreticos</strong></span> <span class='ocrx_word' id='word_1_256' title='bbox 1755 2077 1969 2136; x_wconf 90' lang='lat' dir='ltr'><strong>superet</strong></span> <span class='ocrx_word' id='word_1_257' title='bbox 1997 2073 2054 2120; x_wconf 89' lang='lat' dir='ltr'><strong>et</strong></span> 
     </span>
    </p>
   </div>
   <div class='ocr_carea' id='block_1_34' title="bbox 469 2159 2051 2230">
    <p class='ocr_par' dir='ltr' id='par_1_34' title="bbox 469 2159 2051 2230">
     <span class='ocr_line' id='line_1_34' title="bbox 469 2159 2051 2230; baseline -0.007 -10"><span class='ocrx_word' id='word_1_258' title='bbox 469 2167 760 2222; x_wconf 90' lang='lat' dir='ltr'><strong>confundat</strong></span> <span class='ocrx_word' id='word_1_259' title='bbox 785 2207 798 2230; x_wconf 96' lang='lat'><strong>,</strong></span> <span class='ocrx_word' id='word_1_260' title='bbox 839 2173 894 2219; x_wconf 92' lang='lat' dir='ltr'><strong>et</strong></span> <span class='ocrx_word' id='word_1_261' title='bbox 920 2163 1156 2219; x_wconf 89' lang='lat' dir='ltr'><strong>confusis</strong></span> <span class='ocrx_word' id='word_1_262' title='bbox 1183 2162 1383 2216; x_wconf 87' lang='lat' dir='ltr'><strong>indicat</strong></span> <span class='ocrx_word' id='word_1_263' title='bbox 1411 2160 1679 2214; x_wconf 92' lang='lat' dir='ltr'><strong>silentium</strong></span> <span class='ocrx_word' id='word_1_264' title='bbox 1709 2167 1764 2213; x_wconf 91' lang='lat' dir='ltr'><strong>et</strong></span> <span class='ocrx_word' id='word_1_265' title='bbox 1793 2159 2051 2227; x_wconf 85' lang='lat' dir='ltr'><strong>imponat.</strong></span> 
     </span>
    </p>
   </div>
   <div class='ocr_carea' id='block_1_35' title="bbox 471 2248 2057 2324">
    <p class='ocr_par' dir='ltr' id='par_1_35' title="bbox 471 2248 2057 2324">
     <span class='ocr_line' id='line_1_35' title="bbox 471 2248 2057 2324; baseline -0.007 -13"><span class='ocrx_word' id='word_1_266' title='bbox 471 2256 798 2311; x_wconf 89' lang='lat' dir='ltr'><strong>Convocatis</strong></span> <span class='ocrx_word' id='word_1_267' title='bbox 837 2255 998 2324; x_wconf 86' lang='lat' dir='ltr'><strong>igitur</strong></span> <span class='ocrx_word' id='word_1_268' title='bbox 1037 2252 1308 2320; x_wconf 85' lang='lat' dir='ltr'><strong>utrimque</strong></span> <span class='ocrx_word' id='word_1_269' title='bbox 1345 2250 1588 2319; x_wconf 89' lang='lat' dir='ltr'><strong>partibus</strong></span> <span class='ocrx_word' id='word_1_270' title='bbox 1616 2291 1630 2314; x_wconf 96' lang='lat'><strong>,</strong></span> <span class='ocrx_word' id='word_1_271' title='bbox 1669 2262 1963 2315; x_wconf 79' lang='lat' dir='ltr'><strong>exsurgens</strong></span> <span class='ocrx_word' id='word_1_272' title='bbox 2005 2248 2057 2300; x_wconf 91' lang='lat' dir='ltr'><strong>in</strong></span> 
     </span>
    </p>
   </div>
   <div class='ocr_carea' id='block_1_36' title="bbox 471 2336 2059 2410">
    <p class='ocr_par' dir='ltr' id='par_1_36' title="bbox 471 2336 2059 2410">
     <span class='ocr_line' id='line_1_36' title="bbox 471 2336 2059 2410; baseline -0.009 -8"><span class='ocrx_word' id='word_1_273' title='bbox 471 2347 722 2410; x_wconf 88' lang='lat' dir='ltr'><strong>medium,</strong></span> <span class='ocrx_word' id='word_1_274' title='bbox 748 2354 802 2400; x_wconf 90' lang='lat' dir='ltr'><strong>et</strong></span> <span class='ocrx_word' id='word_1_275' title='bbox 823 2361 983 2398; x_wconf 86' lang='lat' dir='ltr'><strong>manu</strong></span> <span class='ocrx_word' id='word_1_276' title='bbox 1011 2343 1277 2398; x_wconf 84' lang='lat' dir='ltr'><strong>silentium</strong></span> <span class='ocrx_word' id='word_1_277' title='bbox 1301 2340 1558 2404; x_wconf 85' lang='lat' dir='ltr'><strong>indicens,</strong></span> <span class='ocrx_word' id='word_1_278' title='bbox 1589 2337 1748 2392; x_wconf 91' lang='lat' dir='ltr'><strong>fidem</strong></span> <span class='ocrx_word' id='word_1_279' title='bbox 1774 2336 2059 2391; x_wconf 89' lang='lat' dir='ltr'><strong>confitetur</strong></span> 
     </span>
    </p>
   </div>
   <div class='ocr_carea' id='block_1_37' title="bbox 471 2427 1796 2502">
    <p class='ocr_par' dir='ltr' id='par_1_37' title="bbox 471 2427 1796 2502">
     <span class='ocr_line' id='line_1_37' title="bbox 471 2427 1796 2502; baseline -0.008 -11"><span class='ocrx_word' id='word_1_280' title='bbox 471 2436 791 2492; x_wconf 86' lang='lat' dir='ltr'><strong>catholicam</strong></span> <span class='ocrx_word' id='word_1_281' title='bbox 820 2441 875 2488; x_wconf 90' lang='lat' dir='ltr'><strong>et</strong></span> <span class='ocrx_word' id='word_1_282' title='bbox 900 2432 1123 2502; x_wconf 82' lang='lat' dir='ltr'><strong>exponit</strong></span> <span class='ocrx_word' id='word_1_283' title='bbox 1151 2429 1361 2500; x_wconf 88' lang='lat' dir='ltr'><strong>publice</strong></span> <span class='ocrx_word' id='word_1_284' title='bbox 1390 2437 1574 2498; x_wconf 90' lang='lat' dir='ltr'><strong>pastor</strong></span> <span class='ocrx_word' id='word_1_285' title='bbox 1603 2427 1796 2481; x_wconf 91' lang='lat' dir='ltr'><strong>bonus.</strong></span> 
     </span>
    </p>
   </div>
   <div class='ocr_carea' id='block_1_38' title="bbox 542 2513 2064 2594">
    <p class='ocr_par' dir='ltr' id='par_1_38' title="bbox 542 2513 2064 2594">
     <span class='ocr_line' id='line_1_38' title="bbox 542 2513 2064 2594; baseline -0.009 -14"><span class='ocrx_word' id='word_1_286' title='bbox 542 2527 632 2580; x_wconf 72' lang='grc'><strong>25.</strong></span> <span class='ocrx_word' id='word_1_287' title='bbox 675 2523 906 2594; x_wconf 84' lang='lat' dir='ltr'><strong>Exponit</strong></span> <span class='ocrx_word' id='word_1_288' title='bbox 964 2522 1104 2576; x_wconf 91' lang='lat' dir='ltr'><strong>enim</strong></span> <span class='ocrx_word' id='word_1_289' title='bbox 1151 2535 1260 2589; x_wconf 89' lang='lat' dir='ltr'><strong>qua</strong></span> <span class='ocrx_word' id='word_1_290' title='bbox 1317 2517 1666 2572; x_wconf 87' lang='lat' dir='ltr'><strong>veneratione</strong></span> <span class='ocrx_word' id='word_1_291' title='bbox 1719 2516 1855 2569; x_wconf 89' lang='lat' dir='ltr'><strong>Deus</strong></span> <span class='ocrx_word' id='word_1_292' title='bbox 1901 2513 2064 2567; x_wconf 88' lang='lat' dir='ltr'><strong>Pater</strong></span> 
     </span>
    </p>
   </div>
   <div class='ocr_carea' id='block_1_39' title="bbox 473 2603 2064 2683">
    <p class='ocr_par' dir='ltr' id='par_1_39' title="bbox 473 2603 2064 2683">
     <span class='ocr_line' id='line_1_39' title="bbox 473 2603 2064 2683; baseline -0.01 -13"><span class='ocrx_word' id='word_1_293' title='bbox 473 2618 717 2680; x_wconf 87' lang='lat' dir='ltr'><strong>dicatur,</strong></span> <span class='ocrx_word' id='word_1_294' title='bbox 783 2628 889 2683; x_wconf 91' lang='lat' dir='ltr'><strong>quo</strong></span> <span class='ocrx_word' id='word_1_295' title='bbox 938 2617 1276 2665; x_wconf 89' lang='lat' dir='ltr'><strong>sacramento</strong></span> <span class='ocrx_word' id='word_1_296' title='bbox 1323 2606 1476 2661; x_wconf 87' lang='lat' dir='ltr'><strong>Jesus</strong></span> <span class='ocrx_word' id='word_1_297' title='bbox 1523 2605 1764 2660; x_wconf 91' lang='lat' dir='ltr'><strong>Christus</strong></span> <span class='ocrx_word' id='word_1_298' title='bbox 1806 2603 2064 2657; x_wconf 88' lang='lat' dir='ltr'><strong>Dominus</strong></span> 
     </span>
    </p>
   </div>
   <div class='ocr_carea' id='block_1_40' title="bbox 475 2693 2064 2772">
    <p class='ocr_par' dir='ltr' id='par_1_40' title="bbox 475 2693 2064 2772">
     <span class='ocr_line' id='line_1_40' title="bbox 475 2693 2064 2772; baseline -0.012 -10"><span class='ocrx_word' id='word_1_299' title='bbox 475 2714 658 2762; x_wconf 90' lang='lat' dir='ltr'><strong>noster</strong></span> <span class='ocrx_word' id='word_1_300' title='bbox 685 2703 800 2772; x_wconf 90' lang='lat' dir='ltr'><strong>ejus</strong></span> <span class='ocrx_word' id='word_1_301' title='bbox 832 2701 995 2755; x_wconf 86' lang='lat' dir='ltr'><strong>Filius</strong></span> <span class='ocrx_word' id='word_1_302' title='bbox 1020 2700 1300 2762; x_wconf 84' lang='lat' dir='ltr'><strong>habeatur,</strong></span> <span class='ocrx_word' id='word_1_303' title='bbox 1357 2711 1460 2766; x_wconf 88' lang='lat' dir='ltr'><strong>qua</strong></span> <span class='ocrx_word' id='word_1_304' title='bbox 1491 2693 1818 2763; x_wconf 82' lang='lat' dir='ltr'><strong>perfectione</strong></span> <span class='ocrx_word' id='word_1_305' title='bbox 1847 2701 2064 2746; x_wconf 90' lang='lat' dir='ltr'><strong>sanctus</strong></span> 
     </span>
    </p>
   </div>
   <div class='ocr_carea' id='block_1_41' title="bbox 476 2780 2066 2865">
    <p class='ocr_par' dir='ltr' id='par_1_41' title="bbox 476 2780 2066 2865">
     <span class='ocr_line' id='line_1_41' title="bbox 476 2780 2066 2865; baseline -0.011 -14"><span class='ocrx_word' id='word_1_306' title='bbox 476 2797 594 2865; x_wconf 84' lang='lat' dir='ltr'><strong>ejus</strong></span> <span class='ocrx_word' id='word_1_307' title='bbox 640 2793 871 2864; x_wconf 91' lang='lat' dir='ltr'><strong>Spiritus</strong></span> <span class='ocrx_word' id='word_1_308' title='bbox 915 2790 1247 2854; x_wconf 89' lang='lat' dir='ltr'><strong>nominetur,</strong></span> <span class='ocrx_word' id='word_1_309' title='bbox 1307 2785 1578 2855; x_wconf 86' lang='lat' dir='ltr'><strong>quomodo</strong></span> <span class='ocrx_word' id='word_1_310' title='bbox 1628 2784 1785 2838; x_wconf 91' lang='lat' dir='ltr'><strong>beata</strong></span> <span class='ocrx_word' id='word_1_311' title='bbox 1834 2780 2066 2835; x_wconf 89' lang='lat' dir='ltr'><strong>Trinitas</strong></span> 
     </span>
    </p>
   </div>
   <div class='ocr_carea' id='block_1_42' title="bbox 479 2873 2068 2946">
    <p class='ocr_par' dir='ltr' id='par_1_42' title="bbox 479 2873 2068 2946">
     <span class='ocr_line' id='line_1_42' title="bbox 479 2873 2068 2946; baseline -0.009 -6"><span class='ocrx_word' id='word_1_312' title='bbox 479 2901 642 2940; x_wconf 92' lang='lat' dir='ltr'><strong>unum</strong></span> <span class='ocrx_word' id='word_1_313' title='bbox 673 2885 725 2938; x_wconf 89' lang='lat' dir='ltr'><strong>in</strong></span> <span class='ocrx_word' id='word_1_314' title='bbox 763 2881 1061 2938; x_wconf 86' lang='lat' dir='ltr'><strong>substantia</strong></span> <span class='ocrx_word' id='word_1_315' title='bbox 1081 2919 1095 2944; x_wconf 90' lang='lat'><strong>,</strong></span> <span class='ocrx_word' id='word_1_316' title='bbox 1128 2879 1222 2934; x_wconf 88' lang='lat' dir='ltr'><strong>sed</strong></span> <span class='ocrx_word' id='word_1_317' title='bbox 1251 2887 1304 2932; x_wconf 92' lang='lat' dir='ltr'><strong>et</strong></span> <span class='ocrx_word' id='word_1_318' title='bbox 1331 2879 1442 2946; x_wconf 89' lang='lat' dir='ltr'><strong>ipsa</strong></span> <span class='ocrx_word' id='word_1_319' title='bbox 1474 2875 1827 2946; x_wconf 84' lang='lat' dir='ltr'><strong>personaliter</strong></span> <span class='ocrx_word' id='word_1_320' title='bbox 1853 2884 1934 2928; x_wconf 87' lang='lat' dir='ltr'><strong>est</strong></span> <span class='ocrx_word' id='word_1_321' title='bbox 1959 2873 2068 2927; x_wconf 91' lang='lat' dir='ltr'><strong>dis-</strong></span> 
     </span>
    </p>
   </div>
   <div class='ocr_carea' id='block_1_43' title="bbox 480 2965 2069 3041">
    <p class='ocr_par' dir='ltr' id='par_1_43' title="bbox 480 2965 2069 3041">
     <span class='ocr_line' id='line_1_43' title="bbox 480 2965 2069 3041; baseline -0.006 -13"><span class='ocrx_word' id='word_1_322' title='bbox 480 2977 678 3037; x_wconf 89' lang='lat' dir='ltr'><strong>tincta,</strong></span> <span class='ocrx_word' id='word_1_323' title='bbox 727 2972 846 3041; x_wconf 91' lang='lat' dir='ltr'><strong>quis</strong></span> <span class='ocrx_word' id='word_1_324' title='bbox 892 2979 1074 3040; x_wconf 88' lang='lat' dir='ltr'><strong>partus</strong></span> <span class='ocrx_word' id='word_1_325' title='bbox 1141 2969 1406 3037; x_wconf 82' lang='lat' dir='ltr'><strong>Virginis,</strong></span> <span class='ocrx_word' id='word_1_326' title='bbox 1447 2983 1567 3036; x_wconf 69' lang='lat' dir='ltr'><strong>qua:</strong></span> <span class='ocrx_word' id='word_1_327' title='bbox 1613 2966 1776 3021; x_wconf 81' lang='lat' dir='ltr'><strong>Verbi</strong></span> <span class='ocrx_word' id='word_1_328' title='bbox 1815 2965 1868 3018; x_wconf 92' lang='lat' dir='ltr'><strong>in</strong></span> <span class='ocrx_word' id='word_1_329' title='bbox 1907 2978 2069 3018; x_wconf 89' lang='lat' dir='ltr'><strong>carne</strong></span> 
     </span>
    </p>
   </div>
   <div class='ocr_carea' id='block_1_44' title="bbox 482 3055 2070 3132">
    <p class='ocr_par' dir='ltr' id='par_1_44' title="bbox 482 3055 2070 3132">
     <span class='ocr_line' id='line_1_44' title="bbox 482 3055 2070 3132; baseline -0.009 -10"><span class='ocrx_word' id='word_1_330' title='bbox 482 3067 766 3128; x_wconf 88' lang='lat' dir='ltr'><strong>nativitas,</strong></span> <span class='ocrx_word' id='word_1_331' title='bbox 821 3064 965 3132; x_wconf 93' lang='lat' dir='ltr'><strong>quod</strong></span> <span class='ocrx_word' id='word_1_332' title='bbox 1012 3069 1402 3117; x_wconf 88' lang='lat' dir='ltr'><strong>sacramentum</strong></span> <span class='ocrx_word' id='word_1_333' title='bbox 1452 3058 1664 3122; x_wconf 91' lang='lat' dir='ltr'><strong>crucis,</strong></span> <span class='ocrx_word' id='word_1_334' title='bbox 1705 3071 1824 3126; x_wconf 64' lang='lat' dir='ltr'><strong>qum</strong></span> <span class='ocrx_word' id='word_1_335' title='bbox 1870 3055 2070 3108; x_wconf 92' lang='lat' dir='ltr'><strong>utilitas</strong></span> 
     </span>
    </p>
   </div>
   <div class='ocr_carea' id='block_1_45' title="bbox 483 3147 2070 3222">
    <p class='ocr_par' dir='ltr' id='par_1_45' title="bbox 483 3147 2070 3222">
     <span class='ocr_line' id='line_1_45' title="bbox 483 3147 2070 3222; baseline -0.011 -4"><span class='ocrx_word' id='word_1_336' title='bbox 483 3163 646 3218; x_wconf 90' lang='lat' dir='ltr'><strong>divini</strong></span> <span class='ocrx_word' id='word_1_337' title='bbox 677 3162 741 3215; x_wconf 91' lang='lat' dir='ltr'><strong>ad</strong></span> <span class='ocrx_word' id='word_1_338' title='bbox 763 3159 961 3215; x_wconf 88' lang='lat' dir='ltr'><strong>inferos</strong></span> <span class='ocrx_word' id='word_1_339' title='bbox 996 3157 1307 3222; x_wconf 88' lang='lat' dir='ltr'><strong>descensus,</strong></span> <span class='ocrx_word' id='word_1_340' title='bbox 1336 3168 1454 3222; x_wconf 82' lang='lat' dir='ltr'><strong>quae</strong></span> <span class='ocrx_word' id='word_1_341' title='bbox 1480 3149 1884 3206; x_wconf 88' lang='lat' dir='ltr'><strong>resurrectionis</strong></span> <span class='ocrx_word' id='word_1_342' title='bbox 1903 3147 2070 3216; x_wconf 80' lang='lat' dir='ltr'><strong>gloria</strong></span> 
     </span>
    </p>
   </div>
   <div class='ocr_carea' id='block_1_46' title="bbox 485 3240 2069 3318">
    <p class='ocr_par' dir='ltr' id='par_1_46' title="bbox 485 3240 2069 3318">
     <span class='ocr_line' id='line_1_46' title="bbox 485 3240 2069 3318; baseline -0.012 -7"><span class='ocrx_word' id='word_1_343' title='bbox 485 3263 542 3312; x_wconf 91' lang='lat' dir='ltr'><strong>et</strong></span> <span class='ocrx_word' id='word_1_344' title='bbox 561 3256 856 3310; x_wconf 90' lang='lat' dir='ltr'><strong>animarum</strong></span> <span class='ocrx_word' id='word_1_345' title='bbox 872 3251 938 3306; x_wconf 93' lang='lat' dir='ltr'><strong>de</strong></span> <span class='ocrx_word' id='word_1_346' title='bbox 961 3249 1142 3304; x_wconf 86' lang='lat' dir='ltr'><strong>inferis</strong></span> <span class='ocrx_word' id='word_1_347' title='bbox 1162 3248 1442 3318; x_wconf 86' lang='lat' dir='ltr'><strong>captivitas</strong></span> <span class='ocrx_word' id='word_1_348' title='bbox 1461 3251 1732 3305; x_wconf 87' lang='lat' dir='ltr'><strong>revocata,</strong></span> <span class='ocrx_word' id='word_1_349' title='bbox 1771 3242 1890 3312; x_wconf 90' lang='lat' dir='ltr'><strong>quis</strong></span> <span class='ocrx_word' id='word_1_350' title='bbox 1911 3240 2069 3294; x_wconf 63' lang='lat' dir='ltr'><strong>etiam</strong></span> 
     </span>
    </p>
   </div>
   <div class='ocr_carea' id='block_1_47' title="bbox 488 3328 2069 3407">
    <p class='ocr_par' dir='ltr' id='par_1_47' title="bbox 488 3328 2069 3407">
     <span class='ocr_line' id='line_1_47' title="bbox 488 3328 2069 3407; baseline -0.013 -6"><span class='ocrx_word' id='word_1_351' title='bbox 488 3359 740 3401; x_wconf 89' lang='lat' dir='ltr'><strong>ascensus</strong></span> <span class='ocrx_word' id='word_1_352' title='bbox 778 3343 830 3397; x_wconf 91' lang='lat' dir='ltr'><strong>in</strong></span> <span class='ocrx_word' id='word_1_353' title='bbox 884 3341 1076 3397; x_wconf 76' lang='lat' dir='ltr'><strong>ccelum</strong></span> <span class='ocrx_word' id='word_1_354' title='bbox 1121 3347 1176 3392; x_wconf 90' lang='lat' dir='ltr'><strong>et</strong></span> <span class='ocrx_word' id='word_1_355' title='bbox 1221 3335 1553 3407; x_wconf 80' lang='lat' dir='ltr'><strong>exspectatio</strong></span> <span class='ocrx_word' id='word_1_356' title='bbox 1601 3332 1800 3387; x_wconf 84' lang='lat' dir='ltr'><strong>Judicis</strong></span> <span class='ocrx_word' id='word_1_357' title='bbox 1839 3328 2069 3392; x_wconf 78' lang='lat' dir='ltr'><strong>affuturi,</strong></span> 
     </span>
    </p>
   </div>
   <div class='ocr_carea' id='block_1_48' title="bbox 490 3422 2076 3509">
    <p class='ocr_par' dir='ltr' id='par_1_48' title="bbox 490 3422 2076 3509">
     <span class='ocr_line' id='line_1_48' title="bbox 490 3422 2076 3509; baseline -0.011 -17"><span class='ocrx_word' id='word_1_358' title='bbox 490 3438 617 3509; x_wconf 85' lang='lat' dir='ltr'><strong>quid</strong></span> <span class='ocrx_word' id='word_1_359' title='bbox 645 3435 912 3499; x_wconf 86' lang='lat' dir='ltr'><strong>Ecclesia,</strong></span> <span class='ocrx_word' id='word_1_360' title='bbox 950 3448 1066 3504; x_wconf 65' lang='lat' dir='ltr'><strong>qum</strong></span> <span class='ocrx_word' id='word_1_361' title='bbox 1095 3429 1348 3485; x_wconf 88' lang='lat' dir='ltr'><strong>adversus</strong></span> <span class='ocrx_word' id='word_1_362' title='bbox 1377 3443 1494 3482; x_wconf 90' lang='lat' dir='ltr'><strong>eam</strong></span> <span class='ocrx_word' id='word_1_363' title='bbox 1524 3423 1899 3481; x_wconf 87' lang='lat' dir='ltr'><strong>conventicula</strong></span> <span class='ocrx_word' id='word_1_364' title='bbox 1927 3422 2076 3475; x_wconf 37' lang='lat' dir='ltr'><strong>vanis</strong></span> 
     </span>
    </p>
   </div>
   <div class='ocr_carea' id='block_1_49' title="bbox 491 3513 2078 3597">
    <p class='ocr_par' dir='ltr' id='par_1_49' title="bbox 491 3513 2078 3597">
     <span class='ocr_line' id='line_1_49' title="bbox 491 3513 2078 3597; baseline -0.012 -14"><span class='ocrx_word' id='word_1_365' title='bbox 491 3530 638 3594; x_wconf 84' lang='lat' dir='ltr'><strong>tatis,</strong></span> <span class='ocrx_word' id='word_1_366' title='bbox 694 3541 811 3597; x_wconf 61' lang='lat' dir='ltr'><strong>quae</strong></span> <span class='ocrx_word' id='word_1_367' title='bbox 846 3531 1188 3595; x_wconf 90' lang='lat' dir='ltr'><strong>peccatorum</strong></span> <span class='ocrx_word' id='word_1_368' title='bbox 1226 3518 1493 3580; x_wconf 73' lang='lat' dir='ltr'><strong>remissio,</strong></span> <span class='ocrx_word' id='word_1_369' title='bbox 1549 3530 1668 3584; x_wconf 81' lang='lat' dir='ltr'><strong>quae</strong></span> <span class='ocrx_word' id='word_1_370' title='bbox 1698 3513 1872 3569; x_wconf 90' lang='lat' dir='ltr'><strong>carnis</strong></span> <span class='ocrx_word' id='word_1_371' title='bbox 1899 3527 2078 3566; x_wconf 86' lang='lat' dir='ltr'><strong>resur-</strong></span> 
     </span>
    </p>
   </div>
   <div class='ocr_carea' id='block_1_50' title="bbox 491 3606 2074 3687">
    <p class='ocr_par' dir='ltr' id='par_1_50' title="bbox 491 3606 2074 3687">
     <span class='ocr_line' id='line_1_50' title="bbox 491 3606 2074 3687; baseline -0.012 -13"><span class='ocrx_word' id='word_1_372' title='bbox 491 3619 691 3683; x_wconf 90' lang='lat' dir='ltr'><strong>rectio,</strong></span> <span class='ocrx_word' id='word_1_373' title='bbox 723 3633 842 3687; x_wconf 77' lang='lat' dir='ltr'><strong>qua:</strong></span> <span class='ocrx_word' id='word_1_374' title='bbox 869 3615 978 3670; x_wconf 87' lang='lat' dir='ltr'><strong>vita</strong></span> <span class='ocrx_word' id='word_1_375' title='bbox 1007 3623 1236 3675; x_wconf 76' lang='lat' dir='ltr'><strong>mlerna,</strong></span> <span class='ocrx_word' id='word_1_376' title='bbox 1269 3611 1388 3680; x_wconf 88' lang='lat' dir='ltr'><strong>quis</strong></span> <span class='ocrx_word' id='word_1_377' title='bbox 1417 3609 1663 3663; x_wconf 89' lang='lat' dir='ltr'><strong>interitus</strong></span> <span class='ocrx_word' id='word_1_378' title='bbox 1699 3606 2074 3675; x_wconf 88' lang='lat' dir='ltr'><strong>sempiternus.</strong></span> 
     </span>
    </p>
   </div>
   <div class='ocr_carea' id='block_1_51' title="bbox 493 3693 2074 3770">
    <p class='ocr_par' dir='ltr' id='par_1_51' title="bbox 493 3693 2074 3770">
     <span class='ocr_line' id='line_1_51' title="bbox 493 3693 2074 3770; baseline -0.011 -8"><span class='ocrx_word' id='word_1_379' title='bbox 493 3709 619 3765; x_wconf 68' lang='lat' dir='ltr'><strong>llaec</strong></span> <span class='ocrx_word' id='word_1_380' title='bbox 647 3716 824 3763; x_wconf 90' lang='lat' dir='ltr'><strong>autem</strong></span> <span class='ocrx_word' id='word_1_381' title='bbox 854 3706 1031 3761; x_wconf 92' lang='lat' dir='ltr'><strong>omnia</strong></span> <span class='ocrx_word' id='word_1_382' title='bbox 1076 3701 1318 3757; x_wconf 76' lang='lat' dir='ltr'><strong>diffusius</strong></span> <span class='ocrx_word' id='word_1_383' title='bbox 1353 3699 1694 3770; x_wconf 89' lang='lat' dir='ltr'><strong>prosequitur</strong></span> <span class='ocrx_word' id='word_1_384' title='bbox 1727 3710 1905 3751; x_wconf 89' lang='lat' dir='ltr'><strong>sermo</strong></span> <span class='ocrx_word' id='word_1_385' title='bbox 1942 3693 2074 3763; x_wconf 88' lang='lat' dir='ltr'><strong>ejus.</strong></span> 
     </span>
    </p>
   </div>
   <div class='ocr_carea' id='block_1_52' title="bbox 493 3784 2077 3869">
    <p class='ocr_par' dir='ltr' id='par_1_52' title="bbox 493 3784 2077 3869">
     <span class='ocr_line' id='line_1_52' title="bbox 493 3784 2077 3869; baseline -0.013 -13"><span class='ocrx_word' id='word_1_386' title='bbox 493 3801 630 3868; x_wconf 84' lang='lat' dir='ltr'><strong>Quid</strong></span> <span class='ocrx_word' id='word_1_387' title='bbox 657 3798 843 3869; x_wconf 89' lang='lat' dir='ltr'><strong>plura?</strong></span> <span class='ocrx_word' id='word_1_388' title='bbox 885 3795 1066 3850; x_wconf 90' lang='lat' dir='ltr'><strong>Fidem</strong></span> <span class='ocrx_word' id='word_1_389' title='bbox 1099 3792 1420 3848; x_wconf 90' lang='lat' dir='ltr'><strong>unanimiter</strong></span> <span class='ocrx_word' id='word_1_390' title='bbox 1455 3787 1704 3843; x_wconf 84' lang='lat' dir='ltr'><strong>catholici</strong></span> <span class='ocrx_word' id='word_1_391' title='bbox 1735 3784 2077 3844; x_wconf 87' lang='lat' dir='ltr'><strong>confitentur,</strong></span> 
     </span>
    </p>
   </div>
   <div class='ocr_carea' id='block_1_53' title="bbox 495 3878 2080 3950">
    <p class='ocr_par' dir='ltr' id='par_1_53' title="bbox 495 3878 2080 3950">
     <span class='ocr_line' id='line_1_53' title="bbox 495 3878 2080 3950; baseline -0.015 0"><span class='ocrx_word' id='word_1_392' title='bbox 495 3893 731 3950; x_wconf 59' lang='lat' dir='ltr'><strong>haeretici</strong></span> <span class='ocrx_word' id='word_1_393' title='bbox 758 3888 1185 3950; x_wconf 70' lang='lat' dir='ltr'><strong>confunduntur,</strong></span> <span class='ocrx_word' id='word_1_394' title='bbox 1217 3881 1422 3938; x_wconf 86' lang='lat' dir='ltr'><strong>confusi</strong></span> <span class='ocrx_word' id='word_1_395' title='bbox 1467 3881 1704 3948; x_wconf 87' lang='lat' dir='ltr'><strong>fugiunt,</strong></span> <span class='ocrx_word' id='word_1_396' title='bbox 1745 3888 1798 3932; x_wconf 91' lang='lat' dir='ltr'><strong>et</strong></span> <span class='ocrx_word' id='word_1_397' title='bbox 1826 3878 1888 3931; x_wconf 90' lang='lat' dir='ltr'><strong>ad</strong></span> <span class='ocrx_word' id='word_1_398' title='bbox 1921 3890 2080 3942; x_wconf 84' lang='lat' dir='ltr'><strong>argu-</strong></span> 
     </span>
    </p>
   </div>
   <div class='ocr_carea' id='block_1_54' title="bbox 497 3966 2082 4049">
    <p class='ocr_par' dir='ltr' id='par_1_54' title="bbox 497 3966 2082 4049">
     <span class='ocr_line' id='line_1_54' title="bbox 497 3966 2082 4049; baseline -0.014 -10"><span class='ocrx_word' id='word_1_399' title='bbox 497 3993 676 4039; x_wconf 89' lang='lat' dir='ltr'><strong>menta</strong></span> <span class='ocrx_word' id='word_1_400' title='bbox 719 3979 966 4049; x_wconf 79' lang='lat' dir='ltr'><strong>nequitia:</strong></span> <span class='ocrx_word' id='word_1_401' title='bbox 1009 3992 1068 4031; x_wconf 88' lang='lat' dir='ltr'><strong>se</strong></span> <span class='ocrx_word' id='word_1_402' title='bbox 1114 3980 1454 4030; x_wconf 88' lang='lat' dir='ltr'><strong>convertunt.</strong></span> <span class='ocrx_word' id='word_1_403' title='bbox 1505 3970 1662 4024; x_wconf 90' lang='lat' dir='ltr'><strong>Dedit</strong></span> <span class='ocrx_word' id='word_1_404' title='bbox 1699 3983 1827 4036; x_wconf 89' lang='lat' dir='ltr'><strong>ergo</strong></span> <span class='ocrx_word' id='word_1_405' title='bbox 1856 3966 2082 4020; x_wconf 83' lang='lat' dir='ltr'><strong>ccrtanti</strong></span> 
     </span>
    </p>
   </div>
   <div class='ocr_carea' id='block_1_55' title="bbox 498 4055 2084 4137">
    <p class='ocr_par' dir='ltr' id='par_1_55' title="bbox 498 4055 2084 4137">
     <span class='ocr_line' id='line_1_55' title="bbox 498 4055 2084 4137; baseline -0.011 -10"><span class='ocrx_word' id='word_1_406' title='bbox 498 4073 776 4128; x_wconf 90' lang='lat' dir='ltr'><strong>victoriam</strong></span> <span class='ocrx_word' id='word_1_407' title='bbox 799 4109 813 4134; x_wconf 95' lang='lat'><strong>,</strong></span> <span class='ocrx_word' id='word_1_408' title='bbox 845 4067 936 4137; x_wconf 90' lang='lat' dir='ltr'><strong>qui</strong></span> <span class='ocrx_word' id='word_1_409' title='bbox 982 4063 1222 4122; x_wconf 88' lang='lat' dir='ltr'><strong>certandi</strong></span> <span class='ocrx_word' id='word_1_410' title='bbox 1268 4061 1492 4116; x_wconf 89' lang='lat' dir='ltr'><strong>dederat</strong></span> <span class='ocrx_word' id='word_1_411' title='bbox 1538 4058 1814 4112; x_wconf 90' lang='lat' dir='ltr'><strong>audaciam</strong></span> <span class='ocrx_word' id='word_1_412' title='bbox 1839 4097 1852 4121; x_wconf 95' lang='lat'><strong>,</strong></span> <span class='ocrx_word' id='word_1_413' title='bbox 1887 4064 1939 4108; x_wconf 92' lang='lat' dir='ltr'><strong>et</strong></span> <span class='ocrx_word' id='word_1_414' title='bbox 1971 4055 2084 4109; x_wconf 89' lang='lat' dir='ltr'><strong>vin-</strong></span> 
     </span>
    </p>
   </div>
   <div class='ocr_carea' id='block_1_56' title="bbox 500 4144 2086 4222">
    <p class='ocr_par' dir='ltr' id='par_1_56' title="bbox 500 4144 2086 4222">
     <span class='ocr_line' id='line_1_56' title="bbox 500 4144 2086 4222; baseline -0.015 -2"><span class='ocrx_word' id='word_1_415' title='bbox 500 4162 654 4220; x_wconf 90' lang='lat' dir='ltr'><strong>cendi</strong></span> <span class='ocrx_word' id='word_1_416' title='bbox 685 4160 947 4215; x_wconf 90' lang='lat' dir='ltr'><strong>fiduciam.</strong></span> <span class='ocrx_word' id='word_1_417' title='bbox 998 4155 1089 4210; x_wconf 91' lang='lat' dir='ltr'><strong>Sic</strong></span> <span class='ocrx_word' id='word_1_418' title='bbox 1125 4167 1252 4222; x_wconf 88' lang='lat' dir='ltr'><strong>ergo</strong></span> <span class='ocrx_word' id='word_1_419' title='bbox 1280 4151 1490 4206; x_wconf 86' lang='lat' dir='ltr'><strong>Goliam</strong></span> <span class='ocrx_word' id='word_1_420' title='bbox 1520 4149 1800 4204; x_wconf 90' lang='lat' dir='ltr'><strong>robustum</strong></span> <span class='ocrx_word' id='word_1_421' title='bbox 1835 4144 2086 4199; x_wconf 87' lang='lat' dir='ltr'><strong>terribili-</strong></span> 
     </span>
    </p>
   </div>
   <div class='ocr_carea' id='block_1_57' title="bbox 500 4236 2086 4316">
    <p class='ocr_par' dir='ltr' id='par_1_57' title="bbox 500 4236 2086 4316">
     <span class='ocr_line' id='line_1_57' title="bbox 500 4236 2086 4316; baseline -0.012 -7"><span class='ocrx_word' id='word_1_422' title='bbox 500 4255 602 4309; x_wconf 86' lang='lat' dir='ltr'><strong>bus</strong></span> <span class='ocrx_word' id='word_1_423' title='bbox 623 4251 784 4306; x_wconf 90' lang='lat' dir='ltr'><strong>armis</strong></span> <span class='ocrx_word' id='word_1_424' title='bbox 805 4258 860 4304; x_wconf 92' lang='lat' dir='ltr'><strong>et</strong></span> <span class='ocrx_word' id='word_1_425' title='bbox 881 4245 1082 4316; x_wconf 83' lang='lat' dir='ltr'><strong>ingenti</strong></span> <span class='ocrx_word' id='word_1_426' title='bbox 1109 4244 1278 4299; x_wconf 89' lang='lat' dir='ltr'><strong>forma</strong></span> <span class='ocrx_word' id='word_1_427' title='bbox 1303 4242 1563 4296; x_wconf 91' lang='lat' dir='ltr'><strong>munitum</strong></span> <span class='ocrx_word' id='word_1_428' title='bbox 1587 4247 1768 4309; x_wconf 90' lang='lat' dir='ltr'><strong>pastor</strong></span> <span class='ocrx_word' id='word_1_429' title='bbox 1791 4236 1956 4290; x_wconf 92' lang='lat' dir='ltr'><strong>David</strong></span> <span class='ocrx_word' id='word_1_430' title='bbox 1980 4251 2086 4290; x_wconf 93' lang='lat' dir='ltr'><strong>uno</strong></span> 
     </span>
    </p>
   </div>
   <div class='ocr_carea' id='block_1_58' title="bbox 502 4325 2083 4412">
    <p class='ocr_par' dir='ltr' id='par_1_58' title="bbox 502 4325 2083 4412">
     <span class='ocr_line' id='line_1_58' title="bbox 502 4325 2083 4412; baseline -0.014 -14"><span class='ocrx_word' id='word_1_431' title='bbox 502 4342 692 4412; x_wconf 87' lang='lat' dir='ltr'><strong>lapidis</strong></span> <span class='ocrx_word' id='word_1_432' title='bbox 742 4341 848 4395; x_wconf 88' lang='lat' dir='ltr'><strong>ictu</strong></span> <span class='ocrx_word' id='word_1_433' title='bbox 895 4335 1220 4408; x_wconf 84' lang='lat' dir='ltr'><strong>prostravit,</strong></span> <span class='ocrx_word' id='word_1_434' title='bbox 1265 4340 1571 4388; x_wconf 80' lang='lat' dir='ltr'><strong>exterorum</strong></span> <span class='ocrx_word' id='word_1_435' title='bbox 1611 4336 1785 4383; x_wconf 89' lang='lat' dir='ltr'><strong>castra</strong></span> <span class='ocrx_word' id='word_1_436' title='bbox 1824 4325 2083 4390; x_wconf 88' lang='lat' dir='ltr'><strong>turbavit,</strong></span> 
     </span>
    </p>
   </div>
   <div class='ocr_carea' id='block_1_59' title="bbox 505 4413 2089 4503">
    <p class='ocr_par' dir='ltr' id='par_1_59' title="bbox 505 4413 2089 4503">
     <span class='ocr_line' id='line_1_59' title="bbox 505 4413 2089 4503; baseline -0.012 -16"><span class='ocrx_word' id='word_1_437' title='bbox 505 4431 817 4503; x_wconf 79' lang='lat' dir='ltr'><strong>Allopbylus</strong></span> <span class='ocrx_word' id='word_1_438' title='bbox 848 4427 1116 4496; x_wconf 70' lang='lat' dir='ltr'><strong>eﬂ‘ugavit.</strong></span> <span class='ocrx_word' id='word_1_439' title='bbox 1165 4422 1282 4478; x_wconf 75' lang='lat' dir='ltr'><strong>Iam</strong></span> <span class='ocrx_word' id='word_1_440' title='bbox 1310 4422 1450 4478; x_wconf 91' lang='lat' dir='ltr'><strong>enim</strong></span> <span class='ocrx_word' id='word_1_441' title='bbox 1490 4418 1939 4490; x_wconf 86' lang='lat' dir='ltr'><strong>septuagesimum</strong></span> <span class='ocrx_word' id='word_1_442' title='bbox 1977 4413 2089 4485; x_wconf 90' lang='lat' dir='ltr'><strong>pri-</strong></span> 
     </span>
    </p>
   </div>
   <div class='ocr_carea' id='block_1_60' title="bbox 506 4510 2016 4590">
    <p class='ocr_par' dir='ltr' id='par_1_60' title="bbox 506 4510 2016 4590">
     <span class='ocr_line' id='line_1_60' title="bbox 506 4510 2016 4590; baseline -0.012 -8"><span class='ocrx_word' id='word_1_443' title='bbox 506 4541 653 4582; x_wconf 90' lang='lat' dir='ltr'><strong>mum</strong></span> <span class='ocrx_word' id='word_1_444' title='bbox 682 4523 872 4590; x_wconf 78' lang='lat' dir='ltr'><strong>agebat</strong></span> <span class='ocrx_word' id='word_1_445' title='bbox 901 4534 1098 4574; x_wconf 90' lang='lat' dir='ltr'><strong>annum</strong></span> <span class='ocrx_word' id='word_1_446' title='bbox 1117 4560 1132 4585; x_wconf 91' lang='lat'><strong>,</strong></span> <span class='ocrx_word' id='word_1_447' title='bbox 1162 4533 1283 4572; x_wconf 92' lang='lat' dir='ltr'><strong>cum</strong></span> <span class='ocrx_word' id='word_1_448' title='bbox 1312 4515 1537 4584; x_wconf 88' lang='lat' dir='ltr'><strong>adeptus</strong></span> <span class='ocrx_word' id='word_1_449' title='bbox 1561 4521 1644 4568; x_wconf 89' lang='lat' dir='ltr'><strong>est</strong></span> <span class='ocrx_word' id='word_1_450' title='bbox 1672 4510 2016 4580; x_wconf 90' lang='lat' dir='ltr'><strong>triumphum.</strong></span> 
     </span>
    </p>
   </div>
   <div class='ocr_carea' id='block_1_61' title="bbox 580 4601 2088 4681">
    <p class='ocr_par' dir='ltr' id='par_1_61' title="bbox 580 4601 2088 4681">
     <span class='ocr_line' id='line_1_61' title="bbox 580 4601 2088 4681; baseline -0.011 -13"><span class='ocrx_word' id='word_1_451' title='bbox 580 4621 593 4648; x_wconf 84' lang='grc'>¹</span> <span class='ocrx_word' id='word_1_452' title='bbox 635 4614 724 4667; x_wconf 63' lang='lat' dir='ltr'><strong>9i.</strong></span> <span class='ocrx_word' id='word_1_453' title='bbox 767 4612 962 4681; x_wconf 79' lang='lat' dir='ltr'><strong>Vulpes</strong></span> <span class='ocrx_word' id='word_1_454' title='bbox 990 4607 1264 4663; x_wconf 89' lang='lat' dir='ltr'><strong>Samsonis</strong></span> <span class='ocrx_word' id='word_1_455' title='bbox 1303 4606 1401 4660; x_wconf 90' lang='lat' dir='ltr'><strong>etsi</strong></span> <span class='ocrx_word' id='word_1_456' title='bbox 1432 4605 1594 4658; x_wconf 81' lang='lat' dir='ltr'><strong>facies</strong></span> <span class='ocrx_word' id='word_1_457' title='bbox 1622 4603 1864 4672; x_wconf 86' lang='lat' dir='ltr'><strong>legantur</strong></span> <span class='ocrx_word' id='word_1_458' title='bbox 1891 4601 2088 4654; x_wconf 84' lang='lat' dir='ltr'><strong>habere</strong></span> 
     </span>
    </p>
   </div>
   <div class='ocr_carea' id='block_1_62' title="bbox 507 4690 2088 4768">
    <p class='ocr_par' dir='ltr' id='par_1_62' title="bbox 507 4690 2088 4768">
     <span class='ocr_line' id='line_1_62' title="bbox 507 4690 2088 4768; baseline -0.013 -6"><span class='ocrx_word' id='word_1_459' title='bbox 507 4708 774 4768; x_wconf 84' lang='lat' dir='ltr'><strong>diversas,</strong></span> <span class='ocrx_word' id='word_1_460' title='bbox 805 4702 1002 4756; x_wconf 89' lang='lat' dir='ltr'><strong>habent</strong></span> <span class='ocrx_word' id='word_1_461' title='bbox 1032 4707 1207 4751; x_wconf 91' lang='lat' dir='ltr'><strong>tamen</strong></span> <span class='ocrx_word' id='word_1_462' title='bbox 1237 4695 1435 4751; x_wconf 89' lang='lat' dir='ltr'><strong>caudas</strong></span> <span class='ocrx_word' id='word_1_463' title='bbox 1462 4693 1526 4746; x_wconf 88' lang='lat' dir='ltr'><strong>ad</strong></span> <span class='ocrx_word' id='word_1_464' title='bbox 1558 4692 1784 4746; x_wconf 90' lang='lat' dir='ltr'><strong>invicem</strong></span> <span class='ocrx_word' id='word_1_465' title='bbox 1813 4690 2088 4758; x_wconf 87' lang='lat' dir='ltr'><strong>colligatas</strong></span> 
     </span>
    </p>
   </div>
   <div class='ocr_carea' id='block_1_63' title="bbox 511 4781 2092 4870">
    <p class='ocr_par' dir='ltr' id='par_1_63' title="bbox 511 4781 2092 4870">
     <span class='ocr_line' id='line_1_63' title="bbox 511 4781 2092 4870; baseline -0.013 -18"><span class='ocrx_word' id='word_1_466' title='bbox 511 4797 658 4870; x_wconf 78' lang='lat' dir='ltr'><strong>(Iud.</strong></span> <span class='ocrx_word' id='word_1_467' title='bbox 691 4811 776 4859; x_wconf 89' lang='lat' dir='ltr'><strong>xv,</strong></span> <span class='ocrx_word' id='word_1_468' title='bbox 806 4791 882 4861; x_wconf 59' lang='grc' dir='ltr'><strong>ὁ).</strong></span> <span class='ocrx_word' id='word_1_469' title='bbox 911 4790 1163 4844; x_wconf 90' lang='lat' dir='ltr'><strong>Videntes</strong></span> <span class='ocrx_word' id='word_1_470' title='bbox 1183 4795 1361 4840; x_wconf 92' lang='lat' dir='ltr'><strong>autem</strong></span> <span class='ocrx_word' id='word_1_471' title='bbox 1393 4783 1484 4836; x_wconf 87' lang='lat' dir='ltr'><strong>filii</strong></span> <span class='ocrx_word' id='word_1_472' title='bbox 1503 4781 1857 4847; x_wconf 79' lang='lat' dir='ltr'><strong>damnationis</strong></span> <span class='ocrx_word' id='word_1_473' title='bbox 1878 4789 2092 4834; x_wconf 68' lang='lat' dir='ltr'><strong>:eternae</strong></span> 
     </span>
    </p>
   </div>
   <div class='ocr_carea' id='block_1_64' title="bbox 511 4872 2090 4957">
    <p class='ocr_par' dir='ltr' id='par_1_64' title="bbox 511 4872 2090 4957">
     <span class='ocr_line' id='line_1_64' title="bbox 511 4872 2090 4957; baseline -0.013 -13"><span class='ocrx_word' id='word_1_474' title='bbox 511 4886 782 4957; x_wconf 92' lang='lat' dir='ltr'><strong>quomodo</strong></span> <span class='ocrx_word' id='word_1_475' title='bbox 811 4879 1135 4952; x_wconf 84' lang='lat' dir='ltr'><strong>procedente</strong></span> <span class='ocrx_word' id='word_1_476' title='bbox 1185 4876 1440 4946; x_wconf 78' lang='lat' dir='ltr'><strong>temporis</strong></span> <span class='ocrx_word' id='word_1_477' title='bbox 1491 4883 1662 4929; x_wconf 90' lang='lat' dir='ltr'><strong>tractu</strong></span> <span class='ocrx_word' id='word_1_478' title='bbox 1702 4872 2090 4928; x_wconf 77' lang='lat' dir='ltr'><strong>catholicorum</strong></span> 
     </span>
    </p>
   </div>
   <div class='ocr_carea' id='block_1_65' title="bbox 511 4961 2094 5031">
    <p class='ocr_par' dir='ltr' id='par_1_65' title="bbox 511 4961 2094 5031">
     <span class='ocr_line' id='line_1_65' title="bbox 511 4961 2094 5031; baseline -0.011 0"><span class='ocrx_word' id='word_1_479' title='bbox 511 4975 750 5031; x_wconf 85' lang='lat' dir='ltr'><strong>Ecclesia</strong></span> <span class='ocrx_word' id='word_1_480' title='bbox 781 4971 1136 5027; x_wconf 88' lang='lat' dir='ltr'><strong>Tornacensis</strong></span> <span class='ocrx_word' id='word_1_481' title='bbox 1175 4967 1381 5023; x_wconf 90' lang='lat' dir='ltr'><strong>meritis</strong></span> <span class='ocrx_word' id='word_1_482' title='bbox 1418 4974 1472 5020; x_wconf 92' lang='lat' dir='ltr'><strong>et</strong></span> <span class='ocrx_word' id='word_1_483' title='bbox 1511 4965 1704 5019; x_wconf 90' lang='lat' dir='ltr'><strong>virtute</strong></span> <span class='ocrx_word' id='word_1_484' title='bbox 1744 4961 2001 5029; x_wconf 89' lang='lat' dir='ltr'><strong>floreret,</strong></span> <span class='ocrx_word' id='word_1_485' title='bbox 2039 4968 2094 5014; x_wconf 88' lang='lat' dir='ltr'><strong>et</strong></span> 
     </span>
    </p>
   </div>
   <div class='ocr_carea' id='block_1_66' title="bbox 515 5055 2090 5132">
    <p class='ocr_par' dir='ltr' id='par_1_66' title="bbox 515 5055 2090 5132">
     <span class='ocr_line' id='line_1_66' title="bbox 515 5055 2090 5132; baseline -0.009 -11"><span class='ocrx_word' id='word_1_486' title='bbox 515 5069 688 5122; x_wconf 90' lang='lat' dir='ltr'><strong>eidem</strong></span> <span class='ocrx_word' id='word_1_487' title='bbox 717 5067 784 5120; x_wconf 88' lang='lat' dir='ltr'><strong>de</strong></span> <span class='ocrx_word' id='word_1_488' title='bbox 812 5066 896 5119; x_wconf 91' lang='lat' dir='ltr'><strong>die</strong></span> <span class='ocrx_word' id='word_1_489' title='bbox 926 5067 977 5119; x_wconf 93' lang='lat' dir='ltr'><strong>in</strong></span> <span class='ocrx_word' id='word_1_490' title='bbox 1007 5065 1148 5118; x_wconf 91' lang='lat' dir='ltr'><strong>diem</strong></span> <span class='ocrx_word' id='word_1_491' title='bbox 1176 5060 1504 5132; x_wconf 89' lang='lat' dir='ltr'><strong>prosperitas</strong></span> <span class='ocrx_word' id='word_1_492' title='bbox 1531 5055 1823 5120; x_wconf 88' lang='lat' dir='ltr'><strong>arriderct,</strong></span> <span class='ocrx_word' id='word_1_493' title='bbox 1856 5055 2090 5122; x_wconf 89' lang='lat' dir='ltr'><strong>college-</strong></span> 
     </span>
    </p>
   </div>
   <div class='ocr_carea' id='block_1_67' title="bbox 515 5146 2090 5216">
    <p class='ocr_par' dir='ltr' id='par_1_67' title="bbox 515 5146 2090 5216">
     <span class='ocr_line' id='line_1_67' title="bbox 515 5146 2090 5216; baseline -0.011 -2"><span class='ocrx_word' id='word_1_494' title='bbox 515 5167 639 5215; x_wconf 89' lang='lat' dir='ltr'><strong>runt</strong></span> <span class='ocrx_word' id='word_1_495' title='bbox 667 5156 949 5212; x_wconf 89' lang='lat' dir='ltr'><strong>concilium</strong></span> <span class='ocrx_word' id='word_1_496' title='bbox 980 5155 1236 5210; x_wconf 88' lang='lat' dir='ltr'><strong>adversus</strong></span> <span class='ocrx_word' id='word_1_497' title='bbox 1264 5151 1647 5216; x_wconf 88' lang='lat' dir='ltr'><strong>Eleutherium,</strong></span> <span class='ocrx_word' id='word_1_498' title='bbox 1672 5146 1943 5216; x_wconf 90' lang='lat' dir='ltr'><strong>quomodo</strong></span> <span class='ocrx_word' id='word_1_499' title='bbox 1969 5160 2090 5199; x_wconf 89' lang='lat' dir='ltr'><strong>eum</strong></span> 
     </span>
    </p>
   </div>
   <div class='ocr_carea' id='block_1_68' title="bbox 517 5234 2089 5311">
    <p class='ocr_par' dir='ltr' id='par_1_68' title="bbox 517 5234 2089 5311">
     <span class='ocr_line' id='line_1_68' title="bbox 517 5234 2089 5311; baseline -0.011 -7"><span class='ocrx_word' id='word_1_500' title='bbox 517 5249 643 5304; x_wconf 92' lang='lat' dir='ltr'><strong>dolo</strong></span> <span class='ocrx_word' id='word_1_501' title='bbox 661 5253 903 5302; x_wconf 89' lang='lat' dir='ltr'><strong>tenerent</strong></span> <span class='ocrx_word' id='word_1_502' title='bbox 923 5255 976 5297; x_wconf 89' lang='lat' dir='ltr'><strong>et</strong></span> <span class='ocrx_word' id='word_1_503' title='bbox 995 5243 1320 5306; x_wconf 89' lang='lat' dir='ltr'><strong>occiderent,</strong></span> <span class='ocrx_word' id='word_1_504' title='bbox 1339 5251 1393 5296; x_wconf 88' lang='lat' dir='ltr'><strong>et</strong></span> <span class='ocrx_word' id='word_1_505' title='bbox 1406 5241 1625 5311; x_wconf 91' lang='lat' dir='ltr'><strong>periret.</strong></span> <span class='ocrx_word' id='word_1_506' title='bbox 1643 5236 1896 5290; x_wconf 89' lang='lat' dir='ltr'><strong>Dicebant</strong></span> <span class='ocrx_word' id='word_1_507' title='bbox 1913 5234 2054 5288; x_wconf 91' lang='lat' dir='ltr'><strong>enim</strong></span> <span class='ocrx_word' id='word_1_508' title='bbox 2076 5253 2089 5286; x_wconf 91' lang='lat'><strong>:</strong></span> 
     </span>
    </p>
   </div>
   <div class='ocr_carea' id='block_1_69' title="bbox 519 5322 2095 5406">
    <p class='ocr_par' dir='ltr' id='par_1_69' title="bbox 519 5322 2095 5406">
     <span class='ocr_line' id='line_1_69' title="bbox 519 5322 2095 5406; baseline -0.009 -14"><span class='ocrx_word' id='word_1_509' title='bbox 519 5338 654 5406; x_wconf 84' lang='lat' dir='ltr'><strong>Quid</strong></span> <span class='ocrx_word' id='word_1_510' title='bbox 697 5335 944 5398; x_wconf 86' lang='lat' dir='ltr'><strong>facimus,</strong></span> <span class='ocrx_word' id='word_1_511' title='bbox 978 5333 1103 5402; x_wconf 86' lang='lat' dir='ltr'><strong>quia</strong></span> <span class='ocrx_word' id='word_1_512' title='bbox 1145 5333 1232 5386; x_wconf 86' lang='lat' dir='ltr'><strong>hic</strong></span> <span class='ocrx_word' id='word_1_513' title='bbox 1266 5333 1428 5386; x_wconf 75' lang='lat' dir='ltr'><strong>liomo</strong></span> <span class='ocrx_word' id='word_1_514' title='bbox 1468 5330 1631 5384; x_wconf 89' lang='lat' dir='ltr'><strong>multa</strong></span> <span class='ocrx_word' id='word_1_515' title='bbox 1661 5327 1809 5396; x_wconf 90' lang='lat' dir='ltr'><strong>signa</strong></span> <span class='ocrx_word' id='word_1_516' title='bbox 1839 5324 1999 5380; x_wconf 86' lang='lat' dir='ltr'><strong>facit?</strong></span> <span class='ocrx_word' id='word_1_517' title='bbox 2038 5322 2095 5378; x_wconf 86' lang='lat' dir='ltr'><strong>Si</strong></span> 
     </span>
    </p>
   </div>
   <div class='ocr_carea' id='block_1_70' title="bbox 519 5418 2095 5493">
    <p class='ocr_par' dir='ltr' id='par_1_70' title="bbox 519 5418 2095 5493">
     <span class='ocr_line' id='line_1_70' title="bbox 519 5418 2095 5493; baseline -0.01 -9"><span class='ocrx_word' id='word_1_518' title='bbox 519 5429 834 5485; x_wconf 89' lang='lat' dir='ltr'><strong>dimittimus</strong></span> <span class='ocrx_word' id='word_1_519' title='bbox 863 5441 982 5480; x_wconf 90' lang='lat' dir='ltr'><strong>eum</strong></span> <span class='ocrx_word' id='word_1_520' title='bbox 1011 5424 1089 5480; x_wconf 90' lang='lat' dir='ltr'><strong>sic</strong></span> <span class='ocrx_word' id='word_1_521' title='bbox 1107 5465 1120 5488; x_wconf 92' lang='lat'><strong>,</strong></span> <span class='ocrx_word' id='word_1_522' title='bbox 1160 5425 1356 5493; x_wconf 89' lang='lat' dir='ltr'><strong>probro</strong></span> <span class='ocrx_word' id='word_1_523' title='bbox 1385 5423 1654 5487; x_wconf 92' lang='lat' dir='ltr'><strong>ducimur,</strong></span> <span class='ocrx_word' id='word_1_524' title='bbox 1676 5418 2095 5489; x_wconf 88' lang='lat' dir='ltr'><strong>contemnimur,</strong></span> 
     </span>
    </p>
   </div>
   <div class='ocr_carea' id='block_1_71' title="bbox 518 5514 2097 5580">
    <p class='ocr_par' dir='ltr' id='par_1_71' title="bbox 518 5514 2097 5580">
     <span class='ocr_line' id='line_1_71' title="bbox 518 5514 2097 5580; baseline -0.009 -5"><span class='ocrx_word' id='word_1_525' title='bbox 518 5519 862 5575; x_wconf 83' lang='lat' dir='ltr'><strong>exsufflamur</strong></span> <span class='ocrx_word' id='word_1_526' title='bbox 894 5537 906 5571; x_wconf 90' lang='lat'><strong>:</strong></span> <span class='ocrx_word' id='word_1_527' title='bbox 941 5516 1118 5571; x_wconf 87' lang='lat' dir='ltr'><strong>venite</strong></span> <span class='ocrx_word' id='word_1_528' title='bbox 1140 5555 1154 5580; x_wconf 93' lang='lat'><strong>,</strong></span> <span class='ocrx_word' id='word_1_529' title='bbox 1187 5514 1491 5569; x_wconf 90' lang='lat' dir='ltr'><strong>occidamus</strong></span> <span class='ocrx_word' id='word_1_530' title='bbox 1519 5530 1638 5569; x_wconf 91' lang='lat' dir='ltr'><strong>eum</strong></span> <span class='ocrx_word' id='word_1_531' title='bbox 1662 5554 1676 5578; x_wconf 95' lang='lat'><strong>,</strong></span> <span class='ocrx_word' id='word_1_532' title='bbox 1710 5520 1763 5566; x_wconf 93' lang='lat' dir='ltr'><strong>et</strong></span> <span class='ocrx_word' id='word_1_533' title='bbox 1790 5527 1856 5565; x_wconf 91' lang='lat' dir='ltr'><strong>eo</strong></span> <span class='ocrx_word' id='word_1_534' title='bbox 1887 5517 2097 5564; x_wconf 90' lang='lat' dir='ltr'><strong>mortuo</strong></span> 
     </span>
    </p>
   </div>
   <div class='ocr_carea' id='block_1_72' title="bbox 519 5600 2097 5672">
    <p class='ocr_par' dir='ltr' id='par_1_72' title="bbox 519 5600 2097 5672">
     <span class='ocr_line' id='line_1_72' title="bbox 519 5600 2097 5672; baseline -0.008 -7"><span class='ocrx_word' id='word_1_535' title='bbox 519 5612 828 5666; x_wconf 86' lang='lat' dir='ltr'><strong>dilatabitur</strong></span> <span class='ocrx_word' id='word_1_536' title='bbox 851 5625 1045 5666; x_wconf 91' lang='lat' dir='ltr'><strong>nomen</strong></span> <span class='ocrx_word' id='word_1_537' title='bbox 1073 5614 1336 5663; x_wconf 88' lang='lat' dir='ltr'><strong>nostrum.</strong></span> <span class='ocrx_word' id='word_1_538' title='bbox 1362 5604 1578 5661; x_wconf 78' lang='lat' dir='ltr'><strong>Factum</strong></span> <span class='ocrx_word' id='word_1_539' title='bbox 1601 5612 1683 5659; x_wconf 90' lang='lat' dir='ltr'><strong>est</strong></span> <span class='ocrx_word' id='word_1_540' title='bbox 1706 5603 1860 5672; x_wconf 84' lang='lat' dir='ltr'><strong>igitur</strong></span> <span class='ocrx_word' id='word_1_541' title='bbox 1881 5600 2097 5656; x_wconf 89' lang='lat' dir='ltr'><strong>verbum</strong></span> 
     </span>
    </p>
   </div>
   <div class='ocr_carea' id='block_1_73' title="bbox 599 5805 1054 5874">
    <p class='ocr_par' dir='ltr' id='par_1_73' title="bbox 599 5805 1054 5874">
     <span class='ocr_line' id='line_1_73' title="bbox 599 5805 1054 5874; baseline 0 -15"><span class='ocrx_word' id='word_1_542' title='bbox 599 5812 611 5839; x_wconf 81' lang='grc'>¹</span> <span class='ocrx_word' id='word_1_543' title='bbox 646 5805 790 5859; x_wconf 77' lang='lat' dir='ltr'><strong>Alias</strong></span> <span class='ocrx_word' id='word_1_544' title='bbox 815 5819 931 5874; x_wconf 90' lang='lat' dir='ltr'><strong>cap.</strong></span> <span class='ocrx_word' id='word_1_545' title='bbox 963 5821 1054 5859; x_wconf 92' lang='lat' dir='ltr'><strong>xu.</strong></span> 
     </span>
    </p>
   </div>
   <div class='ocr_carea' id='block_1_74' title="bbox 599 5876 1085 5946">
    <p class='ocr_par' dir='ltr' id='par_1_74' title="bbox 599 5876 1085 5946">
     <span class='ocr_line' id='line_1_74' title="bbox 599 5876 1085 5946; baseline -0.006 -14"><span class='ocrx_word' id='word_1_546' title='bbox 599 5883 616 5910; x_wconf 79' lang='lat'><strong>’</strong></span> <span class='ocrx_word' id='word_1_547' title='bbox 650 5876 796 5931; x_wconf 75' lang='lat' dir='ltr'><strong>Alias</strong></span> <span class='ocrx_word' id='word_1_548' title='bbox 823 5891 942 5946; x_wconf 90' lang='lat' dir='ltr'><strong>cap.</strong></span> <span class='ocrx_word' id='word_1_549' title='bbox 975 5889 1085 5932; x_wconf 88' lang='lat' dir='ltr'><strong>xm.</strong></span> 
     </span>
    </p>
   </div>
   <div class='ocr_carea' id='block_1_75' title="bbox 2155 1976 3735 2051">
    <p class='ocr_par' dir='ltr' id='par_1_75' title="bbox 2155 1976 3735 2051">
     <span class='ocr_line' id='line_1_75' title="bbox 2155 1976 3735 2051; baseline 0.003 -18"><span class='ocrx_word' id='word_1_550' title='bbox 2155 1980 2298 2034; x_wconf 91' lang='lat' dir='ltr'><strong>illam</strong></span> <span class='ocrx_word' id='word_1_551' title='bbox 2327 1979 2394 2034; x_wconf 88' lang='lat' dir='ltr'><strong>ad</strong></span> <span class='ocrx_word' id='word_1_552' title='bbox 2421 1979 2655 2035; x_wconf 67' lang='lat' dir='ltr'><strong>cmlestis</strong></span> <span class='ocrx_word' id='word_1_553' title='bbox 2683 1978 3090 2048; x_wconf 90' lang='lat' dir='ltr'><strong>pulchritudinis</strong></span> <span class='ocrx_word' id='word_1_554' title='bbox 3131 1976 3410 2048; x_wconf 85' lang='lat' dir='ltr'><strong>figuratam</strong></span> <span class='ocrx_word' id='word_1_555' title='bbox 3451 1982 3735 2051; x_wconf 88' lang='lat' dir='ltr'><strong>imaginem</strong></span> 
     </span>
    </p>
   </div>
   <div class='ocr_carea' id='block_1_76' title="bbox 2155 2067 3738 2142">
    <p class='ocr_par' dir='ltr' id='par_1_76' title="bbox 2155 2067 3738 2142">
     <span class='ocr_line' id='line_1_76' title="bbox 2155 2067 3738 2142; baseline 0.005 -20"><span class='ocrx_word' id='word_1_556' title='bbox 2155 2070 2296 2124; x_wconf 90' lang='lat' dir='ltr'><strong>notis</strong></span> <span class='ocrx_word' id='word_1_557' title='bbox 2318 2069 2560 2138; x_wconf 91' lang='lat' dir='ltr'><strong>turpibus</strong></span> <span class='ocrx_word' id='word_1_558' title='bbox 2579 2067 2900 2124; x_wconf 87' lang='lat' dir='ltr'><strong>deformare.</strong></span> <span class='ocrx_word' id='word_1_559' title='bbox 2924 2067 3060 2134; x_wconf 85' lang='lat' dir='ltr'><strong>Quid</strong></span> <span class='ocrx_word' id='word_1_560' title='bbox 3083 2069 3357 2138; x_wconf 60' lang='lat' dir='ltr'><strong>parricidae</strong></span> <span class='ocrx_word' id='word_1_561' title='bbox 3379 2071 3585 2142; x_wconf 89' lang='lat' dir='ltr'><strong>nefarii,</strong></span> <span class='ocrx_word' id='word_1_562' title='bbox 3609 2075 3738 2142; x_wconf 91' lang='lat' dir='ltr'><strong>quid</strong></span> 
     </span>
    </p>
   </div>
   <div class='ocr_carea' id='block_1_77' title="bbox 2156 2161 3739 2231">
    <p class='ocr_par' dir='ltr' id='par_1_77' title="bbox 2156 2161 3739 2231">
     <span class='ocr_line' id='line_1_77' title="bbox 2156 2161 3739 2231; baseline 0.003 -17"><span class='ocrx_word' id='word_1_563' title='bbox 2156 2161 2476 2216; x_wconf 90' lang='lat' dir='ltr'><strong>fraudulenti</strong></span> <span class='ocrx_word' id='word_1_564' title='bbox 2503 2161 2700 2228; x_wconf 89' lang='lat' dir='ltr'><strong>sicarii,</strong></span> <span class='ocrx_word' id='word_1_565' title='bbox 2731 2161 2902 2214; x_wconf 91' lang='lat' dir='ltr'><strong>virum</strong></span> <span class='ocrx_word' id='word_1_566' title='bbox 2933 2161 3202 2230; x_wconf 87' lang='lat' dir='ltr'><strong>egregium</strong></span> <span class='ocrx_word' id='word_1_567' title='bbox 3231 2161 3298 2215; x_wconf 91' lang='lat' dir='ltr'><strong>de</strong></span> <span class='ocrx_word' id='word_1_568' title='bbox 3326 2175 3486 2231; x_wconf 88' lang='lat' dir='ltr'><strong>grege</strong></span> <span class='ocrx_word' id='word_1_569' title='bbox 3514 2165 3739 2218; x_wconf 91' lang='lat' dir='ltr'><strong>catholi-</strong></span> 
     </span>
    </p>
   </div>
   <div class='ocr_carea' id='block_1_78' title="bbox 2157 2251 3739 2321">
    <p class='ocr_par' dir='ltr' id='par_1_78' title="bbox 2157 2251 3739 2321">
     <span class='ocr_line' id='line_1_78' title="bbox 2157 2251 3739 2321; baseline 0.001 -14"><span class='ocrx_word' id='word_1_570' title='bbox 2157 2267 2341 2307; x_wconf 89' lang='lat' dir='ltr'><strong>corum</strong></span> <span class='ocrx_word' id='word_1_571' title='bbox 2367 2251 2625 2315; x_wconf 83' lang='lat' dir='ltr'><strong>eximitis,</strong></span> <span class='ocrx_word' id='word_1_572' title='bbox 2657 2252 2747 2320; x_wconf 81' lang='lat' dir='ltr'><strong>qui</strong></span> <span class='ocrx_word' id='word_1_573' title='bbox 2773 2267 2870 2320; x_wconf 91' lang='lat' dir='ltr'><strong>per</strong></span> <span class='ocrx_word' id='word_1_574' title='bbox 2899 2251 3166 2305; x_wconf 88' lang='lat' dir='ltr'><strong>incensam</strong></span> <span class='ocrx_word' id='word_1_575' title='bbox 3197 2252 3630 2321; x_wconf 89' lang='lat' dir='ltr'><strong>deprecationem</strong></span> <span class='ocrx_word' id='word_1_576' title='bbox 3658 2255 3739 2309; x_wconf 85' lang='lat' dir='ltr'><strong>al-</strong></span> 
     </span>
    </p>
   </div>
   <div class='ocr_carea' id='block_1_79' title="bbox 2159 2343 3741 2417">
    <p class='ocr_par' dir='ltr' id='par_1_79' title="bbox 2159 2343 3741 2417">
     <span class='ocr_line' id='line_1_79' title="bbox 2159 2343 3741 2417; baseline 0.002 -19"><span class='ocrx_word' id='word_1_577' title='bbox 2159 2345 2342 2412; x_wconf 86' lang='lat' dir='ltr'><strong>legans</strong></span> <span class='ocrx_word' id='word_1_578' title='bbox 2366 2343 2525 2413; x_wconf 87' lang='lat' dir='ltr'><strong>paulo</strong></span> <span class='ocrx_word' id='word_1_579' title='bbox 2555 2349 2679 2397; x_wconf 90' lang='lat' dir='ltr'><strong>ante</strong></span> <span class='ocrx_word' id='word_1_580' title='bbox 2709 2343 2977 2398; x_wconf 88' lang='lat' dir='ltr'><strong>ferventer</strong></span> <span class='ocrx_word' id='word_1_581' title='bbox 2998 2343 3314 2398; x_wconf 88' lang='lat' dir='ltr'><strong>obsecrabat</strong></span> <span class='ocrx_word' id='word_1_582' title='bbox 3343 2345 3396 2399; x_wconf 93' lang='lat' dir='ltr'><strong>in</strong></span> <span class='ocrx_word' id='word_1_583' title='bbox 3421 2347 3617 2417; x_wconf 91' lang='lat' dir='ltr'><strong>templo</strong></span> <span class='ocrx_word' id='word_1_584' title='bbox 3643 2361 3741 2416; x_wconf 89' lang='lat' dir='ltr'><strong>pro</strong></span> 
     </span>
    </p>
   </div>
   <div class='ocr_carea' id='block_1_80' title="bbox 2165 2435 3742 2507">
    <p class='ocr_par' dir='ltr' id='par_1_80' title="bbox 2165 2435 3742 2507">
     <span class='ocr_line' id='line_1_80' title="bbox 2165 2435 3742 2507; baseline 0.002 -18"><span class='ocrx_word' id='word_1_585' title='bbox 2165 2437 2346 2489; x_wconf 86' lang='lat' dir='ltr'><strong>vobis?</strong></span> <span class='ocrx_word' id='word_1_586' title='bbox 2385 2435 2490 2490; x_wconf 87' lang='lat' dir='ltr'><strong>Sed</strong></span> <span class='ocrx_word' id='word_1_587' title='bbox 2537 2435 2614 2489; x_wconf 90' lang='lat' dir='ltr'><strong>illi</strong></span> <span class='ocrx_word' id='word_1_588' title='bbox 2654 2435 2953 2489; x_wconf 89' lang='lat' dir='ltr'><strong>minutatim</strong></span> <span class='ocrx_word' id='word_1_589' title='bbox 2999 2436 3191 2490; x_wconf 88' lang='lat' dir='ltr'><strong>ictibus</strong></span> <span class='ocrx_word' id='word_1_590' title='bbox 3238 2437 3444 2491; x_wconf 85' lang='lat' dir='ltr'><strong>iteratis</strong></span> <span class='ocrx_word' id='word_1_591' title='bbox 3483 2447 3537 2491; x_wconf 90' lang='lat' dir='ltr'><strong>et</strong></span> <span class='ocrx_word' id='word_1_592' title='bbox 3573 2438 3742 2507; x_wconf 88' lang='lat' dir='ltr'><strong>plagis</strong></span> 
     </span>
    </p>
   </div>
   <div class='ocr_carea' id='block_1_81' title="bbox 2163 2527 3743 2597">
    <p class='ocr_par' dir='ltr' id='par_1_81' title="bbox 2163 2527 3743 2597">
     <span class='ocr_line' id='line_1_81' title="bbox 2163 2527 3743 2597; baseline 0.001 -15"><span class='ocrx_word' id='word_1_593' title='bbox 2163 2528 2425 2597; x_wconf 83' lang='lat' dir='ltr'><strong>impositis</strong></span> <span class='ocrx_word' id='word_1_594' title='bbox 2450 2528 2709 2582; x_wconf 91' lang='lat' dir='ltr'><strong>cultorem</strong></span> <span class='ocrx_word' id='word_1_595' title='bbox 2742 2527 2795 2580; x_wconf 93' lang='lat' dir='ltr'><strong>in</strong></span> <span class='ocrx_word' id='word_1_596' title='bbox 2828 2527 2983 2581; x_wconf 88' lang='lat' dir='ltr'><strong>vinea</strong></span> <span class='ocrx_word' id='word_1_597' title='bbox 3009 2568 3024 2591; x_wconf 93' lang='lat'><strong>,</strong></span> <span class='ocrx_word' id='word_1_598' title='bbox 3069 2528 3377 2596; x_wconf 79' lang='lat' dir='ltr'><strong>pontificem</strong></span> <span class='ocrx_word' id='word_1_599' title='bbox 3415 2538 3540 2584; x_wconf 90' lang='lat' dir='ltr'><strong>ante</strong></span> <span class='ocrx_word' id='word_1_600' title='bbox 3570 2531 3743 2585; x_wconf 88' lang='lat' dir='ltr'><strong>eccle-</strong></span> 
     </span>
    </p>
   </div>
   <div class='ocr_carea' id='block_1_82' title="bbox 2163 2617 3744 2690">
    <p class='ocr_par' dir='ltr' id='par_1_82' title="bbox 2163 2617 3744 2690">
     <span class='ocr_line' id='line_1_82' title="bbox 2163 2617 3744 2690; baseline 0 -16"><span class='ocrx_word' id='word_1_601' title='bbox 2163 2620 2318 2682; x_wconf 90' lang='lat' dir='ltr'><strong>siam,</strong></span> <span class='ocrx_word' id='word_1_602' title='bbox 2341 2628 2624 2688; x_wconf 90' lang='lat' dir='ltr'><strong>patronum</strong></span> <span class='ocrx_word' id='word_1_603' title='bbox 2651 2619 2702 2672; x_wconf 92' lang='lat' dir='ltr'><strong>in</strong></span> <span class='ocrx_word' id='word_1_604' title='bbox 2727 2617 2909 2686; x_wconf 86' lang='lat' dir='ltr'><strong>fundo,</strong></span> <span class='ocrx_word' id='word_1_605' title='bbox 2932 2626 3201 2688; x_wconf 82' lang='lat' dir='ltr'><strong>pastorem</strong></span> <span class='ocrx_word' id='word_1_606' title='bbox 3224 2619 3275 2673; x_wconf 91' lang='lat' dir='ltr'><strong>in</strong></span> <span class='ocrx_word' id='word_1_607' title='bbox 3303 2621 3489 2687; x_wconf 86' lang='lat' dir='ltr'><strong>caulis,</strong></span> <span class='ocrx_word' id='word_1_608' title='bbox 3511 2629 3744 2690; x_wconf 89' lang='lat' dir='ltr'><strong>patrem-</strong></span> 
     </span>
    </p>
   </div>
   <div class='ocr_carea' id='block_1_83' title="bbox 2166 2707 3743 2777">
    <p class='ocr_par' dir='ltr' id='par_1_83' title="bbox 2166 2707 3743 2777">
     <span class='ocr_line' id='line_1_83' title="bbox 2166 2707 3743 2777; baseline 0.004 -16"><span class='ocrx_word' id='word_1_609' title='bbox 2166 2707 2392 2762; x_wconf 89' lang='lat' dir='ltr'><strong>familias</strong></span> <span class='ocrx_word' id='word_1_610' title='bbox 2423 2709 2602 2762; x_wconf 87' lang='lat' dir='ltr'><strong>in&#39;sno</strong></span> <span class='ocrx_word' id='word_1_611' title='bbox 2627 2708 2827 2777; x_wconf 69' lang='lat' dir='ltr'><strong>prtedio</strong></span> <span class='ocrx_word' id='word_1_612' title='bbox 2856 2708 3216 2777; x_wconf 76' lang='lat' dir='ltr'><strong>i‘elinquentes</strong></span> <span class='ocrx_word' id='word_1_613' title='bbox 3244 2711 3566 2766; x_wconf 89' lang='lat' dir='ltr'><strong>seminecem</strong></span> <span class='ocrx_word' id='word_1_614' title='bbox 3593 2711 3743 2766; x_wconf 87' lang='lat' dir='ltr'><strong>abie-</strong></span> 
     </span>
    </p>
   </div>
   <div class='ocr_carea' id='block_1_84' title="bbox 2167 2797 3745 2868">
    <p class='ocr_par' dir='ltr' id='par_1_84' title="bbox 2167 2797 3745 2868">
     <span class='ocr_line' id='line_1_84' title="bbox 2167 2797 3745 2868; baseline 0.001 -16"><span class='ocrx_word' id='word_1_615' title='bbox 2167 2805 2313 2868; x_wconf 90' lang='lat' dir='ltr'><strong>runt,</strong></span> <span class='ocrx_word' id='word_1_616' title='bbox 2336 2807 2410 2866; x_wconf 91' lang='lat' dir='ltr'><strong>et,</strong></span> <span class='ocrx_word' id='word_1_617' title='bbox 2436 2807 2496 2854; x_wconf 89' lang='lat' dir='ltr'><strong>ut</strong></span> <span class='ocrx_word' id='word_1_618' title='bbox 2514 2797 2978 2854; x_wconf 89' lang='lat' dir='ltr'><strong>conformarentur</strong></span> <span class='ocrx_word' id='word_1_619' title='bbox 3002 2799 3290 2855; x_wconf 73' lang='lat' dir='ltr'><strong>Dominica:</strong></span> <span class='ocrx_word' id='word_1_620' title='bbox 3313 2801 3565 2864; x_wconf 85' lang='lat' dir='ltr'><strong>nassioni,</strong></span> <span class='ocrx_word' id='word_1_621' title='bbox 3589 2802 3745 2857; x_wconf 86' lang='lat' dir='ltr'><strong>disci-</strong></span> 
     </span>
    </p>
   </div>
   <div class='ocr_carea' id='block_1_85' title="bbox 2167 2890 3071 2961">
    <p class='ocr_par' dir='ltr' id='par_1_85' title="bbox 2167 2890 3071 2961">
     <span class='ocr_line' id='line_1_85' title="bbox 2167 2890 3071 2961; baseline 0 -17"><span class='ocrx_word' id='word_1_622' title='bbox 2167 2891 2300 2961; x_wconf 90' lang='lat' dir='ltr'><strong>puli,</strong></span> <span class='ocrx_word' id='word_1_623' title='bbox 2330 2891 2518 2944; x_wconf 90' lang='lat' dir='ltr'><strong>relicto</strong></span> <span class='ocrx_word' id='word_1_624' title='bbox 2545 2897 2778 2960; x_wconf 84' lang='lat' dir='ltr'><strong>pastore,</strong></span> <span class='ocrx_word' id='word_1_625' title='bbox 2805 2890 3071 2961; x_wconf 86' lang='lat' dir='ltr'><strong>fugerunt.</strong></span> 
     </span>
    </p>
   </div>
   <div class='ocr_carea' id='block_1_86' title="bbox 2238 2980 3748 3054">
    <p class='ocr_par' dir='ltr' id='par_1_86' title="bbox 2238 2980 3748 3054">
     <span class='ocr_line' id='line_1_86' title="bbox 2238 2980 3748 3054; baseline 0.005 -20"><span class='ocrx_word' id='word_1_626' title='bbox 2238 2980 2330 3035; x_wconf 74' lang='grc'><strong>25.</strong></span> <span class='ocrx_word' id='word_1_627' title='bbox 2370 2981 2604 3036; x_wconf 89' lang='lat' dir='ltr'><strong>Audiens</strong></span> <span class='ocrx_word' id='word_1_628' title='bbox 2633 2995 2759 3050; x_wconf 88' lang='lat' dir='ltr'><strong>ergo</strong></span> <span class='ocrx_word' id='word_1_629' title='bbox 2793 2983 2936 3054; x_wconf 90' lang='lat' dir='ltr'><strong>quod</strong></span> <span class='ocrx_word' id='word_1_630' title='bbox 2975 2983 3170 3038; x_wconf 86' lang='lat' dir='ltr'><strong>factum</strong></span> <span class='ocrx_word' id='word_1_631' title='bbox 3207 2993 3288 3040; x_wconf 91' lang='lat' dir='ltr'><strong>est</strong></span> <span class='ocrx_word' id='word_1_632' title='bbox 3312 2985 3658 3052; x_wconf 91' lang='lat' dir='ltr'><strong>Censorinus,</strong></span> <span class='ocrx_word' id='word_1_633' title='bbox 3695 2988 3748 3042; x_wconf 89' lang='lat' dir='ltr'><strong>in</strong></span> 
     </span>
    </p>
   </div>
   <div class='ocr_carea' id='block_1_87' title="bbox 2172 3072 3748 3142">
    <p class='ocr_par' dir='ltr' id='par_1_87' title="bbox 2172 3072 3748 3142">
     <span class='ocr_line' id='line_1_87' title="bbox 2172 3072 3748 3142; baseline 0.003 -15"><span class='ocrx_word' id='word_1_634' title='bbox 2172 3072 2444 3127; x_wconf 89' lang='lat' dir='ltr'><strong>maleficos</strong></span> <span class='ocrx_word' id='word_1_635' title='bbox 2472 3075 2840 3128; x_wconf 88' lang='lat' dir='ltr'><strong>vehementius</strong></span> <span class='ocrx_word' id='word_1_636' title='bbox 2868 3075 3207 3130; x_wconf 87' lang='lat' dir='ltr'><strong>excandescit</strong></span> <span class='ocrx_word' id='word_1_637' title='bbox 3230 3118 3243 3142; x_wconf 81' lang='lat'><strong>,</strong></span> <span class='ocrx_word' id='word_1_638' title='bbox 3289 3085 3345 3130; x_wconf 88' lang='lat' dir='ltr'><strong>et</strong></span> <span class='ocrx_word' id='word_1_639' title='bbox 3384 3093 3478 3131; x_wconf 91' lang='lat' dir='ltr'><strong>eos</strong></span> <span class='ocrx_word' id='word_1_640' title='bbox 3505 3079 3748 3132; x_wconf 89' lang='lat' dir='ltr'><strong>sublatu-</strong></span> 
     </span>
    </p>
   </div>
   <div class='ocr_carea' id='block_1_88' title="bbox 2159 3163 3749 3242">
    <p class='ocr_par' dir='ltr' id='par_1_88' title="bbox 2159 3163 3749 3242">
     <span class='ocr_line' id='line_1_88' title="bbox 2159 3163 3749 3242; baseline 0.004 -25"><span class='ocrx_word' id='word_1_641' title='bbox 2159 3181 2264 3242; x_wconf 76' lang='lat' dir='ltr'><strong>rus</strong></span> <span class='ocrx_word' id='word_1_642' title='bbox 2301 3163 2367 3218; x_wconf 86' lang='lat' dir='ltr'><strong>de</strong></span> <span class='ocrx_word' id='word_1_643' title='bbox 2396 3164 2574 3218; x_wconf 89' lang='lat' dir='ltr'><strong>medio</strong></span> <span class='ocrx_word' id='word_1_644' title='bbox 2616 3165 3067 3219; x_wconf 85' lang='lat' dir='ltr'><strong>truculentissimo</strong></span> <span class='ocrx_word' id='word_1_645' title='bbox 3095 3167 3267 3220; x_wconf 89' lang='lat' dir='ltr'><strong>crucis</strong></span> <span class='ocrx_word' id='word_1_646' title='bbox 3301 3175 3570 3222; x_wconf 88' lang='lat' dir='ltr'><strong>tormento</strong></span> <span class='ocrx_word' id='word_1_647' title='bbox 3623 3185 3749 3237; x_wconf 89' lang='lat' dir='ltr'><strong>pro-</strong></span> 
     </span>
    </p>
   </div>
   <div class='ocr_carea' id='block_1_89' title="bbox 2173 3254 3751 3326">
    <p class='ocr_par' dir='ltr' id='par_1_89' title="bbox 2173 3254 3751 3326">
     <span class='ocr_line' id='line_1_89' title="bbox 2173 3254 3751 3326; baseline 0.003 -16"><span class='ocrx_word' id='word_1_648' title='bbox 2173 3257 2342 3326; x_wconf 90' lang='lat' dir='ltr'><strong>ponit.</strong></span> <span class='ocrx_word' id='word_1_649' title='bbox 2397 3254 2627 3310; x_wconf 76' lang='lat' dir='ltr'><strong>Publicze</strong></span> <span class='ocrx_word' id='word_1_650' title='bbox 2658 3272 2887 3325; x_wconf 89' lang='lat' dir='ltr'><strong>namque</strong></span> <span class='ocrx_word' id='word_1_651' title='bbox 2911 3256 3131 3326; x_wconf 72' lang='lat' dir='ltr'><strong>justitia&#39;:</strong></span> <span class='ocrx_word' id='word_1_652' title='bbox 3173 3258 3396 3313; x_wconf 81' lang='lat' dir='ltr'><strong>interest</strong></span> <span class='ocrx_word' id='word_1_653' title='bbox 3446 3268 3504 3312; x_wconf 91' lang='lat' dir='ltr'><strong>ut</strong></span> <span class='ocrx_word' id='word_1_654' title='bbox 3550 3259 3751 3314; x_wconf 89' lang='lat' dir='ltr'><strong>crudeli</strong></span> 
     </span>
    </p>
   </div>
   <div class='ocr_carea' id='block_1_90' title="bbox 2177 3345 3752 3418">
    <p class='ocr_par' dir='ltr' id='par_1_90' title="bbox 2177 3345 3752 3418">
     <span class='ocr_line' id='line_1_90' title="bbox 2177 3345 3752 3418; baseline 0.005 -20"><span class='ocrx_word' id='word_1_655' title='bbox 2177 3346 2436 3416; x_wconf 88' lang='lat' dir='ltr'><strong>supplicio</strong></span> <span class='ocrx_word' id='word_1_656' title='bbox 2491 3345 2771 3400; x_wconf 85' lang='lat' dir='ltr'><strong>deleantur</strong></span> <span class='ocrx_word' id='word_1_657' title='bbox 2817 3348 2906 3416; x_wconf 91' lang='lat' dir='ltr'><strong>qui</strong></span> <span class='ocrx_word' id='word_1_658' title='bbox 2943 3363 3042 3403; x_wconf 92' lang='lat' dir='ltr'><strong>nec</strong></span> <span class='ocrx_word' id='word_1_659' title='bbox 3074 3349 3238 3403; x_wconf 91' lang='lat' dir='ltr'><strong>Deum</strong></span> <span class='ocrx_word' id='word_1_660' title='bbox 3270 3350 3488 3418; x_wconf 89' lang='lat' dir='ltr'><strong>timent,</strong></span> <span class='ocrx_word' id='word_1_661' title='bbox 3521 3366 3619 3405; x_wconf 88' lang='lat' dir='ltr'><strong>nec</strong></span> <span class='ocrx_word' id='word_1_662' title='bbox 3647 3350 3752 3406; x_wconf 86' lang='lat' dir='ltr'><strong>Ec-</strong></span> 
     </span>
    </p>
   </div>
   <div class='ocr_carea' id='block_1_91' title="bbox 2177 3434 3753 3506">
    <p class='ocr_par' dir='ltr' id='par_1_91' title="bbox 2177 3434 3753 3506">
     <span class='ocr_line' id='line_1_91' title="bbox 2177 3434 3753 3506; baseline 0.003 -16"><span class='ocrx_word' id='word_1_663' title='bbox 2177 3435 2353 3490; x_wconf 73' lang='lat' dir='ltr'><strong>clesiae</strong></span> <span class='ocrx_word' id='word_1_664' title='bbox 2382 3434 2645 3500; x_wconf 82' lang='lat' dir='ltr'><strong>deferunt,</strong></span> <span class='ocrx_word' id='word_1_665' title='bbox 2679 3451 2779 3490; x_wconf 91' lang='lat' dir='ltr'><strong>nec</strong></span> <span class='ocrx_word' id='word_1_666' title='bbox 2806 3445 3022 3492; x_wconf 89' lang='lat' dir='ltr'><strong>sanctos</strong></span> <span class='ocrx_word' id='word_1_667' title='bbox 3051 3437 3307 3506; x_wconf 90' lang='lat' dir='ltr'><strong>diligunt,</strong></span> <span class='ocrx_word' id='word_1_668' title='bbox 3342 3455 3441 3493; x_wconf 92' lang='lat' dir='ltr'><strong>nec</strong></span> <span class='ocrx_word' id='word_1_669' title='bbox 3469 3455 3753 3496; x_wconf 90' lang='lat' dir='ltr'><strong>censuram</strong></span> 
     </span>
    </p>
   </div>
   <div class='ocr_carea' id='block_1_92' title="bbox 2178 3528 3755 3602">
    <p class='ocr_par' dir='ltr' id='par_1_92' title="bbox 2178 3528 3755 3602">
     <span class='ocr_line' id='line_1_92' title="bbox 2178 3528 3755 3602; baseline 0.004 -21"><span class='ocrx_word' id='word_1_670' title='bbox 2178 3542 2443 3581; x_wconf 88' lang='lat' dir='ltr'><strong>canonum</strong></span> <span class='ocrx_word' id='word_1_671' title='bbox 2484 3537 2815 3582; x_wconf 89' lang='lat' dir='ltr'><strong>reverentur.</strong></span> <span class='ocrx_word' id='word_1_672' title='bbox 2864 3528 2970 3582; x_wconf 87' lang='lat' dir='ltr'><strong>Sed</strong></span> <span class='ocrx_word' id='word_1_673' title='bbox 3017 3546 3049 3585; x_wconf 95' lang='lat' dir='ltr'><strong>o</strong></span> <span class='ocrx_word' id='word_1_674' title='bbox 3098 3532 3231 3584; x_wconf 90' lang='lat' dir='ltr'><strong>mira</strong></span> <span class='ocrx_word' id='word_1_675' title='bbox 3278 3533 3442 3602; x_wconf 89' lang='lat' dir='ltr'><strong>patris</strong></span> <span class='ocrx_word' id='word_1_676' title='bbox 3479 3541 3532 3587; x_wconf 92' lang='lat' dir='ltr'><strong>et</strong></span> <span class='ocrx_word' id='word_1_677' title='bbox 3571 3534 3755 3588; x_wconf 90' lang='lat' dir='ltr'><strong>inolita</strong></span> 
     </span>
    </p>
   </div>
   <div class='ocr_carea' id='block_1_93' title="bbox 2181 3616 3758 3690">
    <p class='ocr_par' dir='ltr' id='par_1_93' title="bbox 2181 3616 3758 3690">
     <span class='ocr_line' id='line_1_93' title="bbox 2181 3616 3758 3690; baseline 0.006 -21"><span class='ocrx_word' id='word_1_678' title='bbox 2181 3617 2376 3686; x_wconf 89' lang='lat' dir='ltr'><strong>pietas!</strong></span> <span class='ocrx_word' id='word_1_679' title='bbox 2425 3616 2518 3670; x_wconf 89' lang='lat' dir='ltr'><strong>Dei</strong></span> <span class='ocrx_word' id='word_1_680' title='bbox 2559 3617 2748 3671; x_wconf 86' lang='lat' dir='ltr'><strong>Filium</strong></span> <span class='ocrx_word' id='word_1_681' title='bbox 2772 3619 2984 3675; x_wconf 88' lang='lat' dir='ltr'><strong>imitans</strong></span> <span class='ocrx_word' id='word_1_682' title='bbox 3014 3637 3109 3690; x_wconf 93' lang='lat' dir='ltr'><strong>pro</strong></span> <span class='ocrx_word' id='word_1_683' title='bbox 3143 3621 3544 3676; x_wconf 88' lang='lat' dir='ltr'><strong>malefactorum</strong></span> <span class='ocrx_word' id='word_1_684' title='bbox 3585 3624 3758 3679; x_wconf 86' lang='lat' dir='ltr'><strong>salute</strong></span> 
     </span>
    </p>
   </div>
   <div class='ocr_carea' id='block_1_94' title="bbox 2176 3707 3758 3781">
    <p class='ocr_par' dir='ltr' id='par_1_94' title="bbox 2176 3707 3758 3781">
     <span class='ocr_line' id='line_1_94' title="bbox 2176 3707 3758 3781; baseline 0.004 -20"><span class='ocrx_word' id='word_1_685' title='bbox 2176 3707 2411 3776; x_wconf 62' lang='lat' dir='ltr'><strong>judiccm</strong></span> <span class='ocrx_word' id='word_1_686' title='bbox 2441 3708 2786 3778; x_wconf 88' lang='lat' dir='ltr'><strong>deprecatur,</strong></span> <span class='ocrx_word' id='word_1_687' title='bbox 2819 3711 2906 3778; x_wconf 91' lang='lat' dir='ltr'><strong>qui</strong></span> <span class='ocrx_word' id='word_1_688' title='bbox 2936 3711 3149 3765; x_wconf 87' lang='lat' dir='ltr'><strong>tandem</strong></span> <span class='ocrx_word' id='word_1_689' title='bbox 3176 3711 3292 3781; x_wconf 86' lang='lat' dir='ltr'><strong>ejus</strong></span> <span class='ocrx_word' id='word_1_690' title='bbox 3318 3714 3564 3781; x_wconf 87' lang='lat' dir='ltr'><strong>precibus</strong></span> <span class='ocrx_word' id='word_1_691' title='bbox 3591 3723 3643 3768; x_wconf 92' lang='lat' dir='ltr'><strong>et</strong></span> <span class='ocrx_word' id='word_1_692' title='bbox 3670 3731 3758 3769; x_wconf 84' lang='lat' dir='ltr'><strong>re-</strong></span> 
     </span>
    </p>
   </div>
   <div class='ocr_carea' id='block_1_95' title="bbox 2183 3801 3754 3871">
    <p class='ocr_par' dir='ltr' id='par_1_95' title="bbox 2183 3801 3754 3871">
     <span class='ocr_line' id='line_1_95' title="bbox 2183 3801 3754 3871; baseline 0.003 -16"><span class='ocrx_word' id='word_1_693' title='bbox 2183 3803 2421 3856; x_wconf 86' lang='lat' dir='ltr'><strong>verentia</strong></span> <span class='ocrx_word' id='word_1_694' title='bbox 2473 3810 2821 3870; x_wconf 89' lang='lat' dir='ltr'><strong>temperatur.</strong></span> <span class='ocrx_word' id='word_1_695' title='bbox 2875 3801 2919 3855; x_wconf 91' lang='lat'><strong>0</strong></span> <span class='ocrx_word' id='word_1_696' title='bbox 2969 3813 3199 3871; x_wconf 89' lang='lat' dir='ltr'><strong>quantus</strong></span> <span class='ocrx_word' id='word_1_697' title='bbox 3255 3806 3426 3859; x_wconf 82' lang='lat' dir='ltr'><strong>luctus</strong></span> <span class='ocrx_word' id='word_1_698' title='bbox 3482 3805 3754 3860; x_wconf 85' lang='lat' dir='ltr'><strong>fidelium!</strong></span> 
     </span>
    </p>
   </div>
   <div class='ocr_carea' id='block_1_96' title="bbox 2183 3895 3762 3966">
    <p class='ocr_par' dir='ltr' id='par_1_96' title="bbox 2183 3895 3762 3966">
     <span class='ocr_line' id='line_1_96' title="bbox 2183 3895 3762 3966; baseline 0.003 -18"><span class='ocrx_word' id='word_1_699' title='bbox 2183 3903 2381 3964; x_wconf 87' lang='lat' dir='ltr'><strong>quanta</strong></span> <span class='ocrx_word' id='word_1_700' title='bbox 2411 3896 2676 3964; x_wconf 73' lang='lat' dir='ltr'><strong>przecipuc</strong></span> <span class='ocrx_word' id='word_1_701' title='bbox 2705 3895 2934 3949; x_wconf 90' lang='lat' dir='ltr'><strong>lamenta</strong></span> <span class='ocrx_word' id='word_1_702' title='bbox 2960 3905 3010 3950; x_wconf 91' lang='lat' dir='ltr'><strong>et</strong></span> <span class='ocrx_word' id='word_1_703' title='bbox 3034 3898 3261 3964; x_wconf 89' lang='lat' dir='ltr'><strong>gemitus</strong></span> <span class='ocrx_word' id='word_1_704' title='bbox 3289 3899 3610 3966; x_wconf 74' lang='lat' dir='ltr'><strong>egenorum!</strong></span> <span class='ocrx_word' id='word_1_705' title='bbox 3657 3898 3762 3953; x_wconf 91' lang='lat' dir='ltr'><strong>Lu-</strong></span> 
     </span>
    </p>
   </div>
   <div class='ocr_carea' id='block_1_97' title="bbox 2185 3985 3762 4056">
    <p class='ocr_par' dir='ltr' id='par_1_97' title="bbox 2185 3985 3762 4056">
     <span class='ocr_line' id='line_1_97' title="bbox 2185 3985 3762 4056; baseline 0.003 -17"><span class='ocrx_word' id='word_1_706' title='bbox 2185 3993 2311 4052; x_wconf 85' lang='lat' dir='ltr'><strong>gent</strong></span> <span class='ocrx_word' id='word_1_707' title='bbox 2357 3986 2644 4054; x_wconf 90' lang='lat' dir='ltr'><strong>promiscni</strong></span> <span class='ocrx_word' id='word_1_708' title='bbox 2693 4002 2850 4039; x_wconf 73' lang='lat' dir='ltr'><strong>sexus</strong></span> <span class='ocrx_word' id='word_1_709' title='bbox 2901 3987 2997 4040; x_wconf 88' lang='lat' dir='ltr'><strong>viri</strong></span> <span class='ocrx_word' id='word_1_710' title='bbox 3045 3995 3100 4040; x_wconf 93' lang='lat' dir='ltr'><strong>et</strong></span> <span class='ocrx_word' id='word_1_711' title='bbox 3152 3985 3400 4051; x_wconf 71' lang='lat' dir='ltr'><strong>fcminm,</strong></span> <span class='ocrx_word' id='word_1_712' title='bbox 3453 3989 3762 4056; x_wconf 84' lang='lat' dir='ltr'><strong>plangentes</strong></span> 
     </span>
    </p>
   </div>
   <div class='ocr_carea' id='block_1_98' title="bbox 2185 4073 3765 4146">
    <p class='ocr_par' dir='ltr' id='par_1_98' title="bbox 2185 4073 3765 4146">
     <span class='ocr_line' id='line_1_98' title="bbox 2185 4073 3765 4146; baseline 0.003 -18"><span class='ocrx_word' id='word_1_713' title='bbox 2185 4088 2470 4128; x_wconf 90' lang='lat' dir='ltr'><strong>commune</strong></span> <span class='ocrx_word' id='word_1_714' title='bbox 2505 4073 2787 4128; x_wconf 89' lang='lat' dir='ltr'><strong>discrimen</strong></span> <span class='ocrx_word' id='word_1_715' title='bbox 2824 4077 3061 4131; x_wconf 92' lang='lat' dir='ltr'><strong>omnium</strong></span> <span class='ocrx_word' id='word_1_716' title='bbox 3087 4119 3102 4143; x_wconf 95' lang='lat'><strong>,</strong></span> <span class='ocrx_word' id='word_1_717' title='bbox 3133 4077 3238 4131; x_wconf 90' lang='lat' dir='ltr'><strong>imo</strong></span> <span class='ocrx_word' id='word_1_718' title='bbox 3267 4085 3321 4130; x_wconf 92' lang='lat' dir='ltr'><strong>et</strong></span> <span class='ocrx_word' id='word_1_719' title='bbox 3349 4079 3620 4146; x_wconf 80' lang='lat' dir='ltr'><strong>praprium</strong></span> <span class='ocrx_word' id='word_1_720' title='bbox 3651 4081 3765 4132; x_wconf 80' lang='lat' dir='ltr'><strong>sin-</strong></span> 
     </span>
    </p>
   </div>
   <div class='ocr_carea' id='block_1_99' title="bbox 2185 4165 2450 4232">
    <p class='ocr_par' dir='ltr' id='par_1_99' title="bbox 2185 4165 2450 4232">
     <span class='ocr_line' id='line_1_99' title="bbox 2185 4165 2450 4232; baseline -0.004 -14"><span class='ocrx_word' id='word_1_721' title='bbox 2185 4165 2450 4232; x_wconf 89' lang='lat' dir='ltr'><strong>gulorum.</strong></span> 
     </span>
    </p>
   </div>
   <div class='ocr_carea' id='block_1_100' title="bbox 2811 4258 3142 4314">
    <p class='ocr_par' dir='ltr' id='par_1_100' title="bbox 2811 4258 3142 4314">
     <span class='ocr_line' id='line_1_100' title="bbox 2811 4258 3142 4314; baseline 0.003 -2"><span class='ocrx_word' id='word_1_722' title='bbox 2811 4258 3038 4314; x_wconf 81' lang='lat' dir='ltr'><strong>CAPUT</strong></span> <span class='ocrx_word' id='word_1_723' title='bbox 3082 4260 3142 4313; x_wconf 91' lang='lat' dir='ltr'><strong>V.</strong></span> 
     </span>
    </p>
   </div>
   <div class='ocr_carea' id='block_1_101' title="bbox 2257 4347 3692 4417">
    <p class='ocr_par' dir='ltr' id='par_1_101' title="bbox 2257 4347 3692 4417">
     <span class='ocr_line' id='line_1_101' title="bbox 2257 4347 3692 4417; baseline 0.003 -15"><span class='ocrx_word' id='word_1_724' title='bbox 2257 4347 2534 4403; x_wconf 73' lang='lat' dir='ltr'><strong>Extremus</strong></span> <span class='ocrx_word' id='word_1_725' title='bbox 2574 4349 2634 4404; x_wconf 91' lang='lat' dir='ltr'><strong>S.</strong></span> <span class='ocrx_word' id='word_1_726' title='bbox 2666 4348 2946 4404; x_wconf 64' lang='lat' dir='ltr'><strong>Eleiet/aerii</strong></span> <span class='ocrx_word' id='word_1_727' title='bbox 2977 4351 3203 4416; x_wconf 81' lang='lat' dir='ltr'><strong>morbus,</strong></span> <span class='ocrx_word' id='word_1_728' title='bbox 3236 4369 3394 4417; x_wconf 79' lang='lat' dir='ltr'><strong>mors,</strong></span> <span class='ocrx_word' id='word_1_729' title='bbox 3425 4353 3692 4408; x_wconf 82' lang='lat' dir='ltr'><strong>miracula.</strong></span> 
     </span>
    </p>
   </div>
   <div class='ocr_carea' id='block_1_102' title="bbox 2260 4463 3772 4540">
    <p class='ocr_par' dir='ltr' id='par_1_102' title="bbox 2260 4463 3772 4540">
     <span class='ocr_line' id='line_1_102' title="bbox 2260 4463 3772 4540; baseline 0.005 -22"><span class='ocrx_word' id='word_1_730' title='bbox 2260 4468 2280 4498; x_wconf 79' lang='grc'>⁸</span> <span class='ocrx_word' id='word_1_731' title='bbox 2309 4465 2398 4520; x_wconf 71' lang='lat'><strong>26.</strong></span> <span class='ocrx_word' id='word_1_732' title='bbox 2421 4465 2606 4520; x_wconf 88' lang='lat' dir='ltr'><strong>Flebat</strong></span> <span class='ocrx_word' id='word_1_733' title='bbox 2631 4480 2758 4535; x_wconf 86' lang='lat' dir='ltr'><strong>ergo</strong></span> <span class='ocrx_word' id='word_1_734' title='bbox 2788 4467 2988 4522; x_wconf 83' lang='lat' dir='ltr'><strong>Rachel</strong></span> <span class='ocrx_word' id='word_1_735' title='bbox 3032 4463 3192 4520; x_wconf 89' lang='lat' dir='ltr'><strong>filium</strong></span> <span class='ocrx_word' id='word_1_736' title='bbox 3230 4469 3364 4522; x_wconf 90' lang='lat' dir='ltr'><strong>uteri</strong></span> <span class='ocrx_word' id='word_1_737' title='bbox 3400 4469 3513 4534; x_wconf 88' lang='lat' dir='ltr'><strong>sui,</strong></span> <span class='ocrx_word' id='word_1_738' title='bbox 3545 4485 3642 4524; x_wconf 92' lang='lat' dir='ltr'><strong>nec</strong></span> <span class='ocrx_word' id='word_1_739' title='bbox 3670 4485 3772 4540; x_wconf 74' lang='lat' dir='ltr'><strong>po-</strong></span> 
     </span>
    </p>
   </div>
   <div class='ocr_carea' id='block_1_103' title="bbox 2194 4557 2650 4611">
    <p class='ocr_par' dir='ltr' id='par_1_103' title="bbox 2194 4557 2650 4611">
     <span class='ocr_line' id='line_1_103' title="bbox 2194 4557 2650 4611; baseline 0 -1"><span class='ocrx_word' id='word_1_740' title='bbox 2194 4564 2332 4611; x_wconf 91' lang='lat' dir='ltr'><strong>terat</strong></span> <span class='ocrx_word' id='word_1_741' title='bbox 2364 4557 2650 4610; x_wconf 90' lang='lat' dir='ltr'><strong>consolari.</strong></span> 
     </span>
    </p>
   </div>
   <div class='ocr_carea' id='block_1_104' title="bbox 2317 4646 3562 4758">
    <p class='ocr_par' dir='ltr' id='par_1_104' title="bbox 2317 4646 3562 4758">
     <span class='ocr_line' id='line_1_104' title="bbox 2317 4646 3562 4756; baseline 0.013 -74"><span class='ocrx_word' id='word_1_742' title='bbox 2317 4647 2433 4756; x_wconf 43' lang='lat' dir='ltr'><strong>[siam</strong></span> <span class='ocrx_word' id='word_1_743' title='bbox 2455 4650 2563 4708; x_wconf 73' lang='lat' dir='ltr'><strong>quis</strong></span> <span class='ocrx_word' id='word_1_744' title='bbox 2588 4659 2695 4740; x_wconf 41' lang='lat' dir='ltr'><strong>eam</strong></span> <span class='ocrx_word' id='word_1_745' title='bbox 2720 4650 2809 4698; x_wconf 89' lang='lat' dir='ltr'><strong>nisi</strong></span> <span class='ocrx_word' id='word_1_746' title='bbox 2835 4649 3013 4696; x_wconf 77' lang='lat' dir='ltr'><strong>mentis</strong></span> <span class='ocrx_word' id='word_1_747' title='bbox 3041 4649 3178 4709; x_wconf 79' lang='lat' dir='ltr'><strong>iIIOpS</strong></span> <span class='ocrx_word' id='word_1_748' title='bbox 3201 4648 3246 4694; x_wconf 82' lang='lat' dir='ltr'><strong>in</strong></span> <span class='ocrx_word' id='word_1_749' title='bbox 3268 4646 3441 4698; x_wconf 88' lang='lat' dir='ltr'><strong>funere</strong></span> <span class='ocrx_word' id='word_1_750' title='bbox 3467 4651 3562 4698; x_wconf 84' lang='lat' dir='ltr'><strong>nati</strong></span> 
     </span>
     <span class='ocr_line' id='line_1_105' title="bbox 2376 4717 2648 4758; baseline 0.007 -2"><span class='ocrx_word' id='word_1_751' title='bbox 2376 4723 2463 4758; x_wconf 77' lang='lat' dir='ltr'><strong>ere</strong></span> <span class='ocrx_word' id='word_1_752' title='bbox 2489 4717 2648 4758; x_wconf 70' lang='lat' dir='ltr'><strong>teet“.</strong></span> 
     </span>
    </p>
   </div>
   <div class='ocr_carea' id='block_1_105' title="bbox 2376 4717 2648 4758">
    <p class='ocr_par' dir='ltr' id='par_1_105' title="bbox 2376 4717 2648 4758">
     <span class='ocr_line' id='line_1_106' title="bbox 2376 4717 2648 4758; baseline 0.004 -1"><span class='ocrx_word' id='word_1_753' title='bbox 2376 4723 2463 4758; x_wconf 84' lang='lat' dir='ltr'><strong>ere</strong></span> <span class='ocrx_word' id='word_1_754' title='bbox 2489 4717 2648 4758; x_wconf 54' lang='lat' dir='ltr'><strong>“3.8L?</strong></span> 
     </span>
    </p>
   </div>
   <div class='ocr_carea' id='block_1_106' title="bbox 2195 4792 3777 4862">
    <p class='ocr_par' dir='ltr' id='par_1_106' title="bbox 2195 4792 3777 4862">
     <span class='ocr_line' id='line_1_107' title="bbox 2195 4792 3777 4862; baseline 0 -16"><span class='ocrx_word' id='word_1_755' title='bbox 2195 4793 2249 4847; x_wconf 92' lang='lat' dir='ltr'><strong>ln</strong></span> <span class='ocrx_word' id='word_1_756' title='bbox 2284 4793 2388 4846; x_wconf 92' lang='lat' dir='ltr'><strong>illis</strong></span> <span class='ocrx_word' id='word_1_757' title='bbox 2426 4792 2688 4862; x_wconf 66' lang='lat' dir='ltr'><strong>praecipue</strong></span> <span class='ocrx_word' id='word_1_758' title='bbox 2721 4792 2956 4846; x_wconf 90' lang='lat' dir='ltr'><strong>eruentis</strong></span> <span class='ocrx_word' id='word_1_759' title='bbox 2985 4792 3282 4860; x_wconf 90' lang='lat' dir='ltr'><strong>exsequiis,</strong></span> <span class='ocrx_word' id='word_1_760' title='bbox 3315 4793 3507 4862; x_wconf 91' lang='lat' dir='ltr'><strong>quibus</strong></span> <span class='ocrx_word' id='word_1_761' title='bbox 3535 4792 3693 4848; x_wconf 87' lang='lat' dir='ltr'><strong>debet</strong></span> <span class='ocrx_word' id='word_1_762' title='bbox 3722 4801 3777 4849; x_wconf 88' lang='lat' dir='ltr'><strong>et</strong></span> 
     </span>
    </p>
   </div>
   <div class='ocr_carea' id='block_1_107' title="bbox 2193 4869 3778 4954">
    <p class='ocr_par' dir='ltr' id='par_1_107' title="bbox 2193 4869 3778 4954">
     <span class='ocr_line' id='line_1_108' title="bbox 2193 4869 3778 4954; baseline -0.001 -14"><span class='ocrx_word' id='word_1_763' title='bbox 2193 4884 2618 4954; x_wconf 85' lang='lat' dir='ltr'><strong>compassionem</strong></span> <span class='ocrx_word' id='word_1_764' title='bbox 2661 4884 2868 4937; x_wconf 87' lang='lat' dir='ltr'><strong>animus</strong></span> <span class='ocrx_word' id='word_1_765' title='bbox 2895 4925 2910 4950; x_wconf 92' lang='lat'><strong>,</strong></span> <span class='ocrx_word' id='word_1_766' title='bbox 2953 4892 3008 4937; x_wconf 88' lang='lat' dir='ltr'><strong>et</strong></span> <span class='ocrx_word' id='word_1_767' title='bbox 3059 4883 3424 4951; x_wconf 88' lang='lat' dir='ltr'><strong>irrigationem</strong></span> <span class='ocrx_word' id='word_1_768' title='bbox 3461 4869 3679 4949; x_wconf 89' lang='lat' dir='ltr'><strong>oculus,</strong></span> <span class='ocrx_word' id='word_1_769' title='bbox 3723 4895 3778 4939; x_wconf 93' lang='lat' dir='ltr'><strong>et</strong></span> 
     </span>
    </p>
   </div>
   <div class='ocr_carea' id='block_1_108' title="bbox 2195 4972 3778 5042">
    <p class='ocr_par' dir='ltr' id='par_1_108' title="bbox 2195 4972 3778 5042">
     <span class='ocr_line' id='line_1_109' title="bbox 2195 4972 3778 5042; baseline -0.003 -12"><span class='ocrx_word' id='word_1_770' title='bbox 2195 4975 2451 5030; x_wconf 90' lang='lat' dir='ltr'><strong>ultionem</strong></span> <span class='ocrx_word' id='word_1_771' title='bbox 2482 4973 2760 5042; x_wconf 87' lang='lat' dir='ltr'><strong>judiciaria</strong></span> <span class='ocrx_word' id='word_1_772' title='bbox 2789 4989 2995 5028; x_wconf 90' lang='lat' dir='ltr'><strong>manus.</strong></span> <span class='ocrx_word' id='word_1_773' title='bbox 3027 4972 3275 5028; x_wconf 87' lang='lat' dir='ltr'><strong>Defertur</strong></span> <span class='ocrx_word' id='word_1_774' title='bbox 3301 4972 3537 5042; x_wconf 86' lang='lat' dir='ltr'><strong>pontifex</strong></span> <span class='ocrx_word' id='word_1_775' title='bbox 3568 4975 3620 5028; x_wconf 92' lang='lat' dir='ltr'><strong>in</strong></span> <span class='ocrx_word' id='word_1_776' title='bbox 3649 4989 3778 5028; x_wconf 89' lang='lat' dir='ltr'><strong>san-</strong></span> 
     </span>
    </p>
   </div>
   <div class='ocr_carea' id='block_1_109' title="bbox 2197 5063 3776 5136">
    <p class='ocr_par' dir='ltr' id='par_1_109' title="bbox 2197 5063 3776 5136">
     <span class='ocr_line' id='line_1_110' title="bbox 2197 5063 3776 5136; baseline -0.004 -15"><span class='ocrx_word' id='word_1_777' title='bbox 2197 5067 2357 5136; x_wconf 88' lang='lat' dir='ltr'><strong>guine</strong></span> <span class='ocrx_word' id='word_1_778' title='bbox 2385 5081 2483 5120; x_wconf 91' lang='lat' dir='ltr'><strong>suo</strong></span> <span class='ocrx_word' id='word_1_779' title='bbox 2525 5065 2769 5118; x_wconf 91' lang='lat' dir='ltr'><strong>manibus</strong></span> <span class='ocrx_word' id='word_1_780' title='bbox 2797 5063 3097 5133; x_wconf 91' lang='lat' dir='ltr'><strong>bajulorum</strong></span> <span class='ocrx_word' id='word_1_781' title='bbox 3127 5063 3192 5118; x_wconf 90' lang='lat' dir='ltr'><strong>ad</strong></span> <span class='ocrx_word' id='word_1_782' title='bbox 3233 5063 3450 5117; x_wconf 90' lang='lat' dir='ltr'><strong>domum</strong></span> <span class='ocrx_word' id='word_1_783' title='bbox 3483 5065 3776 5134; x_wconf 90' lang='lat' dir='ltr'><strong>propriam,</strong></span> 
     </span>
    </p>
   </div>
   <div class='ocr_carea' id='block_1_110' title="bbox 2200 5152 3783 5224">
    <p class='ocr_par' dir='ltr' id='par_1_110' title="bbox 2200 5152 3783 5224">
     <span class='ocr_line' id='line_1_111' title="bbox 2200 5152 3783 5224; baseline -0.003 -13"><span class='ocrx_word' id='word_1_784' title='bbox 2200 5159 2252 5212; x_wconf 93' lang='lat' dir='ltr'><strong>in</strong></span> <span class='ocrx_word' id='word_1_785' title='bbox 2283 5158 2459 5211; x_wconf 92' lang='lat' dir='ltr'><strong>locum</strong></span> <span class='ocrx_word' id='word_1_786' title='bbox 2481 5198 2496 5222; x_wconf 95' lang='lat'><strong>,</strong></span> <span class='ocrx_word' id='word_1_787' title='bbox 2523 5170 2683 5224; x_wconf 91' lang='lat' dir='ltr'><strong>quem</strong></span> <span class='ocrx_word' id='word_1_788' title='bbox 2727 5171 2887 5224; x_wconf 87' lang='lat' dir='ltr'><strong>supra</strong></span> <span class='ocrx_word' id='word_1_789' title='bbox 2929 5155 3159 5208; x_wconf 91' lang='lat' dir='ltr'><strong>diximus</strong></span> <span class='ocrx_word' id='word_1_790' title='bbox 3183 5193 3197 5214; x_wconf 83' lang='lat'><em>.</em></span> <span class='ocrx_word' id='word_1_791' title='bbox 3231 5153 3576 5224; x_wconf 82' lang='lat' dir='ltr'><strong>Oppidanum.</strong></span> <span class='ocrx_word' id='word_1_792' title='bbox 3621 5152 3783 5208; x_wconf 83' lang='lat' dir='ltr'><strong>Jubet</strong></span> 
     </span>
    </p>
   </div>
   <div class='ocr_carea' id='block_1_111' title="bbox 2202 5245 3782 5313">
    <p class='ocr_par' dir='ltr' id='par_1_111' title="bbox 2202 5245 3782 5313">
     <span class='ocr_line' id='line_1_112' title="bbox 2202 5245 3782 5313; baseline -0.004 -10"><span class='ocrx_word' id='word_1_793' title='bbox 2202 5257 2428 5303; x_wconf 91' lang='lat' dir='ltr'><strong>stratum</strong></span> <span class='ocrx_word' id='word_1_794' title='bbox 2456 5247 2558 5302; x_wconf 90' lang='lat' dir='ltr'><strong>sibi</strong></span> <span class='ocrx_word' id='word_1_795' title='bbox 2585 5247 2823 5302; x_wconf 91' lang='lat' dir='ltr'><strong>construi</strong></span> <span class='ocrx_word' id='word_1_796' title='bbox 2851 5245 3148 5309; x_wconf 91' lang='lat' dir='ltr'><strong>cilicinum,</strong></span> <span class='ocrx_word' id='word_1_797' title='bbox 3180 5254 3235 5298; x_wconf 91' lang='lat' dir='ltr'><strong>et</strong></span> <span class='ocrx_word' id='word_1_798' title='bbox 3262 5245 3498 5312; x_wconf 89' lang='lat' dir='ltr'><strong>quinque</strong></span> <span class='ocrx_word' id='word_1_799' title='bbox 3539 5245 3782 5313; x_wconf 89' lang='lat' dir='ltr'><strong>supervi-</strong></span> 
     </span>
    </p>
   </div>
   <div class='ocr_carea' id='block_1_112' title="bbox 2201 5335 3785 5409">
    <p class='ocr_par' dir='ltr' id='par_1_112' title="bbox 2201 5335 3785 5409">
     <span class='ocr_line' id='line_1_113' title="bbox 2201 5335 3785 5409; baseline -0.004 -15"><span class='ocrx_word' id='word_1_800' title='bbox 2201 5356 2332 5395; x_wconf 90' lang='lat' dir='ltr'><strong>vens</strong></span> <span class='ocrx_word' id='word_1_801' title='bbox 2375 5337 2796 5393; x_wconf 88' lang='lat' dir='ltr'><strong>hebdomadibus</strong></span> <span class='ocrx_word' id='word_1_802' title='bbox 2819 5375 2853 5409; x_wconf 47' lang='grc' dir='ltr'><strong>,ο</strong></span> <span class='ocrx_word' id='word_1_803' title='bbox 2882 5344 2942 5390; x_wconf 94' lang='lat' dir='ltr'><strong>ut</strong></span> <span class='ocrx_word' id='word_1_804' title='bbox 2989 5335 3246 5390; x_wconf 87' lang='lat' dir='ltr'><strong>sanctitas</strong></span> <span class='ocrx_word' id='word_1_805' title='bbox 3295 5335 3410 5402; x_wconf 88' lang='lat' dir='ltr'><strong>ejus</strong></span> <span class='ocrx_word' id='word_1_806' title='bbox 3455 5335 3785 5389; x_wconf 87' lang='lat' dir='ltr'><strong>excellenter</strong></span> 
     </span>
    </p>
   </div>
   <div class='ocr_carea' id='block_1_113' title="bbox 2203 5423 3780 5496">
    <p class='ocr_par' dir='ltr' id='par_1_113' title="bbox 2203 5423 3780 5496">
     <span class='ocr_line' id='line_1_114' title="bbox 2203 5423 3780 5496; baseline -0.006 -10"><span class='ocrx_word' id='word_1_807' title='bbox 2203 5431 2456 5492; x_wconf 83' lang='lat' dir='ltr'><strong>emineat,</strong></span> <span class='ocrx_word' id='word_1_808' title='bbox 2481 5430 2532 5482; x_wconf 93' lang='lat' dir='ltr'><strong>in</strong></span> <span class='ocrx_word' id='word_1_809' title='bbox 2562 5427 2654 5482; x_wconf 92' lang='lat' dir='ltr'><strong>illo</strong></span> <span class='ocrx_word' id='word_1_810' title='bbox 2685 5426 2938 5496; x_wconf 89' lang='lat' dir='ltr'><strong>temporis</strong></span> <span class='ocrx_word' id='word_1_811' title='bbox 2968 5425 3254 5479; x_wconf 90' lang='lat' dir='ltr'><strong>interstitio</strong></span> <span class='ocrx_word' id='word_1_812' title='bbox 3279 5439 3474 5479; x_wconf 70' lang='lat' dir='ltr'><strong>aecum</strong></span> <span class='ocrx_word' id='word_1_813' title='bbox 3499 5423 3780 5484; x_wconf 82' lang='lat' dir='ltr'><strong>illuminat,</strong></span> 
     </span>
    </p>
   </div>
   <div class='ocr_carea' id='block_1_114' title="bbox 2203 5515 3782 5586">
    <p class='ocr_par' dir='ltr' id='par_1_114' title="bbox 2203 5515 3782 5586">
     <span class='ocr_line' id='line_1_115' title="bbox 2203 5515 3782 5586; baseline -0.004 -10"><span class='ocrx_word' id='word_1_814' title='bbox 2203 5521 2430 5577; x_wconf 85' lang='lat' dir='ltr'><strong>amictos</strong></span> <span class='ocrx_word' id='word_1_815' title='bbox 2456 5529 2509 5575; x_wconf 91' lang='lat' dir='ltr'><strong>et</strong></span> <span class='ocrx_word' id='word_1_816' title='bbox 2535 5518 2754 5574; x_wconf 75' lang='lat' dir='ltr'><strong>affectos</strong></span> <span class='ocrx_word' id='word_1_817' title='bbox 2784 5518 2941 5571; x_wconf 89' lang='lat' dir='ltr'><strong>variis</strong></span> <span class='ocrx_word' id='word_1_818' title='bbox 2962 5515 3366 5586; x_wconf 73' lang='lat' dir='ltr'><strong>:egritudinibus</strong></span> <span class='ocrx_word' id='word_1_819' title='bbox 3401 5516 3582 5586; x_wconf 90' lang='lat' dir='ltr'><strong>plures</strong></span> <span class='ocrx_word' id='word_1_820' title='bbox 3607 5523 3782 5570; x_wconf 88' lang='lat' dir='ltr'><strong>sanat.</strong></span> 
     </span>
    </p>
   </div>
   <div class='ocr_carea' id='block_1_115' title="bbox 2208 5606 3784 5682">
    <p class='ocr_par' dir='ltr' id='par_1_115' title="bbox 2208 5606 3784 5682">
     <span class='ocr_line' id='line_1_116' title="bbox 2208 5606 3784 5682; baseline -0.005 -15"><span class='ocrx_word' id='word_1_821' title='bbox 2208 5613 2398 5682; x_wconf 76' lang='lat' dir='ltr'><strong>Etjam</strong></span> <span class='ocrx_word' id='word_1_822' title='bbox 2442 5612 2493 5665; x_wconf 90' lang='lat' dir='ltr'><strong>in</strong></span> <span class='ocrx_word' id='word_1_823' title='bbox 2528 5611 2714 5681; x_wconf 88' lang='lat' dir='ltr'><strong>spiritu</strong></span> <span class='ocrx_word' id='word_1_824' title='bbox 2740 5609 2987 5679; x_wconf 70' lang='lat' dir='ltr'><strong>pnnscius</strong></span> <span class='ocrx_word' id='word_1_825' title='bbox 3018 5608 3204 5663; x_wconf 86' lang='lat' dir='ltr'><strong>mortis</strong></span> <span class='ocrx_word' id='word_1_826' title='bbox 3233 5622 3340 5662; x_wconf 72' lang='lat' dir='ltr'><strong>sum</strong></span> <span class='ocrx_word' id='word_1_827' title='bbox 3360 5649 3373 5673; x_wconf 90' lang='lat'><strong>,</strong></span> <span class='ocrx_word' id='word_1_828' title='bbox 3405 5623 3524 5662; x_wconf 90' lang='lat' dir='ltr'><strong>cum</strong></span> <span class='ocrx_word' id='word_1_829' title='bbox 3556 5606 3784 5660; x_wconf 81' lang='lat' dir='ltr'><strong>vicinam</strong></span> 
     </span>
    </p>
   </div>
   <div class='ocr_carea' id='block_1_116' title="bbox 2280 5789 2948 5856">
    <p class='ocr_par' dir='ltr' id='par_1_116' title="bbox 2280 5789 2948 5856">
     <span class='ocr_line' id='line_1_117' title="bbox 2280 5789 2948 5856; baseline -0.007 -10"><span class='ocrx_word' id='word_1_830' title='bbox 2280 5805 2303 5829; x_wconf 72' lang='grc' dir='ltr'><strong><em>λ</em></strong></span> <span class='ocrx_word' id='word_1_831' title='bbox 2337 5793 2621 5856; x_wconf 77' lang='lat' dir='ltr'><strong>Excusum,</strong></span> <span class='ocrx_word' id='word_1_832' title='bbox 2653 5789 2948 5843; x_wconf 69' lang='lat' dir='ltr'><strong>Anasfusie.</strong></span> 
     </span>
    </p>
   </div>
   <div class='ocr_carea' id='block_1_117' title="bbox 2287 5863 2690 5928">
    <p class='ocr_par' dir='ltr' id='par_1_117' title="bbox 2287 5863 2690 5928">
     <span class='ocr_line' id='line_1_118' title="bbox 2287 5863 2690 5928; baseline -0.007 -10"><span class='ocrx_word' id='word_1_833' title='bbox 2287 5864 2313 5904; x_wconf 68' lang='grc' dir='ltr'>δ</span> <span class='ocrx_word' id='word_1_834' title='bbox 2342 5863 2464 5928; x_wconf 66' lang='grc' dir='ltr'><strong>Με..</strong></span> <span class='ocrx_word' id='word_1_835' title='bbox 2491 5881 2519 5920; x_wconf 78' lang='grc' dir='ltr'><em>η</em></span> <span class='ocrx_word' id='word_1_836' title='bbox 2538 5878 2690 5925; x_wconf 61' lang='grc' dir='ltr'><strong>κεπτ.</strong></span> 
     </span>
    </p>
   </div>
  </div>
