4122 6330
326 388 399 444 73
1240 389 1297 447 S.
1339 387 1751 446 ELEUTHEllll
1792 389 1953 445 VlTA
1993 388 2318 446 AUCTORE
2357 388 2717 446 GUIBERTO.
3552 400 3620 455 71

323 502 574 573 corporis
599 501 988 559 resolutionem
1017 501 1347 566 attenderet,
1378 503 1630 560 indicavit
1657 503 1922 558 adstanti-
1956 507 2003 563 Α
2033 518 2148 556 rum
2179 501 2387 556 ﬁrmum
2416 513 2525 556 stat
2551 502 2671 557 ﬁdei
2711 502 3138 561 fundamentum.
3186 505 3317 565 Inde
3354 517 3438 565 est
3475 511 3621 580 quod

323 598 431 651 bus
458 611 612 649 suum
644 595 847 649 exitum
878 594 1176 661 imminere,
1206 597 1470 651 eteadem
1502 596 1835 653 hebdomada
1866 613 1926 654 se

319 685 394 740 de
414 700 637 740 carcere
658 700 947 754 corporeo,
968 685 1034 740 de
1054 686 1230 740 carnis
1251 688 1525 755 ergastulo
1547 688 1923 757 migraturum,

315 778 467 831 sicut
487 778 820 847 experientia
843 777 1136 831 declaravit
1158 794 1254 849 per
1281 779 1502 833 evidens
1525 788 1921 848 argumentum.

394 868 488 922 27.
544 868 742 925 Videns
783 882 913 938 ergo
941 870 1084 939 quod
1123 870 1375 924 transiret
1400 871 1467 925 de
1497 871 1598 926 hoc
1629 872 1827 925 munlo
1858 870 1924 924 ad

317 970 535 1031 patrem
564 1004 579 1027 ,
614 976 739 1014 cum
778 961 1055 1015 dilexisset
1084 977 1211 1014 suos
1238 1003 1251 1024 ,
1300 963 1350 1014 in
1393 959 1551 1015 ﬁnem
1591 961 1778 1015 dilexit
1806 977 1922 1029 ens,

318 1056 491 1109 verba
521 1068 774 1123 promens
795 1053 848 1107 in
870 1052 1061 1108 mortis
1083 1054 1312 1107 articulo
1338 1068 1500 1122 super
1531 1053 1633 1107 mel
1664 1062 1718 1108 et
1745 1052 1923 1109 favum

318 1146 633 1216 prmduicia.
678 1142 860 1197 Monet
891 1159 985 1198 eos
1016 1159 1177 1213 super
1206 1145 1411 1197 unitate
1440 1143 1713 1208 sectanda,
1747 1145 1922 1213 paeni-

318 1238 496 1291 tentia
527 1235 801 1299 facienda,
843 1235 1092 1289 castitate
1123 1234 1418 1303 diligenda,
1448 1236 1707 1304 patientia
1738 1236 1923 1303 acqui-

318 1329 512 1393 renda,
543 1327 782 1381 vanitate
820 1327 997 1381 saeculi
1029 1326 1443 1391 contemnenda,
1477 1336 1531 1380 ct
1561 1335 1680 1395 post
1710 1342 1920 1380 tuorum

317 1421 761 1478 exhortationem
791 1418 1061 1474 subnectit
1107 1418 1287 1472 verbis
1316 1418 1697 1488 prolixioribus
1735 1419 1919 1471 utilem

316 1513 390 1569 de
431 1511 737 1565 Divinitatis
785 1519 837 1563 et
878 1509 1224 1563 humanitatis
1267 1508 1367 1563 fide
1408 1524 1733 1564 sermonem.
1795 1507 1918 1562 Mox

318 1604 466 1658 inter
492 1603 707 1658 dolores
736 1602 983 1672 corporis
1018 1608 1072 1655 et
1102 1616 1362 1656 maerores
1409 1603 1603 1655 mentis
1628 1643 1641 1664 ,
1685 1610 1833 1655 velut
1866 1604 1917 1656 in

314 1694 564 1765 quodam
592 1693 892 1748 meditullio
921 1693 1244 1747 constitutus
1266 1734 1280 1758 ,
1312 1693 1542 1760 gemitus
1576 1691 1710 1747 fudit
1739 1706 1793 1747 et
1824 1695 1918 1748 lle-

316 1794 438 1850 tus;
488 1796 543 1840 et
572 1785 623 1840 in
655 1800 713 1839 se
745 1785 960 1853 quidem
989 1798 1218 1853 corpore
1248 1785 1476 1854 patiens,
1508 1783 1758 1839 Ecclesiae
1786 1801 1916 1841 vero

2030 595 2222 649 beatus
2267 594 2505 664 pontifex
2551 593 2898 649 Eleutherius
2944 597 2996 651 in
3047 600 3305 655 extremis
3352 616 3519 671 agens
3563 611 3622 659 et

2028 686 2328 741 accersiens
2372 684 2692 740 Andoenum
2717 725 2732 750 ,
2794 687 2951 756 jubet
3012 697 3071 745 ut
3109 699 3232 761 post
3260 693 3426 763 ipsius
3452 695 3621 765 patris

2028 790 2307 829 excessum
2336 775 2563 831 dilectus
2594 777 2731 831 ﬁlius
2761 777 2984 833 Romam
3024 783 3324 852 acceleret,
3356 793 3411 839 et
3438 787 3618 841 muni-

2028 875 2209 920 menta
2241 865 2397 931 ﬁdei,
2426 882 2549 935 qua;
2574 875 2793 925 sanctus
2822 870 3159 935 confecerat,
3196 890 3410 931 summo
3437 878 3617 946 ponti-

2025 954 2108 1009 ﬁci
2140 956 2417 1011 Bouil‘acio
2449 968 2814 1029 repraesentet.
2867 960 2936 1015 Et
2978 963 3169 1018 iterum
3212 981 3504 1024 conversus
3546 969 3616 1026 ad

2025 1049 2289 1103 orationis
2327 1049 2691 1113 dulcedinem,
2726 1052 2855 1107 vidit
2894 1070 2922 1107 a
2953 1056 3186 1112 sinistris
3222 1057 3477 1115 Satanam
3521 1076 3614 1117 as-

2022 1142 2316 1196 sistentem.
2379 1142 2608 1197 Volebat
2658 1144 2800 1197 enim
2857 1146 3250 1218 interrumpere
3303 1140 3617 1208 sermonem

2023 1234 2260 1300 orantis,
2293 1234 2377 1288 vel
2411 1241 2617 1288 terrore
2654 1250 2765 1289 sua:
2805 1239 3103 1305 ptassentite
3149 1242 3474 1298 conturbare
3503 1245 3615 1314 spi-

2021 1323 2183 1376 ritum
2212 1325 2494 1389 exeuntis;
2539 1324 2633 1379 sed
2661 1324 2906 1381 funestus
2945 1328 3032 1383 ille
3074 1328 3293 1386 furcifer
3317 1334 3615 1403 apparebat

2020 1414 2072 1468 in
2105 1415 2312 1469 irritum
2353 1415 2401 1470 ei
2431 1414 2692 1470 duntaxat
2718 1458 2734 1485 ,
2776 1417 2828 1471 in
2858 1433 2966 1486 quo
2998 1420 3127 1474 nihil
3156 1432 3468 1491 reperturus
3495 1431 3614 1479 erat

2021 1509 2295 1577 proprium
2345 1507 2430 1561 vel
2478 1506 2764 1563 funestum.
2825 1508 2996 1576 Quem
3053 1520 3274 1568 sanctus
3323 1514 3614 1584 objurgans

2019 1597 2237 1658 verbis,
2291 1597 2572 1653 confusum
2630 1600 2850 1669 expellit
2907 1586 3124 1657 ostenso
3174 1612 3376 1658 sanctae
3435 1607 3612 1661 crucis

2020 1689 2317 1756 signaculo.
2350 1688 2485 1743 Hinc
2515 1706 2815 1757 monemur,
2846 1692 3067 1758 fratres,
3099 1702 3185 1760 ut,
3214 1710 3336 1750 cum
3364 1704 3612 1753 extrema

2018 1781 2183 1835 debiti
2217 1782 2336 1837 linis
2358 1782 2603 1839 imminet
2627 1784 2778 1850 hora,
2806 1799 3063 1841 exercere
3088 1801 3186 1841 nos
3211 1786 3408 1843 debeat
3434 1787 3613 1844 oratio

314 1879 490 1936 corde
509 1878 862 1949 eompatiens,
882 1892 1172 1932 conversus
1192 1877 1256 1931 ad
1279 1876 1564 1932 Dominmn
1590 1876 1916 1952 ﬁdcmsuam
1951 1878 1990 1933 Β
2021 1873 2293 1928 continua.
2321 1873 2379 1929 Si
2408 1874 2553 1929 enim
2577 1875 2643 1929 ad
2668 1875 2849 1944 ignota
2869 1876 2952 1930 vel
2976 1876 3134 1945 longe
3162 1878 3336 1948 posita
3365 1878 3484 1934 loca
3510 1893 3613 1935 nos

315 1970 504 2025 verbis
533 1969 714 2037 ignitis
745 1970 973 2033 recitat,
1023 1984 1121 2038 pro
1166 1968 1350 2023 amicis
1391 1976 1446 2024 et
1490 1969 1718 2024 inimicis
1746 1970 1916 2025 Deum

320 2063 617 2128 obsecrat;
664 2059 956 2115 Ecclesiam
1007 2059 1432 2127 Tornaccnsem,
1465 2070 1520 2116 et
1547 2076 1641 2116 eos
1673 2063 1763 2131 qui
1793 2078 1917 2133 spe-

316 2150 535 2214 cialiter
563 2160 617 2206 et
646 2151 840 2205 devote
870 2157 1114 2205 tenerent
1145 2151 1393 2206 eumdem
1427 2152 1478 2205 in
1518 2153 1776 2207 memoria
1807 2153 1916 2207 Do-

317 2244 472 2298 mino
498 2241 921 2297 recommendat.
956 2241 1167 2307 Vidisti,
1203 2242 1392 2311 inquit,
1420 2242 1666 2312 Domine,
1689 2258 1917 2313 agonem

316 2352 526 2400 meum,
558 2335 699 2389 nosti
729 2334 1054 2390 desiderium
1084 2349 1263 2388 meum
1295 2351 1311 2386 τ
1344 2349 1443 2403 ego
1473 2335 1615 2389 enim
1641 2335 1753 2407 jam
1782 2335 1917 2390 deli-

313 2429 453 2491 bor,
491 2435 548 2482 et
574 2428 713 2481 viam
745 2425 1009 2482 universte
1039 2426 1216 2481 carnis
1246 2426 1521 2495 ingredior
1552 2445 1565 2479 :
1597 2434 1806 2498 tempus
1835 2437 1918 2484 est

315 2527 378 2574 nt
408 2526 569 2573 terra:
597 2515 962 2580 commendes,
996 2516 1251 2582 Domine,
1283 2530 1479 2586 corpus
1518 2533 1718 2573 meum.
1761 2518 1916 2574 Sicut

317 2628 519 2670 cervus
540 2609 811 2666 desiderat
839 2626 1031 2680 aquam
1060 2609 1222 2665 fontis
1245 2652 1259 2676 ,
1294 2611 1466 2664 viator
1496 2610 1655 2666 ﬁnem
1687 2613 1912 2682 itineris,

322 2719 517 2756 servus
554 2702 1035 2757 remunerationem
1066 2703 1282 2772 operis,
1328 2702 1400 2756 ita
1449 2712 1666 2758 sanctus
1715 2703 1913 2774 perfrui

319 2793 699 2862 conspectibus
731 2793 1048 2849 Salvatoris.
1086 2793 1277 2849 Nonne
1306 2794 1460 2848 nobis
1486 2792 1684 2849 dixisse
1706 2796 1916 2849 videtur

315 2886 430 2940 hoc
481 2884 645 2941 verbo
688 2901 809 2940 cum
859 2885 1171 2941 tenderetur
1218 2886 1480 2956 prolixior
1527 2892 1645 2955 ejus
1697 2888 1910 2956 agonia,

311 2975 591 3037 desiderio
619 2974 783 3041 feror,
814 2991 1077 3047 corporea
1112 2976 1259 3031 mole
1282 2977 1573 3032 retrahor?
1623 2976 1772 3033 Hanc
1798 2995 1915 3032 sar-

310 3066 498 3119 cinam
538 3074 781 3136 tempore
810 3050 1021 3136 prolixo
1050 3066 1259 3138 portari
1283 3108 1298 3133 ,
1339 3066 1428 3121 diu
1466 3083 1628 3139 super
1657 3069 1911 3139 populum

310 3156 449 3210 mihi
498 3155 758 3211 creditum
806 3156 1021 3226 vigilavi
1062 3175 1075 3209 :
1115 3157 1311 3212 vellem
1352 3158 1419 3212 ab
1462 3158 1564 3213 hac
1608 3160 1911 3214 obedienlia

2018 1962 2071 2015 in
2103 1961 2206 2017 hoc
2233 1963 2431 2018 mundo
2460 1965 2690 2020 transire
2716 1964 3068 2037 disponimus,
3106 1970 3269 2025 modo
3298 1985 3397 2027 nos
3425 1971 3613 2041 proxi-

2019 2068 2227 2106 morum
2267 2054 2603 2109 orationibus
2625 2056 3097 2124 commendamus,
3130 2059 3293 2114 modo
3321 2075 3422 2116 nos
3460 2060 3612 2130 ipsos

2019 2147 2072 2200 in
2122 2146 2238 2216 ipso
2285 2148 2632 2216 profectionis
2676 2148 2903 2205 articulo
2952 2151 3208 2207 continua
3250 2152 3611 2224 lacrymarum

2017 2236 2368 2294 inundatione
2399 2237 2786 2308 perfundimus,
2813 2241 3162 2298 obsecrantes
3189 2240 3377 2310 Deum,
3408 2252 3468 2298 ut
3490 2244 3611 2315 pla-

2019 2326 2152 2381 cidis
2169 2328 2421 2384 itinerum
2442 2331 2821 2399 congressibus
2839 2346 3211 2403 properemus.
3240 2333 3366 2389 Etsi
3386 2350 3487 2390 nos
3498 2343 3612 2391 tam

2017 2419 2258 2473 studiose
2296 2428 2578 2475 manentes
2614 2421 2791 2476 adhuc
2831 2421 2887 2476 in
2929 2423 3124 2478 stecnlo
3171 2423 3313 2479 istud
3359 2425 3566 2493 agimus
3589 2462 3610 2492 ,

2017 2519 2221 2579 quanto
2246 2512 2539 2566 studiosius
2561 2512 2614 2567 in
2638 2511 2744 2567 ﬁne
2771 2512 2896 2567 talia
2921 2511 3096 2569 facere
3117 2530 3217 2570 nos
3242 2515 3539 2572 debemus?

2084 2602 2176 2655 50.
2222 2601 2370 2657 Unde
2398 2614 2453 2657 et
2482 2605 2668 2659 beatus
2706 2605 2899 2674 pnesul
2939 2606 3271 2663 incessanter
3309 2608 3502 2663 orabat
3540 2608 3611 2665 ad

2016 2692 2303 2746 Dominum
2326 2734 2340 2758 ,
2390 2694 2837 2749 recommendans
2884 2695 2938 2750 in
2976 2709 3167 2751 manus
3206 2696 3324 2765 ejus
3358 2698 3609 2767 spiritum

2015 2798 2172 2837 suum
2207 2800 2221 2835 :
2254 2791 2309 2837 et
2339 2792 2595 2854 percepto
2636 2786 2877 2856 corporis
2921 2794 2980 2842 et
3023 2787 3299 2855 sanguinis
3342 2786 3610 2845 Dominici

2015 2883 2355 2931 sacramento
2378 2914 2394 2940 ,
2436 2890 2638 2931 corona
2667 2876 2942 2933 laureatos
2976 2877 3401 2939 immarcesSibili
3424 2918 3440 2943 ,
3480 2894 3608 2935 cum

2016 2967 2279 3021 immenso
2329 2966 2556 3031 lumine,
2615 2968 2824 3022 cunctis
2850 2968 2941 3036 qui
2967 2967 3192 3024 aderant
3220 2969 3522 3025 videntibus
3548 2980 3609 3027 et

2015 3057 2392 3128 gaudentibus.
2427 3059 2637 3114 transiit
2658 3059 2915 3115 invitatus
2928 3059 2994 3114 ad
3022 3061 3210 3130 epulas
3236 3062 3488 3132 paradisi.
3514 3061 3623 3120 Sic-

2014 3149 2252 3219 pretiosa
2299 3151 2585 3219 margarita
2633 3155 2903 3221 quoniam
2941 3152 3009 3208 ab
3046 3153 3350 3212 hominibus
3387 3141 3622 3214 concul-i

310 3248 557 3314 liberari,
588 3251 736 3318 gravi
763 3250 919 3306 nimis
947 3250 1258 3305 indumento
1282 3294 1295 3317 ,
1320 3251 1462 3320 quod
1494 3261 1679 3321 gesto,
1710 3270 1909 3325 exspo-

2013 3251 2162 3308 cata,
2193 3256 2337 3297 nunc
2365 3242 2756 3298 thesaurizatuf-
2779 3244 2831 3298 in
2861 3242 3037 3309 ctelis,
3077 3246 3376 3304 honoratur
3411 3250 3481 3305 ab
3506 3265 3606 3305 an-

310 3338 437 3393 liari
460 3382 479 3408 ,
511 3340 790 3395 subtiliore
820 3342 1003 3396 vestiri
1031 3360 1044 3394 :
1081 3343 1132 3396 in
1163 3354 1236 3406 te,
1282 3343 1503 3398 Domine
1529 3386 1541 3409 ,
1576 3345 1820 3409 confido,
1857 3355 1910 3403 te

309 3432 506 3487 videre
521 3431 793 3500 desidero,
812 3443 864 3487 te
884 3435 1122 3502 requiro,
1142 3444 1193 3489 te
1215 3451 1428 3505 semper
1449 3436 1499 3489 in
1525 3437 1651 3491 terri
1671 3472 1678 3480 -
1703 3439 1910 3508 positus

310 3522 485 3589 colui,
502 3522 588 3575 cui
608 3537 693 3577 me
707 3531 816 3576 tota
842 3522 1129 3578 dilectione
1144 3523 1364 3580 devovi:
1383 3525 1547 3581 libera
1562 3543 1668 3595 me,
1687 3528 1909 3584 Domine

309 3611 463 3668 Deus
494 3627 681 3675 meus,
714 3613 805 3681 qui
835 3627 893 3668 es
923 3613 973 3667 in
1004 3615 1323 3669 sreculorum
1353 3617 1545 3671 secula
1572 3618 1907 3676 benedictus.

382 3702 481 3758 28.
514 3702 584 3757 Et
604 3719 730 3759 ecce
752 3719 878 3759 mox
899 3714 1103 3759 certum
1125 3706 1487 3763 exauditionis
1515 3708 1787 3779 indicium,
1814 3726 1913 3782 per

320 3804 597 3869 aspectum
633 3797 841 3852 scilicet
868 3807 924 3852 et
950 3798 1208 3854 auditum.
1257 3799 1457 3869 Ful‘gor
1505 3801 1648 3856 enim
1688 3816 1912 3872 magnus

306 3891 572 3962 apparuit
603 3907 616 3943 :
648 3905 753 3945 vox
776 3890 845 3946 de
871 3892 1011 3947 caelo
1038 3892 1186 3947 velut
1212 3893 1417 3948 alarum
1461 3895 1655 3964 aquilae
1682 3896 1863 3951 sonuit
1895 3913 1907 3951 :

305 3981 593 4037 Eleutheri
621 4024 637 4047 ,
677 3989 767 4036 tua
811 3990 893 4037 est
940 3983 1189 4038 exaudita
1219 3983 1560 4055 deprecatio,
1607 3987 1798 4056 dignus
1826 3996 1911 4044 est

304 4075 455 4130 enim
502 4069 786 4143 operarius
823 4075 945 4131 cibo
971 4091 1071 4130 suo
1102 4093 1116 4139 ;
1149 4076 1464 4133 Trinitatem
1506 4080 1770 4137 catholice
1794 4082 1912 4137 eol-

305 4162 579 4230 laudasti,
622 4163 849 4231 viriliter
885 4174 943 4219 et
967 4165 1195 4221 sollicite
1243 4166 1530 4224 decertasti
1561 4188 1573 4223 :
1610 4188 1749 4227 nunc
1778 4188 1910 4230 vero

304 4253 550 4309 ﬁnaliter
624 4254 984 4310 exauditionis
1037 4256 1327 4311 efﬁcaciam
1386 4261 1707 4328 reportasti;
1764 4264 1908 4331 quod

301 4346 526 4417 uepisti
550 4388 564 4412 ,
597 4345 797 4415 perﬁce
837 4362 992 4402 serve
1033 4364 1184 4403 meus
1204 4388 1221 4414 ,
1253 4365 1322 4403 ne
1367 4358 1488 4420 post
1517 4352 1717 4407 bonum
1746 4335 1907 4409 ﬁnem

300 4438 542 4494 ducatur
570 4438 627 4492 in
664 4437 898 4493 irritum.
951 4437 1109 4493 Liber
1152 4439 1327 4494 bonus
1374 4442 1722 4497 evacuabitur
1749 4486 1764 4511 ,
1811 4445 1907 4499 sed

300 4530 737 4596 restaurabitur,
781 4530 834 4584 in
872 4530 1012 4600 ignis
1049 4532 1352 4587 incendium
1392 4531 1652 4601 jacietur,
1683 4535 1777 4591 sed
1804 4551 1904 4591 vo-

2013 3332 2148 3399 gelis
2170 3375 2189 3401 ,
2236 3332 2432 3389 fruitur
2468 3336 2750 3404 praesentia
2795 3335 3074 3393 Trinitatis
3096 3377 3113 3403 ,
3150 3339 3310 3408 digna
3349 3341 3607 3398 thesauro

2016 3424 2184 3494 regio,
2217 3425 2375 3494 digna
2404 3425 2623 3496 palatio,
2653 3426 2813 3494 digna
2841 3428 2982 3484 ccelo
3013 3447 3025 3481 :
3059 3443 3161 3485 nec
3186 3430 3417 3501 amplius
3444 3445 3604 3500 erga-

2014 3516 2157 3572 stulo
2185 3517 2477 3582 clauditur,
2510 3527 2828 3588 paupertate
2855 3521 3148 3588 premitur,
3178 3522 3368 3577 etsilio
3398 3522 3606 3591 relega-

2014 3620 2120 3677 tur,
2174 3609 2272 3666 sed
2296 3611 2464 3671 libere
2491 3612 2924 3682 contemplatur;
2951 3613 3048 3669 Hic
3072 3625 3155 3671 est
3178 3616 3322 3671 enim
3350 3616 3410 3670 Β.
3443 3616 3605 3672 Eleu-

2015 3700 2219 3757 therius
2240 3740 2259 3766 ,
2305 3702 2553 3773 proprius
2598 3704 2872 3774 apostolus
2909 3704 3266 3764 Tornacensis
3294 3710 3601 3778 evangelico

2013 3791 2329 3858 ministerio,
2361 3801 2565 3865 martyr
2588 3794 2848 3863 sanguine
2877 3797 3115 3866 proprio.
3148 3795 3433 3870 Hartyrem
3454 3801 3601 3855 enim

2011 3897 2174 3939 causa
2197 3884 2326 3940 facit
2349 3892 2405 3939 et
2428 3899 2587 3955 pmna
2610 3903 2624 3938 :
2649 3901 2811 3942 causa
2839 3887 2938 3943 fuit
2958 3889 3009 3942 in
3035 3903 3101 3944 eo
3121 3891 3359 3962 martyrii
3382 3891 3605 3949 libertas

2012 3972 2136 4029 ﬁdei
2160 3974 2472 4041 catholicas,
2516 3991 2675 4046 poma
2709 3975 2808 4032 fuit
2837 3979 3101 4036 acerbitas
3128 3982 3392 4051 passionis
3419 3981 3600 4039 illatae.

2011 4062 2392 4124 Confessorem
2434 4084 2557 4123 eum
2596 4069 2945 4127 nihilominus
2984 4072 3214 4129 reddidit
3251 4075 3399 4144 rigor
3434 4076 3603 4134 absti-

2013 4158 2230 4226 nentiae,
2255 4159 2410 4227 vigor
2436 4161 2765 4231 paenitentia:
2796 4182 2809 4217 :
2844 4163 3113 4233 Virginem
3151 4165 3348 4224 mentis
3373 4170 3602 4238 puritas,

2009 4260 2066 4306 et
2092 4251 2270 4306 carnis
2298 4252 2578 4321 integritas
2599 4295 2613 4319 ,
2643 4254 2838 4324 quibus
2879 4258 3098 4313 emicuit
3144 4260 3380 4327 gratiose
3402 4299 3418 4327 ,
3461 4277 3603 4319 nunc

2009 4357 2139 4397 vero
2169 4340 2328 4398 ﬁoret
2354 4342 2406 4397 in
2436 4344 2607 4414 patria
2635 4345 2887 4414 gloriose.
3604 4338 3609 4341 ’

2065 4432 2171 4489 51.
2205 4432 2374 4504 Hujus
2399 4450 2595 4505 corpus
2619 4438 2908 4507 sepulturae
2935 4440 3149 4496 tradidit
3175 4443 3442 4510 gloriosus
3464 4462 3600 4517 pon-

2012 4522 2140 4579 tifex
2169 4523 2542 4582 Noviomensis
2569 4535 2625 4582 et
2650 4528 2931 4586 confessor
2956 4529 3153 4591 Christi
3182 4532 3487 4599 Medardus,
3517 4538 3599 4592 ei-

298 4623 488 4677 lnntas
519 4620 733 4677 Domini
759 4628 880 4685 est,
925 4631 985 4677 ut
1012 4631 1134 4692 post
1175 4624 1289 4679 htec
1329 4622 1581 4681 Ecclesia:
1611 4628 1899 4684 reveletur.

2013 4616 2130 4671 dem
2162 4616 2214 4671 in
2245 4616 2602 4676 'l‘ornacensis
2628 4621 2811 4691 populi
2841 4623 3076 4691 regimen
3106 4626 3351 4695 proxime
3377 4641 3597 4683 succes-

295 4710 400 4766 llis
428 4712 612 4778 dictis,
645 4730 749 4769 vox
792 4715 973 4769 audita
1012 4730 1153 4770 cum.
1183 4716 1427 4771 claritate
1464 4718 1574 4772 visa
1616 4718 1898 4790 disparuit.

293 4806 544 4860 Sanctus
572 4815 754 4861 autem
778 4806 830 4861 in
854 4808 1141 4874 gratiarum
1169 4809 1409 4864 actiones
1438 4810 1752 4867 mirabiliter
1774 4829 1902 4869 mox

288 4901 504 4968 erupit.
523 4899 670 4965 Quas
689 4900 781 4967 qui
802 4899 984 4955 videre
1000 4900 1287 4967 desiderat,
1307 4917 1584 4959 sermones
1604 4904 1738 4973 ejus,
1762 4920 1900 4975 quos

290 4991 539 5061 propriis
567 4993 704 5047 locis
734 4991 905 5050 factos
944 5008 1105 5049 causa
1137 4994 1366 5051 vitandae
1405 4998 1727 5066 prolixitatis
1755 5000 1895 5054 omi-

284 5084 489 5145 simus.
525 5082 811 5151 diligenter
840 5084 999 5153 legat.

371 5178 388 5206 ³
435 5174 531 5228 ‘29.
584 5172 957 5229 Sollicitudine
1002 5193 1109 5230 non
1166 5177 1348 5247 pigros
1406 5193 1619 5249 semper
1672 5180 1895 5252 legimus

282 5264 575 5320 exstitisse
614 5273 864 5331 sanctos;
906 5274 992 5334 et,
1022 5268 1276 5337 quoniam
1309 5267 1679 5324 haereticorum
1715 5286 1894 5327 sermo

280 5356 464 5426 serpit
498 5363 556 5410 ut
586 5370 804 5422 cancer,
837 5355 1002 5411 libros
1030 5364 1085 5411 et
1112 5372 1391 5415 sermones
1416 5359 1739 5429 multiplices
1762 5376 1895 5417 con-

282 5456 657 5513 struxerunt,
701 5462 769 5502 ne
797 5448 917 5503 ﬁdei
941 5448 1138 5502 vallum
1167 5449 1586 5519 irrumperetur,
1616 5451 1700 5507 vel
1730 5454 1899 5523 perti-

282 5538 530 5601 naciter,
562 5522 925 5604 vellatenter,
966 5547 1027 5604 et
1052 5537 1173 5594 ideo
1202 5555 1299 5610 per
1325 5538 1647 5596 documenta
1680 5522 1897 5599 sancto;

371 5716 391 5746 ⁸
424 5716 575 5770 Alias
600 5728 722 5784 cap.
756 5731 863 5770 xiv.

370 5787 391 5817 ⁸
423 5786 572 5867 ﬁlias
600 5799 721 5867 cap.
746 5800 841 5867 ἑν.

369 5864 400 5892 ⁸
432 5855 546 5921 Hoc
574 5854 888 5921 mii'aeitlum
930 5856 981 5909 in
1020 5854 1141 5910 Vita
1191 5856 1480 5915 Eleutherii
1514 5878 1578 5914 ex
1606 5878 1731 5915 mss.
1760 5860 1890 5916 Cor-

369 5870 400 5892 ·
432 5870 473 5909 ιι
574 5870 888 5921 mtrantum
930 5872 981 5909 In
1029 5870 1141 5910 Vita
1191 5870 1480 5915 Isleutnern
1514 5878 1578 5914 ex
1606 5878 1731 5915 mss.
1760 5870 1890 5916 (Jor-

286 5926 431 5981 ιειίί
477 5870 691 6007 Οὖτιψὶ
742 5935 792 5977 et
845 5924 1160 6007 Tornacetrsi
1225 5929 1419 5985 dicitur
1468 5932 1892 6007 scriptorijndi-

574 5998 843 6058 Ριτιιοι..
888 5998 1078 6062 LXV.

2007 4722 2184 4774 surus,
2207 4716 2263 4761 et
2284 4708 2612 4764 solemnibus
2642 4713 2942 4781 procuratis
2967 4716 3255 4785 exsequiis,
3279 4731 3398 4785 qua:
3428 4718 3599 4787 magis

2006 4808 2132 4855 sunt
2149 4801 2391 4856 vivorum
2414 4802 2627 4869 solatia,
2649 4819 2808 4873 quam
2831 4807 3063 4863 subsidia
3085 4818 3445 4879 mortuorum,
3466 4812 3598 4869 illud

2006 4891 2309 4947 venerabile
2330 4894 2500 4949 sancti
2524 4893 2754 4965 Spiritus
2773 4911 3032 4967 organum
3066 4900 3133 4955 de
3162 4905 3435 4958 communi
3463 4920 3596 4962 eon-

2005 4982 2127 5038 silio
2157 4983 2210 5038 in
2239 4983 2300 5038 Β.
2328 4984 2472 5041 Petri
2506 4985 2892 5044 Blandiniensis
2919 4990 3143 5047 ecclesia
3172 5002 3256 5048 est
3282 4996 3549 5067 sepultum
3581 5016 3596 5051 :

2001 5082 2082 5143 ut,
2109 5077 2201 5147 qui
2231 5076 2389 5133 ﬁdem
2419 5095 2554 5148 puer
2582 5080 2721 5135 inter
2748 5080 3230 5156 inlitlelesolenuit,
3273 5088 3592 5146 adolescens

2001 5167 2244 5222 eamdem
2272 5168 2476 5234 docuit,
2498 5186 2598 5241 pro
2623 5185 2727 5239 qua
2754 5181 3042 5230 veteranus
3069 5180 3340 5249 occubuit,
3364 5181 3416 5235 in
3449 5169 3609 5239 illius

2001 5258 2355 5313 tumnlarctur
2382 5261 2608 5316 ecclesia
2626 5301 2641 5327 ,
2673 5263 2822 5332 cujus
2851 5262 2982 5320 ﬁdes
3008 5271 3374 5337 perseverabit
3402 5272 3454 5327 in
3483 5288 3588 5329 sre-

2001 5348 2179 5404 culum
2209 5350 2430 5405 illibata.
2610 5406 2613 5409 λ

2072 5444 2091 5472 ¹
2136 5442 2222 5496 52.
2270 5452 2295 5479 δι
2342 5443 2476 5498 Vere
2522 5447 2754 5516 pretiosa
2804 5459 2886 5504 est
2935 5453 2986 5504 in
3033 5462 3325 5522 conspectu
3376 5454 3590 5512 Domini

2000 5547 2145 5587 mors
2174 5541 2480 5589 sanctorum
2500 5577 2513 5602 ,
2547 5536 2688 5592 sicut
2726 5539 2776 5593 in
2816 5538 2902 5595 die
2932 5540 3283 5613 depositionis
3310 5546 3587 5603 confesso-

2000 5714 2177 5760 catnm
2226 5708 2295 5760 ab
2351 5707 2648 5787 lleydilone
2707 5714 3089 5787 episcopopet
3144 5728 3268 5787 post
3325 5719 3586 5775 elevatio-

2000 5791 2121 5857 nem
2151 5779 2393 5857 corporis
2421 5779 2485 5857 ac
2511 5779 2779 5857 _n_t_iracula
2831 5779 2957 5857 tunc
2980 5779 2983 5780 ⁷
3004 5779 3161 5857 [μαλ’
3191 5798 3441 5844 narratur
3462 5832 3479 5857 ,
3529 5801 3584 5845 et

1997 5847 2206 5928 melius.
2266 5848 2396 5928 Nam
2427 5850 2480 5904 S.
2509 5849 2710 5928 Eligius
2746 5862 2801 5907 ct
2830 5855 3102 5928 Amandus
3129 5859 3322 5913 steeulo
3352 5847 3579 5928 septimo

1995 5914 2290 5974 ﬂoruerunt
2310 5962 2325 5989 ,
2366 5936 2429 5978 ac
2459 5914 2652 5979 mortui
2681 5933 2833 5992 sunt,
2870 5926 2957 5979 ille
2986 5943 3128 5981 anno
3155 5928 3279 5993 665,
3323 5914 3579 5985 hic'anno

3116 6009 3154 6069 3
