4122 6330
490 334 567 388 σε
1372 333 1457 390 'S.
1501 332 1911 392 ELEUTHERB
1955 334 2113 393 VITA
2150 340 2471 397 AUCTORE
2506 344 2875 404 GUIBERTO.
3702 358 3773 414 7i

490 451 565 504 ris
612 448 1050 503 Cltristi'factum
1099 456 1182 505 est
1219 449 1580 505 manifestum.
1631 449 1882 516 Quasdam
1929 455 2070 508 enim
2100 456 2413 518 Avidentia
2442 503 2456 523 ,
2509 464 2654 530 quod
2699 464 2931 533 dignitas
2979 469 3248 527 cathedra
3290 468 3673 532 "l'ornaconsis‘
3716 480 3775 535 in

490 540 686 596 mulier
708 554 852 596 caeca
880 548 936 594 et
967 548 1135 605 mnta,
1156 540 1283 593 dum
1315 549 1441 595 ante
1465 541 1633 595 altare
1660 542 1890 608 ducitur,
1915 543 2074 600 ducta
2204 544 2265 601 Β.
2292 546 2545 606 Medar'do
2574 552 2808 622 perdita,
2841 570 2941 625 per,
2967 556 3026 610 Β.
3058 557 3292 616 Medardi
3325 561 3490 619 filium
3519 565 3617 621 fuit
3643 567 3776 622 Tor.’

488 635 797 698 dimittitur,
830 632 1047 688 dimissa
1074 640 1394 703 soporatur,
1420 642 1685 703 soporata
1703 644 1940 690 curatur.
1971 636 2074 691 So-
2188 642 2506 700 nacensibus
2533 645 2801 700 restituta.

490 736 678 797 parata
701 726 963 796 siquidem
984 725 1556 788 modicumyvisiouem
1578 724 1730 791 vidit,
1753 740 1871 795 qua:
1892 743 2075 781 aurem
2591 754 2606 789 ς

489 819 728 874 exterius
754 819 926 873 εἰιιριη
949 817 1194 887 aperuit,
1226 816 1351 870 dum
1382 816 1641 871 revelavit
1667 817 1892 873 interius
1919 819 2078 873 intel-

491 912 711 965 lectum.
742 909 879 976 Quid
919 909 1116 978 plura?
1158 906 1468 962 Locutionis
1510 924 1665 962 usum
1702 909 1894 964 mulier
1921 926 2077 965 recu-

489 1002 697 1069 peravit
724 1012 782 1056 et
824 1000 1018 1054 visum.
1065 999 1328 1070 Apparuit
1364 999 1508 1053 enim
1554 999 1764 1054 mulieri
1812 1000 2077 1070 gloriosus

477 1080 729 1161 ‘pontifex
758 1089 1101 1147 Eleutherius
1128 1104 1252 1145 cum
1292 1087 1490 1144 Christi
1519 1090 1841 1162 martyribus
1867 1090 2076 1145 Nicasio

2803 780 3028 837 CAPUT
3070 783 3136 839 VI

2180 886 2415 945 Elevatio
2459 894 2690 962 corporis
2720 892 2780 948 S.
2807 893 3122 981 Elegit/tarn,
3150 909 3386 956 mortuus
3415 909 3767 978 resuscitatus,

2792 978 2916 1036 wgrt
2945 978 3141 1022 sanati.

2250 1071 2269 1100 '
2406 1069 2571 1140 Igitur
2589 1073 2643 1127 in
2670 1074 2809 1129 illius
2832 1076 3043 1135 ﬂuentis
3067 1084 3324 1151 temporis
3343 1085 3767 1160 intercapedine,

487 1193 543 1236 et
563 1182 737 1247 Piato,
762 1184 1072 1252 sanctisque
1099 1181 1498 1237 confessoribus
1522 1180 1695 1250 Eligio
1721 1190 1776 1237 et
1800 1180 2073 1244 Amando;

486 1274 577 1343 qui
606 1274 815 1342 signum
842 1274 1020 1331 crucis
1047 1273 1286 1328 mulieris
1312 1272 1586 1343 impressit
1613 1272 1813 1339 oculis,
1839 1281 1896 1327 et
1922 1272 2074 1343 quasi

487 1364 736 1419 baculum
768 1365 981 1432 igneum
1010 1364 1091 1418 ori
1122 1362 1238 1433 ejus
1277 1363 1523 1433 injiciens
1548 1405 1563 1429 ,
1606 1364 1819 1419 curavit
1857 1366 2074 1433 (egritu-

485 1455 640 1510 dines
665 1454 939 1525 patientis.
986 1451 1034 1508 0
1061 1453 1257 1508 Christi
1287 1454 1560 1510 confessor
1588 1462 1644 1509 et
1670 1464 1877 1527 martyr
1898 1497 1937 1531 ,_
1962 1471 2079 1510 me-

486 1547 595 1602 rito
623 1546 947 1603 venerabilis
986 1545 1296 1614 Eleutheri,
1325 1545 1416 1615 qui
1454 1547 1669 1614 gemino
1695 1546 1880 1614 gratia:
1910 1547 2076 1615 privi-

480 1639 629 1708 legio
674 1638 993 1693 militantem
1056 1636 1349 1693 Ecclesiam
1399 1637 1720 1705 illustrasti,
1774 1635 2078 1706 fragilitatis

464 1738 685 1785 nostra
718 1727 960 1784 defectus
988 1728 1146 1784 oculo
1174 1728 1381 1798 respice
1410 1729 1627 1798 pietatis
1659 1747 1671 1781 :
1706 1737 1764 1784 et
1792 1730 1865 1783 tui
1895 1731 2077 1799 prmsi-

2176 1173 2286 1227 quo
2315 1159 2435 1215 dua:
2462 1161 2618 1217 dicta:
2646 1163 2906 1221 diceceses
2933 1167 3185 1235 leguntur
3210 1173 3372 1229 unitse
3393 1216 3408 1240 ,
3451 1179 3769 1246 praesidebat

2162 1246 2411 1317 .Heidilo,
2459 1252 2542 1306 vir
2578 1254 2749 1309 multo
2791 1258 3042 1324 praeditus
3091 1264 3395 1331 prmconio,
3431 1276 3454 1304 ε
3484 1267 3767 1337 vigesimus

2178 1349 2362 1395 sextus
2391 1358 2421 1396 a
2453 1345 2510 1397 Β.
2545 1342 2878 1414 Eleutherio,
2936 1350 3088 1419 cujus
3126 1361 3370 1424 tempore
3408 1368 3647 1426 grassata
3670 1359 3768 1417 'le-

2178 1431 2321 1497 gitur
2368 1431 2724 1490 Normannica
2769 1439 2944 1493 rabies
2971 1441 3022 1494 in
3056 1438 3081 1478 ἀ
3117 1441 3379 1501 Tornaco.
3414 1439 3766 1520 Temporibus

2179 1528 2359 1576 autem
2402 1523 2525 1577 dicti
2555 1526 2849 1595 pontiﬁcis,
2902 1530 3203 1589 miriticavit
3239 1539 3466 1606 amplius
3506 1541 3764 1602 Dominus

2180 1624 2422 1669 sanctum
2463 1633 2621 1672 suum
2655 1638 2667 1673 :
2699 1622 2955 1678 revelavit
2985 1625 3179 1683 Christi
3221 1629 3462 1688 fidelibus
3486 1638 3763 1695 confesso-

2180 1722 2293 1761 rem
2327 1706 2727 1780 Eleutherium,
2759 1729 2864 1768 non
2894 1720 3161 1775 sustinens
3189 1727 3416 1795 amplius
3449 1738 3471 1766 ε
3502 1733 3761 1791 occultari

483 1822 576 1877 dio
600 1829 948 1892 pauonum,
976 1830 1220 1886 nosnos,
1252 1831 1424 1891 pater,
1453 1836 1664 1891 “pone
1691 1823 1920 1905 gemims
1948 1833 2072 1879 ante
2096 1810 2151 1898 ’Β
2181 1807 2289 1852 tam
2316 1802 2659 1900 .venerabilis
2708 1805 2915 1905 glebam
2973 1812 3214 1878 corporis
3240 1852 3254 1878 ,
3311 1823 3417 1869 tam
3466 1821 3760 1888 pretiosum

483 1912 677 1968 divinae
703 1912 1041 1983 przcsentiam
1065 1911 1383 1981 majestatis,
1415 1920 1476 1966 ut
1523 1914 1674 1968 exuti
1698 1914 1894 1968 tunicas
1924 1930 2072 1969 mor-

483 2007 608 2061 talis
636 2021 833 2071 onere,
873 2005 1087 2061 liberati
1115 2004 1566 2074 concupiscentia:
1584 2005 1833 2060 carnalis
1864 2006 2073 2075 inquie-

456 2098 668 2153 tudine
693 2139 709 2163 ,
748 2098 823 2152 tui
851 2097 1020 2152 simus
1048 2096 1336 2167 participes
1363 2096 1533 2150 bravii
1560 2105 1615 2151 et
1642 2111 1858 2152 corona:
1881 2136 1897 2162 ,
1937 2114 2073 2167 pra:-

483 2198 660 2245 stante
686 2189 914 2245 Domino
936 2188 1066 2245 .Jesu
1082 2187 1317 2254 Christo,
1342 2188 1430 2243 cui
1452 2203 1572 2243 cum
1597 2189 1760 2243 Patre
1787 2197 1843 2244 et
1869 2188 2070 2260 Spiritu

452 2306 455 2309 λ
482 2291 675 2338 sancto
699 2291 785 2337 est
812 2283 985 2338 omnis
1011 2288 1185 2337 honor
1211 2290 1266 2337 et
1292 2282 1463 2350 gloria
1491 2282 1608 2337 sine
1633 2280 1758 2337 fine.
1806 2282 1998 2337 Amen.

556 2376 575 2407 ι
612 2372 701 2427 55.
746 2373 1011 2442 Regimini
1048 2372 1408 2429 Tornaccnsis
1452 2373 1708 2429 Ecclesiae
1754 2375 2071 2430 venerabilis

457 2492 465 2507 ι-
482 2467 679 2522 Christi
707 2465 985 2522 confessor
1015 2473 1071 2521 et
1099 2464 1342 2537 pontifex
1386 2464 1730 2520 Eleutherius
1757 2466 1913 2520 annis
1938 2481 2072 2535 qua-

450 2554 723 2629 ~ilraginta
746 2558 985 2628 quinque
1011 2556 1206 2625 legitur
1231 2554 1502 2626 praefuisse
1534 2555 1625 2624 qui
1657 2563 1860 2610 natura:
1889 2557 2070 2611 soluto

481 2651 695 2717 debito,
728 2649 868 2706 coelo
897 2662 1113 2720 quoque
1142 2646 1354 2703 reddito
1382 2646 1602 2716 spiritu,
1637 2646 1846 2701 tidelem
1874 2647 2072 2701 meruit

452 2744 684 2798 imitabere
710 2756 1076 2798 successorem
1094 2780 1109 2807 ,
1142 2739 1359 2795 beatum
1386 2738 1593 2794 scilicet
1620 2737 1927 2793 Medardum
1957 2736 2069 2793 No-

465 2836 813 2889 viomensem
858 2833 1172 2903 episcopum
1193 2870 1209 2896 ,
1240 2845 1440 2901 quem,
1481 2829 1608 2885 dunt
1637 2829 1813 2885 adhue
1840 2830 2103 2897 γίνεται..-

482 2926 759 2981 debilitate
780 2923 1085 2980 confractus
1110 2931 1167 2977 et
1193 2921 1366 2986 senio,
1395 2920 1414 2941 ‘
1441 2936 1538 2991 pro
1566 2920 1947 2977 consecrandis
1975 2935 2068 2975 ec-

451 3017 662 3073 uclesiis
688 3023 743 3071 et
771 3014 1049 3071 ordinibus
1072 3011 1412 3070 celebrandis
1434 3012 1694 3067 habuerat
1720 3011 2024 3081 adjutorem
2050 3030 2065 3065 :

456 3119 538 3165 et
575 3109 654 3166 sic
698 3107 1029 3180 procedente
1070 3105 1413 3177 postmodum
1458 3103 1766 3175 prolixioris
1810 3103 2070 3175 temporis

453 3201 658 3273 ‘spatio
682 3238 698 3266 ,
749 3197 965 3272 prmfuit
1003 3198 1192 3254 unicus
1221 3205 1428 3251 tantum
1458 3195 1699 3266 pontifex
1723 3196 1776 3251 in
1804 3194 2069 3251 Noviomo

480 3295 684 3365 pariter
710 3301 767 3350 et
794 3292 1065 3349 Tornaco.
1119 3289 1287 3347 Annis
1328 3290 1471 3345 enim
1499 3290 1731 3361 amplius
1757 3305 1917 3360 quam
1945 3304 2071 3346 sex-

471 3386 654 3463 .eentis
679 3384 901 3457 proprio
930 3382 1145 3439 viduata
1174 3390 1390 3454 pastore
1420 3382 1617 3451 legitur
1642 3382 1833 3442 civitas
1864 3381 2069 3438 Torna-

453 3479 676 3535 ocensis.
706 3477 814 3534 Sed
832 3477 1147 3533 benedictus
1173 3475 1267 3531 Dei
1290 3475 1477 3543 Filius,
1497 3477 1588 3545 qui
1608 3475 1898 3546 dispendiis
1920 3492 2069 3532 com-

479 3574 683 3645 patitnr
709 3573 1026 3635 animarum,
1059 3570 1330 3640 dispersos
1357 3569 1636 3640 colligens,
1670 3577 1726 3623 et
1753 3570 1932 3639 lapsos
1956 3570 2067 3627 eri-

478 3678 613 3735 gens
655 3663 951 3720 secundum
1002 3662 1219 3717 modum
1273 3669 1329 3715 et
1375 3662 1619 3722 ordinem
1679 3673 2066 3733 opportunum.

480 3758 637 3814 Anno
681 3754 943 3827 siquidem
986 3753 1378 3808 incarnationis
1446 3752 1737 3809 Dominicaa
1786 3754 2070 3809 millesimo

478 3848 777 3905 centesimo
803 3844 1212 3915 quadragesimo
1240 3851 1414 3909 sexto,
1447 3843 1768 3914 praesidente
1800 3858 1938 3914 papa
1962 3843 2071 3897 Eu-

458 3939 661 4008 genio,
691 3938 1061 4009 patrocinante
1090 3935 1153 3991 Β.
1182 3934 1488 4001 Bernardo,
1520 3935 1804 3991 restitutus
1832 3944 1916 3990 est
1943 3951 2071 4005 pro-

478 4034 628 4105 prius
656 4033 941 4105 episcopus
983 4032 1035 4088 in
1083 4031 1349 4087 Tornaco.
1401 4027 1553 4086 Tunc
1593 4030 1734 4085 enim
1764 4030 2067 4096 Anselmus,

479 4128 721 4185 ecclesia:
747 4127 806 4181 Β.
839 4125 1075 4182 Medardi
1102 4123 1501 4180 Suessionensis
1528 4122 1725 4178 dudum
1751 4124 2067 4189 monachus,

408 4252 415 4265 ο
481 4220 677 4274 merito
718 4216 875 4272 fama:
917 4224 974 4272 et
1003 4216 1124 4271 vita:
1141 4214 1509 4285 conspicuus,
1539 4230 1661 4270 cum
1687 4213 1798 4284 jam
1827 4215 2070 4285 pluribus

459 4310 634 4364 -annis
662 4308 872 4364 abbatis
909 4307 1164 4377 gessisset
1210 4305 1445 4361 oﬂlcium
1483 4305 1538 4359 in
1586 4304 1815 4360 ecclesia
1842 4304 1904 4359 Β.
1935 4303 2067 4359 Vin-

479 4400 643 4457 centii
683 4398 1053 4455 Laudunensis
1080 4438 1096 4463 ,
1146 4396 1332 4451 Romae
1359 4395 1386 4435 ι’
1416 4404 1500 4451 est
1544 4396 1596 4451 in
1641 4397 1955 4468 episcopum
1999 4398 2068 4452 ab

477 4487 722 4560 Eugenio
748 4495 1097 4545 consecratus
1119 4528 1135 4553 ,
1175 4488 1268 4556 qui
1310 4496 1432 4558 post
1458 4487 1849 4543 restitutionem
1870 4481 2068 4543 'cathe-

2174 1889 2421 1943 turariutn
2445 1933 2462 1958 ,
2499 1902 2614 1954 tam
2648 1896 2830 1950 nobile
2856 1902 3198 1969 margaritum
3225 1946 3241 1972 ,
3282 1913 3338 1960 et
3363 1908 3514 1978 cujus
3542 1912 3760 1981 spiritus

2168 1981 2279 2051 jam
2311 1986 2479 2052 gloria
2510 1997 2799 2045 coronatus
2842 1991 3079 2061 fulgebat
3126 1996 3176 2050 in
3220 1999 3390 2065 caelis,
3420 2001 3535 2071 ejus
3561 2020 3757 2077 corpus

2173 2078 2459 2169 sepultunc
2486 2080 2769 2144 traditum,
2802 2084 3056 2152 singulari
3084 2091 3252 2156 gratia
3284 2101 3620 2152 venustatum
3641 2099 3758 2169 jam

2173 2168 2413 2257 spirabat
2461 2171 2513 2224 in
2563 2174 2743 2229 terris.
2796 2175 3016 2232 Factum
3066 2189 3149 2234 est
3193 2182 3389 2251 igitur,
3428 2195 3488 2240 ut
3512 2168 3753 2257 qutcdam

2174 2255 2532 2315 Tornacensis
2552 2273 2818 2331 matrona,
2845 2268 3059 2324 nomine
3079 2270 3298 2337 Thecla,
3322 2276 3516 2330 nobilis
3534 2255 3753 2348 genere,

2172 2364 2382 2404 morum
2433 2353 2664 2409 nobilior
2710 2356 3005 2426 dignitate,
3056 2361 3182 2417 dum
3227 2367 3465 2434 purgatis
3512 2369 3758 2426 sensibus

2168 2444 2347 2498 cordis
2372 2457 2427 2499 et
2456 2458 2634 2523 mente
2662 2451 2983 2520 quiesceret,
3014 2464 3069 2509 et
3095 2458 3265 2512 oculis
3293 2462 3535 2529 corporis
3558 2462 3757 2519 obdor-

2172 2534 2375 2600 misset,
2408 2536 2743 2608 abriperetur
2769 2541 2822 2596 in
2853 2544 3078 2612 spiritu,
3123 2555 3177 2602 et
3218 2546 3370 2603 fieret
3411 2550 3465 2604 in
3504 2567 3749 2608 excessu.

2173 2618 2465 2679 Videbatur
2492 2628 2633 2681 enim
2663 2630 2762 2684 sibi
2794 2631 2975 2687 videre
3012 2636 3162 2704 quasi
3204 2652 3302 2707 per
3346 2640 3611 2696 somnium
3658 2643 3755 2697 ho-

2172 2717 2369 2769 minem
2396 2715 2734 2783 dealbatum,
2766 2718 3051 2788 blandum,
3082 2717 3397 2794 amabilem,
3438 2730 3666 2785 alacrem
3699 2739 3756 2785 et

2173 2805 2476 2862 modestum
2498 2826 2516 2862 :
2546 2811 2864 2867 admonetur
2885 2818 3143 2872 secretius
3165 2818 3232 2871 ab
3253 2817 3443 2874 eodem
3491 2829 3546 2874 ut
3570 2831 3758 2892 pergat

2171 2896 2509 2957 Blandinium
2532 2946 2551 2971 ,
2593 2916 2871 2976 repertura
2914 2908 2973 2963 B.
3008 2909 3295 2967 Eleutherii
3334 2915 3588 2986 reliquias
3617 2916 3757 2971 inter

2173 3005 2402 3060 corpora
2454 2995 2662 3064 sepulta
2696 3007 3022 3053 sanctorum.
3057 2999 3387 3059 Admonetur
3415 3004 3757 3059 nihilominus

2172 3089 2230 3133 ut
2249 3090 2338 3135 eat
2357 3082 2424 3137 ad
2442 3084 2751 3154 episcopum
2781 3085 3141 3155 Heidilonem,
3160 3099 3219 3146 et
3237 3091 3409 3147 eidem
3435 3082 3535 3148 sibi
3552 3092 3753 3149 factam

2175 3172 2373 3227 referat
2402 3175 2680 3231 visionem.
2733 3179 2861 3245 Quae
2889 3182 3015 3235 dum
3041 3181 3219 3236 diil'ert
3245 3184 3464 3254 exsequi
3499 3185 3641 3253 quod
3662 3184 3755 3253 jn—

2174 3270 2348 3334 betur,
2371 3271 2780 3327 succedentibus
2807 3276 3068 3342 noctibus,
3093 3275 3281 3331 eadem
3305 3277 3404 3331 sibi
3432 3276 3566 3333 visio
3595 3278 3757 3334 tertio

2172 3369 2527 3430 przesentatur
2557 3380 2571 3414 :

2243 3450 2438 3505 Thecla
2465 3468 2639 3518 soror,
2663 3469 2783 3524 quae
2811 3464 2862 3511 te
2884 3472 3196 3527 suspensam
3228 3458 3489 3514 insomnia
3516 3462 3756 3525 terrent?

2170 3543 2288 3627 Non
2314 3555 2396 3601 cst
2422 3545 2744 3603 insomnium
2773 3547 2857 3605 vel
2878 3550 3153 3607 somnium
3175 3551 3587 3623 pbantasticum,
3609 3552 3755 3623 (μιθά

2170 3639 2381 3707 vidisti,
2428 3639 2523 3695 sed
2552 3639 2722 3712 magis
2745 3641 3148 3700 describendum
3177 3644 3422 3711 oraculo,
3462 3646 3549 3702 vel
3575 3647 3757 3702 verius

2170 3730 2555 3802 limpidissimm
2580 3733 2793 3789 visioni.

2663 3855 2865 3906 Haerent
2891 3857 3021 3906 iunxi
3060 3865 3258 3918 pmtore
3283 3857 3445 3909 vultus

2266 3915 2546 3980 Verbaque,
2572 3931 2664 3968 nec
2685 3918 2917 3980 placdam
2936 3915 3171 3969 membris
3187 3921 3270 3969 dat
3286 3933 3402 3969 cura
3427 3923 3664 3981 quietem.

2240 4029 2329 4085 55.
2371 4030 2527 4097 Quod
2556 4032 2716 4100 igitur
2741 4031 2875 4087 vidit
2902 4032 3065 4089 tertio
3092 4034 3410 4103 repetitum,
3443 4036 3637 4090 factum
3665 4046 3754 4090 est

2168 4122 2220 4177 ei
2248 4122 2581 4178 certitudinis
2617 4131 3010 4191 argumentum.
3049 4122 3204 4179 Mane
3231 4122 3370 4181 facto
3398 4124 3589 4181 Thecla
3618 4141 3756 4181 con-

2170 4228 2392 4284 surgens
2406 4217 2711 4286 aggreditur
2725 4216 3129 4286 profectionem,
3142 4221 3454 4290 exsequitur
3471 4221 3751 4287 visionem,

2168 4307 2376 4362 revelat
2432 4306 2699 4362 Heidiloni
2745 4306 2985 4378 pontifici
3042 4310 3330 4377 visionem,
3386 4320 3761 4368 convocantur

2169 4399 2423 4469 praesules
2468 4400 2679 4454 urbium
2726 4401 3021 4456 vicinarum
3045 4442 3060 4465 ,
3106 4402 3449 4458 celebrantur
3488 4406 3755 4462 solemnia

2170 4492 2351 4547 votiva
2379 4493 2680 4558 missarum,
2714 4500 2787 4557 et,
2818 4493 3065 4548 oratione
3091 4492 3207 4548 fusa
3232 4493 3539 4560 ferventius,
3561 4513 3757 4554 omnes

476 4581 643 4636 dralis
667 4580 939 4651 regiminis
964 4580 1019 4635 in
1041 4579 1291 4637 Tornaco
1314 4580 1520 4651 primus
1545 4579 1859 4649 dignitatem
1884 4581 2071 4636 habuit
2097 4601 2151 4660 Ῑ)
2175 4590 2283 4637 tam
2330 4583 2621 4653 promiscui
2669 4598 2829 4638 sexus
2865 4599 3026 4652 quam
3065 4584 3359 4640 differentis
3396 4595 3590 4651 status,
3628 4603 3755 4643 cum

473 4672 767 4739 infulatus;
807 4681 862 4728 et
902 4674 980 4729 sic
1019 4672 1198 4728 divina
1236 4680 1442 4741 gestum
1479 4671 1750 4728 credimus
1785 4689 1904 4729 esse
1934 4672 2066 4728 Pro-

554 4906 569 4976 ξ
602 4903 748 4976 Alias
771 4921 890 4976 cap.
926 4920 1030 4958 xvi.

548 4972 893 5043 SAliasAcap.
930 4991 1053 5028 ινιτ.
1172 5042 1225 5043 η
1295 5041 1303 5043 _
1388 4982 1393 4987 ’

478 5042 606 5111 (εει,
639 5043 714 5097 uti
738 5041 774 5096 6
802 5039 1075 5099 Februarii
1118 5042 1186 5097 ad
1216 5041 1373 5111 hujus
1400 5039 1574 5096 Vitam
1601 5040 1962 5112 probavimus.
2003 5040 2062 5096 In

480 5116 650 5170 titulis
672 5113 907 5184 capitum
934 5122 1059 5183 post
1082 5112 1449 5184 praefationem
1478 5114 1665 5182 positis
1684 5112 2063 5181 interponeba-

482 5197 568 5241 tur
612 5185 698 5239 hic
739 5181 864 5253 cap.
911 5181 999 5254 xvi
1038 5181 1223 5237 titulus
1263 5181 1399 5254 :gDe
1444 5181 1781 5238 translatione
1832 5185 2063 5254 corporis

478 5257 543 5312 S.
574 5251 861 5309 Eleutherii
886 5253 955 5306 ad
981 5254 1254 5324 civitatem
1277 5252 1653 5307 Tomacensem
1672 5292 1688 5321 ,
1727 5251 1873 5324 quod
1902 5251 2061 5324 caput

478 5327 668 5381 ultimo
694 5325 814 5381 loco
834 5324 1068 5394 positum
1096 5330 1202 5389 est,
1232 5322 1411 5378 forsan
1440 5324 1509 5379 ab
1537 5325 1643 5381 alio
1669 5321 1906 5380 errorem
1929 5321 2061 5378 Gui-

478 5395 620 5451 herti
650 5396 989 5451 emendante.

554 5476 579 5502 ι
610 5465 735 5522 Haec
763 5466 954 5521 eadem
996 5481 1064 5519 ex
1110 5463 1366 5519 chronico
1411 5481 1510 5520 ms.
1545 5464 1869 5521 Tornacensi
1900 5463 2065 5519 refert

480 5532 767 5591 Buzelinus
798 5555 810 5590 :
843 5537 1004 5591 silent
1044 5534 1363 5606 vetustiores
1406 5536 1717 5606 scriptores.
1770 5533 1828 5590 ln
1866 5550 2065 5591 excusa

470 5607 696 5677 legitur,
726 5624 820 5677 pro
847 5603 1232 5677 conservandis.

554 5672 581 5716 ι’
628 5672 903 5731 Dominica
946 5677 1033 5731 die
1075 5675 1263 5729 media:
1308 5672 1753 5744 Quadragesimze.
1806 5675 1874 5728 At
1919 5674 2061 5728 bulla

479 5747 833 5818 separationis
878 5747 1283 5818 cpiscppatnmn
1330 5744 1702 5818 Noviomensis
1748 5744 2061 5818 et_:l‘or_na-

475 5813 654 5875 censis
684 5825 860 5873 exstat
901 5813 1040 5897 apud
1066 5813 1364 5888 Cogitatum
1411 5815 1500 5869 lib.
1532 5833 1613 5879 tr,
1650 5831 1768 5885 cap.
1803 5813 1905 5883 iii,
1940 5815 2061 5870 data

2166 4676 2367 4731 timore
2421 4676 2733 4730 reverentia:
2785 4675 2852 4729 ad
2908 4674 3086 4732 locum
3134 4678 3354 4732 veniunt
3406 4678 3752 4734 destinatum.

2179 4898 2382 4975 fiterbi
2416 4917 2465 4955 ιχ
2493 4903 3000 4975 calendasAugusti
3037 4906 3216 4960 indict.
3261 4905 3294 4959 9
3316 4948 3332 4973 ,
3377 4907 3757 4960 incarnationis

2171 4968 2476 5047 Qaminirw,
2510 4989 2603 5047 an:
2631 4972 2770 5028 1146
2791 5016 2805 5041 ,
2846 4968 3174 5046 pontiﬁcatus
3209 4968 3329 5032 vero
3362 4977 3560 5031 domini
3603 4994 3759 5047 ραιια

2171 5039 2393 5111 Eugenii
2415 5059 2552 5098 anno
2577 5043 2632 5099 Ξ.
2794 5039 2799 5041 ⁷
2846 5039 2856 5046 ’
2990 5039 3001 5046 ’
3603 5039 3614 5047 ’
3672 5039 3707 5101 ’.

2244 5109 2275 5200 ξ
2292 5109 2529 5200 Consule
2562 5112 2785 5200 Galliam
2806 5115 3170 5200 Christianam
3200 5117 3406 5174 Claudii
3438 5116 3688 5181 Roberti,
3721 5132 3754 5169 a

2169 5196 2276 5251 quo
2304 5188 2464 5237 etiam
2496 5201 2622 5241 xxvt
2657 5188 2908 5244 statuitur
2936 5188 3145 5245 Hedilo.

2185 5321 2198 5326 _
2240 5250 2267 5326 ’ξ
2297 5252 2599 5311 Chronicon
2631 5259 2697 5312 de
2726 5258 3212 5315 Northmannorum
3240 5258 3402 5326 gestis
3430 5258 3497 5310 ad
3527 5271 3614 5309 an.
3646 5253 3755 5309 896

2169 5321 2632 5401 deductunrttomo
2656 5327 2700 5381 ll
2727 5327 2959 5401 Ches_nei
2997 5344 3115 5401 pag.
3146 5321 3346 5383 527ml
3382 5342 3474 5381 an.
3505 5325 3609 5380 880
3638 5327 3756 5401 huic

2170 5393 2331 5448 tradit
2382 5413 2393 5448 :
2445 5394 2799 5452 Northmanm'
2850 5393 3139 5454 Tomitch
3188 5401 3443 5453 civitatem
3483 5406 3534 5449 et
3576 5398 3757 5451 omnia

2164 5468 2484 5539 monasteria
2521 5484 2679 5538 supra
2709 5467 2915 5523 Scaldis
2944 5471 3155 5538 [luvium
3193 5473 3332 5539 [erro
3360 5476 3409 5523 et
3439 5467 3549 5537 igni
3590 5468 3755 5521 dera-

2162 5544 2305 5612 yaut
2328 5575 2342 5599 ,
2373 5538 2655 5612 interfectis
2690 5540 3060 5612 accolisterrw
3094 5538 3245 5611 atque
3289 5539 3604 5612 coptipatis,
3642 5545 3754 5592 rlc.

2162 5604 2432 5672 Cognatns
2454 5604 2692 5676 pluribus
2713 5611 3072 5666 calamitatem
3095 5604 3525 5666 Tornacensibus
3549 5608 3759 5661 illatam

2164 5678 2506 5749 prosequitur
2536 5678 2627 5731 lib.
2660 5694 2715 5743 ll,
2742 5696 2861 5749 cap.
2892 5681 2980 5735 70.

2240 5755 2261 5781 ε
2292 5745 2577 5814 Eicusunt,
2609 5745 2884 5804 occultant.

2688 5905 2711 5932 Ω
