  <div class='ocr_page' id='page_1' title='image "/cluster/home/n/w/nwhite01/storage/ocr_20150623/65/hvd.32044054128558/044.png"; bbox 0 0 4122 6330; ppageno 0'>
   <div class='ocr_carea' id='block_1_1' title="bbox 343 334 3629 398">
    <p class='ocr_par' dir='ltr' id='par_1_1' title="bbox 343 334 3629 398">
     <span class='ocr_line' id='line_1_1' title="bbox 343 334 3629 398; baseline -0.001 0"><span class='ocrx_word' id='word_1_1' title='bbox 343 344 412 398; x_wconf 84' lang='grc' dir='ltr'><strong>’Π</strong></span> <span class='ocrx_word' id='word_1_2' title='bbox 1256 337 1312 393; x_wconf 84' lang='lat' dir='ltr'><strong>S.</strong></span> <span class='ocrx_word' id='word_1_3' title='bbox 1359 336 1769 393; x_wconf 75' lang='lat' dir='ltr'><strong>ELEUTHEBII</strong></span> <span class='ocrx_word' id='word_1_4' title='bbox 1814 338 1973 393; x_wconf 77' lang='lat' dir='ltr'><strong>Vl&#39;l&#39;A</strong></span> <span class='ocrx_word' id='word_1_5' title='bbox 2011 336 2335 394; x_wconf 78' lang='lat' dir='ltr'><strong>AUCTORE</strong></span> <span class='ocrx_word' id='word_1_6' title='bbox 2371 334 2731 393; x_wconf 78' lang='lat' dir='ltr'><strong>GUIBERTO.</strong></span> <span class='ocrx_word' id='word_1_7' title='bbox 3559 339 3629 396; x_wconf 70' lang='grc'><strong>78</strong></span> 
     </span>
    </p>
   </div>
   <div class='ocr_carea' id='block_1_2' title="bbox 341 454 3633 541">
    <p class='ocr_par' dir='ltr' id='par_1_2' title="bbox 341 454 3633 541">
     <span class='ocr_line' id='line_1_2' title="bbox 341 454 3633 541; baseline 0.001 -28"><span class='ocrx_word' id='word_1_8' title='bbox 341 456 598 528; x_wconf 79' lang='lat' dir='ltr'><strong>Episcopi</strong></span> <span class='ocrx_word' id='word_1_9' title='bbox 626 469 758 511; x_wconf 90' lang='lat' dir='ltr'><strong>vero</strong></span> <span class='ocrx_word' id='word_1_10' title='bbox 793 454 1035 541; x_wconf 64' lang='lat' dir='ltr'><strong>sarculos</strong></span> <span class='ocrx_word' id='word_1_11' title='bbox 1074 455 1336 511; x_wconf 86' lang='lat' dir='ltr'><strong>habentes</strong></span> <span class='ocrx_word' id='word_1_12' title='bbox 1364 456 1417 511; x_wconf 93' lang='lat' dir='ltr'><strong>in</strong></span> <span class='ocrx_word' id='word_1_13' title='bbox 1447 456 1694 511; x_wconf 89' lang='lat' dir='ltr'><strong>manibus</strong></span> <span class='ocrx_word' id='word_1_14' title='bbox 1717 471 1935 527; x_wconf 83' lang='lat' dir='ltr'><strong>compe-</strong></span> <span class='ocrx_word' id='word_1_15' title='bbox 1963 461 2017 521; x_wconf 75' lang='grc' dir='ltr'><strong>Α</strong></span> <span class='ocrx_word' id='word_1_16' title='bbox 2044 456 2182 512; x_wconf 84' lang='lat' dir='ltr'><strong>Puer</strong></span> <span class='ocrx_word' id='word_1_17' title='bbox 2222 466 2467 515; x_wconf 88' lang='lat' dir='ltr'><strong>mortuus</strong></span> <span class='ocrx_word' id='word_1_18' title='bbox 2510 456 2725 526; x_wconf 90' lang='lat' dir='ltr'><strong>jacebat</strong></span> <span class='ocrx_word' id='word_1_19' title='bbox 2767 456 2821 511; x_wconf 92' lang='lat' dir='ltr'><strong>in</strong></span> <span class='ocrx_word' id='word_1_20' title='bbox 2872 455 3070 513; x_wconf 91' lang='lat' dir='ltr'><strong>lectulo</strong></span> <span class='ocrx_word' id='word_1_21' title='bbox 3115 456 3254 526; x_wconf 89' lang='lat' dir='ltr'><strong>ejus,</strong></span> <span class='ocrx_word' id='word_1_22' title='bbox 3294 464 3351 513; x_wconf 90' lang='lat' dir='ltr'><strong>et</strong></span> <span class='ocrx_word' id='word_1_23' title='bbox 3390 457 3633 519; x_wconf 91' lang='lat' dir='ltr'><strong>incubuit</strong></span> 
     </span>
    </p>
   </div>
   <div class='ocr_carea' id='block_1_3' title="bbox 342 547 1938 618">
    <p class='ocr_par' dir='ltr' id='par_1_3' title="bbox 342 547 1938 618">
     <span class='ocr_line' id='line_1_3' title="bbox 342 547 1938 618; baseline -0.001 -11"><span class='ocrx_word' id='word_1_24' title='bbox 342 559 556 616; x_wconf 84' lang='lat' dir='ltr'><strong>tentes,</strong></span> <span class='ocrx_word' id='word_1_25' title='bbox 585 548 740 618; x_wconf 83' lang='lat' dir='ltr'><strong>quasi</strong></span> <span class='ocrx_word' id='word_1_26' title='bbox 765 547 1084 603; x_wconf 77' lang='lat' dir='ltr'><strong>etTodicntes</strong></span> <span class='ocrx_word' id='word_1_27' title='bbox 1124 548 1465 614; x_wconf 81' lang='lat' dir='ltr'><strong>thesaurum,</strong></span> <span class='ocrx_word' id='word_1_28' title='bbox 1497 550 1664 618; x_wconf 83' lang='lat' dir='ltr'><strong>gavisi</strong></span> <span class='ocrx_word' id='word_1_29' title='bbox 1693 560 1817 605; x_wconf 88' lang='lat' dir='ltr'><strong>sunt</strong></span> <span class='ocrx_word' id='word_1_30' title='bbox 1844 565 1938 605; x_wconf 88' lang='lat' dir='ltr'><strong>ve-</strong></span> 
     </span>
    </p>
   </div>
   <div class='ocr_carea' id='block_1_4' title="bbox 341 638 1941 711">
    <p class='ocr_par' dir='ltr' id='par_1_4' title="bbox 341 638 1941 711">
     <span class='ocr_line' id='line_1_4' title="bbox 341 638 1941 711; baseline 0 -14"><span class='ocrx_word' id='word_1_31' title='bbox 341 643 667 706; x_wconf 81' lang='lat' dir='ltr'><strong>hementer,</strong></span> <span class='ocrx_word' id='word_1_32' title='bbox 723 654 848 695; x_wconf 89' lang='lat' dir='ltr'><strong>cum</strong></span> <span class='ocrx_word' id='word_1_33' title='bbox 889 638 1145 695; x_wconf 85' lang='lat' dir='ltr'><strong>invenere</strong></span> <span class='ocrx_word' id='word_1_34' title='bbox 1190 640 1494 711; x_wconf 85' lang='lat' dir='ltr'><strong>sepulcrum</strong></span> <span class='ocrx_word' id='word_1_35' title='bbox 1540 659 1553 694; x_wconf 93' lang='lat'>:</span> <span class='ocrx_word' id='word_1_36' title='bbox 1595 651 1685 709; x_wconf 84' lang='lat' dir='ltr'><strong>et,</strong></span> <span class='ocrx_word' id='word_1_37' title='bbox 1728 642 1941 697; x_wconf 86' lang='lat' dir='ltr'><strong>elevato</strong></span> 
     </span>
    </p>
   </div>
   <div class='ocr_carea' id='block_1_5' title="bbox 296 731 1944 808">
    <p class='ocr_par' dir='ltr' id='par_1_5' title="bbox 296 731 1944 808">
     <span class='ocr_line' id='line_1_5' title="bbox 296 731 1944 808; baseline 0 -17"><span class='ocrx_word' id='word_1_38' title='bbox 296 745 583 805; x_wconf 48' lang='lat' dir='ltr'><strong>‘corpore</strong></span> <span class='ocrx_word' id='word_1_39' title='bbox 612 731 683 787; x_wconf 89' lang='lat' dir='ltr'><strong>de</strong></span> <span class='ocrx_word' id='word_1_40' title='bbox 710 732 1064 802; x_wconf 83' lang='lat' dir='ltr'><strong>sarcophago,</strong></span> <span class='ocrx_word' id='word_1_41' title='bbox 1082 733 1388 802; x_wconf 79' lang='lat' dir='ltr'><strong>geminatur</strong></span> <span class='ocrx_word' id='word_1_42' title='bbox 1416 735 1597 790; x_wconf 65' lang='lat' dir='ltr'><strong>lictitia</strong></span> <span class='ocrx_word' id='word_1_43' title='bbox 1627 744 1735 790; x_wconf 92' lang='lat' dir='ltr'><strong>tam</strong></span> <span class='ocrx_word' id='word_1_44' title='bbox 1764 736 1816 791; x_wconf 92' lang='lat' dir='ltr'><strong>in</strong></span> <span class='ocrx_word' id='word_1_45' title='bbox 1846 751 1944 808; x_wconf 91' lang='lat' dir='ltr'><strong>po-</strong></span> 
     </span>
    </p>
   </div>
   <div class='ocr_carea' id='block_1_6' title="bbox 340 823 942 896">
    <p class='ocr_par' dir='ltr' id='par_1_6' title="bbox 340 823 942 896">
     <span class='ocr_line' id='line_1_6' title="bbox 340 823 942 896; baseline -0.003 -16"><span class='ocrx_word' id='word_1_46' title='bbox 340 825 480 896; x_wconf 89' lang='lat' dir='ltr'><strong>pulo</strong></span> <span class='ocrx_word' id='word_1_47' title='bbox 502 838 663 894; x_wconf 90' lang='lat' dir='ltr'><strong>quam</strong></span> <span class='ocrx_word' id='word_1_48' title='bbox 692 824 744 877; x_wconf 89' lang='lat' dir='ltr'><strong>in</strong></span> <span class='ocrx_word' id='word_1_49' title='bbox 773 823 942 878; x_wconf 89' lang='lat' dir='ltr'><strong>clero.</strong></span> 
     </span>
    </p>
   </div>
   <div class='ocr_carea' id='block_1_7' title="bbox 419 912 1948 983">
    <p class='ocr_par' dir='ltr' id='par_1_7' title="bbox 419 912 1948 983">
     <span class='ocr_line' id='line_1_7' title="bbox 419 912 1948 983; baseline 0.002 -15"><span class='ocrx_word' id='word_1_50' title='bbox 419 915 513 968; x_wconf 76' lang='lat'><strong>36.</strong></span> <span class='ocrx_word' id='word_1_51' title='bbox 560 912 760 969; x_wconf 86' lang='lat' dir='ltr'><strong>Thecla</strong></span> <span class='ocrx_word' id='word_1_52' title='bbox 800 928 930 968; x_wconf 91' lang='lat' dir='ltr'><strong>vero</strong></span> <span class='ocrx_word' id='word_1_53' title='bbox 973 912 1276 983; x_wconf 78' lang='lat' dir='ltr'><strong>percipiens</strong></span> <span class='ocrx_word' id='word_1_54' title='bbox 1313 913 1658 970; x_wconf 85' lang='lat' dir='ltr'><strong>revelationis</strong></span> <span class='ocrx_word' id='word_1_55' title='bbox 1700 931 1810 970; x_wconf 83' lang='lat' dir='ltr'><strong>suae</strong></span> <span class='ocrx_word' id='word_1_56' title='bbox 1850 916 1948 972; x_wconf 89' lang='lat' dir='ltr'><strong>sti-</strong></span> 
     </span>
    </p>
   </div>
   <div class='ocr_carea' id='block_1_8' title="bbox 342 1000 1947 1074">
    <p class='ocr_par' dir='ltr' id='par_1_8' title="bbox 342 1000 1947 1074">
     <span class='ocr_line' id='line_1_8' title="bbox 342 1000 1947 1074; baseline 0.001 -16"><span class='ocrx_word' id='word_1_57' title='bbox 342 1002 637 1074; x_wconf 85' lang='lat' dir='ltr'><strong>pendium,</strong></span> <span class='ocrx_word' id='word_1_58' title='bbox 671 1016 835 1057; x_wconf 84' lang='lat' dir='ltr'><strong>orans</strong></span> <span class='ocrx_word' id='word_1_59' title='bbox 871 1000 1059 1056; x_wconf 89' lang='lat' dir='ltr'><strong>eadem</strong></span> <span class='ocrx_word' id='word_1_60' title='bbox 1102 1002 1236 1056; x_wconf 88' lang='lat' dir='ltr'><strong>hora</strong></span> <span class='ocrx_word' id='word_1_61' title='bbox 1275 1000 1584 1071; x_wconf 88' lang='lat' dir='ltr'><strong>demigrans</strong></span> <span class='ocrx_word' id='word_1_62' title='bbox 1613 1005 1851 1074; x_wconf 86' lang='lat' dir='ltr'><strong>perrexit</strong></span> <span class='ocrx_word' id='word_1_63' title='bbox 1881 1003 1947 1060; x_wconf 85' lang='lat' dir='ltr'><strong>ad</strong></span> 
     </span>
    </p>
   </div>
   <div class='ocr_carea' id='block_1_9' title="bbox 346 1094 1948 1165">
    <p class='ocr_par' dir='ltr' id='par_1_9' title="bbox 346 1094 1948 1165">
     <span class='ocr_line' id='line_1_9' title="bbox 346 1094 1948 1165; baseline 0.002 -17"><span class='ocrx_word' id='word_1_64' title='bbox 346 1094 684 1161; x_wconf 85' lang='lat' dir='ltr'><strong>Dominum,</strong></span> <span class='ocrx_word' id='word_1_65' title='bbox 724 1100 1014 1164; x_wconf 85' lang='lat' dir='ltr'><strong>postquam</strong></span> <span class='ocrx_word' id='word_1_66' title='bbox 1053 1094 1295 1164; x_wconf 82' lang='lat' dir='ltr'><strong>percepit</strong></span> <span class='ocrx_word' id='word_1_67' title='bbox 1338 1111 1367 1148; x_wconf 90' lang='lat' dir='ltr'><strong>a</strong></span> <span class='ocrx_word' id='word_1_68' title='bbox 1414 1097 1643 1165; x_wconf 76' lang='lat' dir='ltr'><strong>prmsule</strong></span> <span class='ocrx_word' id='word_1_69' title='bbox 1685 1096 1948 1152; x_wconf 82' lang='lat' dir='ltr'><strong>Dominici</strong></span> 
     </span>
    </p>
   </div>
   <div class='ocr_carea' id='block_1_10' title="bbox 344 1182 1947 1255">
    <p class='ocr_par' dir='ltr' id='par_1_10' title="bbox 344 1182 1947 1255">
     <span class='ocr_line' id='line_1_10' title="bbox 344 1182 1947 1255; baseline 0 -14"><span class='ocrx_word' id='word_1_70' title='bbox 344 1185 599 1255; x_wconf 86' lang='lat' dir='ltr'><strong>corporis</strong></span> <span class='ocrx_word' id='word_1_71' title='bbox 635 1194 1052 1240; x_wconf 83' lang='lat' dir='ltr'><strong>sacramentum.</strong></span> <span class='ocrx_word' id='word_1_72' title='bbox 1102 1182 1148 1239; x_wconf 92' lang='grc'><strong>0</strong></span> <span class='ocrx_word' id='word_1_73' title='bbox 1190 1184 1316 1240; x_wconf 87' lang='lat' dir='ltr'><strong>felix</strong></span> <span class='ocrx_word' id='word_1_74' title='bbox 1362 1194 1623 1241; x_wconf 82' lang='lat' dir='ltr'><strong>matronae</strong></span> <span class='ocrx_word' id='word_1_75' title='bbox 1672 1188 1947 1255; x_wconf 86' lang='lat' dir='ltr'><strong>transitus,</strong></span> 
     </span>
    </p>
   </div>
   <div class='ocr_carea' id='block_1_11' title="bbox 347 1274 1948 1348">
    <p class='ocr_par' dir='ltr' id='par_1_11' title="bbox 347 1274 1948 1348">
     <span class='ocr_line' id='line_1_11' title="bbox 347 1274 1948 1348; baseline 0.002 -18"><span class='ocrx_word' id='word_1_76' title='bbox 347 1291 462 1331; x_wconf 91' lang='lat' dir='ltr'><strong>non</strong></span> <span class='ocrx_word' id='word_1_77' title='bbox 493 1274 759 1342; x_wconf 89' lang='lat' dir='ltr'><strong>interitus,</strong></span> <span class='ocrx_word' id='word_1_78' title='bbox 784 1275 852 1330; x_wconf 89' lang='lat' dir='ltr'><strong>de</strong></span> <span class='ocrx_word' id='word_1_79' title='bbox 878 1290 986 1345; x_wconf 91' lang='lat' dir='ltr'><strong>quo</strong></span> <span class='ocrx_word' id='word_1_80' title='bbox 1007 1274 1333 1345; x_wconf 88' lang='lat' dir='ltr'><strong>jocundatur</strong></span> <span class='ocrx_word' id='word_1_81' title='bbox 1362 1277 1622 1348; x_wconf 89' lang='lat' dir='ltr'><strong>imprimis</strong></span> <span class='ocrx_word' id='word_1_82' title='bbox 1640 1286 1948 1333; x_wconf 84' lang='lat' dir='ltr'><strong>sanctorum</strong></span> 
     </span>
    </p>
   </div>
   <div class='ocr_carea' id='block_1_12' title="bbox 347 1367 1951 1440">
    <p class='ocr_par' dir='ltr' id='par_1_12' title="bbox 347 1367 1951 1440">
     <span class='ocr_line' id='line_1_12' title="bbox 347 1367 1951 1440; baseline 0.002 -19"><span class='ocrx_word' id='word_1_83' title='bbox 347 1367 626 1423; x_wconf 85' lang='lat' dir='ltr'><strong>exercitus</strong></span> <span class='ocrx_word' id='word_1_84' title='bbox 659 1367 845 1423; x_wconf 89' lang='lat' dir='ltr'><strong>laurea</strong></span> <span class='ocrx_word' id='word_1_85' title='bbox 883 1378 1194 1424; x_wconf 90' lang='lat' dir='ltr'><strong>coronatus.</strong></span> <span class='ocrx_word' id='word_1_86' title='bbox 1243 1369 1289 1423; x_wconf 84' lang='lat' dir='ltr'><strong>A</strong></span> <span class='ocrx_word' id='word_1_87' title='bbox 1317 1369 1455 1425; x_wconf 89' lang='lat' dir='ltr'><strong>facie</strong></span> <span class='ocrx_word' id='word_1_88' title='bbox 1481 1370 1699 1440; x_wconf 89' lang='lat' dir='ltr'><strong>quidem</strong></span> <span class='ocrx_word' id='word_1_89' title='bbox 1734 1370 1951 1424; x_wconf 76' lang='lat' dir='ltr'><strong>malitiae</strong></span> 
     </span>
    </p>
   </div>
   <div class='ocr_carea' id='block_1_13' title="bbox 342 1457 1953 1530">
    <p class='ocr_par' dir='ltr' id='par_1_13' title="bbox 342 1457 1953 1530">
     <span class='ocr_line' id='line_1_13' title="bbox 342 1457 1953 1530; baseline 0.002 -18"><span class='ocrx_word' id='word_1_90' title='bbox 342 1457 494 1526; x_wconf 86' lang='lat' dir='ltr'><strong>justa</strong></span> <span class='ocrx_word' id='word_1_91' title='bbox 523 1457 751 1512; x_wconf 83' lang='lat' dir='ltr'><strong>collecta</strong></span> <span class='ocrx_word' id='word_1_92' title='bbox 784 1466 870 1513; x_wconf 90' lang='lat' dir='ltr'><strong>est</strong></span> <span class='ocrx_word' id='word_1_93' title='bbox 895 1466 955 1513; x_wconf 88' lang='lat' dir='ltr'><strong>et</strong></span> <span class='ocrx_word' id='word_1_94' title='bbox 981 1466 1133 1530; x_wconf 88' lang='lat' dir='ltr'><strong>rapta</strong></span> <span class='ocrx_word' id='word_1_95' title='bbox 1154 1501 1169 1526; x_wconf 93' lang='lat'><strong>,</strong></span> <span class='ocrx_word' id='word_1_96' title='bbox 1202 1474 1271 1515; x_wconf 89' lang='lat' dir='ltr'><strong>ne</strong></span> <span class='ocrx_word' id='word_1_97' title='bbox 1298 1461 1501 1515; x_wconf 90' lang='lat' dir='ltr'><strong>malitia</strong></span> <span class='ocrx_word' id='word_1_98' title='bbox 1530 1461 1712 1515; x_wconf 83' lang='lat' dir='ltr'><strong>forsan</strong></span> <span class='ocrx_word' id='word_1_99' title='bbox 1744 1460 1953 1516; x_wconf 85' lang='lat' dir='ltr'><strong>intelle-</strong></span> 
     </span>
    </p>
   </div>
   <div class='ocr_carea' id='block_1_14' title="bbox 346 1550 1059 1620">
    <p class='ocr_par' dir='ltr' id='par_1_14' title="bbox 346 1550 1059 1620">
     <span class='ocr_line' id='line_1_14' title="bbox 346 1550 1059 1620; baseline 0.001 -16"><span class='ocrx_word' id='word_1_100' title='bbox 346 1557 503 1605; x_wconf 84' lang='lat' dir='ltr'><strong>ctum</strong></span> <span class='ocrx_word' id='word_1_101' title='bbox 533 1550 700 1620; x_wconf 84' lang='lat' dir='ltr'><strong>ipsius</strong></span> <span class='ocrx_word' id='word_1_102' title='bbox 729 1550 1059 1605; x_wconf 85' lang='lat' dir='ltr'><strong>immutaret.</strong></span> 
     </span>
    </p>
   </div>
   <div class='ocr_carea' id='block_1_15' title="bbox 428 1641 1954 1714">
    <p class='ocr_par' dir='ltr' id='par_1_15' title="bbox 428 1641 1954 1714">
     <span class='ocr_line' id='line_1_15' title="bbox 428 1641 1954 1714; baseline 0.005 -19"><span class='ocrx_word' id='word_1_103' title='bbox 428 1644 447 1674; x_wconf 79' lang='grc'><strong><em>³</em></strong></span> <span class='ocrx_word' id='word_1_104' title='bbox 489 1641 581 1696; x_wconf 77' lang='grc'><strong>57.</strong></span> <span class='ocrx_word' id='word_1_105' title='bbox 621 1641 757 1696; x_wconf 90' lang='lat' dir='ltr'><strong>Dum</strong></span> <span class='ocrx_word' id='word_1_106' title='bbox 802 1641 882 1697; x_wconf 86' lang='lat' dir='ltr'><strong>sic</strong></span> <span class='ocrx_word' id='word_1_107' title='bbox 922 1641 1065 1712; x_wconf 87' lang='lat' dir='ltr'><strong>jugis</strong></span> <span class='ocrx_word' id='word_1_108' title='bbox 1102 1643 1416 1699; x_wconf 89' lang='lat' dir='ltr'><strong>solemnitas</strong></span> <span class='ocrx_word' id='word_1_109' title='bbox 1446 1644 1757 1701; x_wconf 85' lang='lat' dir='ltr'><strong>tenderetur</strong></span> <span class='ocrx_word' id='word_1_110' title='bbox 1779 1690 1795 1714; x_wconf 93' lang='lat'><strong>,</strong></span> <span class='ocrx_word' id='word_1_111' title='bbox 1826 1662 1954 1703; x_wconf 90' lang='lat' dir='ltr'><strong>ecce</strong></span> 
     </span>
    </p>
   </div>
   <div class='ocr_carea' id='block_1_16' title="bbox 344 1732 1951 1803">
    <p class='ocr_par' dir='ltr' id='par_1_16' title="bbox 344 1732 1951 1803">
     <span class='ocr_line' id='line_1_16' title="bbox 344 1732 1951 1803; baseline 0.001 -16"><span class='ocrx_word' id='word_1_112' title='bbox 344 1732 535 1801; x_wconf 83' lang='lat' dir='ltr'><strong>gaudii</strong></span> <span class='ocrx_word' id='word_1_113' title='bbox 557 1732 782 1788; x_wconf 85' lang='lat' dir='ltr'><strong>materia</strong></span> <span class='ocrx_word' id='word_1_114' title='bbox 803 1743 1115 1789; x_wconf 87' lang='lat' dir='ltr'><strong>renovatur.</strong></span> <span class='ocrx_word' id='word_1_115' title='bbox 1144 1733 1365 1789; x_wconf 86' lang='lat' dir='ltr'><strong>intravit</strong></span> <span class='ocrx_word' id='word_1_116' title='bbox 1391 1735 1536 1791; x_wconf 90' lang='lat' dir='ltr'><strong>enim</strong></span> <span class='ocrx_word' id='word_1_117' title='bbox 1558 1736 1751 1791; x_wconf 87' lang='lat' dir='ltr'><strong>mulier</strong></span> <span class='ocrx_word' id='word_1_118' title='bbox 1770 1737 1951 1803; x_wconf 83' lang='lat' dir='ltr'><strong>vidua,</strong></span> 
     </span>
    </p>
   </div>
   <div class='ocr_carea' id='block_1_17' title="bbox 2046 548 3636 621">
    <p class='ocr_par' dir='ltr' id='par_1_17' title="bbox 2046 548 3636 621">
     <span class='ocr_line' id='line_1_17' title="bbox 2046 548 3636 621; baseline 0.002 -17"><span class='ocrx_word' id='word_1_119' title='bbox 2046 548 2253 604; x_wconf 86' lang='lat' dir='ltr'><strong>Eliseus</strong></span> <span class='ocrx_word' id='word_1_120' title='bbox 2281 563 2442 619; x_wconf 88' lang='lat' dir='ltr'><strong>super</strong></span> <span class='ocrx_word' id='word_1_121' title='bbox 2469 563 2725 618; x_wconf 91' lang='lat' dir='ltr'><strong>puerum,</strong></span> <span class='ocrx_word' id='word_1_122' title='bbox 2757 548 3046 617; x_wconf 87' lang='lat' dir='ltr'><strong>posuitque</strong></span> <span class='ocrx_word' id='word_1_123' title='bbox 3083 563 3146 603; x_wconf 90' lang='lat' dir='ltr'><strong>os</strong></span> <span class='ocrx_word' id='word_1_124' title='bbox 3184 563 3341 604; x_wconf 85' lang='lat' dir='ltr'><strong>suum</strong></span> <span class='ocrx_word' id='word_1_125' title='bbox 3382 564 3545 621; x_wconf 88' lang='lat' dir='ltr'><strong>super</strong></span> <span class='ocrx_word' id='word_1_126' title='bbox 3571 565 3636 608; x_wconf 82' lang='lat' dir='ltr'><strong>cs</strong></span> 
     </span>
    </p>
   </div>
   <div class='ocr_carea' id='block_1_18' title="bbox 2046 637 3637 709">
    <p class='ocr_par' dir='ltr' id='par_1_18' title="bbox 2046 637 3637 709">
     <span class='ocr_line' id='line_1_18' title="bbox 2046 637 3637 709; baseline 0.003 -15"><span class='ocrx_word' id='word_1_127' title='bbox 2046 640 2183 708; x_wconf 84' lang='lat' dir='ltr'><strong>ejus,</strong></span> <span class='ocrx_word' id='word_1_128' title='bbox 2206 648 2261 694; x_wconf 87' lang='lat' dir='ltr'><strong>et</strong></span> <span class='ocrx_word' id='word_1_129' title='bbox 2289 640 2473 694; x_wconf 91' lang='lat' dir='ltr'><strong>oculos</strong></span> <span class='ocrx_word' id='word_1_130' title='bbox 2502 654 2628 694; x_wconf 91' lang='lat' dir='ltr'><strong>suos</strong></span> <span class='ocrx_word' id='word_1_131' title='bbox 2653 653 2817 708; x_wconf 89' lang='lat' dir='ltr'><strong>super</strong></span> <span class='ocrx_word' id='word_1_132' title='bbox 2842 638 3029 694; x_wconf 90' lang='lat' dir='ltr'><strong>oculos</strong></span> <span class='ocrx_word' id='word_1_133' title='bbox 3057 637 3192 709; x_wconf 89' lang='lat' dir='ltr'><strong>ejus,</strong></span> <span class='ocrx_word' id='word_1_134' title='bbox 3218 646 3276 694; x_wconf 84' lang='lat' dir='ltr'><strong>et</strong></span> <span class='ocrx_word' id='word_1_135' title='bbox 3300 654 3492 696; x_wconf 87' lang='lat' dir='ltr'><strong>manus</strong></span> <span class='ocrx_word' id='word_1_136' title='bbox 3508 656 3637 699; x_wconf 78' lang='lat' dir='ltr'><strong>suas</strong></span> 
     </span>
    </p>
   </div>
   <div class='ocr_carea' id='block_1_19' title="bbox 2045 728 3641 803">
    <p class='ocr_par' dir='ltr' id='par_1_19' title="bbox 2045 728 3641 803">
     <span class='ocr_line' id='line_1_19' title="bbox 2045 728 3641 803; baseline 0.001 -17"><span class='ocrx_word' id='word_1_137' title='bbox 2045 746 2209 800; x_wconf 89' lang='lat' dir='ltr'><strong>super</strong></span> <span class='ocrx_word' id='word_1_138' title='bbox 2236 744 2427 784; x_wconf 89' lang='lat' dir='ltr'><strong>manus</strong></span> <span class='ocrx_word' id='word_1_139' title='bbox 2462 728 2578 798; x_wconf 84' lang='lat' dir='ltr'><strong>ejus</strong></span> <span class='ocrx_word' id='word_1_140' title='bbox 2600 769 2617 794; x_wconf 90' lang='lat'><strong>,</strong></span> <span class='ocrx_word' id='word_1_141' title='bbox 2648 737 2705 784; x_wconf 92' lang='lat' dir='ltr'><strong>et</strong></span> <span class='ocrx_word' id='word_1_142' title='bbox 2743 729 3041 801; x_wconf 81' lang='lat' dir='ltr'><strong>iucurvavit</strong></span> <span class='ocrx_word' id='word_1_143' title='bbox 3080 745 3139 785; x_wconf 86' lang='lat' dir='ltr'><strong>se</strong></span> <span class='ocrx_word' id='word_1_144' title='bbox 3175 746 3337 803; x_wconf 86' lang='lat' dir='ltr'><strong>super</strong></span> <span class='ocrx_word' id='word_1_145' title='bbox 3375 747 3498 787; x_wconf 90' lang='lat' dir='ltr'><strong>eum</strong></span> <span class='ocrx_word' id='word_1_146' title='bbox 3522 771 3538 797; x_wconf 95' lang='lat'><strong>,</strong></span> <span class='ocrx_word' id='word_1_147' title='bbox 3584 741 3641 788; x_wconf 91' lang='lat' dir='ltr'><strong>et</strong></span> 
     </span>
    </p>
   </div>
   <div class='ocr_carea' id='block_1_20' title="bbox 2046 819 3642 896">
    <p class='ocr_par' dir='ltr' id='par_1_20' title="bbox 2046 819 3642 896">
     <span class='ocr_line' id='line_1_20' title="bbox 2046 819 3642 896; baseline 0.002 -19"><span class='ocrx_word' id='word_1_148' title='bbox 2046 822 2306 877; x_wconf 88' lang='lat' dir='ltr'><strong>calefacta</strong></span> <span class='ocrx_word' id='word_1_149' title='bbox 2338 828 2423 875; x_wconf 90' lang='lat' dir='ltr'><strong>est</strong></span> <span class='ocrx_word' id='word_1_150' title='bbox 2445 837 2571 875; x_wconf 91' lang='lat' dir='ltr'><strong>caro</strong></span> <span class='ocrx_word' id='word_1_151' title='bbox 2600 820 2772 890; x_wconf 89' lang='lat' dir='ltr'><strong>pueri.</strong></span> <span class='ocrx_word' id='word_1_152' title='bbox 2811 819 2885 875; x_wconf 88' lang='lat' dir='ltr'><strong>Os</strong></span> <span class='ocrx_word' id='word_1_153' title='bbox 2911 819 3178 890; x_wconf 87' lang='lat' dir='ltr'><strong>siquidem</strong></span> <span class='ocrx_word' id='word_1_154' title='bbox 3214 822 3423 879; x_wconf 78' lang='lat' dir='ltr'><strong>blandae</strong></span> <span class='ocrx_word' id='word_1_155' title='bbox 3451 826 3642 896; x_wconf 89' lang='lat' dir='ltr'><strong>propi-</strong></span> 
     </span>
    </p>
   </div>
   <div class='ocr_carea' id='block_1_21' title="bbox 2050 910 3644 983">
    <p class='ocr_par' dir='ltr' id='par_1_21' title="bbox 2050 910 3644 983">
     <span class='ocr_line' id='line_1_21' title="bbox 2050 910 3644 983; baseline 0.001 -16"><span class='ocrx_word' id='word_1_156' title='bbox 2050 912 2287 967; x_wconf 90' lang='lat' dir='ltr'><strong>tiationis</strong></span> <span class='ocrx_word' id='word_1_157' title='bbox 2312 920 2367 967; x_wconf 91' lang='lat' dir='ltr'><strong>et</strong></span> <span class='ocrx_word' id='word_1_158' title='bbox 2396 911 2782 966; x_wconf 88' lang='lat' dir='ltr'><strong>obsecrationis</strong></span> <span class='ocrx_word' id='word_1_159' title='bbox 2808 910 2874 965; x_wconf 90' lang='lat' dir='ltr'><strong>ad</strong></span> <span class='ocrx_word' id='word_1_160' title='bbox 2902 910 3071 965; x_wconf 92' lang='lat' dir='ltr'><strong>Deum</strong></span> <span class='ocrx_word' id='word_1_161' title='bbox 3113 912 3299 968; x_wconf 91' lang='lat' dir='ltr'><strong>oculos</strong></span> <span class='ocrx_word' id='word_1_162' title='bbox 3351 913 3450 983; x_wconf 76' lang='lat' dir='ltr'><strong>pia:</strong></span> <span class='ocrx_word' id='word_1_163' title='bbox 3478 914 3644 969; x_wconf 87' lang='lat' dir='ltr'><strong>mise-</strong></span> 
     </span>
    </p>
   </div>
   <div class='ocr_carea' id='block_1_22' title="bbox 2049 1002 3648 1074">
    <p class='ocr_par' dir='ltr' id='par_1_22' title="bbox 2049 1002 3648 1074">
     <span class='ocr_line' id='line_1_22' title="bbox 2049 1002 3648 1074; baseline 0.001 -14"><span class='ocrx_word' id='word_1_164' title='bbox 2049 1004 2274 1060; x_wconf 82' lang='lat' dir='ltr'><strong>rationis</strong></span> <span class='ocrx_word' id='word_1_165' title='bbox 2309 1012 2365 1058; x_wconf 88' lang='lat' dir='ltr'><strong>et</strong></span> <span class='ocrx_word' id='word_1_166' title='bbox 2393 1019 2582 1058; x_wconf 89' lang='lat' dir='ltr'><strong>manus</strong></span> <span class='ocrx_word' id='word_1_167' title='bbox 2634 1002 2867 1058; x_wconf 86' lang='lat' dir='ltr'><strong>eﬂicacis</strong></span> <span class='ocrx_word' id='word_1_168' title='bbox 2901 1004 3233 1074; x_wconf 84' lang='lat' dir='ltr'><strong>Operationis</strong></span> <span class='ocrx_word' id='word_1_169' title='bbox 3281 1003 3558 1072; x_wconf 87' lang='lat' dir='ltr'><strong>adhibuit,</strong></span> <span class='ocrx_word' id='word_1_170' title='bbox 3588 1014 3648 1061; x_wconf 90' lang='lat' dir='ltr'><strong>et</strong></span> 
     </span>
    </p>
   </div>
   <div class='ocr_carea' id='block_1_23' title="bbox 2049 1096 3641 1168">
    <p class='ocr_par' dir='ltr' id='par_1_23' title="bbox 2049 1096 3641 1168">
     <span class='ocr_line' id='line_1_23' title="bbox 2049 1096 3641 1168; baseline 0.001 -16"><span class='ocrx_word' id='word_1_171' title='bbox 2049 1098 2127 1153; x_wconf 93' lang='lat' dir='ltr'><strong>sic</strong></span> <span class='ocrx_word' id='word_1_172' title='bbox 2153 1105 2397 1152; x_wconf 91' lang='lat' dir='ltr'><strong>mortuus</strong></span> <span class='ocrx_word' id='word_1_173' title='bbox 2425 1097 2740 1151; x_wconf 77' lang='lat' dir='ltr'><strong>resurrexit.</strong></span> <span class='ocrx_word' id='word_1_174' title='bbox 2788 1097 2877 1151; x_wconf 90' lang='lat' dir='ltr'><strong>Sic</strong></span> <span class='ocrx_word' id='word_1_175' title='bbox 2917 1097 3080 1151; x_wconf 89' lang='lat' dir='ltr'><strong>etiam</strong></span> <span class='ocrx_word' id='word_1_176' title='bbox 3110 1097 3193 1152; x_wconf 92' lang='lat' dir='ltr'><strong>sui</strong></span> <span class='ocrx_word' id='word_1_177' title='bbox 3230 1096 3381 1154; x_wconf 91' lang='lat' dir='ltr'><strong>ducis</strong></span> <span class='ocrx_word' id='word_1_178' title='bbox 3410 1098 3641 1168; x_wconf 86' lang='lat' dir='ltr'><strong>insignia</strong></span> 
     </span>
    </p>
   </div>
   <div class='ocr_carea' id='block_1_24' title="bbox 2049 1187 3646 1257">
    <p class='ocr_par' dir='ltr' id='par_1_24' title="bbox 2049 1187 3646 1257">
     <span class='ocr_line' id='line_1_24' title="bbox 2049 1187 3646 1257; baseline 0.001 -12"><span class='ocrx_word' id='word_1_179' title='bbox 2049 1189 2448 1245; x_wconf 87' lang='lat' dir='ltr'><strong>renovabantur</strong></span> <span class='ocrx_word' id='word_1_180' title='bbox 2498 1189 2552 1242; x_wconf 89' lang='lat' dir='ltr'><strong>in</strong></span> <span class='ocrx_word' id='word_1_181' title='bbox 2602 1188 2808 1249; x_wconf 87' lang='lat' dir='ltr'><strong>milite,</strong></span> <span class='ocrx_word' id='word_1_182' title='bbox 2852 1188 2943 1257; x_wconf 86' lang='lat' dir='ltr'><strong>qui</strong></span> <span class='ocrx_word' id='word_1_183' title='bbox 2990 1187 3303 1245; x_wconf 91' lang='lat' dir='ltr'><strong>defunctum</strong></span> <span class='ocrx_word' id='word_1_184' title='bbox 3342 1189 3369 1229; x_wconf 71' lang='grc' dir='ltr'>δ</span> <span class='ocrx_word' id='word_1_185' title='bbox 3413 1191 3646 1246; x_wconf 86' lang='lat' dir='ltr'><strong>reddidit</strong></span> 
     </span>
    </p>
   </div>
   <div class='ocr_carea' id='block_1_25' title="bbox 2051 1276 3648 1349">
    <p class='ocr_par' dir='ltr' id='par_1_25' title="bbox 2051 1276 3648 1349">
     <span class='ocr_line' id='line_1_25' title="bbox 2051 1276 3648 1349; baseline 0.002 -14"><span class='ocrx_word' id='word_1_186' title='bbox 2051 1280 2267 1336; x_wconf 89' lang='lat' dir='ltr'><strong>unicum</strong></span> <span class='ocrx_word' id='word_1_187' title='bbox 2297 1279 2454 1337; x_wconf 84' lang='lat' dir='ltr'><strong>matri</strong></span> <span class='ocrx_word' id='word_1_188' title='bbox 2484 1293 2614 1333; x_wconf 67' lang='lat' dir='ltr'><strong>sum.</strong></span> <span class='ocrx_word' id='word_1_189' title='bbox 2664 1276 2885 1349; x_wconf 86' lang='lat' dir='ltr'><strong>Accepit</strong></span> <span class='ocrx_word' id='word_1_190' title='bbox 2930 1279 3110 1348; x_wconf 91' lang='lat' dir='ltr'><strong>itaque</strong></span> <span class='ocrx_word' id='word_1_191' title='bbox 3150 1281 3342 1336; x_wconf 90' lang='lat' dir='ltr'><strong>mulier</strong></span> <span class='ocrx_word' id='word_1_192' title='bbox 3369 1280 3437 1337; x_wconf 90' lang='lat' dir='ltr'><strong>de</strong></span> <span class='ocrx_word' id='word_1_193' title='bbox 3465 1298 3648 1338; x_wconf 87' lang='lat' dir='ltr'><strong>resur-</strong></span> 
     </span>
    </p>
   </div>
   <div class='ocr_carea' id='block_1_26' title="bbox 2052 1369 3644 1445">
    <p class='ocr_par' dir='ltr' id='par_1_26' title="bbox 2052 1369 3644 1445">
     <span class='ocr_line' id='line_1_26' title="bbox 2052 1369 3644 1445; baseline 0.004 -18"><span class='ocrx_word' id='word_1_194' title='bbox 2052 1372 2295 1428; x_wconf 80' lang='lat' dir='ltr'><strong>rectione</strong></span> <span class='ocrx_word' id='word_1_195' title='bbox 2326 1371 2490 1425; x_wconf 79' lang='lat' dir='ltr'><strong>filium</strong></span> <span class='ocrx_word' id='word_1_196' title='bbox 2521 1387 2699 1426; x_wconf 90' lang='lat' dir='ltr'><strong>suum.</strong></span> <span class='ocrx_word' id='word_1_197' title='bbox 2734 1369 3030 1427; x_wconf 84' lang='lat' dir='ltr'><strong>Revirescit</strong></span> <span class='ocrx_word' id='word_1_198' title='bbox 3058 1388 3344 1429; x_wconf 89' lang='lat' dir='ltr'><strong>commune</strong></span> <span class='ocrx_word' id='word_1_199' title='bbox 3368 1376 3644 1445; x_wconf 77' lang='lat' dir='ltr'><strong>gaudium,</strong></span> 
     </span>
    </p>
   </div>
   <div class='ocr_carea' id='block_1_27' title="bbox 2053 1462 3649 1536">
    <p class='ocr_par' dir='ltr' id='par_1_27' title="bbox 2053 1462 3649 1536">
     <span class='ocr_line' id='line_1_27' title="bbox 2053 1462 3649 1536; baseline 0.003 -17"><span class='ocrx_word' id='word_1_200' title='bbox 2053 1462 2464 1519; x_wconf 85' lang='lat' dir='ltr'><strong>commendatur</strong></span> <span class='ocrx_word' id='word_1_201' title='bbox 2493 1463 2666 1517; x_wconf 88' lang='lat' dir='ltr'><strong>sancti</strong></span> <span class='ocrx_word' id='word_1_202' title='bbox 2696 1462 3084 1533; x_wconf 87' lang='lat' dir='ltr'><strong>patrocinium,</strong></span> <span class='ocrx_word' id='word_1_203' title='bbox 3116 1464 3502 1535; x_wconf 87' lang='lat' dir='ltr'><strong>comprobatur</strong></span> <span class='ocrx_word' id='word_1_204' title='bbox 3530 1466 3649 1536; x_wconf 80' lang='lat' dir='ltr'><strong>ejus</strong></span> 
     </span>
    </p>
   </div>
   <div class='ocr_carea' id='block_1_28' title="bbox 2053 1554 3652 1627">
    <p class='ocr_par' dir='ltr' id='par_1_28' title="bbox 2053 1554 3652 1627">
     <span class='ocr_line' id='line_1_28' title="bbox 2053 1554 3652 1627; baseline 0.002 -16"><span class='ocrx_word' id='word_1_205' title='bbox 2053 1556 2329 1620; x_wconf 66' lang='lat' dir='ltr'><strong>sanctitas,</strong></span> <span class='ocrx_word' id='word_1_206' title='bbox 2353 1555 2524 1626; x_wconf 89' lang='lat' dir='ltr'><strong>pietas</strong></span> <span class='ocrx_word' id='word_1_207' title='bbox 2544 1560 2599 1609; x_wconf 89' lang='lat' dir='ltr'><strong>et</strong></span> <span class='ocrx_word' id='word_1_208' title='bbox 2622 1562 2867 1625; x_wconf 87' lang='lat' dir='ltr'><strong>potestas</strong></span> <span class='ocrx_word' id='word_1_209' title='bbox 2888 1569 2985 1624; x_wconf 85' lang='lat' dir='ltr'><strong>per</strong></span> <span class='ocrx_word' id='word_1_210' title='bbox 3006 1554 3261 1610; x_wconf 91' lang='lat' dir='ltr'><strong>indicium</strong></span> <span class='ocrx_word' id='word_1_211' title='bbox 3283 1554 3652 1627; x_wconf 84' lang='lat' dir='ltr'><strong>multipliciter</strong></span> 
     </span>
    </p>
   </div>
   <div class='ocr_carea' id='block_1_29' title="bbox 2053 1645 3655 1718">
    <p class='ocr_par' dir='ltr' id='par_1_29' title="bbox 2053 1645 3655 1718">
     <span class='ocr_line' id='line_1_29' title="bbox 2053 1645 3655 1718; baseline 0.002 -15"><span class='ocrx_word' id='word_1_212' title='bbox 2053 1647 2418 1704; x_wconf 89' lang='lat' dir='ltr'><strong>manifestum.</strong></span> <span class='ocrx_word' id='word_1_213' title='bbox 2448 1645 2493 1702; x_wconf 90' lang='grc' dir='ltr'><strong>Ο</strong></span> <span class='ocrx_word' id='word_1_214' title='bbox 2517 1648 2653 1703; x_wconf 88' lang='lat' dir='ltr'><strong>mira</strong></span> <span class='ocrx_word' id='word_1_215' title='bbox 2682 1646 2897 1702; x_wconf 90' lang='lat' dir='ltr'><strong>bonitas</strong></span> <span class='ocrx_word' id='word_1_216' title='bbox 2926 1655 2981 1703; x_wconf 90' lang='lat' dir='ltr'><strong>et</strong></span> <span class='ocrx_word' id='word_1_217' title='bbox 3008 1647 3296 1718; x_wconf 88' lang='lat' dir='ltr'><strong>stupenda,</strong></span> <span class='ocrx_word' id='word_1_218' title='bbox 3325 1647 3449 1703; x_wconf 84' lang='lat' dir='ltr'><strong>dum</strong></span> <span class='ocrx_word' id='word_1_219' title='bbox 3478 1650 3532 1705; x_wconf 90' lang='lat' dir='ltr'><strong>in</strong></span> <span class='ocrx_word' id='word_1_220' title='bbox 3559 1663 3655 1706; x_wconf 65' lang='lat' dir='ltr'><strong>ea:-</strong></span> 
     </span>
    </p>
   </div>
   <div class='ocr_carea' id='block_1_30' title="bbox 2057 1738 3652 1812">
    <p class='ocr_par' dir='ltr' id='par_1_30' title="bbox 2057 1738 3652 1812">
     <span class='ocr_line' id='line_1_30' title="bbox 2057 1738 3652 1812; baseline 0.002 -17"><span class='ocrx_word' id='word_1_221' title='bbox 2057 1741 2179 1795; x_wconf 89' lang='lat' dir='ltr'><strong>dem</strong></span> <span class='ocrx_word' id='word_1_222' title='bbox 2208 1740 2553 1796; x_wconf 89' lang='lat' dir='ltr'><strong>solemnitate</strong></span> <span class='ocrx_word' id='word_1_223' title='bbox 2581 1740 2873 1795; x_wconf 89' lang='lat' dir='ltr'><strong>suscitatur</strong></span> <span class='ocrx_word' id='word_1_224' title='bbox 2894 1738 3140 1808; x_wconf 87' lang='lat' dir='ltr'><strong>juvenis,</strong></span> <span class='ocrx_word' id='word_1_225' title='bbox 3171 1741 3505 1812; x_wconf 88' lang='lat' dir='ltr'><strong>moriturque</strong></span> <span class='ocrx_word' id='word_1_226' title='bbox 3531 1759 3652 1798; x_wconf 88' lang='lat' dir='ltr'><strong>ma-</strong></span> 
     </span>
    </p>
   </div>
   <div class='ocr_carea' id='block_1_31' title="bbox 350 1814 3651 1903">
    <p class='ocr_par' dir='ltr' id='par_1_31' title="bbox 350 1814 3651 1903">
     <span class='ocr_line' id='line_1_31' title="bbox 350 1814 3651 1903; baseline 0.003 -23"><span class='ocrx_word' id='word_1_227' title='bbox 350 1839 455 1895; x_wconf 85' lang='lat' dir='ltr'><strong>pro</strong></span> <span class='ocrx_word' id='word_1_228' title='bbox 484 1822 742 1879; x_wconf 91' lang='lat' dir='ltr'><strong>defuncto</strong></span> <span class='ocrx_word' id='word_1_229' title='bbox 781 1823 892 1880; x_wconf 88' lang='lat' dir='ltr'><strong>lilio</strong></span> <span class='ocrx_word' id='word_1_230' title='bbox 927 1814 1191 1881; x_wconf 78' lang='lat' dir='ltr'><strong>desolata.</strong></span> <span class='ocrx_word' id='word_1_231' title='bbox 1241 1824 1413 1893; x_wconf 87' lang='lat' dir='ltr'><strong>Quem</strong></span> <span class='ocrx_word' id='word_1_232' title='bbox 1457 1842 1577 1882; x_wconf 91' lang='lat' dir='ltr'><strong>cum</strong></span> <span class='ocrx_word' id='word_1_233' title='bbox 1625 1829 1859 1885; x_wconf 78' lang='lat' dir='ltr'><strong>misisset</strong></span> <span class='ocrx_word' id='word_1_234' title='bbox 1900 1832 1952 1884; x_wconf 90' lang='lat' dir='ltr'><strong>in</strong></span> <span class='ocrx_word' id='word_1_235' title='bbox 1984 1835 2032 1894; x_wconf 87' lang='lat' dir='ltr'><strong>B</strong></span> <span class='ocrx_word' id='word_1_236' title='bbox 2060 1830 2245 1885; x_wconf 85' lang='lat' dir='ltr'><strong>trona!</strong></span> <span class='ocrx_word' id='word_1_237' title='bbox 2297 1827 2567 1901; x_wconf 90' lang='lat' dir='ltr'><strong>Scriptum</strong></span> <span class='ocrx_word' id='word_1_238' title='bbox 2605 1837 2689 1884; x_wconf 89' lang='lat' dir='ltr'><strong>est</strong></span> <span class='ocrx_word' id='word_1_239' title='bbox 2718 1829 2862 1885; x_wconf 89' lang='lat' dir='ltr'><strong>enim</strong></span> <span class='ocrx_word' id='word_1_240' title='bbox 2890 1830 2958 1884; x_wconf 92' lang='lat' dir='ltr'><strong>de</strong></span> <span class='ocrx_word' id='word_1_241' title='bbox 2986 1830 3216 1887; x_wconf 89' lang='lat' dir='ltr'><strong>Domino</strong></span> <span class='ocrx_word' id='word_1_242' title='bbox 3263 1830 3453 1903; x_wconf 74' lang='lat' dir='ltr'><strong>(Deut.</strong></span> <span class='ocrx_word' id='word_1_243' title='bbox 3481 1850 3651 1898; x_wconf 74' lang='grc' dir='ltr'><strong>χχχιι,</strong></span> 
     </span>
    </p>
   </div>
   <div class='ocr_carea' id='block_1_32' title="bbox 348 1915 1952 1989">
    <p class='ocr_par' dir='ltr' id='par_1_32' title="bbox 348 1915 1952 1989">
     <span class='ocr_line' id='line_1_32' title="bbox 348 1915 1952 1989; baseline 0.002 -18"><span class='ocrx_word' id='word_1_244' title='bbox 348 1930 543 1986; x_wconf 88' lang='lat' dir='ltr'><strong>agrum</strong></span> <span class='ocrx_word' id='word_1_245' title='bbox 591 1930 755 1971; x_wconf 89' lang='lat' dir='ltr'><strong>causa</strong></span> <span class='ocrx_word' id='word_1_246' title='bbox 803 1915 1139 1973; x_wconf 88' lang='lat' dir='ltr'><strong>custodiendi</strong></span> <span class='ocrx_word' id='word_1_247' title='bbox 1186 1918 1432 1988; x_wconf 89' lang='lat' dir='ltr'><strong>pecoris,</strong></span> <span class='ocrx_word' id='word_1_248' title='bbox 1475 1934 1701 1989; x_wconf 90' lang='lat' dir='ltr'><strong>puerum</strong></span> <span class='ocrx_word' id='word_1_249' title='bbox 1742 1920 1952 1976; x_wconf 75' lang='lat' dir='ltr'><strong>daemon</strong></span> 
     </span>
    </p>
   </div>
   <div class='ocr_carea' id='block_1_33' title="bbox 352 2006 1952 2081">
    <p class='ocr_par' dir='ltr' id='par_1_33' title="bbox 352 2006 1952 2081">
     <span class='ocr_line' id='line_1_33' title="bbox 352 2006 1952 2081; baseline 0.004 -19"><span class='ocrx_word' id='word_1_250' title='bbox 352 2008 629 2079; x_wconf 87' lang='lat' dir='ltr'><strong>impetiit,</strong></span> <span class='ocrx_word' id='word_1_251' title='bbox 671 2006 826 2077; x_wconf 88' lang='lat' dir='ltr'><strong>cujus</strong></span> <span class='ocrx_word' id='word_1_252' title='bbox 870 2016 989 2063; x_wconf 88' lang='lat' dir='ltr'><strong>erat</strong></span> <span class='ocrx_word' id='word_1_253' title='bbox 1024 2007 1319 2064; x_wconf 87' lang='lat' dir='ltr'><strong>similitudo</strong></span> <span class='ocrx_word' id='word_1_254' title='bbox 1357 2017 1413 2065; x_wconf 90' lang='lat' dir='ltr'><strong>et</strong></span> <span class='ocrx_word' id='word_1_255' title='bbox 1439 2011 1644 2081; x_wconf 84' lang='lat' dir='ltr'><strong>species</strong></span> <span class='ocrx_word' id='word_1_256' title='bbox 1676 2019 1732 2067; x_wconf 94' lang='lat' dir='ltr'><strong>ut</strong></span> <span class='ocrx_word' id='word_1_257' title='bbox 1761 2012 1952 2079; x_wconf 89' lang='lat' dir='ltr'><strong>leonis,</strong></span> 
     </span>
    </p>
   </div>
   <div class='ocr_carea' id='block_1_34' title="bbox 350 2100 1954 2174">
    <p class='ocr_par' dir='ltr' id='par_1_34' title="bbox 350 2100 1954 2174">
     <span class='ocr_line' id='line_1_34' title="bbox 350 2100 1954 2174; baseline 0.002 -18"><span class='ocrx_word' id='word_1_258' title='bbox 350 2101 447 2170; x_wconf 87' lang='lat' dir='ltr'><strong>qui</strong></span> <span class='ocrx_word' id='word_1_259' title='bbox 477 2100 548 2155; x_wconf 90' lang='lat' dir='ltr'><strong>de</strong></span> <span class='ocrx_word' id='word_1_260' title='bbox 576 2100 718 2155; x_wconf 88' lang='lat' dir='ltr'><strong>saltu</strong></span> <span class='ocrx_word' id='word_1_261' title='bbox 749 2101 1052 2172; x_wconf 87' lang='lat' dir='ltr'><strong>procedens</strong></span> <span class='ocrx_word' id='word_1_262' title='bbox 1080 2110 1134 2157; x_wconf 91' lang='lat' dir='ltr'><strong>et</strong></span> <span class='ocrx_word' id='word_1_263' title='bbox 1164 2104 1399 2172; x_wconf 78' lang='lat' dir='ltr'><strong>rugiens,</strong></span> <span class='ocrx_word' id='word_1_264' title='bbox 1433 2104 1696 2174; x_wconf 90' lang='lat' dir='ltr'><strong>impetens</strong></span> <span class='ocrx_word' id='word_1_265' title='bbox 1724 2114 1779 2161; x_wconf 91' lang='lat' dir='ltr'><strong>et</strong></span> <span class='ocrx_word' id='word_1_266' title='bbox 1806 2107 1954 2162; x_wconf 91' lang='lat' dir='ltr'><strong>occi-</strong></span> 
     </span>
    </p>
   </div>
   <div class='ocr_carea' id='block_1_35' title="bbox 350 2190 1954 2267">
    <p class='ocr_par' dir='ltr' id='par_1_35' title="bbox 350 2190 1954 2267">
     <span class='ocr_line' id='line_1_35' title="bbox 350 2190 1954 2267; baseline 0.004 -21"><span class='ocrx_word' id='word_1_267' title='bbox 350 2191 525 2257; x_wconf 82' lang='lat' dir='ltr'><strong>dens,</strong></span> <span class='ocrx_word' id='word_1_268' title='bbox 560 2192 705 2248; x_wconf 88' lang='lat' dir='ltr'><strong>illico</strong></span> <span class='ocrx_word' id='word_1_269' title='bbox 738 2190 895 2262; x_wconf 80' lang='lat' dir='ltr'><strong>fugit,</strong></span> <span class='ocrx_word' id='word_1_270' title='bbox 921 2200 981 2248; x_wconf 89' lang='lat' dir='ltr'><strong>et</strong></span> <span class='ocrx_word' id='word_1_271' title='bbox 1009 2194 1061 2247; x_wconf 88' lang='lat' dir='ltr'><strong>in</strong></span> <span class='ocrx_word' id='word_1_272' title='bbox 1098 2193 1366 2249; x_wconf 87' lang='lat' dir='ltr'><strong>latebrosa</strong></span> <span class='ocrx_word' id='word_1_273' title='bbox 1394 2210 1612 2251; x_wconf 89' lang='lat' dir='ltr'><strong>nemora</strong></span> <span class='ocrx_word' id='word_1_274' title='bbox 1641 2211 1699 2251; x_wconf 89' lang='lat' dir='ltr'><strong>se</strong></span> <span class='ocrx_word' id='word_1_275' title='bbox 1729 2198 1954 2267; x_wconf 90' lang='lat' dir='ltr'><strong>recepit.</strong></span> 
     </span>
    </p>
   </div>
   <div class='ocr_carea' id='block_1_36' title="bbox 350 2282 1956 2356">
    <p class='ocr_par' dir='ltr' id='par_1_36' title="bbox 350 2282 1956 2356">
     <span class='ocr_line' id='line_1_36' title="bbox 350 2282 1956 2356; baseline 0.004 -18"><span class='ocrx_word' id='word_1_276' title='bbox 350 2282 589 2355; x_wconf 87' lang='lat' dir='ltr'><strong>Cognita</strong></span> <span class='ocrx_word' id='word_1_277' title='bbox 619 2293 793 2340; x_wconf 89' lang='lat' dir='ltr'><strong>mater</strong></span> <span class='ocrx_word' id='word_1_278' title='bbox 819 2285 1015 2342; x_wconf 83' lang='lat' dir='ltr'><strong>misera</strong></span> <span class='ocrx_word' id='word_1_279' title='bbox 1046 2287 1214 2342; x_wconf 88' lang='lat' dir='ltr'><strong>tristis</strong></span> <span class='ocrx_word' id='word_1_280' title='bbox 1246 2296 1471 2343; x_wconf 89' lang='lat' dir='ltr'><strong>eventus</strong></span> <span class='ocrx_word' id='word_1_281' title='bbox 1498 2289 1639 2345; x_wconf 88' lang='lat' dir='ltr'><strong>serie</strong></span> <span class='ocrx_word' id='word_1_282' title='bbox 1661 2328 1677 2356; x_wconf 91' lang='lat'><strong>,</strong></span> <span class='ocrx_word' id='word_1_283' title='bbox 1719 2290 1956 2345; x_wconf 88' lang='lat' dir='ltr'><strong>resoluta</strong></span> 
     </span>
    </p>
   </div>
   <div class='ocr_carea' id='block_1_37' title="bbox 351 2378 1958 2455">
    <p class='ocr_par' dir='ltr' id='par_1_37' title="bbox 351 2378 1958 2455">
     <span class='ocr_line' id='line_1_37' title="bbox 351 2378 1958 2455; baseline 0.005 -24"><span class='ocrx_word' id='word_1_284' title='bbox 351 2378 607 2433; x_wconf 85' lang='lat' dir='ltr'><strong>muliebri</strong></span> <span class='ocrx_word' id='word_1_285' title='bbox 634 2378 891 2444; x_wconf 90' lang='lat' dir='ltr'><strong>mollitie,</strong></span> <span class='ocrx_word' id='word_1_286' title='bbox 922 2380 1210 2448; x_wconf 84' lang='lat' dir='ltr'><strong>gemitibus</strong></span> <span class='ocrx_word' id='word_1_287' title='bbox 1237 2380 1476 2450; x_wconf 84' lang='lat' dir='ltr'><strong>indulget</strong></span> <span class='ocrx_word' id='word_1_288' title='bbox 1503 2392 1557 2437; x_wconf 91' lang='lat' dir='ltr'><strong>et</strong></span> <span class='ocrx_word' id='word_1_289' title='bbox 1586 2383 1868 2455; x_wconf 86' lang='lat' dir='ltr'><strong>lacrymis,</strong></span> <span class='ocrx_word' id='word_1_290' title='bbox 1901 2393 1958 2439; x_wconf 88' lang='lat' dir='ltr'><strong>et</strong></span> 
     </span>
    </p>
   </div>
   <div class='ocr_carea' id='block_1_38' title="bbox 349 2468 1953 2546">
    <p class='ocr_par' dir='ltr' id='par_1_38' title="bbox 349 2468 1953 2546">
     <span class='ocr_line' id='line_1_38' title="bbox 349 2468 1953 2546; baseline 0.004 -24"><span class='ocrx_word' id='word_1_291' title='bbox 349 2468 565 2524; x_wconf 86' lang='lat' dir='ltr'><strong>crebris</strong></span> <span class='ocrx_word' id='word_1_292' title='bbox 608 2470 853 2539; x_wconf 88' lang='lat' dir='ltr'><strong>suspiriis</strong></span> <span class='ocrx_word' id='word_1_293' title='bbox 881 2470 1186 2538; x_wconf 87' lang='lat' dir='ltr'><strong>intabescit,</strong></span> <span class='ocrx_word' id='word_1_294' title='bbox 1217 2480 1306 2537; x_wconf 92' lang='lat' dir='ltr'><strong>ut,</strong></span> <span class='ocrx_word' id='word_1_295' title='bbox 1338 2473 1439 2527; x_wconf 90' lang='lat' dir='ltr'><strong>etsi</strong></span> <span class='ocrx_word' id='word_1_296' title='bbox 1466 2481 1693 2546; x_wconf 84' lang='lat' dir='ltr'><strong>matrem</strong></span> <span class='ocrx_word' id='word_1_297' title='bbox 1722 2476 1953 2539; x_wconf 89' lang='lat' dir='ltr'><strong>nescias,</strong></span> 
     </span>
    </p>
   </div>
   <div class='ocr_carea' id='block_1_39' title="bbox 354 2562 1957 2630">
    <p class='ocr_par' dir='ltr' id='par_1_39' title="bbox 354 2562 1957 2630">
     <span class='ocr_line' id='line_1_39' title="bbox 354 2562 1957 2630; baseline 0.003 -14"><span class='ocrx_word' id='word_1_298' title='bbox 354 2572 591 2616; x_wconf 82' lang='lat' dir='ltr'><strong>matrem</strong></span> <span class='ocrx_word' id='word_1_299' title='bbox 617 2574 880 2629; x_wconf 87' lang='lat' dir='ltr'><strong>agnoscas</strong></span> <span class='ocrx_word' id='word_1_300' title='bbox 908 2580 923 2616; x_wconf 92' lang='lat'><strong>:</strong></span> <span class='ocrx_word' id='word_1_301' title='bbox 955 2562 1264 2619; x_wconf 79' lang='lat' dir='ltr'><strong>manifestat</strong></span> <span class='ocrx_word' id='word_1_302' title='bbox 1289 2564 1490 2620; x_wconf 90' lang='lat' dir='ltr'><strong>doloris</strong></span> <span class='ocrx_word' id='word_1_303' title='bbox 1518 2564 1786 2630; x_wconf 78' lang='lat' dir='ltr'><strong>affectum,</strong></span> <span class='ocrx_word' id='word_1_304' title='bbox 1818 2575 1873 2621; x_wconf 92' lang='lat' dir='ltr'><strong>et</strong></span> <span class='ocrx_word' id='word_1_305' title='bbox 1905 2568 1957 2621; x_wconf 92' lang='lat' dir='ltr'><strong>in</strong></span> 
     </span>
    </p>
   </div>
   <div class='ocr_carea' id='block_1_40' title="bbox 360 2650 1954 2725">
    <p class='ocr_par' dir='ltr' id='par_1_40' title="bbox 360 2650 1954 2725">
     <span class='ocr_line' id='line_1_40' title="bbox 360 2650 1954 2725; baseline 0.004 -20"><span class='ocrx_word' id='word_1_306' title='bbox 360 2650 532 2706; x_wconf 88' lang='lat' dir='ltr'><strong>modo</strong></span> <span class='ocrx_word' id='word_1_307' title='bbox 557 2650 768 2707; x_wconf 75' lang='lat' dir='ltr'><strong>dolendi</strong></span> <span class='ocrx_word' id='word_1_308' title='bbox 792 2657 1148 2725; x_wconf 85' lang='lat' dir='ltr'><strong>lacrymarum</strong></span> <span class='ocrx_word' id='word_1_309' title='bbox 1175 2670 1456 2711; x_wconf 82' lang='lat' dir='ltr'><strong>excessum</strong></span> <span class='ocrx_word' id='word_1_310' title='bbox 1476 2698 1492 2725; x_wconf 93' lang='lat'><strong>,</strong></span> <span class='ocrx_word' id='word_1_311' title='bbox 1522 2664 1578 2711; x_wconf 90' lang='lat' dir='ltr'><strong>et</strong></span> <span class='ocrx_word' id='word_1_312' title='bbox 1603 2657 1740 2712; x_wconf 90' lang='lat' dir='ltr'><strong>sicut</strong></span> <span class='ocrx_word' id='word_1_313' title='bbox 1765 2655 1954 2720; x_wconf 78' lang='lat' dir='ltr'><strong>JaCnb,</strong></span> 
     </span>
    </p>
   </div>
   <div class='ocr_carea' id='block_1_41' title="bbox 362 2741 1959 2820">
    <p class='ocr_par' dir='ltr' id='par_1_41' title="bbox 362 2741 1959 2820">
     <span class='ocr_line' id='line_1_41' title="bbox 362 2741 1959 2820; baseline 0.006 -24"><span class='ocrx_word' id='word_1_314' title='bbox 362 2741 537 2799; x_wconf 79' lang='lat' dir='ltr'><strong>ﬁlium</strong></span> <span class='ocrx_word' id='word_1_315' title='bbox 564 2747 868 2803; x_wconf 80' lang='lat' dir='ltr'><strong>existimans</strong></span> <span class='ocrx_word' id='word_1_316' title='bbox 897 2765 927 2803; x_wconf 90' lang='lat' dir='ltr'><strong>a</strong></span> <span class='ocrx_word' id='word_1_317' title='bbox 956 2749 1127 2804; x_wconf 84' lang='lat' dir='ltr'><strong>bestia</strong></span> <span class='ocrx_word' id='word_1_318' title='bbox 1155 2749 1496 2816; x_wconf 82' lang='lat' dir='ltr'><strong>devoratum,</strong></span> <span class='ocrx_word' id='word_1_319' title='bbox 1528 2750 1804 2820; x_wconf 88' lang='lat' dir='ltr'><strong>planctum</strong></span> <span class='ocrx_word' id='word_1_320' title='bbox 1834 2765 1959 2817; x_wconf 84' lang='lat' dir='ltr'><strong>age-</strong></span> 
     </span>
    </p>
   </div>
   <div class='ocr_carea' id='block_1_42' title="bbox 355 2832 1958 2910">
    <p class='ocr_par' dir='ltr' id='par_1_42' title="bbox 355 2832 1958 2910">
     <span class='ocr_line' id='line_1_42' title="bbox 355 2832 1958 2910; baseline 0.004 -22"><span class='ocrx_word' id='word_1_321' title='bbox 355 2832 460 2889; x_wconf 78' lang='lat' dir='ltr'><strong>bat</strong></span> <span class='ocrx_word' id='word_1_322' title='bbox 483 2837 814 2897; x_wconf 67' lang='lat' dir='ltr'><strong>continuum).</strong></span> <span class='ocrx_word' id='word_1_323' title='bbox 847 2837 991 2895; x_wconf 90' lang='lat' dir='ltr'><strong>Puer</strong></span> <span class='ocrx_word' id='word_1_324' title='bbox 1011 2840 1200 2895; x_wconf 91' lang='lat' dir='ltr'><strong>unicus</strong></span> <span class='ocrx_word' id='word_1_325' title='bbox 1226 2854 1334 2895; x_wconf 88' lang='lat' dir='ltr'><strong>non</strong></span> <span class='ocrx_word' id='word_1_326' title='bbox 1362 2840 1728 2910; x_wconf 90' lang='lat' dir='ltr'><strong>comparebat,</strong></span> <span class='ocrx_word' id='word_1_327' title='bbox 1754 2848 1808 2896; x_wconf 92' lang='lat' dir='ltr'><strong>et</strong></span> <span class='ocrx_word' id='word_1_328' title='bbox 1838 2841 1958 2895; x_wconf 83' lang='lat' dir='ltr'><strong>ideo</strong></span> 
     </span>
    </p>
   </div>
   <div class='ocr_carea' id='block_1_43' title="bbox 284 2919 1959 3004">
    <p class='ocr_par' dir='ltr' id='par_1_43' title="bbox 284 2919 1959 3004">
     <span class='ocr_line' id='line_1_43' title="bbox 284 2919 1959 3004; baseline 0.005 -25"><span class='ocrx_word' id='word_1_329' title='bbox 284 3001 289 3004; x_wconf 10' lang='grc' dir='ltr'><strong><em>ἢ</em></strong></span> <span class='ocrx_word' id='word_1_330' title='bbox 355 2926 559 2981; x_wconf 78' lang='lat' dir='ltr'><strong>mulier</strong></span> <span class='ocrx_word' id='word_1_331' title='bbox 584 2919 837 2983; x_wconf 72' lang='lat' dir='ltr'><strong>Solatiqu</strong></span> <span class='ocrx_word' id='word_1_332' title='bbox 864 2945 976 2985; x_wconf 89' lang='lat' dir='ltr'><strong>non</strong></span> <span class='ocrx_word' id='word_1_333' title='bbox 1007 2929 1259 2985; x_wconf 87' lang='lat' dir='ltr'><strong>habebat.</strong></span> <span class='ocrx_word' id='word_1_334' title='bbox 1312 2930 1480 2985; x_wconf 84' lang='lat' dir='ltr'><strong>Versa</strong></span> <span class='ocrx_word' id='word_1_335' title='bbox 1519 2940 1602 2986; x_wconf 91' lang='lat' dir='ltr'><strong>est</strong></span> <span class='ocrx_word' id='word_1_336' title='bbox 1643 2932 1959 2987; x_wconf 80' lang='lat' dir='ltr'><strong>solemnitas</strong></span> 
     </span>
    </p>
   </div>
   <div class='ocr_carea' id='block_1_44' title="bbox 352 3019 1955 3096">
    <p class='ocr_par' dir='ltr' id='par_1_44' title="bbox 352 3019 1955 3096">
     <span class='ocr_line' id='line_1_44' title="bbox 352 3019 1955 3096; baseline 0.001 -22"><span class='ocrx_word' id='word_1_337' title='bbox 352 3019 414 3074; x_wconf 87' lang='lat' dir='ltr'><strong>in</strong></span> <span class='ocrx_word' id='word_1_338' title='bbox 442 3034 758 3088; x_wconf 65' lang='lat' dir='ltr'><strong>maerorem,</strong></span> <span class='ocrx_word' id='word_1_339' title='bbox 781 3021 834 3076; x_wconf 91' lang='lat' dir='ltr'><strong>in</strong></span> <span class='ocrx_word' id='word_1_340' title='bbox 862 3023 1293 3093; x_wconf 88' lang='lat' dir='ltr'><strong>compassionem</strong></span> <span class='ocrx_word' id='word_1_341' title='bbox 1322 3024 1524 3078; x_wconf 58' lang='lat' dir='ltr'><strong>laetitia.</strong></span> <span class='ocrx_word' id='word_1_342' title='bbox 1556 3024 1745 3080; x_wconf 88' lang='lat' dir='ltr'><strong>Clerus</strong></span> <span class='ocrx_word' id='word_1_343' title='bbox 1772 3033 1827 3080; x_wconf 90' lang='lat' dir='ltr'><strong>et</strong></span> <span class='ocrx_word' id='word_1_344' title='bbox 1855 3042 1955 3096; x_wconf 71' lang='grc' dir='ltr'><strong>ιιι.-</strong></span> 
     </span>
    </p>
   </div>
   <div class='ocr_carea' id='block_1_45' title="bbox 354 3112 1960 3185">
    <p class='ocr_par' dir='ltr' id='par_1_45' title="bbox 354 3112 1960 3185">
     <span class='ocr_line' id='line_1_45' title="bbox 354 3112 1960 3185; baseline 0.005 -19"><span class='ocrx_word' id='word_1_345' title='bbox 354 3112 521 3183; x_wconf 87' lang='lat' dir='ltr'><strong>pulus</strong></span> <span class='ocrx_word' id='word_1_346' title='bbox 542 3112 813 3168; x_wconf 91' lang='lat' dir='ltr'><strong>internum</strong></span> <span class='ocrx_word' id='word_1_347' title='bbox 836 3114 1088 3185; x_wconf 73' lang='lat' dir='ltr'><strong>lacrymis</strong></span> <span class='ocrx_word' id='word_1_348' title='bbox 1108 3117 1360 3184; x_wconf 88' lang='lat' dir='ltr'><strong>egerebat</strong></span> <span class='ocrx_word' id='word_1_349' title='bbox 1379 3116 1642 3180; x_wconf 90' lang='lat' dir='ltr'><strong>dolorem,</strong></span> <span class='ocrx_word' id='word_1_350' title='bbox 1665 3124 1720 3172; x_wconf 93' lang='lat' dir='ltr'><strong>et</strong></span> <span class='ocrx_word' id='word_1_351' title='bbox 1743 3116 1960 3174; x_wconf 88' lang='lat' dir='ltr'><strong>indultis</strong></span> 
     </span>
    </p>
   </div>
   <div class='ocr_carea' id='block_1_46' title="bbox 2060 1918 3655 1994">
    <p class='ocr_par' dir='ltr' id='par_1_46' title="bbox 2060 1918 3655 1994">
     <span class='ocr_line' id='line_1_46' title="bbox 2060 1918 3655 1994; baseline 0.003 -20"><span class='ocrx_word' id='word_1_352' title='bbox 2060 1919 2152 1986; x_wconf 82' lang='lat'><strong>&#39;59)</strong></span> <span class='ocrx_word' id='word_1_353' title='bbox 2187 1938 2199 1972; x_wconf 89' lang='lat'><strong>:</strong></span> <span class='ocrx_word' id='word_1_354' title='bbox 2231 1918 2345 1989; x_wconf 88' lang='lat' dir='ltr'><strong>Ego</strong></span> <span class='ocrx_word' id='word_1_355' title='bbox 2370 1918 2636 1987; x_wconf 88' lang='lat' dir='ltr'><strong>occidam,</strong></span> <span class='ocrx_word' id='word_1_356' title='bbox 2663 1927 2719 1975; x_wconf 91' lang='lat' dir='ltr'><strong>et</strong></span> <span class='ocrx_word' id='word_1_357' title='bbox 2744 1934 2845 1990; x_wconf 88' lang='lat' dir='ltr'><strong>ego</strong></span> <span class='ocrx_word' id='word_1_358' title='bbox 2876 1920 3055 1975; x_wconf 89' lang='lat' dir='ltr'><strong>vivere</strong></span> <span class='ocrx_word' id='word_1_359' title='bbox 3082 1919 3277 1977; x_wconf 85' lang='lat' dir='ltr'><strong>faciam</strong></span> <span class='ocrx_word' id='word_1_360' title='bbox 3310 1939 3324 1976; x_wconf 90' lang='lat'><strong>:</strong></span> <span class='ocrx_word' id='word_1_361' title='bbox 3357 1926 3655 1994; x_wconf 88' lang='lat' dir='ltr'><strong>percutiam</strong></span> 
     </span>
    </p>
   </div>
   <div class='ocr_carea' id='block_1_47' title="bbox 2058 2011 3658 2084">
    <p class='ocr_par' dir='ltr' id='par_1_47' title="bbox 2058 2011 3658 2084">
     <span class='ocr_line' id='line_1_47' title="bbox 2058 2011 3658 2084; baseline 0.001 -15"><span class='ocrx_word' id='word_1_362' title='bbox 2058 2022 2113 2069; x_wconf 91' lang='lat' dir='ltr'><strong>et</strong></span> <span class='ocrx_word' id='word_1_363' title='bbox 2140 2014 2366 2069; x_wconf 90' lang='lat' dir='ltr'><strong>sanaho.</strong></span> <span class='ocrx_word' id='word_1_364' title='bbox 2414 2011 2522 2067; x_wconf 89' lang='lat' dir='ltr'><strong>Sed</strong></span> <span class='ocrx_word' id='word_1_365' title='bbox 2551 2012 2837 2081; x_wconf 91' lang='lat' dir='ltr'><strong>utrobique</strong></span> <span class='ocrx_word' id='word_1_366' title='bbox 2866 2012 3039 2083; x_wconf 92' lang='lat' dir='ltr'><strong>pietas</strong></span> <span class='ocrx_word' id='word_1_367' title='bbox 3060 2054 3077 2081; x_wconf 89' lang='lat'><strong>,</strong></span> <span class='ocrx_word' id='word_1_368' title='bbox 3107 2011 3234 2068; x_wconf 92' lang='lat' dir='ltr'><strong>dum</strong></span> <span class='ocrx_word' id='word_1_369' title='bbox 3260 2013 3472 2084; x_wconf 86' lang='lat' dir='ltr'><strong>juvenis</strong></span> <span class='ocrx_word' id='word_1_370' title='bbox 3499 2030 3658 2071; x_wconf 86' lang='lat' dir='ltr'><strong>revo-</strong></span> 
     </span>
    </p>
   </div>
   <div class='ocr_carea' id='block_1_48' title="bbox 2058 2105 3656 2187">
    <p class='ocr_par' dir='ltr' id='par_1_48' title="bbox 2058 2105 3656 2187">
     <span class='ocr_line' id='line_1_48' title="bbox 2058 2105 3656 2187; baseline 0.002 -28"><span class='ocrx_word' id='word_1_371' title='bbox 2058 2106 2283 2160; x_wconf 89' lang='lat' dir='ltr'><strong>cabatur</strong></span> <span class='ocrx_word' id='word_1_372' title='bbox 2310 2105 2378 2160; x_wconf 91' lang='lat' dir='ltr'><strong>ad</strong></span> <span class='ocrx_word' id='word_1_373' title='bbox 2433 2105 2660 2174; x_wconf 87' lang='lat' dir='ltr'><strong>gratiam</strong></span> <span class='ocrx_word' id='word_1_374' title='bbox 2685 2142 2701 2170; x_wconf 94' lang='lat'><strong>,</strong></span> <span class='ocrx_word' id='word_1_375' title='bbox 2748 2116 2995 2160; x_wconf 88' lang='lat' dir='ltr'><strong>matrona</strong></span> <span class='ocrx_word' id='word_1_376' title='bbox 3042 2120 3175 2162; x_wconf 89' lang='lat' dir='ltr'><strong>vero</strong></span> <span class='ocrx_word' id='word_1_377' title='bbox 3214 2107 3410 2163; x_wconf 88' lang='lat' dir='ltr'><strong>nobilis</strong></span> <span class='ocrx_word' id='word_1_378' title='bbox 3450 2115 3507 2163; x_wconf 91' lang='lat' dir='ltr'><strong>et</strong></span> <span class='ocrx_word' id='word_1_379' title='bbox 3542 2107 3656 2187; x_wconf 83' lang='lat' dir='ltr'><strong>jam</strong></span> 
     </span>
    </p>
   </div>
   <div class='ocr_carea' id='block_1_49' title="bbox 2057 2196 3414 2268">
    <p class='ocr_par' dir='ltr' id='par_1_49' title="bbox 2057 2196 3414 2268">
     <span class='ocr_line' id='line_1_49' title="bbox 2057 2196 3414 2268; baseline 0.001 -17"><span class='ocrx_word' id='word_1_380' title='bbox 2057 2196 2275 2252; x_wconf 89' lang='lat' dir='ltr'><strong>Christo</strong></span> <span class='ocrx_word' id='word_1_381' title='bbox 2299 2213 2500 2268; x_wconf 89' lang='lat' dir='ltr'><strong>sponso</strong></span> <span class='ocrx_word' id='word_1_382' title='bbox 2528 2196 2725 2252; x_wconf 88' lang='lat' dir='ltr'><strong>nubilis</strong></span> <span class='ocrx_word' id='word_1_383' title='bbox 2751 2196 3047 2253; x_wconf 87' lang='lat' dir='ltr'><strong>vocabatur</strong></span> <span class='ocrx_word' id='word_1_384' title='bbox 3072 2198 3138 2253; x_wconf 90' lang='lat' dir='ltr'><strong>ad</strong></span> <span class='ocrx_word' id='word_1_385' title='bbox 3165 2198 3414 2267; x_wconf 89' lang='lat' dir='ltr'><strong>gloriam.</strong></span> 
     </span>
    </p>
   </div>
   <div class='ocr_carea' id='block_1_50' title="bbox 2132 2288 3657 2358">
    <p class='ocr_par' dir='ltr' id='par_1_50' title="bbox 2132 2288 3657 2358">
     <span class='ocr_line' id='line_1_50' title="bbox 2132 2288 3657 2358; baseline 0.003 -13"><span class='ocrx_word' id='word_1_386' title='bbox 2132 2290 2220 2346; x_wconf 77' lang='lat'><strong>39.</strong></span> <span class='ocrx_word' id='word_1_387' title='bbox 2256 2290 2395 2357; x_wconf 85' lang='lat' dir='ltr'><strong>Quid</strong></span> <span class='ocrx_word' id='word_1_388' title='bbox 2432 2291 2573 2345; x_wconf 87' lang='lat' dir='ltr'><strong>inter</strong></span> <span class='ocrx_word' id='word_1_389' title='bbox 2600 2289 2714 2345; x_wconf 74' lang='lat' dir='ltr'><strong>hicc</strong></span> <span class='ocrx_word' id='word_1_390' title='bbox 2734 2330 2750 2357; x_wconf 89' lang='lat'><strong>,</strong></span> <span class='ocrx_word' id='word_1_391' title='bbox 2781 2288 2976 2345; x_wconf 91' lang='lat' dir='ltr'><strong>fratres</strong></span> <span class='ocrx_word' id='word_1_392' title='bbox 2996 2330 3012 2358; x_wconf 95' lang='lat'><strong>,</strong></span> <span class='ocrx_word' id='word_1_393' title='bbox 3046 2290 3514 2347; x_wconf 78' lang='lat' dir='ltr'><strong>animadvertitis?</strong></span> <span class='ocrx_word' id='word_1_394' title='bbox 3552 2292 3657 2351; x_wconf 88' lang='lat' dir='ltr'><strong>nisi</strong></span> 
     </span>
    </p>
   </div>
   <div class='ocr_carea' id='block_1_51' title="bbox 2058 2379 3657 2453">
    <p class='ocr_par' dir='ltr' id='par_1_51' title="bbox 2058 2379 3657 2453">
     <span class='ocr_line' id='line_1_51' title="bbox 2058 2379 3657 2453; baseline 0.001 -15"><span class='ocrx_word' id='word_1_395' title='bbox 2058 2382 2208 2453; x_wconf 90' lang='lat' dir='ltr'><strong>quod</strong></span> <span class='ocrx_word' id='word_1_396' title='bbox 2235 2382 2303 2438; x_wconf 91' lang='lat' dir='ltr'><strong>de</strong></span> <span class='ocrx_word' id='word_1_397' title='bbox 2334 2383 2561 2437; x_wconf 88' lang='lat' dir='ltr'><strong>mortuis</strong></span> <span class='ocrx_word' id='word_1_398' title='bbox 2593 2379 2756 2436; x_wconf 86' lang='lat' dir='ltr'><strong>fiebat</strong></span> <span class='ocrx_word' id='word_1_399' title='bbox 2800 2380 3058 2451; x_wconf 90' lang='lat' dir='ltr'><strong>liquidum</strong></span> <span class='ocrx_word' id='word_1_400' title='bbox 3087 2390 3482 2451; x_wconf 86' lang='lat' dir='ltr'><strong>argumentum,</strong></span> <span class='ocrx_word' id='word_1_401' title='bbox 3509 2383 3657 2453; x_wconf 90' lang='lat' dir='ltr'><strong>quod</strong></span> 
     </span>
    </p>
   </div>
   <div class='ocr_carea' id='block_1_52' title="bbox 2060 2471 3656 2543">
    <p class='ocr_par' dir='ltr' id='par_1_52' title="bbox 2060 2471 3656 2543">
     <span class='ocr_line' id='line_1_52' title="bbox 2060 2471 3656 2543; baseline -0.001 -15"><span class='ocrx_word' id='word_1_402' title='bbox 2060 2474 2126 2528; x_wconf 89' lang='lat' dir='ltr'><strong>ad</strong></span> <span class='ocrx_word' id='word_1_403' title='bbox 2170 2474 2286 2543; x_wconf 89' lang='lat' dir='ltr'><strong>ejus</strong></span> <span class='ocrx_word' id='word_1_404' title='bbox 2314 2473 2603 2528; x_wconf 82' lang='lat' dir='ltr'><strong>transierat</strong></span> <span class='ocrx_word' id='word_1_405' title='bbox 2626 2471 2859 2530; x_wconf 87' lang='lat' dir='ltr'><strong>Sanctus</strong></span> <span class='ocrx_word' id='word_1_406' title='bbox 2907 2473 3240 2529; x_wconf 90' lang='lat' dir='ltr'><strong>consortium</strong></span> <span class='ocrx_word' id='word_1_407' title='bbox 3282 2474 3373 2542; x_wconf 89' lang='lat' dir='ltr'><strong>qui</strong></span> <span class='ocrx_word' id='word_1_408' title='bbox 3425 2475 3548 2529; x_wconf 62' lang='lat' dir='ltr'><strong>vitae</strong></span> <span class='ocrx_word' id='word_1_409' title='bbox 3599 2482 3656 2529; x_wconf 89' lang='lat' dir='ltr'><strong>et</strong></span> 
     </span>
    </p>
   </div>
   <div class='ocr_carea' id='block_1_53' title="bbox 2064 2562 3657 2633">
    <p class='ocr_par' dir='ltr' id='par_1_53' title="bbox 2064 2562 3657 2633">
     <span class='ocr_line' id='line_1_53' title="bbox 2064 2562 3657 2633; baseline 0.001 -16"><span class='ocrx_word' id='word_1_410' title='bbox 2064 2564 2255 2617; x_wconf 90' lang='lat' dir='ltr'><strong>mortis</strong></span> <span class='ocrx_word' id='word_1_411' title='bbox 2284 2563 2448 2617; x_wconf 87' lang='lat' dir='ltr'><strong>habet</strong></span> <span class='ocrx_word' id='word_1_412' title='bbox 2475 2562 2802 2632; x_wconf 88' lang='lat' dir='ltr'><strong>imperium?</strong></span> <span class='ocrx_word' id='word_1_413' title='bbox 2830 2562 2938 2616; x_wconf 83' lang='lat' dir='ltr'><strong>Aut</strong></span> <span class='ocrx_word' id='word_1_414' title='bbox 2962 2570 3132 2629; x_wconf 87' lang='lat' dir='ltr'><strong>certe,</strong></span> <span class='ocrx_word' id='word_1_415' title='bbox 3162 2563 3286 2633; x_wconf 93' lang='lat' dir='ltr'><strong>quia</strong></span> <span class='ocrx_word' id='word_1_416' title='bbox 3313 2562 3445 2620; x_wconf 84' lang='lat' dir='ltr'><strong>ﬁdes</strong></span> <span class='ocrx_word' id='word_1_417' title='bbox 3471 2580 3657 2621; x_wconf 85' lang='lat' dir='ltr'><strong>resur-</strong></span> 
     </span>
    </p>
   </div>
   <div class='ocr_carea' id='block_1_54' title="bbox 2060 2651 3658 2724">
    <p class='ocr_par' dir='ltr' id='par_1_54' title="bbox 2060 2651 3658 2724">
     <span class='ocr_line' id='line_1_54' title="bbox 2060 2651 3658 2724; baseline 0 -14"><span class='ocrx_word' id='word_1_418' title='bbox 2060 2654 2316 2710; x_wconf 88' lang='lat' dir='ltr'><strong>rectionis</strong></span> <span class='ocrx_word' id='word_1_419' title='bbox 2344 2653 2563 2724; x_wconf 90' lang='lat' dir='ltr'><strong>propria</strong></span> <span class='ocrx_word' id='word_1_420' title='bbox 2604 2660 2688 2708; x_wconf 91' lang='lat' dir='ltr'><strong>est</strong></span> <span class='ocrx_word' id='word_1_421' title='bbox 2710 2651 2989 2708; x_wconf 64' lang='lat' dir='ltr'><strong>catholicae</strong></span> <span class='ocrx_word' id='word_1_422' title='bbox 3019 2652 3314 2722; x_wconf 89' lang='lat' dir='ltr'><strong>religionis,</strong></span> <span class='ocrx_word' id='word_1_423' title='bbox 3345 2653 3572 2710; x_wconf 90' lang='lat' dir='ltr'><strong>decebat</strong></span> <span class='ocrx_word' id='word_1_424' title='bbox 3599 2665 3658 2710; x_wconf 86' lang='lat' dir='ltr'><strong>ut</strong></span> 
     </span>
    </p>
   </div>
   <div class='ocr_carea' id='block_1_55' title="bbox 2062 2740 3661 2814">
    <p class='ocr_par' dir='ltr' id='par_1_55' title="bbox 2062 2740 3661 2814">
     <span class='ocr_line' id='line_1_55' title="bbox 2062 2740 3661 2814; baseline 0.003 -17"><span class='ocrx_word' id='word_1_425' title='bbox 2062 2742 2213 2811; x_wconf 83' lang='lat' dir='ltr'><strong>ﬁdes,</strong></span> <span class='ocrx_word' id='word_1_426' title='bbox 2233 2758 2394 2813; x_wconf 89' lang='lat' dir='ltr'><strong>quam</strong></span> <span class='ocrx_word' id='word_1_427' title='bbox 2407 2740 2636 2798; x_wconf 90' lang='lat' dir='ltr'><strong>Sanctus</strong></span> <span class='ocrx_word' id='word_1_428' title='bbox 2656 2742 2913 2797; x_wconf 90' lang='lat' dir='ltr'><strong>docuerat</strong></span> <span class='ocrx_word' id='word_1_429' title='bbox 2932 2743 3120 2808; x_wconf 90' lang='lat' dir='ltr'><strong>verbo,</strong></span> <span class='ocrx_word' id='word_1_430' title='bbox 3147 2743 3198 2797; x_wconf 91' lang='lat' dir='ltr'><strong>in</strong></span> <span class='ocrx_word' id='word_1_431' title='bbox 3220 2742 3336 2814; x_wconf 90' lang='lat' dir='ltr'><strong>ejus</strong></span> <span class='ocrx_word' id='word_1_432' title='bbox 3355 2744 3661 2801; x_wconf 67' lang='lat' dir='ltr'><strong>elevation.</strong></span> 
     </span>
    </p>
   </div>
   <div class='ocr_carea' id='block_1_56' title="bbox 2062 2834 3660 2905">
    <p class='ocr_par' dir='ltr' id='par_1_56' title="bbox 2062 2834 3660 2905">
     <span class='ocr_line' id='line_1_56' title="bbox 2062 2834 3660 2905; baseline -0.002 -12"><span class='ocrx_word' id='word_1_433' title='bbox 2062 2835 2477 2893; x_wconf 80' lang='lat' dir='ltr'><strong>continuaretur</strong></span> <span class='ocrx_word' id='word_1_434' title='bbox 2524 2834 2775 2905; x_wconf 90' lang='lat' dir='ltr'><strong>exemplo</strong></span> <span class='ocrx_word' id='word_1_435' title='bbox 2799 2873 2814 2898; x_wconf 95' lang='lat'><strong>,</strong></span> <span class='ocrx_word' id='word_1_436' title='bbox 2847 2849 2971 2889; x_wconf 88' lang='lat' dir='ltr'><strong>nam</strong></span> <span class='ocrx_word' id='word_1_437' title='bbox 2999 2834 3044 2888; x_wconf 91' lang='lat' dir='ltr'><strong>si</strong></span> <span class='ocrx_word' id='word_1_438' title='bbox 3090 2835 3378 2892; x_wconf 85' lang='lat' dir='ltr'><strong>suscitatus</strong></span> <span class='ocrx_word' id='word_1_439' title='bbox 3404 2848 3487 2891; x_wconf 93' lang='lat' dir='ltr'><strong>est</strong></span> <span class='ocrx_word' id='word_1_440' title='bbox 3513 2854 3660 2892; x_wconf 88' lang='lat' dir='ltr'><strong>mor-</strong></span> 
     </span>
    </p>
   </div>
   <div class='ocr_carea' id='block_1_57' title="bbox 2061 2923 3659 2993">
    <p class='ocr_par' dir='ltr' id='par_1_57' title="bbox 2061 2923 3659 2993">
     <span class='ocr_line' id='line_1_57' title="bbox 2061 2923 3659 2993; baseline -0.003 -13"><span class='ocrx_word' id='word_1_441' title='bbox 2061 2935 2206 2993; x_wconf 89' lang='lat' dir='ltr'><strong>tuus,</strong></span> <span class='ocrx_word' id='word_1_442' title='bbox 2229 2933 2284 2979; x_wconf 92' lang='lat' dir='ltr'><strong>et</strong></span> <span class='ocrx_word' id='word_1_443' title='bbox 2310 2941 2409 2980; x_wconf 88' lang='lat' dir='ltr'><strong>nos</strong></span> <span class='ocrx_word' id='word_1_444' title='bbox 2435 2923 2680 2979; x_wconf 87' lang='lat' dir='ltr'><strong>similiter</strong></span> <span class='ocrx_word' id='word_1_445' title='bbox 2708 2936 3066 2993; x_wconf 89' lang='lat' dir='ltr'><strong>resurgemus.</strong></span> <span class='ocrx_word' id='word_1_446' title='bbox 3098 2923 3386 2981; x_wconf 86' lang='lat' dir='ltr'><strong>Suscitatio</strong></span> <span class='ocrx_word' id='word_1_447' title='bbox 3414 2937 3659 2982; x_wconf 74' lang='lat' dir='ltr'><strong>mortuo-</strong></span> 
     </span>
    </p>
   </div>
   <div class='ocr_carea' id='block_1_58' title="bbox 2063 3014 3660 3088">
    <p class='ocr_par' dir='ltr' id='par_1_58' title="bbox 2063 3014 3660 3088">
     <span class='ocr_line' id='line_1_58' title="bbox 2063 3014 3660 3088; baseline -0.001 -17"><span class='ocrx_word' id='word_1_448' title='bbox 2063 3032 2183 3071; x_wconf 90' lang='lat' dir='ltr'><strong>rum</strong></span> <span class='ocrx_word' id='word_1_449' title='bbox 2234 3014 2645 3070; x_wconf 88' lang='lat' dir='ltr'><strong>resurrectionis</strong></span> <span class='ocrx_word' id='word_1_450' title='bbox 2686 3021 2771 3070; x_wconf 91' lang='lat' dir='ltr'><strong>est</strong></span> <span class='ocrx_word' id='word_1_451' title='bbox 2812 3014 3186 3087; x_wconf 84' lang='lat' dir='ltr'><strong>qualecunque</strong></span> <span class='ocrx_word' id='word_1_452' title='bbox 3227 3017 3550 3088; x_wconf 85' lang='lat' dir='ltr'><strong>vestigium,</strong></span> <span class='ocrx_word' id='word_1_453' title='bbox 3593 3034 3660 3073; x_wconf 72' lang='lat' dir='ltr'><strong>en</strong></span> 
     </span>
    </p>
   </div>
   <div class='ocr_carea' id='block_1_59' title="bbox 2063 3106 3657 3180">
    <p class='ocr_par' dir='ltr' id='par_1_59' title="bbox 2063 3106 3657 3180">
     <span class='ocr_line' id='line_1_59' title="bbox 2063 3106 3657 3180; baseline 0.002 -19"><span class='ocrx_word' id='word_1_454' title='bbox 2063 3107 2209 3177; x_wconf 88' lang='lat' dir='ltr'><strong>quod</strong></span> <span class='ocrx_word' id='word_1_455' title='bbox 2241 3106 2526 3175; x_wconf 91' lang='lat' dir='ltr'><strong>utrobique</strong></span> <span class='ocrx_word' id='word_1_456' title='bbox 2553 3113 2842 3160; x_wconf 87' lang='lat' dir='ltr'><strong>revocatur</strong></span> <span class='ocrx_word' id='word_1_457' title='bbox 2866 3106 2933 3160; x_wconf 90' lang='lat' dir='ltr'><strong>ad</strong></span> <span class='ocrx_word' id='word_1_458' title='bbox 2964 3106 3126 3161; x_wconf 89' lang='lat' dir='ltr'><strong>vitam</strong></span> <span class='ocrx_word' id='word_1_459' title='bbox 3175 3109 3318 3180; x_wconf 91' lang='lat' dir='ltr'><strong>quod</strong></span> <span class='ocrx_word' id='word_1_460' title='bbox 3349 3109 3524 3164; x_wconf 81' lang='lat' dir='ltr'><strong>fuerat</strong></span> <span class='ocrx_word' id='word_1_461' title='bbox 3552 3112 3657 3164; x_wconf 78' lang='lat' dir='ltr'><strong>vita</strong></span> 
     </span>
    </p>
   </div>
   <div class='ocr_carea' id='block_1_60' title="bbox 351 3196 3663 3279">
    <p class='ocr_par' dir='ltr' id='par_1_60' title="bbox 351 3196 3663 3279">
     <span class='ocr_line' id='line_1_60' title="bbox 351 3196 3663 3279; baseline 0.005 -37"><span class='ocrx_word' id='word_1_462' title='bbox 351 3203 638 3275; x_wconf 56' lang='lat' dir='ltr'><strong>paulisper</strong></span> <span class='ocrx_word' id='word_1_463' title='bbox 664 3206 928 3276; x_wconf 55' lang='lat' dir='ltr'><strong>suspiras,</strong></span> <span class='ocrx_word' id='word_1_464' title='bbox 943 3216 1264 3276; x_wconf 52' lang='lat' dir='ltr'><strong>recuperata</strong></span> <span class='ocrx_word' id='word_1_465' title='bbox 1293 3208 1445 3277; x_wconf 73' lang='lat' dir='ltr'><strong>Spein</strong></span> <span class='ocrx_word' id='word_1_466' title='bbox 1474 3207 1689 3277; x_wconf 55' lang='lat' dir='ltr'><strong>Mucia,</strong></span> <span class='ocrx_word' id='word_1_467' title='bbox 1712 3209 1775 3266; x_wconf 68' lang='grc' dir='ltr'><strong>Β,</strong></span> <span class='ocrx_word' id='word_1_468' title='bbox 1794 3208 1956 3265; x_wconf 68' lang='lat' dir='ltr'><strong>me“-</strong></span> <span class='ocrx_word' id='word_1_469' title='bbox 1984 3214 2030 3279; x_wconf 72' lang='grc' dir='ltr'>ο</span> <span class='ocrx_word' id='word_1_470' title='bbox 2063 3201 2352 3270; x_wconf 89' lang='lat' dir='ltr'><strong>privatum.</strong></span> <span class='ocrx_word' id='word_1_471' title='bbox 2400 3196 2510 3253; x_wconf 87' lang='lat' dir='ltr'><strong>Sed</strong></span> <span class='ocrx_word' id='word_1_472' title='bbox 2540 3206 2719 3252; x_wconf 88' lang='lat' dir='ltr'><strong>tamen</strong></span> <span class='ocrx_word' id='word_1_473' title='bbox 2759 3197 3126 3254; x_wconf 80' lang='lat' dir='ltr'><strong>suscitationis</strong></span> <span class='ocrx_word' id='word_1_474' title='bbox 3154 3208 3210 3255; x_wconf 91' lang='lat' dir='ltr'><strong>et</strong></span> <span class='ocrx_word' id='word_1_475' title='bbox 3249 3203 3663 3258; x_wconf 76' lang='lat' dir='ltr'><strong>resurrectionis</strong></span> 
     </span>
    </p>
   </div>
   <div class='ocr_carea' id='block_1_61' title="bbox 353 3294 1960 3367">
    <p class='ocr_par' dir='ltr' id='par_1_61' title="bbox 353 3294 1960 3367">
     <span class='ocr_line' id='line_1_61' title="bbox 353 3294 1960 3367; baseline 0.004 -19"><span class='ocrx_word' id='word_1_476' title='bbox 353 3294 596 3349; x_wconf 87' lang='lat' dir='ltr'><strong>therium</strong></span> <span class='ocrx_word' id='word_1_477' title='bbox 643 3295 1003 3366; x_wconf 81' lang='lat' dir='ltr'><strong>deprecatur,</strong></span> <span class='ocrx_word' id='word_1_478' title='bbox 1039 3306 1095 3351; x_wconf 87' lang='lat' dir='ltr'><strong>ut</strong></span> <span class='ocrx_word' id='word_1_479' title='bbox 1142 3297 1258 3367; x_wconf 86' lang='lat' dir='ltr'><strong>ejus</strong></span> <span class='ocrx_word' id='word_1_480' title='bbox 1281 3297 1419 3352; x_wconf 88' lang='lat' dir='ltr'><strong>filius</strong></span> <span class='ocrx_word' id='word_1_481' title='bbox 1443 3299 1752 3354; x_wconf 87' lang='lat' dir='ltr'><strong>suscitetur.</strong></span> <span class='ocrx_word' id='word_1_482' title='bbox 1796 3298 1960 3354; x_wconf 91' lang='lat' dir='ltr'><strong>Com-</strong></span> 
     </span>
    </p>
   </div>
   <div class='ocr_carea' id='block_1_62' title="bbox 353 3386 1959 3459">
    <p class='ocr_par' dir='ltr' id='par_1_62' title="bbox 353 3386 1959 3459">
     <span class='ocr_line' id='line_1_62' title="bbox 353 3386 1959 3459; baseline 0.004 -19"><span class='ocrx_word' id='word_1_483' title='bbox 353 3388 574 3457; x_wconf 86' lang='lat' dir='ltr'><strong>patieus</strong></span> <span class='ocrx_word' id='word_1_484' title='bbox 601 3386 780 3443; x_wconf 84' lang='lat' dir='ltr'><strong>clerus</strong></span> <span class='ocrx_word' id='word_1_485' title='bbox 806 3390 863 3443; x_wconf 86' lang='lat' dir='ltr'><strong>et</strong></span> <span class='ocrx_word' id='word_1_486' title='bbox 898 3390 1162 3459; x_wconf 89' lang='lat' dir='ltr'><strong>populus,</strong></span> <span class='ocrx_word' id='word_1_487' title='bbox 1205 3388 1347 3445; x_wconf 91' lang='lat' dir='ltr'><strong>idem</strong></span> <span class='ocrx_word' id='word_1_488' title='bbox 1396 3389 1670 3459; x_wconf 85' lang='lat' dir='ltr'><strong>ﬂagitabat</strong></span> <span class='ocrx_word' id='word_1_489' title='bbox 1716 3393 1858 3446; x_wconf 86' lang='lat' dir='ltr'><strong>votis</strong></span> <span class='ocrx_word' id='word_1_490' title='bbox 1904 3400 1959 3447; x_wconf 92' lang='lat' dir='ltr'><strong>et</strong></span> 
     </span>
    </p>
   </div>
   <div class='ocr_carea' id='block_1_63' title="bbox 355 3479 1952 3553">
    <p class='ocr_par' dir='ltr' id='par_1_63' title="bbox 355 3479 1952 3553">
     <span class='ocr_line' id='line_1_63' title="bbox 355 3479 1952 3553; baseline 0.002 -19"><span class='ocrx_word' id='word_1_491' title='bbox 355 3479 634 3549; x_wconf 84' lang='lat' dir='ltr'><strong>precibus.</strong></span> <span class='ocrx_word' id='word_1_492' title='bbox 668 3480 806 3536; x_wconf 82' lang='lat' dir='ltr'><strong>Vere</strong></span> <span class='ocrx_word' id='word_1_493' title='bbox 827 3481 1124 3537; x_wconf 91' lang='lat' dir='ltr'><strong>secundum</strong></span> <span class='ocrx_word' id='word_1_494' title='bbox 1149 3482 1472 3537; x_wconf 88' lang='lat' dir='ltr'><strong>sententiam</strong></span> <span class='ocrx_word' id='word_1_495' title='bbox 1498 3482 1709 3537; x_wconf 90' lang='lat' dir='ltr'><strong>Domini</strong></span> <span class='ocrx_word' id='word_1_496' title='bbox 1737 3482 1952 3553; x_wconf 81' lang='lat' dir='ltr'><strong>(Matth.</strong></span> 
     </span>
    </p>
   </div>
   <div class='ocr_carea' id='block_1_64' title="bbox 358 3571 1961 3645">
    <p class='ocr_par' dir='ltr' id='par_1_64' title="bbox 358 3571 1961 3645">
     <span class='ocr_line' id='line_1_64' title="bbox 358 3571 1961 3645; baseline 0.001 -17"><span class='ocrx_word' id='word_1_497' title='bbox 358 3586 472 3639; x_wconf 78' lang='lat' dir='ltr'><strong>xxi,</strong></span> <span class='ocrx_word' id='word_1_498' title='bbox 499 3571 590 3642; x_wconf 65' lang='grc' dir='ltr'><strong>εξ)</strong></span> <span class='ocrx_word' id='word_1_499' title='bbox 614 3589 630 3625; x_wconf 89' lang='lat'>:</span> <span class='ocrx_word' id='word_1_500' title='bbox 654 3571 988 3644; x_wconf 83' lang='lat' dir='ltr'><strong>lmpossihile</strong></span> <span class='ocrx_word' id='word_1_501' title='bbox 1010 3582 1093 3630; x_wconf 91' lang='lat' dir='ltr'><strong>est</strong></span> <span class='ocrx_word' id='word_1_502' title='bbox 1113 3576 1386 3630; x_wconf 89' lang='lat' dir='ltr'><strong>orationes</strong></span> <span class='ocrx_word' id='word_1_503' title='bbox 1408 3574 1640 3645; x_wconf 90' lang='lat' dir='ltr'><strong>plurium</strong></span> <span class='ocrx_word' id='word_1_504' title='bbox 1663 3590 1773 3630; x_wconf 90' lang='lat' dir='ltr'><strong>non</strong></span> <span class='ocrx_word' id='word_1_505' title='bbox 1794 3592 1961 3630; x_wconf 82' lang='lat' dir='ltr'><strong>exau-</strong></span> 
     </span>
    </p>
   </div>
   <div class='ocr_carea' id='block_1_65' title="bbox 356 3659 1962 3736">
    <p class='ocr_par' dir='ltr' id='par_1_65' title="bbox 356 3659 1962 3736">
     <span class='ocr_line' id='line_1_65' title="bbox 356 3659 1962 3736; baseline 0.003 -20"><span class='ocrx_word' id='word_1_506' title='bbox 356 3659 485 3716; x_wconf 83' lang='lat' dir='ltr'><strong>diri.</strong></span> <span class='ocrx_word' id='word_1_507' title='bbox 502 3659 830 3719; x_wconf 88' lang='lat' dir='ltr'><strong>Benedictus</strong></span> <span class='ocrx_word' id='word_1_508' title='bbox 843 3678 1037 3733; x_wconf 73' lang='lat' dir='ltr'><strong>nempe</strong></span> <span class='ocrx_word' id='word_1_509' title='bbox 1048 3664 1327 3729; x_wconf 89' lang='lat' dir='ltr'><strong>Dominus,</strong></span> <span class='ocrx_word' id='word_1_510' title='bbox 1340 3666 1429 3734; x_wconf 92' lang='lat' dir='ltr'><strong>qui</strong></span> <span class='ocrx_word' id='word_1_511' title='bbox 1447 3673 1568 3735; x_wconf 90' lang='lat' dir='ltr'><strong>post</strong></span> <span class='ocrx_word' id='word_1_512' title='bbox 1584 3673 1962 3736; x_wconf 82' lang='lat' dir='ltr'><strong>tempestatem</strong></span> 
     </span>
    </p>
   </div>
   <div class='ocr_carea' id='block_1_66' title="bbox 354 3753 1960 3827">
    <p class='ocr_par' dir='ltr' id='par_1_66' title="bbox 354 3753 1960 3827">
     <span class='ocr_line' id='line_1_66' title="bbox 354 3753 1960 3827; baseline 0.004 -20"><span class='ocrx_word' id='word_1_513' title='bbox 354 3753 709 3824; x_wconf 82' lang='lat' dir='ltr'><strong>tranquillum</strong></span> <span class='ocrx_word' id='word_1_514' title='bbox 741 3755 898 3821; x_wconf 88' lang='lat' dir='ltr'><strong>facit,</strong></span> <span class='ocrx_word' id='word_1_515' title='bbox 941 3764 996 3810; x_wconf 91' lang='lat' dir='ltr'><strong>et</strong></span> <span class='ocrx_word' id='word_1_516' title='bbox 1025 3765 1149 3827; x_wconf 92' lang='lat' dir='ltr'><strong>post</strong></span> <span class='ocrx_word' id='word_1_517' title='bbox 1184 3757 1388 3811; x_wconf 89' lang='lat' dir='ltr'><strong>luctum</strong></span> <span class='ocrx_word' id='word_1_518' title='bbox 1416 3757 1843 3813; x_wconf 90' lang='lat' dir='ltr'><strong>consolationem</strong></span> <span class='ocrx_word' id='word_1_519' title='bbox 1874 3759 1960 3814; x_wconf 89' lang='lat' dir='ltr'><strong>in-</strong></span> 
     </span>
    </p>
   </div>
   <div class='ocr_carea' id='block_1_67' title="bbox 353 3842 1967 3921">
    <p class='ocr_par' dir='ltr' id='par_1_67' title="bbox 353 3842 1967 3921">
     <span class='ocr_line' id='line_1_67' title="bbox 353 3842 1967 3921; baseline 0.005 -23"><span class='ocrx_word' id='word_1_520' title='bbox 353 3842 511 3899; x_wconf 85' lang='lat' dir='ltr'><strong>ducit</strong></span> <span class='ocrx_word' id='word_1_521' title='bbox 538 3862 552 3897; x_wconf 90' lang='lat'>:</span> <span class='ocrx_word' id='word_1_522' title='bbox 587 3844 771 3902; x_wconf 89' lang='lat' dir='ltr'><strong>nubilo</strong></span> <span class='ocrx_word' id='word_1_523' title='bbox 800 3846 1064 3916; x_wconf 87' lang='lat' dir='ltr'><strong>siquidem</strong></span> <span class='ocrx_word' id='word_1_524' title='bbox 1092 3842 1309 3919; x_wconf 85' lang='lat' dir='ltr'><strong>repulso</strong></span> <span class='ocrx_word' id='word_1_525' title='bbox 1338 3850 1586 3916; x_wconf 63' lang='lat' dir='ltr'><strong>tristitiae,</strong></span> <span class='ocrx_word' id='word_1_526' title='bbox 1608 3852 1851 3921; x_wconf 87' lang='lat' dir='ltr'><strong>protinus</strong></span> <span class='ocrx_word' id='word_1_527' title='bbox 1882 3852 1967 3906; x_wconf 78' lang='lat' dir='ltr'><strong>in-</strong></span> 
     </span>
    </p>
   </div>
   <div class='ocr_carea' id='block_1_68' title="bbox 357 3935 1963 4008">
    <p class='ocr_par' dir='ltr' id='par_1_68' title="bbox 357 3935 1963 4008">
     <span class='ocr_line' id='line_1_68' title="bbox 357 3935 1963 4008; baseline 0.006 -18"><span class='ocrx_word' id='word_1_528' title='bbox 357 3935 612 3991; x_wconf 77' lang='lat' dir='ltr'><strong>traduxit</strong></span> <span class='ocrx_word' id='word_1_529' title='bbox 638 3951 890 3993; x_wconf 89' lang='lat' dir='ltr'><strong>serenum</strong></span> <span class='ocrx_word' id='word_1_530' title='bbox 932 3938 1145 3994; x_wconf 65' lang='lat' dir='ltr'><strong>laetitim.</strong></span> <span class='ocrx_word' id='word_1_531' title='bbox 1197 3938 1374 3996; x_wconf 82' lang='lat' dir='ltr'><strong>Motus</strong></span> <span class='ocrx_word' id='word_1_532' title='bbox 1398 3949 1487 3996; x_wconf 88' lang='lat' dir='ltr'><strong>est</strong></span> <span class='ocrx_word' id='word_1_533' title='bbox 1516 3950 1672 3996; x_wconf 68' lang='lat' dir='ltr'><strong>terra:</strong></span> <span class='ocrx_word' id='word_1_534' title='bbox 1699 3943 1866 4008; x_wconf 53' lang='lat' dir='ltr'><strong>locu»,</strong></span> <span class='ocrx_word' id='word_1_535' title='bbox 1908 3945 1963 4001; x_wconf 88' lang='lat' dir='ltr'><strong>in</strong></span> 
     </span>
    </p>
   </div>
   <div class='ocr_carea' id='block_1_69' title="bbox 352 4027 1967 4099">
    <p class='ocr_par' dir='ltr' id='par_1_69' title="bbox 352 4027 1967 4099">
     <span class='ocr_line' id='line_1_69' title="bbox 352 4027 1967 4099; baseline 0.005 -16"><span class='ocrx_word' id='word_1_536' title='bbox 352 4041 470 4097; x_wconf 88' lang='lat' dir='ltr'><strong>quo</strong></span> <span class='ocrx_word' id='word_1_537' title='bbox 502 4042 642 4099; x_wconf 83' lang='lat' dir='ltr'><strong>puer</strong></span> <span class='ocrx_word' id='word_1_538' title='bbox 688 4027 907 4097; x_wconf 84' lang='lat' dir='ltr'><strong>jacebat</strong></span> <span class='ocrx_word' id='word_1_539' title='bbox 941 4030 1240 4096; x_wconf 86' lang='lat' dir='ltr'><strong>exanimis,</strong></span> <span class='ocrx_word' id='word_1_540' title='bbox 1293 4039 1348 4086; x_wconf 92' lang='lat' dir='ltr'><strong>et</strong></span> <span class='ocrx_word' id='word_1_541' title='bbox 1391 4033 1570 4088; x_wconf 91' lang='lat' dir='ltr'><strong>subito</strong></span> <span class='ocrx_word' id='word_1_542' title='bbox 1613 4033 1967 4090; x_wconf 83' lang='lat' dir='ltr'><strong>circumfulsit</strong></span> 
     </span>
    </p>
   </div>
   <div class='ocr_carea' id='block_1_70' title="bbox 353 4121 1968 4183">
    <p class='ocr_par' dir='ltr' id='par_1_70' title="bbox 353 4121 1968 4183">
     <span class='ocr_line' id='line_1_70' title="bbox 353 4121 1968 4183; baseline 0.005 -8"><span class='ocrx_word' id='word_1_543' title='bbox 353 4135 488 4180; x_wconf 79' lang='lat' dir='ltr'><strong>eum</strong></span> <span class='ocrx_word' id='word_1_544' title='bbox 553 4121 774 4178; x_wconf 82' lang='lat' dir='ltr'><strong>claritas</strong></span> <span class='ocrx_word' id='word_1_545' title='bbox 825 4123 1087 4180; x_wconf 87' lang='lat' dir='ltr'><strong>immensa</strong></span> <span class='ocrx_word' id='word_1_546' title='bbox 1133 4124 1202 4178; x_wconf 89' lang='lat' dir='ltr'><strong>de</strong></span> <span class='ocrx_word' id='word_1_547' title='bbox 1246 4124 1416 4180; x_wconf 66' lang='lat' dir='ltr'><strong>caelis.</strong></span> <span class='ocrx_word' id='word_1_548' title='bbox 1470 4124 1839 4181; x_wconf 80' lang='lat' dir='ltr'><strong>Resuscitatus</strong></span> <span class='ocrx_word' id='word_1_549' title='bbox 1884 4135 1968 4183; x_wconf 85' lang='lat' dir='ltr'><strong>est</strong></span> 
     </span>
    </p>
   </div>
   <div class='ocr_carea' id='block_1_71' title="bbox 356 4211 1969 4289">
    <p class='ocr_par' dir='ltr' id='par_1_71' title="bbox 356 4211 1969 4289">
     <span class='ocr_line' id='line_1_71' title="bbox 356 4211 1969 4289; baseline 0.002 -20"><span class='ocrx_word' id='word_1_550' title='bbox 356 4228 502 4286; x_wconf 86' lang='lat' dir='ltr'><strong>puer</strong></span> <span class='ocrx_word' id='word_1_551' title='bbox 526 4250 542 4275; x_wconf 87' lang='lat'><strong>,</strong></span> <span class='ocrx_word' id='word_1_552' title='bbox 584 4211 851 4269; x_wconf 66' lang='lat' dir='ltr'><strong>laetificata</strong></span> <span class='ocrx_word' id='word_1_553' title='bbox 888 4222 975 4269; x_wconf 90' lang='lat' dir='ltr'><strong>est</strong></span> <span class='ocrx_word' id='word_1_554' title='bbox 1006 4214 1197 4270; x_wconf 88' lang='lat' dir='ltr'><strong>mulier</strong></span> <span class='ocrx_word' id='word_1_555' title='bbox 1218 4256 1234 4281; x_wconf 90' lang='lat'><strong>,</strong></span> <span class='ocrx_word' id='word_1_556' title='bbox 1278 4215 1646 4285; x_wconf 78' lang='lat' dir='ltr'><strong>magnificatus</strong></span> <span class='ocrx_word' id='word_1_557' title='bbox 1674 4225 1759 4273; x_wconf 90' lang='lat' dir='ltr'><strong>est</strong></span> <span class='ocrx_word' id='word_1_558' title='bbox 1787 4219 1839 4271; x_wconf 87' lang='lat' dir='ltr'><strong>in</strong></span> <span class='ocrx_word' id='word_1_559' title='bbox 1869 4233 1969 4289; x_wconf 89' lang='lat' dir='ltr'><strong>po-</strong></span> 
     </span>
    </p>
   </div>
   <div class='ocr_carea' id='block_1_72' title="bbox 358 4305 1970 4380">
    <p class='ocr_par' dir='ltr' id='par_1_72' title="bbox 358 4305 1970 4380">
     <span class='ocr_line' id='line_1_72' title="bbox 358 4305 1970 4380; baseline 0.002 -19"><span class='ocrx_word' id='word_1_560' title='bbox 358 4305 496 4376; x_wconf 80' lang='lat' dir='ltr'><strong>pulo</strong></span> <span class='ocrx_word' id='word_1_561' title='bbox 537 4305 805 4373; x_wconf 86' lang='lat' dir='ltr'><strong>gloriosus</strong></span> <span class='ocrx_word' id='word_1_562' title='bbox 849 4305 1047 4361; x_wconf 89' lang='lat' dir='ltr'><strong>Christi</strong></span> <span class='ocrx_word' id='word_1_563' title='bbox 1087 4306 1330 4376; x_wconf 78' lang='lat' dir='ltr'><strong>pontifex</strong></span> <span class='ocrx_word' id='word_1_564' title='bbox 1359 4316 1413 4362; x_wconf 92' lang='lat' dir='ltr'><strong>et</strong></span> <span class='ocrx_word' id='word_1_565' title='bbox 1446 4308 1712 4377; x_wconf 87' lang='lat' dir='ltr'><strong>minister,</strong></span> <span class='ocrx_word' id='word_1_566' title='bbox 1764 4317 1821 4365; x_wconf 91' lang='lat' dir='ltr'><strong>et</strong></span> <span class='ocrx_word' id='word_1_567' title='bbox 1846 4318 1970 4380; x_wconf 89' lang='lat' dir='ltr'><strong>post</strong></span> 
     </span>
    </p>
   </div>
   <div class='ocr_carea' id='block_1_73' title="bbox 357 4395 1970 4471">
    <p class='ocr_par' dir='ltr' id='par_1_73' title="bbox 357 4395 1970 4471">
     <span class='ocr_line' id='line_1_73' title="bbox 357 4395 1970 4471; baseline 0.003 -20"><span class='ocrx_word' id='word_1_568' title='bbox 357 4395 484 4465; x_wconf 85' lang='lat' dir='ltr'><strong>ejus</strong></span> <span class='ocrx_word' id='word_1_569' title='bbox 505 4396 981 4462; x_wconf 86' lang='lat' dir='ltr'><strong>resurrectionem,</strong></span> <span class='ocrx_word' id='word_1_570' title='bbox 1003 4398 1095 4467; x_wconf 90' lang='lat' dir='ltr'><strong>qui</strong></span> <span class='ocrx_word' id='word_1_571' title='bbox 1116 4406 1361 4453; x_wconf 88' lang='lat' dir='ltr'><strong>mortuus</strong></span> <span class='ocrx_word' id='word_1_572' title='bbox 1383 4397 1556 4454; x_wconf 84' lang='lat' dir='ltr'><strong>fuerat</strong></span> <span class='ocrx_word' id='word_1_573' title='bbox 1574 4401 1785 4470; x_wconf 90' lang='lat' dir='ltr'><strong>aperire</strong></span> <span class='ocrx_word' id='word_1_574' title='bbox 1807 4401 1970 4471; x_wconf 74' lang='lat' dir='ltr'><strong>erepit</strong></span> 
     </span>
    </p>
   </div>
   <div class='ocr_carea' id='block_1_74' title="bbox 360 4488 1970 4559">
    <p class='ocr_par' dir='ltr' id='par_1_74' title="bbox 360 4488 1970 4559">
     <span class='ocr_line' id='line_1_74' title="bbox 360 4488 1970 4559; baseline 0.003 -15"><span class='ocrx_word' id='word_1_575' title='bbox 360 4488 514 4544; x_wconf 81' lang='lat' dir='ltr'><strong>beati</strong></span> <span class='ocrx_word' id='word_1_576' title='bbox 546 4488 816 4558; x_wconf 78' lang='lat' dir='ltr'><strong>pontiﬁcis</strong></span> <span class='ocrx_word' id='word_1_577' title='bbox 843 4489 1101 4559; x_wconf 88' lang='lat' dir='ltr'><strong>pietatem</strong></span> <span class='ocrx_word' id='word_1_578' title='bbox 1120 4531 1135 4556; x_wconf 94' lang='lat'><strong>,</strong></span> <span class='ocrx_word' id='word_1_579' title='bbox 1166 4499 1222 4546; x_wconf 92' lang='lat' dir='ltr'><strong>et</strong></span> <span class='ocrx_word' id='word_1_580' title='bbox 1263 4491 1445 4546; x_wconf 90' lang='lat' dir='ltr'><strong>datam</strong></span> <span class='ocrx_word' id='word_1_581' title='bbox 1473 4492 1650 4547; x_wconf 89' lang='lat' dir='ltr'><strong>eidem</strong></span> <span class='ocrx_word' id='word_1_582' title='bbox 1678 4508 1709 4547; x_wconf 89' lang='lat' dir='ltr'><strong>a</strong></span> <span class='ocrx_word' id='word_1_583' title='bbox 1738 4492 1970 4549; x_wconf 90' lang='lat' dir='ltr'><strong>Domino</strong></span> 
     </span>
    </p>
   </div>
   <div class='ocr_carea' id='block_1_75' title="bbox 2063 3291 3663 3367">
    <p class='ocr_par' dir='ltr' id='par_1_75' title="bbox 2063 3291 3663 3367">
     <span class='ocr_line' id='line_1_75' title="bbox 2063 3291 3663 3367; baseline 0.001 -18"><span class='ocrx_word' id='word_1_584' title='bbox 2063 3302 2147 3349; x_wconf 88' lang='lat' dir='ltr'><strong>est</strong></span> <span class='ocrx_word' id='word_1_585' title='bbox 2176 3292 2475 3347; x_wconf 84' lang='lat' dir='ltr'><strong>differentia</strong></span> <span class='ocrx_word' id='word_1_586' title='bbox 2500 3330 2516 3356; x_wconf 93' lang='lat'><strong>,</strong></span> <span class='ocrx_word' id='word_1_587' title='bbox 2565 3306 2687 3346; x_wconf 90' lang='lat' dir='ltr'><strong>cum</strong></span> <span class='ocrx_word' id='word_1_588' title='bbox 2726 3291 3014 3346; x_wconf 90' lang='lat' dir='ltr'><strong>suscitatus</strong></span> <span class='ocrx_word' id='word_1_589' title='bbox 3042 3301 3326 3349; x_wconf 80' lang='lat' dir='ltr'><strong>revocatur</strong></span> <span class='ocrx_word' id='word_1_590' title='bbox 3354 3293 3420 3347; x_wconf 90' lang='lat' dir='ltr'><strong>ad</strong></span> <span class='ocrx_word' id='word_1_591' title='bbox 3450 3301 3663 3367; x_wconf 82' lang='lat' dir='ltr'><strong>tempus</strong></span> 
     </span>
    </p>
   </div>
   <div class='ocr_carea' id='block_1_76' title="bbox 2063 3384 3661 3454">
    <p class='ocr_par' dir='ltr' id='par_1_76' title="bbox 2063 3384 3661 3454">
     <span class='ocr_line' id='line_1_76' title="bbox 2063 3384 3661 3454; baseline 0.001 -14"><span class='ocrx_word' id='word_1_592' title='bbox 2063 3395 2124 3441; x_wconf 90' lang='lat' dir='ltr'><strong>ut</strong></span> <span class='ocrx_word' id='word_1_593' title='bbox 2173 3387 2364 3440; x_wconf 89' lang='lat' dir='ltr'><strong>iterum</strong></span> <span class='ocrx_word' id='word_1_594' title='bbox 2416 3385 2740 3454; x_wconf 87' lang='lat' dir='ltr'><strong>migraturus</strong></span> <span class='ocrx_word' id='word_1_595' title='bbox 2768 3399 2800 3438; x_wconf 91' lang='lat' dir='ltr'><strong>e</strong></span> <span class='ocrx_word' id='word_1_596' title='bbox 2825 3384 2973 3451; x_wconf 90' lang='lat' dir='ltr'><strong>vita;</strong></span> <span class='ocrx_word' id='word_1_597' title='bbox 3024 3384 3076 3439; x_wconf 92' lang='lat' dir='ltr'><strong>in</strong></span> <span class='ocrx_word' id='word_1_598' title='bbox 3108 3386 3502 3442; x_wconf 84' lang='lat' dir='ltr'><strong>resurrectione</strong></span> <span class='ocrx_word' id='word_1_599' title='bbox 3530 3404 3661 3442; x_wconf 87' lang='lat' dir='ltr'><strong>vero</strong></span> 
     </span>
    </p>
   </div>
   <div class='ocr_carea' id='block_1_77' title="bbox 2063 3475 3659 3546">
    <p class='ocr_par' dir='ltr' id='par_1_77' title="bbox 2063 3475 3659 3546">
     <span class='ocr_line' id='line_1_77' title="bbox 2063 3475 3659 3546; baseline -0.001 -13"><span class='ocrx_word' id='word_1_600' title='bbox 2063 3478 2172 3533; x_wconf 88' lang='lat' dir='ltr'><strong>vita</strong></span> <span class='ocrx_word' id='word_1_601' title='bbox 2199 3478 2433 3532; x_wconf 87' lang='lat' dir='ltr'><strong>humana</strong></span> <span class='ocrx_word' id='word_1_602' title='bbox 2460 3475 2867 3546; x_wconf 87' lang='lat' dir='ltr'><strong>perpetuabitur</strong></span> <span class='ocrx_word' id='word_1_603' title='bbox 2895 3475 2947 3529; x_wconf 91' lang='lat' dir='ltr'><strong>in</strong></span> <span class='ocrx_word' id='word_1_604' title='bbox 2977 3485 3262 3543; x_wconf 72' lang='lat' dir='ltr'><strong>aeternum,</strong></span> <span class='ocrx_word' id='word_1_605' title='bbox 3294 3476 3378 3531; x_wconf 87' lang='lat' dir='ltr'><strong>vel</strong></span> <span class='ocrx_word' id='word_1_606' title='bbox 3408 3477 3460 3530; x_wconf 91' lang='lat' dir='ltr'><strong>in</strong></span> <span class='ocrx_word' id='word_1_607' title='bbox 3488 3477 3659 3546; x_wconf 89' lang='lat' dir='ltr'><strong>gloria</strong></span> 
     </span>
    </p>
   </div>
   <div class='ocr_carea' id='block_1_78' title="bbox 2063 3568 3660 3640">
    <p class='ocr_par' dir='ltr' id='par_1_78' title="bbox 2063 3568 3660 3640">
     <span class='ocr_line' id='line_1_78' title="bbox 2063 3568 3660 3640; baseline 0.001 -14"><span class='ocrx_word' id='word_1_608' title='bbox 2063 3572 2148 3626; x_wconf 87' lang='lat' dir='ltr'><strong>vel</strong></span> <span class='ocrx_word' id='word_1_609' title='bbox 2172 3572 2223 3625; x_wconf 90' lang='lat' dir='ltr'><strong>in</strong></span> <span class='ocrx_word' id='word_1_610' title='bbox 2248 3586 2424 3640; x_wconf 72' lang='lat' dir='ltr'><strong>poena.</strong></span> <span class='ocrx_word' id='word_1_611' title='bbox 2457 3568 2583 3623; x_wconf 85' lang='lat' dir='ltr'><strong>Sive</strong></span> <span class='ocrx_word' id='word_1_612' title='bbox 2606 3570 2710 3624; x_wconf 89' lang='lat' dir='ltr'><strong>hoc</strong></span> <span class='ocrx_word' id='word_1_613' title='bbox 2737 3569 2949 3637; x_wconf 89' lang='lat' dir='ltr'><strong>aliquis,</strong></span> <span class='ocrx_word' id='word_1_614' title='bbox 2977 3569 3092 3624; x_wconf 90' lang='lat' dir='ltr'><strong>sive</strong></span> <span class='ocrx_word' id='word_1_615' title='bbox 3117 3570 3261 3625; x_wconf 91' lang='lat' dir='ltr'><strong>aliud</strong></span> <span class='ocrx_word' id='word_1_616' title='bbox 3283 3569 3504 3639; x_wconf 78' lang='lat' dir='ltr'><strong>dixerit,</strong></span> <span class='ocrx_word' id='word_1_617' title='bbox 3525 3574 3660 3627; x_wconf 90' lang='lat' dir='ltr'><strong>certi</strong></span> 
     </span>
    </p>
   </div>
   <div class='ocr_carea' id='block_1_79' title="bbox 2064 3659 3659 3730">
    <p class='ocr_par' dir='ltr' id='par_1_79' title="bbox 2064 3659 3659 3730">
     <span class='ocr_line' id='line_1_79' title="bbox 2064 3659 3659 3730; baseline 0.002 -14"><span class='ocrx_word' id='word_1_618' title='bbox 2064 3677 2250 3717; x_wconf 91' lang='lat' dir='ltr'><strong>sumus</strong></span> <span class='ocrx_word' id='word_1_619' title='bbox 2291 3661 2543 3730; x_wconf 89' lang='lat' dir='ltr'><strong>juvenem</strong></span> <span class='ocrx_word' id='word_1_620' title='bbox 2592 3659 2969 3714; x_wconf 89' lang='lat' dir='ltr'><strong>resuscitatum</strong></span> <span class='ocrx_word' id='word_1_621' title='bbox 3002 3660 3069 3715; x_wconf 88' lang='lat' dir='ltr'><strong>ad</strong></span> <span class='ocrx_word' id='word_1_622' title='bbox 3111 3660 3207 3715; x_wconf 92' lang='lat' dir='ltr'><strong>Dei</strong></span> <span class='ocrx_word' id='word_1_623' title='bbox 3237 3661 3463 3729; x_wconf 82' lang='lat' dir='ltr'><strong>gloriam</strong></span> <span class='ocrx_word' id='word_1_624' title='bbox 3508 3671 3564 3718; x_wconf 90' lang='lat' dir='ltr'><strong>et</strong></span> <span class='ocrx_word' id='word_1_625' title='bbox 3591 3664 3659 3719; x_wconf 89' lang='lat' dir='ltr'><strong>ad</strong></span> 
     </span>
    </p>
   </div>
   <div class='ocr_carea' id='block_1_80' title="bbox 2063 3750 3663 3823">
    <p class='ocr_par' dir='ltr' id='par_1_80' title="bbox 2063 3750 3663 3823">
     <span class='ocr_line' id='line_1_80' title="bbox 2063 3750 3663 3823; baseline 0.003 -15"><span class='ocrx_word' id='word_1_626' title='bbox 2063 3754 2234 3808; x_wconf 89' lang='lat' dir='ltr'><strong>sancti</strong></span> <span class='ocrx_word' id='word_1_627' title='bbox 2280 3750 2548 3823; x_wconf 86' lang='lat' dir='ltr'><strong>pontificis</strong></span> <span class='ocrx_word' id='word_1_628' title='bbox 2575 3750 2869 3807; x_wconf 78' lang='lat' dir='ltr'><strong>efficaciam</strong></span> <span class='ocrx_word' id='word_1_629' title='bbox 2899 3753 3379 3823; x_wconf 79' lang='lat' dir='ltr'><strong>comprobandum.</strong></span> <span class='ocrx_word' id='word_1_630' title='bbox 3428 3754 3581 3812; x_wconf 87' lang='lat' dir='ltr'><strong>Unde</strong></span> <span class='ocrx_word' id='word_1_631' title='bbox 3605 3764 3663 3811; x_wconf 90' lang='lat' dir='ltr'><strong>et</strong></span> 
     </span>
    </p>
   </div>
   <div class='ocr_carea' id='block_1_81' title="bbox 2064 3844 3663 3919">
    <p class='ocr_par' dir='ltr' id='par_1_81' title="bbox 2064 3844 3663 3919">
     <span class='ocr_line' id='line_1_81' title="bbox 2064 3844 3663 3919; baseline 0.002 -17"><span class='ocrx_word' id='word_1_632' title='bbox 2064 3847 2132 3905; x_wconf 88' lang='lat' dir='ltr'><strong>de</strong></span> <span class='ocrx_word' id='word_1_633' title='bbox 2163 3845 2363 3900; x_wconf 82' lang='lat' dir='ltr'><strong>Lazaro</strong></span> <span class='ocrx_word' id='word_1_634' title='bbox 2393 3844 2763 3901; x_wconf 87' lang='lat' dir='ltr'><strong>resuscitando</strong></span> <span class='ocrx_word' id='word_1_635' title='bbox 2806 3844 3001 3915; x_wconf 89' lang='lat' dir='ltr'><strong>legitur</strong></span> <span class='ocrx_word' id='word_1_636' title='bbox 3048 3845 3227 3916; x_wconf 86' lang='lat' dir='ltr'><strong>(Joan.</strong></span> <span class='ocrx_word' id='word_1_637' title='bbox 3263 3864 3338 3913; x_wconf 68' lang='grc' dir='ltr'><strong>χι,</strong></span> <span class='ocrx_word' id='word_1_638' title='bbox 3366 3846 3421 3919; x_wconf 72' lang='grc'><strong>4)</strong></span> <span class='ocrx_word' id='word_1_639' title='bbox 3465 3867 3478 3902; x_wconf 87' lang='lat'><strong>:</strong></span> <span class='ocrx_word' id='word_1_640' title='bbox 3512 3848 3663 3905; x_wconf 82' lang='lat' dir='ltr'><strong>Infir—</strong></span> 
     </span>
    </p>
   </div>
   <div class='ocr_carea' id='block_1_82' title="bbox 2066 3934 3666 4008">
    <p class='ocr_par' dir='ltr' id='par_1_82' title="bbox 2066 3934 3666 4008">
     <span class='ocr_line' id='line_1_82' title="bbox 2066 3934 3666 4008; baseline 0.003 -16"><span class='ocrx_word' id='word_1_641' title='bbox 2066 3938 2225 3992; x_wconf 89' lang='lat' dir='ltr'><strong>mitas</strong></span> <span class='ocrx_word' id='word_1_642' title='bbox 2249 3937 2363 3992; x_wconf 81' lang='lat' dir='ltr'><strong>haec</strong></span> <span class='ocrx_word' id='word_1_643' title='bbox 2389 3951 2496 3991; x_wconf 88' lang='lat' dir='ltr'><strong>non</strong></span> <span class='ocrx_word' id='word_1_644' title='bbox 2520 3944 2605 3991; x_wconf 90' lang='lat' dir='ltr'><strong>est</strong></span> <span class='ocrx_word' id='word_1_645' title='bbox 2627 3934 2692 3990; x_wconf 91' lang='lat' dir='ltr'><strong>ad</strong></span> <span class='ocrx_word' id='word_1_646' title='bbox 2721 3948 2971 3999; x_wconf 89' lang='lat' dir='ltr'><strong>mortem,</strong></span> <span class='ocrx_word' id='word_1_647' title='bbox 3018 3935 3113 3991; x_wconf 92' lang='lat' dir='ltr'><strong>sed</strong></span> <span class='ocrx_word' id='word_1_648' title='bbox 3143 3944 3199 3990; x_wconf 88' lang='lat' dir='ltr'><strong>ut</strong></span> <span class='ocrx_word' id='word_1_649' title='bbox 3227 3952 3326 4008; x_wconf 91' lang='lat' dir='ltr'><strong>per</strong></span> <span class='ocrx_word' id='word_1_650' title='bbox 3354 3954 3473 3993; x_wconf 87' lang='lat' dir='ltr'><strong>eam</strong></span> <span class='ocrx_word' id='word_1_651' title='bbox 3497 3939 3666 3996; x_wconf 88' lang='lat' dir='ltr'><strong>Filius</strong></span> 
     </span>
    </p>
   </div>
   <div class='ocr_carea' id='block_1_83' title="bbox 2066 4024 3666 4099">
    <p class='ocr_par' dir='ltr' id='par_1_83' title="bbox 2066 4024 3666 4099">
     <span class='ocr_line' id='line_1_83' title="bbox 2066 4024 3666 4099; baseline 0.002 -14"><span class='ocrx_word' id='word_1_652' title='bbox 2066 4029 2299 4087; x_wconf 89' lang='lat' dir='ltr'><strong>hominis</strong></span> <span class='ocrx_word' id='word_1_653' title='bbox 2327 4025 2669 4083; x_wconf 82' lang='lat' dir='ltr'><strong>clariﬁcetur.</strong></span> <span class='ocrx_word' id='word_1_654' title='bbox 2706 4024 2772 4078; x_wconf 87' lang='lat' dir='ltr'><strong>Et</strong></span> <span class='ocrx_word' id='word_1_655' title='bbox 2810 4026 2856 4082; x_wconf 88' lang='lat' dir='ltr'><strong>si</strong></span> <span class='ocrx_word' id='word_1_656' title='bbox 2885 4025 3012 4096; x_wconf 91' lang='lat' dir='ltr'><strong>quid</strong></span> <span class='ocrx_word' id='word_1_657' title='bbox 3041 4042 3230 4083; x_wconf 90' lang='lat' dir='ltr'><strong>eorum</strong></span> <span class='ocrx_word' id='word_1_658' title='bbox 3260 4044 3378 4099; x_wconf 70' lang='lat' dir='ltr'><strong>qua:</strong></span> <span class='ocrx_word' id='word_1_659' title='bbox 3408 4029 3666 4088; x_wconf 84' lang='lat' dir='ltr'><strong>Dominus</strong></span> 
     </span>
    </p>
   </div>
   <div class='ocr_carea' id='block_1_84' title="bbox 2065 4119 3664 4193">
    <p class='ocr_par' dir='ltr' id='par_1_84' title="bbox 2065 4119 3664 4193">
     <span class='ocr_line' id='line_1_84' title="bbox 2065 4119 3664 4193; baseline 0.002 -16"><span class='ocrx_word' id='word_1_660' title='bbox 2065 4123 2246 4179; x_wconf 89' lang='lat' dir='ltr'><strong>facere</strong></span> <span class='ocrx_word' id='word_1_661' title='bbox 2289 4136 2399 4176; x_wconf 88' lang='lat' dir='ltr'><strong>non</strong></span> <span class='ocrx_word' id='word_1_662' title='bbox 2446 4119 2685 4190; x_wconf 89' lang='lat' dir='ltr'><strong>disponit</strong></span> <span class='ocrx_word' id='word_1_663' title='bbox 2748 4120 2943 4190; x_wconf 90' lang='lat' dir='ltr'><strong>aliquis</strong></span> <span class='ocrx_word' id='word_1_664' title='bbox 2998 4130 3306 4177; x_wconf 91' lang='lat' dir='ltr'><strong>sanctorum</strong></span> <span class='ocrx_word' id='word_1_665' title='bbox 3373 4126 3664 4193; x_wconf 86' lang='lat' dir='ltr'><strong>rogaverit,</strong></span> 
     </span>
    </p>
   </div>
   <div class='ocr_carea' id='block_1_85' title="bbox 2068 4213 3669 4290">
    <p class='ocr_par' dir='ltr' id='par_1_85' title="bbox 2068 4213 3669 4290">
     <span class='ocr_line' id='line_1_85' title="bbox 2068 4213 3669 4290; baseline 0.002 -19"><span class='ocrx_word' id='word_1_666' title='bbox 2068 4216 2216 4271; x_wconf 91' lang='lat' dir='ltr'><strong>nullo</strong></span> <span class='ocrx_word' id='word_1_667' title='bbox 2246 4214 2408 4270; x_wconf 91' lang='lat' dir='ltr'><strong>modo</strong></span> <span class='ocrx_word' id='word_1_668' title='bbox 2438 4213 2553 4269; x_wconf 84' lang='lat' dir='ltr'><strong>fieri</strong></span> <span class='ocrx_word' id='word_1_669' title='bbox 2583 4214 2840 4269; x_wconf 90' lang='lat' dir='ltr'><strong>Dominus</strong></span> <span class='ocrx_word' id='word_1_670' title='bbox 2868 4214 2920 4268; x_wconf 87' lang='lat' dir='ltr'><strong>id</strong></span> <span class='ocrx_word' id='word_1_671' title='bbox 2946 4216 3228 4284; x_wconf 87' lang='lat' dir='ltr'><strong>permittit.</strong></span> <span class='ocrx_word' id='word_1_672' title='bbox 3260 4214 3339 4271; x_wconf 89' lang='lat' dir='ltr'><strong>Ex</strong></span> <span class='ocrx_word' id='word_1_673' title='bbox 3369 4233 3479 4287; x_wconf 91' lang='lat' dir='ltr'><strong>quo</strong></span> <span class='ocrx_word' id='word_1_674' title='bbox 3504 4219 3669 4290; x_wconf 88' lang='lat' dir='ltr'><strong>plane</strong></span> 
     </span>
    </p>
   </div>
   <div class='ocr_carea' id='block_1_86' title="bbox 2068 4304 3669 4381">
    <p class='ocr_par' dir='ltr' id='par_1_86' title="bbox 2068 4304 3669 4381">
     <span class='ocr_line' id='line_1_86' title="bbox 2068 4304 3669 4381; baseline 0.004 -20"><span class='ocrx_word' id='word_1_675' title='bbox 2068 4305 2407 4361; x_wconf 77' lang='lat' dir='ltr'><strong>concluditur</strong></span> <span class='ocrx_word' id='word_1_676' title='bbox 2442 4312 2501 4359; x_wconf 87' lang='lat' dir='ltr'><strong>ut</strong></span> <span class='ocrx_word' id='word_1_677' title='bbox 2524 4304 2572 4360; x_wconf 89' lang='lat' dir='ltr'><strong>si</strong></span> <span class='ocrx_word' id='word_1_678' title='bbox 2606 4304 2734 4375; x_wconf 92' lang='lat' dir='ltr'><strong>quid</strong></span> <span class='ocrx_word' id='word_1_679' title='bbox 2763 4320 2793 4359; x_wconf 91' lang='lat' dir='ltr'><strong>a</strong></span> <span class='ocrx_word' id='word_1_680' title='bbox 2824 4305 3054 4362; x_wconf 90' lang='lat' dir='ltr'><strong>Domino</strong></span> <span class='ocrx_word' id='word_1_681' title='bbox 3077 4316 3386 4364; x_wconf 86' lang='lat' dir='ltr'><strong>sanctorum</strong></span> <span class='ocrx_word' id='word_1_682' title='bbox 3410 4313 3669 4381; x_wconf 90' lang='lat' dir='ltr'><strong>precibus</strong></span> 
     </span>
    </p>
   </div>
   <div class='ocr_carea' id='block_1_87' title="bbox 2071 4395 3490 4462">
    <p class='ocr_par' dir='ltr' id='par_1_87' title="bbox 2071 4395 3490 4462">
     <span class='ocr_line' id='line_1_87' title="bbox 2071 4395 3490 4462; baseline 0.003 -9"><span class='ocrx_word' id='word_1_683' title='bbox 2071 4397 2374 4462; x_wconf 90' lang='lat' dir='ltr'><strong>obtinetur,</strong></span> <span class='ocrx_word' id='word_1_684' title='bbox 2408 4411 2594 4451; x_wconf 91' lang='lat' dir='ltr'><strong>eorum</strong></span> <span class='ocrx_word' id='word_1_685' title='bbox 2627 4396 2679 4451; x_wconf 92' lang='lat' dir='ltr'><strong>in</strong></span> <span class='ocrx_word' id='word_1_686' title='bbox 2710 4395 2863 4452; x_wconf 72' lang='lat' dir='ltr'><strong>oculis</strong></span> <span class='ocrx_word' id='word_1_687' title='bbox 2892 4396 3133 4453; x_wconf 79' lang='lat' dir='ltr'><strong>ellicacia</strong></span> <span class='ocrx_word' id='word_1_688' title='bbox 3165 4398 3490 4458; x_wconf 89' lang='lat' dir='ltr'><strong>declaretur.</strong></span> 
     </span>
    </p>
   </div>
   <div class='ocr_carea' id='block_1_88' title="bbox 2144 4487 3671 4560">
    <p class='ocr_par' dir='ltr' id='par_1_88' title="bbox 2144 4487 3671 4560">
     <span class='ocr_line' id='line_1_88' title="bbox 2144 4487 3671 4560; baseline 0.003 -18"><span class='ocrx_word' id='word_1_689' title='bbox 2144 4489 2165 4521; x_wconf 80' lang='grc'>⁸</span> <span class='ocrx_word' id='word_1_690' title='bbox 2196 4488 2284 4543; x_wconf 69' lang='lat'><strong>40.</strong></span> <span class='ocrx_word' id='word_1_691' title='bbox 2317 4487 2424 4544; x_wconf 91' lang='lat' dir='ltr'><strong>Sed</strong></span> <span class='ocrx_word' id='word_1_692' title='bbox 2450 4503 2577 4544; x_wconf 90' lang='lat' dir='ltr'><strong>ecce</strong></span> <span class='ocrx_word' id='word_1_693' title='bbox 2603 4530 2618 4554; x_wconf 94' lang='lat'><strong>,</strong></span> <span class='ocrx_word' id='word_1_694' title='bbox 2673 4488 2801 4543; x_wconf 92' lang='lat' dir='ltr'><strong>dum</strong></span> <span class='ocrx_word' id='word_1_695' title='bbox 2852 4489 3124 4545; x_wconf 89' lang='lat' dir='ltr'><strong>miraculis</strong></span> <span class='ocrx_word' id='word_1_696' title='bbox 3167 4505 3287 4560; x_wconf 65' lang='lat' dir='ltr'><strong>qua:</strong></span> <span class='ocrx_word' id='word_1_697' title='bbox 3315 4492 3428 4548; x_wconf 90' lang='lat' dir='ltr'><strong>dies</strong></span> <span class='ocrx_word' id='word_1_698' title='bbox 3452 4500 3671 4549; x_wconf 86' lang='lat' dir='ltr'><strong>sanctus</strong></span> 
     </span>
    </p>
   </div>
   <div class='ocr_carea' id='block_1_89' title="bbox 360 4580 3671 4657">
    <p class='ocr_par' dir='ltr' id='par_1_89' title="bbox 360 4580 3671 4657">
     <span class='ocr_line' id='line_1_89' title="bbox 360 4580 3671 4657; baseline 0 -21"><span class='ocrx_word' id='word_1_699' title='bbox 360 4580 584 4636; x_wconf 73' lang='lat' dir='ltr'><strong>crelitus</strong></span> <span class='ocrx_word' id='word_1_700' title='bbox 612 4589 955 4650; x_wconf 89' lang='lat' dir='ltr'><strong>potestatem.</strong></span> <span class='ocrx_word' id='word_1_701' title='bbox 998 4581 1139 4649; x_wconf 83' lang='lat' dir='ltr'><strong>Quid</strong></span> <span class='ocrx_word' id='word_1_702' title='bbox 1164 4584 1308 4638; x_wconf 90' lang='lat' dir='ltr'><strong>enim</strong></span> <span class='ocrx_word' id='word_1_703' title='bbox 1340 4584 1482 4640; x_wconf 87' lang='lat' dir='ltr'><strong>illius</strong></span> <span class='ocrx_word' id='word_1_704' title='bbox 1510 4586 1765 4655; x_wconf 77' lang='lat' dir='ltr'><strong>potentitn</strong></span> <span class='ocrx_word' id='word_1_705' title='bbox 1792 4597 1973 4657; x_wconf 88' lang='lat' dir='ltr'><strong>potest</strong></span> <span class='ocrx_word' id='word_1_706' title='bbox 2000 4592 2053 4652; x_wconf 87' lang='lat' dir='ltr'><strong>D</strong></span> <span class='ocrx_word' id='word_1_707' title='bbox 2077 4580 2398 4637; x_wconf 84' lang='lat' dir='ltr'><strong>elevationis</strong></span> <span class='ocrx_word' id='word_1_708' title='bbox 2423 4580 2599 4634; x_wconf 90' lang='lat' dir='ltr'><strong>attulit</strong></span> <span class='ocrx_word' id='word_1_709' title='bbox 2646 4580 2991 4648; x_wconf 90' lang='lat' dir='ltr'><strong>vacabamus,</strong></span> <span class='ocrx_word' id='word_1_710' title='bbox 3015 4580 3401 4649; x_wconf 88' lang='lat' dir='ltr'><strong>digressionem</strong></span> <span class='ocrx_word' id='word_1_711' title='bbox 3426 4582 3671 4652; x_wconf 84' lang='lat' dir='ltr'><strong>aliquan-</strong></span> 
     </span>
    </p>
   </div>
   <div class='ocr_carea' id='block_1_90' title="bbox 362 4674 1975 4751">
    <p class='ocr_par' dir='ltr' id='par_1_90' title="bbox 362 4674 1975 4751">
     <span class='ocr_line' id='line_1_90' title="bbox 362 4674 1975 4751; baseline 0.003 -22"><span class='ocrx_word' id='word_1_712' title='bbox 362 4674 552 4744; x_wconf 85' lang='lat' dir='ltr'><strong>objici,</strong></span> <span class='ocrx_word' id='word_1_713' title='bbox 583 4676 676 4745; x_wconf 89' lang='lat' dir='ltr'><strong>qui</strong></span> <span class='ocrx_word' id='word_1_714' title='bbox 705 4674 1144 4746; x_wconf 86' lang='lat' dir='ltr'><strong>Omnipotentem</strong></span> <span class='ocrx_word' id='word_1_715' title='bbox 1183 4678 1511 4733; x_wconf 85' lang='lat' dir='ltr'><strong>concordem</strong></span> <span class='ocrx_word' id='word_1_716' title='bbox 1541 4679 1706 4735; x_wconf 88' lang='lat' dir='ltr'><strong>habet</strong></span> <span class='ocrx_word' id='word_1_717' title='bbox 1732 4679 1850 4749; x_wconf 90' lang='lat' dir='ltr'><strong>ejus</strong></span> <span class='ocrx_word' id='word_1_718' title='bbox 1877 4696 1975 4751; x_wconf 86' lang='lat' dir='ltr'><strong>per</strong></span> 
     </span>
    </p>
   </div>
   <div class='ocr_carea' id='block_1_91' title="bbox 368 4766 1972 4841">
    <p class='ocr_par' dir='ltr' id='par_1_91' title="bbox 368 4766 1972 4841">
     <span class='ocr_line' id='line_1_91' title="bbox 368 4766 1972 4841; baseline 0.003 -20"><span class='ocrx_word' id='word_1_719' title='bbox 368 4768 560 4821; x_wconf 88' lang='lat' dir='ltr'><strong>omnia</strong></span> <span class='ocrx_word' id='word_1_720' title='bbox 587 4767 895 4822; x_wconf 82' lang='lat' dir='ltr'><strong>voluntati?</strong></span> <span class='ocrx_word' id='word_1_721' title='bbox 939 4766 1081 4834; x_wconf 89' lang='lat' dir='ltr'><strong>Quid</strong></span> <span class='ocrx_word' id='word_1_722' title='bbox 1108 4768 1251 4823; x_wconf 90' lang='lat' dir='ltr'><strong>enim</strong></span> <span class='ocrx_word' id='word_1_723' title='bbox 1277 4768 1470 4823; x_wconf 89' lang='lat' dir='ltr'><strong>mirum</strong></span> <span class='ocrx_word' id='word_1_724' title='bbox 1512 4770 1557 4826; x_wconf 91' lang='lat' dir='ltr'><strong>si</strong></span> <span class='ocrx_word' id='word_1_725' title='bbox 1586 4771 1757 4825; x_wconf 88' lang='lat' dir='ltr'><strong>sancti</strong></span> <span class='ocrx_word' id='word_1_726' title='bbox 1781 4772 1891 4841; x_wconf 91' lang='lat' dir='ltr'><strong>jam</strong></span> <span class='ocrx_word' id='word_1_727' title='bbox 1921 4773 1972 4826; x_wconf 90' lang='lat' dir='ltr'><strong>in</strong></span> 
     </span>
    </p>
   </div>
   <div class='ocr_carea' id='block_1_92' title="bbox 365 4858 1976 4934">
    <p class='ocr_par' dir='ltr' id='par_1_92' title="bbox 365 4858 1976 4934">
     <span class='ocr_line' id='line_1_92' title="bbox 365 4858 1976 4934; baseline 0.001 -16"><span class='ocrx_word' id='word_1_728' title='bbox 365 4860 555 4918; x_wconf 81' lang='lat' dir='ltr'><strong>anima</strong></span> <span class='ocrx_word' id='word_1_729' title='bbox 595 4858 811 4917; x_wconf 89' lang='lat' dir='ltr'><strong>Christo</strong></span> <span class='ocrx_word' id='word_1_730' title='bbox 836 4860 1146 4918; x_wconf 87' lang='lat' dir='ltr'><strong>conformes</strong></span> <span class='ocrx_word' id='word_1_731' title='bbox 1184 4859 1364 4917; x_wconf 82' lang='lat' dir='ltr'><strong>effecti</strong></span> <span class='ocrx_word' id='word_1_732' title='bbox 1422 4878 1520 4933; x_wconf 91' lang='lat' dir='ltr'><strong>pro</strong></span> <span class='ocrx_word' id='word_1_733' title='bbox 1573 4863 1976 4934; x_wconf 84' lang='lat' dir='ltr'><strong>dispensatione</strong></span> 
     </span>
    </p>
   </div>
   <div class='ocr_carea' id='block_1_93' title="bbox 365 4951 1975 5027">
    <p class='ocr_par' dir='ltr' id='par_1_93' title="bbox 365 4951 1975 5027">
     <span class='ocr_line' id='line_1_93' title="bbox 365 4951 1975 5027; baseline 0.002 -20"><span class='ocrx_word' id='word_1_734' title='bbox 365 4953 631 5024; x_wconf 65' lang='lat' dir='ltr'><strong>presenti</strong></span> <span class='ocrx_word' id='word_1_735' title='bbox 680 4951 823 5009; x_wconf 86' lang='lat' dir='ltr'><strong>circa</strong></span> <span class='ocrx_word' id='word_1_736' title='bbox 872 4968 962 5008; x_wconf 87' lang='lat' dir='ltr'><strong>res</strong></span> <span class='ocrx_word' id='word_1_737' title='bbox 1012 4952 1323 5022; x_wconf 89' lang='lat' dir='ltr'><strong>corporales</strong></span> <span class='ocrx_word' id='word_1_738' title='bbox 1377 4953 1511 5009; x_wconf 87' lang='lat' dir='ltr'><strong>mira</strong></span> <span class='ocrx_word' id='word_1_739' title='bbox 1563 4952 1803 5021; x_wconf 85' lang='lat' dir='ltr'><strong>faciunt,</strong></span> <span class='ocrx_word' id='word_1_740' title='bbox 1858 4957 1975 5027; x_wconf 90' lang='lat' dir='ltr'><strong>ipso</strong></span> 
     </span>
    </p>
   </div>
   <div class='ocr_carea' id='block_1_94' title="bbox 367 5042 1976 5118">
    <p class='ocr_par' dir='ltr' id='par_1_94' title="bbox 367 5042 1976 5118">
     <span class='ocr_line' id='line_1_94' title="bbox 367 5042 1976 5118; baseline 0.001 -19"><span class='ocrx_word' id='word_1_741' title='bbox 367 5052 702 5116; x_wconf 65' lang='lat' dir='ltr'><strong>prastante,</strong></span> <span class='ocrx_word' id='word_1_742' title='bbox 731 5044 885 5115; x_wconf 90' lang='lat' dir='ltr'><strong>cujus</strong></span> <span class='ocrx_word' id='word_1_743' title='bbox 926 5045 1102 5114; x_wconf 87' lang='lat' dir='ltr'><strong>gratia</strong></span> <span class='ocrx_word' id='word_1_744' title='bbox 1140 5042 1254 5114; x_wconf 86' lang='lat' dir='ltr'><strong>jam</strong></span> <span class='ocrx_word' id='word_1_745' title='bbox 1293 5046 1585 5117; x_wconf 88' lang='lat' dir='ltr'><strong>participes</strong></span> <span class='ocrx_word' id='word_1_746' title='bbox 1627 5048 1745 5118; x_wconf 89' lang='lat' dir='ltr'><strong>ejus</strong></span> <span class='ocrx_word' id='word_1_747' title='bbox 1783 5048 1976 5103; x_wconf 79' lang='lat' dir='ltr'><strong>divini-</strong></span> 
     </span>
    </p>
   </div>
   <div class='ocr_carea' id='block_1_95' title="bbox 370 5136 811 5194">
    <p class='ocr_par' dir='ltr' id='par_1_95' title="bbox 370 5136 811 5194">
     <span class='ocr_line' id='line_1_95' title="bbox 370 5136 811 5194; baseline -0.007 0"><span class='ocrx_word' id='word_1_748' title='bbox 370 5138 505 5194; x_wconf 84' lang='lat' dir='ltr'><strong>tatis</strong></span> <span class='ocrx_word' id='word_1_749' title='bbox 535 5136 811 5192; x_wconf 79' lang='lat' dir='ltr'><strong>existunt?</strong></span> 
     </span>
    </p>
   </div>
   <div class='ocr_carea' id='block_1_96' title="bbox 452 5227 1977 5300">
    <p class='ocr_par' dir='ltr' id='par_1_96' title="bbox 452 5227 1977 5300">
     <span class='ocr_line' id='line_1_96' title="bbox 452 5227 1977 5300; baseline 0 -15"><span class='ocrx_word' id='word_1_750' title='bbox 452 5232 474 5262; x_wconf 83' lang='grc'>¹</span> <span class='ocrx_word' id='word_1_751' title='bbox 491 5228 584 5285; x_wconf 76' lang='lat'><strong>38.</strong></span> <span class='ocrx_word' id='word_1_752' title='bbox 597 5227 739 5285; x_wconf 81' lang='lat' dir='ltr'><strong>Vere</strong></span> <span class='ocrx_word' id='word_1_753' title='bbox 759 5228 1020 5300; x_wconf 88' lang='lat' dir='ltr'><strong>propheta</strong></span> <span class='ocrx_word' id='word_1_754' title='bbox 1044 5244 1271 5300; x_wconf 86' lang='lat' dir='ltr'><strong>magnus</strong></span> <span class='ocrx_word' id='word_1_755' title='bbox 1298 5229 1351 5285; x_wconf 92' lang='lat' dir='ltr'><strong>in</strong></span> <span class='ocrx_word' id='word_1_756' title='bbox 1363 5229 1449 5285; x_wconf 90' lang='lat' dir='ltr'><strong>die</strong></span> <span class='ocrx_word' id='word_1_757' title='bbox 1465 5229 1842 5287; x_wconf 87' lang='lat' dir='ltr'><strong>declarationis</strong></span> <span class='ocrx_word' id='word_1_758' title='bbox 1866 5247 1977 5287; x_wconf 65' lang='lat' dir='ltr'><strong>sua:</strong></span> 
     </span>
    </p>
   </div>
   <div class='ocr_carea' id='block_1_97' title="bbox 368 5319 1980 5391">
    <p class='ocr_par' dir='ltr' id='par_1_97' title="bbox 368 5319 1980 5391">
     <span class='ocr_line' id='line_1_97' title="bbox 368 5319 1980 5391; baseline 0 -15"><span class='ocrx_word' id='word_1_759' title='bbox 368 5334 606 5391; x_wconf 75' lang='lat' dir='ltr'><strong>surgens</strong></span> <span class='ocrx_word' id='word_1_760' title='bbox 634 5319 922 5391; x_wconf 79' lang='lat' dir='ltr'><strong>apparuit,</strong></span> <span class='ocrx_word' id='word_1_761' title='bbox 950 5320 1044 5391; x_wconf 89' lang='lat' dir='ltr'><strong>qui</strong></span> <span class='ocrx_word' id='word_1_762' title='bbox 1094 5321 1260 5375; x_wconf 87' lang='lat' dir='ltr'><strong>lilium</strong></span> <span class='ocrx_word' id='word_1_763' title='bbox 1305 5319 1477 5375; x_wconf 82' lang='lat' dir='ltr'><strong>viduae</strong></span> <span class='ocrx_word' id='word_1_764' title='bbox 1521 5327 1628 5374; x_wconf 92' lang='lat' dir='ltr'><strong>tam</strong></span> <span class='ocrx_word' id='word_1_765' title='bbox 1666 5320 1980 5376; x_wconf 88' lang='lat' dir='ltr'><strong>solemniter</strong></span> 
     </span>
    </p>
   </div>
   <div class='ocr_carea' id='block_1_98' title="bbox 370 5410 1977 5483">
    <p class='ocr_par' dir='ltr' id='par_1_98' title="bbox 370 5410 1977 5483">
     <span class='ocr_line' id='line_1_98' title="bbox 370 5410 1977 5483; baseline -0.003 -14"><span class='ocrx_word' id='word_1_766' title='bbox 370 5411 678 5469; x_wconf 69' lang='lat' dir='ltr'><strong>suscitavit.</strong></span> <span class='ocrx_word' id='word_1_767' title='bbox 721 5411 912 5468; x_wconf 84' lang='lat' dir='ltr'><strong>Nonne</strong></span> <span class='ocrx_word' id='word_1_768' title='bbox 947 5413 1061 5483; x_wconf 89' lang='lat' dir='ltr'><strong>jam</strong></span> <span class='ocrx_word' id='word_1_769' title='bbox 1093 5412 1419 5482; x_wconf 88' lang='lat' dir='ltr'><strong>implebatur</strong></span> <span class='ocrx_word' id='word_1_770' title='bbox 1446 5412 1500 5466; x_wconf 88' lang='lat' dir='ltr'><strong>in</strong></span> <span class='ocrx_word' id='word_1_771' title='bbox 1528 5410 1729 5467; x_wconf 90' lang='lat' dir='ltr'><strong>Sancto</strong></span> <span class='ocrx_word' id='word_1_772' title='bbox 1756 5411 1977 5482; x_wconf 88' lang='lat' dir='ltr'><strong>spiritus</strong></span> 
     </span>
    </p>
   </div>
   <div class='ocr_carea' id='block_1_99' title="bbox 372 5499 1979 5574">
    <p class='ocr_par' dir='ltr' id='par_1_99' title="bbox 372 5499 1979 5574">
     <span class='ocr_line' id='line_1_99' title="bbox 372 5499 1979 5574; baseline 0.001 -18"><span class='ocrx_word' id='word_1_773' title='bbox 372 5499 586 5570; x_wconf 77' lang='lat' dir='ltr'><strong>Elisei,</strong></span> <span class='ocrx_word' id='word_1_774' title='bbox 627 5519 750 5560; x_wconf 87' lang='lat' dir='ltr'><strong>cum</strong></span> <span class='ocrx_word' id='word_1_775' title='bbox 796 5505 935 5561; x_wconf 80' lang='lat' dir='ltr'><strong>illius</strong></span> <span class='ocrx_word' id='word_1_776' title='bbox 974 5505 1266 5561; x_wconf 87' lang='lat' dir='ltr'><strong>suscitatus</strong></span> <span class='ocrx_word' id='word_1_777' title='bbox 1303 5504 1542 5561; x_wconf 87' lang='lat' dir='ltr'><strong>redditus</strong></span> <span class='ocrx_word' id='word_1_778' title='bbox 1583 5504 1747 5559; x_wconf 91' lang='lat' dir='ltr'><strong>fuisse</strong></span> <span class='ocrx_word' id='word_1_779' title='bbox 1786 5505 1979 5574; x_wconf 87' lang='lat' dir='ltr'><strong>legitur</strong></span> 
     </span>
    </p>
   </div>
   <div class='ocr_carea' id='block_1_100' title="bbox 362 5591 1969 5668">
    <p class='ocr_par' dir='ltr' id='par_1_100' title="bbox 362 5591 1969 5668">
     <span class='ocr_line' id='line_1_100' title="bbox 362 5591 1969 5668; baseline -0.001 -18"><span class='ocrx_word' id='word_1_780' title='bbox 362 5591 748 5650; x_wconf 79' lang='lat' dir='ltr'><strong>Sunamitidi?</strong></span> <span class='ocrx_word' id='word_1_781' title='bbox 793 5596 933 5653; x_wconf 88' lang='lat' dir='ltr'><strong>sicut</strong></span> <span class='ocrx_word' id='word_1_782' title='bbox 976 5596 1237 5667; x_wconf 88' lang='lat' dir='ltr'><strong>scriptum</strong></span> <span class='ocrx_word' id='word_1_783' title='bbox 1283 5606 1368 5654; x_wconf 89' lang='lat' dir='ltr'><strong>est</strong></span> <span class='ocrx_word' id='word_1_784' title='bbox 1417 5594 1526 5668; x_wconf 81' lang='lat' dir='ltr'><strong>(IV</strong></span> <span class='ocrx_word' id='word_1_785' title='bbox 1570 5593 1700 5667; x_wconf 81' lang='lat' dir='ltr'><strong>Reg.</strong></span> <span class='ocrx_word' id='word_1_786' title='bbox 1733 5611 1802 5661; x_wconf 80' lang='lat' dir='ltr'><strong>tv,</strong></span> <span class='ocrx_word' id='word_1_787' title='bbox 1832 5593 1969 5665; x_wconf 54' lang='lat'><strong>&#39;55):</strong></span> 
     </span>
    </p>
   </div>
   <div class='ocr_carea' id='block_1_101' title="bbox 457 5726 971 5798">
    <p class='ocr_par' dir='ltr' id='par_1_101' title="bbox 457 5726 971 5798">
     <span class='ocr_line' id='line_1_101' title="bbox 457 5726 971 5798; baseline 0.006 -19"><span class='ocrx_word' id='word_1_788' title='bbox 457 5728 474 5760; x_wconf 81' lang='grc'>⁸</span> <span class='ocrx_word' id='word_1_789' title='bbox 506 5726 655 5782; x_wconf 76' lang='lat' dir='ltr'><strong>Alias</strong></span> <span class='ocrx_word' id='word_1_790' title='bbox 677 5743 794 5798; x_wconf 89' lang='lat' dir='ltr'><strong>cap.</strong></span> <span class='ocrx_word' id='word_1_791' title='bbox 825 5744 971 5784; x_wconf 84' lang='lat' dir='ltr'><strong>xvut.</strong></span> 
     </span>
    </p>
   </div>
   <div class='ocr_carea' id='block_1_102' title="bbox 452 5798 953 5867">
    <p class='ocr_par' dir='ltr' id='par_1_102' title="bbox 452 5798 953 5867">
     <span class='ocr_line' id='line_1_102' title="bbox 452 5798 953 5867; baseline 0.004 -15"><span class='ocrx_word' id='word_1_792' title='bbox 452 5800 475 5831; x_wconf 79' lang='lat'>&#39;</span> <span class='ocrx_word' id='word_1_793' title='bbox 508 5798 661 5853; x_wconf 80' lang='lat' dir='ltr'><strong>Alias</strong></span> <span class='ocrx_word' id='word_1_794' title='bbox 688 5813 807 5867; x_wconf 85' lang='lat' dir='ltr'><strong>cap.</strong></span> <span class='ocrx_word' id='word_1_795' title='bbox 843 5816 953 5854; x_wconf 80' lang='lat' dir='ltr'><strong>xix.</strong></span> 
     </span>
    </p>
   </div>
   <div class='ocr_carea' id='block_1_103' title="bbox 456 5869 927 5947">
    <p class='ocr_par' dir='ltr' id='par_1_103' title="bbox 456 5869 927 5947">
     <span class='ocr_line' id='line_1_103' title="bbox 456 5869 927 5947; baseline 0.002 -24"><span class='ocrx_word' id='word_1_796' title='bbox 456 5869 481 5899; x_wconf 86' lang='grc'><strong><em>⁸</em></strong></span> <span class='ocrx_word' id='word_1_797' title='bbox 510 5869 661 5923; x_wconf 77' lang='lat' dir='ltr'><strong>Alias</strong></span> <span class='ocrx_word' id='word_1_798' title='bbox 687 5884 807 5947; x_wconf 88' lang='lat' dir='ltr'><strong>cap.</strong></span> <span class='ocrx_word' id='word_1_799' title='bbox 836 5885 927 5924; x_wconf 89' lang='lat' dir='ltr'><strong>xx.</strong></span> 
     </span>
    </p>
   </div>
   <div class='ocr_carea' id='block_1_104' title="bbox 2081 4669 3673 4743">
    <p class='ocr_par' dir='ltr' id='par_1_104' title="bbox 2081 4669 3673 4743">
     <span class='ocr_line' id='line_1_104' title="bbox 2081 4669 3673 4743; baseline 0.001 -16"><span class='ocrx_word' id='word_1_800' title='bbox 2081 4672 2243 4727; x_wconf 89' lang='lat' dir='ltr'><strong>tulam</strong></span> <span class='ocrx_word' id='word_1_801' title='bbox 2275 4671 2416 4742; x_wconf 92' lang='lat' dir='ltr'><strong>passi</strong></span> <span class='ocrx_word' id='word_1_802' title='bbox 2445 4686 2649 4726; x_wconf 88' lang='lat' dir='ltr'><strong>sumus.</strong></span> <span class='ocrx_word' id='word_1_803' title='bbox 2700 4669 2834 4725; x_wconf 88' lang='lat' dir='ltr'><strong>Nam</strong></span> <span class='ocrx_word' id='word_1_804' title='bbox 2878 4678 2933 4726; x_wconf 91' lang='lat' dir='ltr'><strong>et</strong></span> <span class='ocrx_word' id='word_1_805' title='bbox 2962 4669 3155 4727; x_wconf 82' lang='lat' dir='ltr'><strong>ﬂuvius</strong></span> <span class='ocrx_word' id='word_1_806' title='bbox 3183 4672 3308 4727; x_wconf 90' lang='lat' dir='ltr'><strong>dum</strong></span> <span class='ocrx_word' id='word_1_807' title='bbox 3335 4688 3434 4743; x_wconf 91' lang='lat' dir='ltr'><strong>per</strong></span> <span class='ocrx_word' id='word_1_808' title='bbox 3460 4672 3673 4728; x_wconf 90' lang='lat' dir='ltr'><strong>alveum</strong></span> 
     </span>
    </p>
   </div>
   <div class='ocr_carea' id='block_1_105' title="bbox 2077 4762 3676 4831">
    <p class='ocr_par' dir='ltr' id='par_1_105' title="bbox 2077 4762 3676 4831">
     <span class='ocr_line' id='line_1_105' title="bbox 2077 4762 3676 4831; baseline 0.002 -13"><span class='ocrx_word' id='word_1_809' title='bbox 2077 4763 2283 4827; x_wconf 85' lang='lat' dir='ltr'><strong>deﬂuit,</strong></span> <span class='ocrx_word' id='word_1_810' title='bbox 2314 4762 2359 4818; x_wconf 92' lang='lat' dir='ltr'><strong>si</strong></span> <span class='ocrx_word' id='word_1_811' title='bbox 2391 4762 2556 4817; x_wconf 90' lang='lat' dir='ltr'><strong>valles</strong></span> <span class='ocrx_word' id='word_1_812' title='bbox 2581 4777 2849 4817; x_wconf 88' lang='lat' dir='ltr'><strong>concavas</strong></span> <span class='ocrx_word' id='word_1_813' title='bbox 2876 4778 2943 4817; x_wconf 88' lang='lat' dir='ltr'><strong>ex</strong></span> <span class='ocrx_word' id='word_1_814' title='bbox 2974 4762 3142 4818; x_wconf 89' lang='lat' dir='ltr'><strong>latere</strong></span> <span class='ocrx_word' id='word_1_815' title='bbox 3169 4764 3429 4831; x_wconf 89' lang='lat' dir='ltr'><strong>contingit</strong></span> <span class='ocrx_word' id='word_1_816' title='bbox 3453 4805 3469 4831; x_wconf 91' lang='lat'><strong>,</strong></span> <span class='ocrx_word' id='word_1_817' title='bbox 3500 4764 3554 4819; x_wconf 89' lang='lat' dir='ltr'><strong>in</strong></span> <span class='ocrx_word' id='word_1_818' title='bbox 3579 4779 3676 4821; x_wconf 87' lang='lat' dir='ltr'><strong>eas</strong></span> 
     </span>
    </p>
   </div>
   <div class='ocr_carea' id='block_1_106' title="bbox 2081 4852 3678 4935">
    <p class='ocr_par' dir='ltr' id='par_1_106' title="bbox 2081 4852 3678 4935">
     <span class='ocr_line' id='line_1_106' title="bbox 2081 4852 3678 4935; baseline 0.003 -27"><span class='ocrx_word' id='word_1_819' title='bbox 2081 4854 2224 4910; x_wconf 89' lang='lat' dir='ltr'><strong>illico</strong></span> <span class='ocrx_word' id='word_1_820' title='bbox 2250 4853 2333 4908; x_wconf 89' lang='lat' dir='ltr'><strong>sui</strong></span> <span class='ocrx_word' id='word_1_821' title='bbox 2361 4852 2592 4925; x_wconf 91' lang='lat' dir='ltr'><strong>impetus</strong></span> <span class='ocrx_word' id='word_1_822' title='bbox 2614 4869 2829 4910; x_wconf 90' lang='lat' dir='ltr'><strong>cursum</strong></span> <span class='ocrx_word' id='word_1_823' title='bbox 2859 4853 3096 4917; x_wconf 90' lang='lat' dir='ltr'><strong>divertit,</strong></span> <span class='ocrx_word' id='word_1_824' title='bbox 3124 4862 3179 4908; x_wconf 92' lang='lat' dir='ltr'><strong>et</strong></span> <span class='ocrx_word' id='word_1_825' title='bbox 3208 4854 3260 4907; x_wconf 92' lang='lat' dir='ltr'><strong>in</strong></span> <span class='ocrx_word' id='word_1_826' title='bbox 3290 4853 3503 4935; x_wconf 76' lang='lat' dir='ltr'><strong>alveum</strong></span> <span class='ocrx_word' id='word_1_827' title='bbox 3527 4864 3678 4926; x_wconf 82' lang='lat' dir='ltr'><strong>post-</strong></span> 
     </span>
    </p>
   </div>
   <div class='ocr_carea' id='block_1_107' title="bbox 2080 4946 3679 5006">
    <p class='ocr_par' dir='ltr' id='par_1_107' title="bbox 2080 4946 3679 5006">
     <span class='ocr_line' id='line_1_107' title="bbox 2080 4946 3679 5006; baseline 0.004 -6"><span class='ocrx_word' id='word_1_828' title='bbox 2080 4947 2301 5002; x_wconf 89' lang='lat' dir='ltr'><strong>modum</strong></span> <span class='ocrx_word' id='word_1_829' title='bbox 2332 4962 2392 5002; x_wconf 91' lang='lat' dir='ltr'><strong>se</strong></span> <span class='ocrx_word' id='word_1_830' title='bbox 2418 4946 2672 5002; x_wconf 88' lang='lat' dir='ltr'><strong>refundit.</strong></span> <span class='ocrx_word' id='word_1_831' title='bbox 2717 4946 3078 5002; x_wconf 83' lang='lat' dir='ltr'><strong>Venatoribns</strong></span> <span class='ocrx_word' id='word_1_832' title='bbox 3108 4947 3270 5002; x_wconf 89' lang='lat' dir='ltr'><strong>etiam</strong></span> <span class='ocrx_word' id='word_1_833' title='bbox 3298 4948 3439 5004; x_wconf 90' lang='lat' dir='ltr'><strong>solet</strong></span> <span class='ocrx_word' id='word_1_834' title='bbox 3464 4950 3679 5006; x_wconf 88' lang='lat' dir='ltr'><strong>contin-</strong></span> 
     </span>
    </p>
   </div>
   <div class='ocr_carea' id='block_1_108' title="bbox 2082 5036 3680 5109">
    <p class='ocr_par' dir='ltr' id='par_1_108' title="bbox 2082 5036 3680 5109">
     <span class='ocr_line' id='line_1_108' title="bbox 2082 5036 3680 5109; baseline 0.004 -18"><span class='ocrx_word' id='word_1_835' title='bbox 2082 5050 2211 5106; x_wconf 89' lang='lat' dir='ltr'><strong>gere</strong></span> <span class='ocrx_word' id='word_1_836' title='bbox 2247 5044 2307 5091; x_wconf 94' lang='lat' dir='ltr'><strong>ut</strong></span> <span class='ocrx_word' id='word_1_837' title='bbox 2356 5036 2618 5093; x_wconf 88' lang='lat' dir='ltr'><strong>desistant</strong></span> <span class='ocrx_word' id='word_1_838' title='bbox 2645 5052 2675 5091; x_wconf 95' lang='lat' dir='ltr'><strong>a</strong></span> <span class='ocrx_word' id='word_1_839' title='bbox 2706 5037 2904 5103; x_wconf 89' lang='lat' dir='ltr'><strong>bestia,</strong></span> <span class='ocrx_word' id='word_1_840' title='bbox 2940 5053 3102 5108; x_wconf 90' lang='lat' dir='ltr'><strong>quam</strong></span> <span class='ocrx_word' id='word_1_841' title='bbox 3128 5045 3434 5109; x_wconf 78' lang='lat' dir='ltr'><strong>sectantur,</strong></span> <span class='ocrx_word' id='word_1_842' title='bbox 3465 5041 3511 5096; x_wconf 89' lang='lat' dir='ltr'><strong>si</strong></span> <span class='ocrx_word' id='word_1_843' title='bbox 3539 5039 3680 5097; x_wconf 84' lang='lat' dir='ltr'><strong>forte</strong></span> 
     </span>
    </p>
   </div>
   <div class='ocr_carea' id='block_1_109' title="bbox 2083 5128 3681 5205">
    <p class='ocr_par' dir='ltr' id='par_1_109' title="bbox 2083 5128 3681 5205">
     <span class='ocr_line' id='line_1_109' title="bbox 2083 5128 3681 5205; baseline 0.004 -24"><span class='ocrx_word' id='word_1_844' title='bbox 2083 5128 2318 5184; x_wconf 85' lang='lat' dir='ltr'><strong>viderint</strong></span> <span class='ocrx_word' id='word_1_845' title='bbox 2354 5129 2515 5184; x_wconf 89' lang='lat' dir='ltr'><strong>aliam</strong></span> <span class='ocrx_word' id='word_1_846' title='bbox 2538 5145 2607 5183; x_wconf 86' lang='lat' dir='ltr'><strong>ex</strong></span> <span class='ocrx_word' id='word_1_847' title='bbox 2628 5129 2908 5199; x_wconf 90' lang='lat' dir='ltr'><strong>inopinato</strong></span> <span class='ocrx_word' id='word_1_848' title='bbox 2923 5131 3104 5186; x_wconf 89' lang='lat' dir='ltr'><strong>statim</strong></span> <span class='ocrx_word' id='word_1_849' title='bbox 3128 5146 3423 5202; x_wconf 90' lang='lat' dir='ltr'><strong>emergere.</strong></span> <span class='ocrx_word' id='word_1_850' title='bbox 3448 5132 3681 5205; x_wconf 80' lang='lat' dir='ltr'><strong>Repetat</strong></span> 
     </span>
    </p>
   </div>
   <div class='ocr_carea' id='block_1_110' title="bbox 2082 5224 3677 5296">
    <p class='ocr_par' dir='ltr' id='par_1_110' title="bbox 2082 5224 3677 5296">
     <span class='ocr_line' id='line_1_110' title="bbox 2082 5224 3677 5296; baseline 0.004 -17"><span class='ocrx_word' id='word_1_851' title='bbox 2082 5224 2244 5293; x_wconf 88' lang='lat' dir='ltr'><strong>igitur</strong></span> <span class='ocrx_word' id='word_1_852' title='bbox 2265 5224 2459 5280; x_wconf 88' lang='lat' dir='ltr'><strong>fluvius</strong></span> <span class='ocrx_word' id='word_1_853' title='bbox 2480 5224 2617 5279; x_wconf 91' lang='lat' dir='ltr'><strong>alvei</strong></span> <span class='ocrx_word' id='word_1_854' title='bbox 2646 5232 2959 5282; x_wconf 87' lang='lat' dir='ltr'><strong>consuetam</strong></span> <span class='ocrx_word' id='word_1_855' title='bbox 2981 5227 3145 5296; x_wconf 90' lang='lat' dir='ltr'><strong>viam,</strong></span> <span class='ocrx_word' id='word_1_856' title='bbox 3169 5236 3396 5284; x_wconf 89' lang='lat' dir='ltr'><strong>venator</strong></span> <span class='ocrx_word' id='word_1_857' title='bbox 3414 5237 3677 5285; x_wconf 89' lang='lat' dir='ltr'><strong>sectatam</strong></span> 
     </span>
    </p>
   </div>
   <div class='ocr_carea' id='block_1_111' title="bbox 2082 5318 3679 5391">
    <p class='ocr_par' dir='ltr' id='par_1_111' title="bbox 2082 5318 3679 5391">
     <span class='ocr_line' id='line_1_111' title="bbox 2082 5318 3679 5391; baseline 0.004 -16"><span class='ocrx_word' id='word_1_858' title='bbox 2082 5319 2308 5375; x_wconf 86' lang='lat' dir='ltr'><strong>bestiam</strong></span> <span class='ocrx_word' id='word_1_859' title='bbox 2334 5361 2349 5385; x_wconf 95' lang='lat'><strong>,</strong></span> <span class='ocrx_word' id='word_1_860' title='bbox 2393 5318 2562 5391; x_wconf 79' lang='lat' dir='ltr'><strong>stylus</strong></span> <span class='ocrx_word' id='word_1_861' title='bbox 2590 5320 2871 5376; x_wconf 88' lang='lat' dir='ltr'><strong>materiam</strong></span> <span class='ocrx_word' id='word_1_862' title='bbox 2901 5321 3228 5380; x_wconf 88' lang='lat' dir='ltr'><strong>inchoatam.</strong></span> <span class='ocrx_word' id='word_1_863' title='bbox 3285 5323 3486 5382; x_wconf 84' lang='lat' dir='ltr'><strong>Nemus</strong></span> <span class='ocrx_word' id='word_1_864' title='bbox 3510 5327 3679 5382; x_wconf 87' lang='lat' dir='ltr'><strong>etiam</strong></span> 
     </span>
    </p>
   </div>
   <div class='ocr_carea' id='block_1_112' title="bbox 2083 5411 3679 5488">
    <p class='ocr_par' dir='ltr' id='par_1_112' title="bbox 2083 5411 3679 5488">
     <span class='ocr_line' id='line_1_112' title="bbox 2083 5411 3679 5488; baseline 0.004 -20"><span class='ocrx_word' id='word_1_865' title='bbox 2083 5421 2272 5468; x_wconf 90' lang='lat' dir='ltr'><strong>contra</strong></span> <span class='ocrx_word' id='word_1_866' title='bbox 2303 5411 2473 5480; x_wconf 89' lang='lat' dir='ltr'><strong>legem</strong></span> <span class='ocrx_word' id='word_1_867' title='bbox 2502 5412 2554 5465; x_wconf 89' lang='lat' dir='ltr'><strong>in</strong></span> <span class='ocrx_word' id='word_1_868' title='bbox 2587 5412 2787 5484; x_wconf 90' lang='lat' dir='ltr'><strong>templo</strong></span> <span class='ocrx_word' id='word_1_869' title='bbox 2809 5413 3019 5471; x_wconf 89' lang='lat' dir='ltr'><strong>Domini</strong></span> <span class='ocrx_word' id='word_1_870' title='bbox 3047 5418 3370 5488; x_wconf 90' lang='lat' dir='ltr'><strong>plantamus,</strong></span> <span class='ocrx_word' id='word_1_871' title='bbox 3397 5418 3445 5475; x_wconf 90' lang='lat' dir='ltr'><strong>si</strong></span> <span class='ocrx_word' id='word_1_872' title='bbox 3469 5427 3679 5476; x_wconf 85' lang='lat' dir='ltr'><strong>tantum</strong></span> 
     </span>
    </p>
   </div>
   <div class='ocr_carea' id='block_1_113' title="bbox 2085 5502 3676 5582">
    <p class='ocr_par' dir='ltr' id='par_1_113' title="bbox 2085 5502 3676 5582">
     <span class='ocr_line' id='line_1_113' title="bbox 2085 5502 3676 5582; baseline 0.005 -24"><span class='ocrx_word' id='word_1_873' title='bbox 2085 5504 2373 5559; x_wconf 90' lang='lat' dir='ltr'><strong>verborum</strong></span> <span class='ocrx_word' id='word_1_874' title='bbox 2403 5502 2907 5564; x_wconf 85' lang='lat' dir='ltr'><strong>foliis.insistamus.</strong></span> <span class='ocrx_word' id='word_1_875' title='bbox 2939 5506 3159 5565; x_wconf 90' lang='lat' dir='ltr'><strong>Certum</strong></span> <span class='ocrx_word' id='word_1_876' title='bbox 3181 5519 3265 5566; x_wconf 90' lang='lat' dir='ltr'><strong>est</strong></span> <span class='ocrx_word' id='word_1_877' title='bbox 3284 5510 3427 5567; x_wconf 89' lang='lat' dir='ltr'><strong>enim</strong></span> <span class='ocrx_word' id='word_1_878' title='bbox 3459 5513 3676 5582; x_wconf 85' lang='lat' dir='ltr'><strong>quoties</strong></span> 
     </span>
    </p>
   </div>
   <div class='ocr_carea' id='block_1_114' title="bbox 2084 5593 3677 5674">
    <p class='ocr_par' dir='ltr' id='par_1_114' title="bbox 2084 5593 3677 5674">
     <span class='ocr_line' id='line_1_114' title="bbox 2084 5593 3677 5674; baseline 0.006 -25"><span class='ocrx_word' id='word_1_879' title='bbox 2084 5595 2139 5649; x_wconf 92' lang='lat' dir='ltr'><strong>in</strong></span> <span class='ocrx_word' id='word_1_880' title='bbox 2165 5593 2306 5649; x_wconf 90' lang='lat' dir='ltr'><strong>foliis</strong></span> <span class='ocrx_word' id='word_1_881' title='bbox 2334 5596 2532 5663; x_wconf 88' lang='lat' dir='ltr'><strong>segetis</strong></span> <span class='ocrx_word' id='word_1_882' title='bbox 2559 5597 2722 5653; x_wconf 91' lang='lat' dir='ltr'><strong>culmi</strong></span> <span class='ocrx_word' id='word_1_883' title='bbox 2749 5597 3039 5670; x_wconf 86' lang='lat' dir='ltr'><strong>proficiunt</strong></span> <span class='ocrx_word' id='word_1_884' title='bbox 3060 5638 3078 5668; x_wconf 95' lang='lat'><strong>,</strong></span> <span class='ocrx_word' id='word_1_885' title='bbox 3114 5602 3311 5659; x_wconf 89' lang='lat' dir='ltr'><strong>minori</strong></span> <span class='ocrx_word' id='word_1_886' title='bbox 3340 5602 3677 5674; x_wconf 86' lang='lat' dir='ltr'><strong>plenitudine</strong></span> 
     </span>
    </p>
   </div>
   <div class='ocr_carea' id='block_1_115' title="bbox 2150 5722 2651 5800">
    <p class='ocr_par' dir='ltr' id='par_1_115' title="bbox 2150 5722 2651 5800">
     <span class='ocr_line' id='line_1_115' title="bbox 2150 5722 2651 5800; baseline 0.008 -20"><span class='ocrx_word' id='word_1_887' title='bbox 2150 5734 2173 5800; x_wconf 57' lang='grc' dir='ltr'><strong>ξ</strong></span> <span class='ocrx_word' id='word_1_888' title='bbox 2200 5722 2486 5800; x_wconf 77' lang='lat' dir='ltr'><strong>E_xcusu_m,</strong></span> <span class='ocrx_word' id='word_1_889' title='bbox 2507 5729 2651 5800; x_wconf 74' lang='lat' dir='ltr'><strong>ﬁdei.</strong></span> 
     </span>
    </p>
   </div>
   <div class='ocr_carea' id='block_1_116' title="bbox 2083 5794 3674 5941">
    <p class='ocr_par' dir='ltr' id='par_1_116' title="bbox 2083 5794 3674 5941">
     <span class='ocr_line' id='line_1_116' title="bbox 2083 5794 3674 5941; baseline 0.006 -92"><span class='ocrx_word' id='word_1_890' title='bbox 2083 5797 2182 5941; x_wconf 54' lang='lat' dir='ltr'><strong>prb</strong></span> <span class='ocrx_word' id='word_1_891' title='bbox 2228 5794 2519 5922; x_wconf 47' lang='lat' dir='ltr'><strong>lnﬁodem&#39;</strong></span> <span class='ocrx_word' id='word_1_892' title='bbox 2560 5802 2674 5857; x_wconf 71' lang='lat' dir='ltr'><strong>hmc</strong></span> <span class='ocrx_word' id='word_1_893' title='bbox 2720 5803 3167 5875; x_wconf 83' lang='lat' dir='ltr'><strong>interponuntur,</strong></span> <span class='ocrx_word' id='word_1_894' title='bbox 3198 5807 3249 5860; x_wconf 84' lang='lat' dir='ltr'><strong>in</strong></span> <span class='ocrx_word' id='word_1_895' title='bbox 3277 5808 3478 5860; x_wconf 73' lang='lat' dir='ltr'><strong>civitate</strong></span> <span class='ocrx_word' id='word_1_896' title='bbox 3511 5806 3674 5859; x_wconf 68' lang='lat' dir='ltr'><strong>Nam</strong></span> 
     </span>
     <span class='ocr_line' id='line_1_117' title="bbox 2144 5884 2457 5924; baseline 0.006 -2"><span class='ocrx_word' id='word_1_897' title='bbox 2144 5884 2248 5922; x_wconf 75' lang='lat' dir='ltr'><strong>tum</strong></span> <span class='ocrx_word' id='word_1_898' title='bbox 2273 5884 2317 5921; x_wconf 77' lang='grc' dir='ltr'><strong>ιι</strong></span> <span class='ocrx_word' id='word_1_899' title='bbox 2357 5884 2457 5924; x_wconf 67' lang='lat' dir='ltr'><strong>ttat.</strong></span> 
     </span>
    </p>
   </div>
   <div class='ocr_carea' id='block_1_117' title="bbox 2144 5884 2457 5924">
    <p class='ocr_par' dir='ltr' id='par_1_117' title="bbox 2144 5884 2457 5924">
     <span class='ocr_line' id='line_1_118' title="bbox 2144 5884 2457 5924; baseline 0.006 -2"><span class='ocrx_word' id='word_1_900' title='bbox 2144 5884 2248 5922; x_wconf 73' lang='lat' dir='ltr'><strong>tum</strong></span> <span class='ocrx_word' id='word_1_901' title='bbox 2273 5884 2295 5921; x_wconf 83' lang='grc' dir='ltr'><strong>ι</strong></span> <span class='ocrx_word' id='word_1_902' title='bbox 2304 5884 2457 5924; x_wconf 78' lang='lat' dir='ltr'><strong>taua&#39;.</strong></span> 
     </span>
    </p>
   </div>
  </div>
