4122 6330
506 440 575 501 79
1408 436 1919 497 S.'l'.l.l'2lf'l"lll'lllll
1964 441 2119 497 \‘lTA
2160 438 2478 499 AUCTOR‘E
2509 438 2868 500 GUIBER‘TO.
3696 436 3767 496 80

505 556 770 630 spicarum
798 575 960 630 grana
994 569 1317 627 turgescunt.
1349 560 1512 627 Igitur
1533 563 1582 613 in
1613 561 1699 613 illa
1724 560 1811 616 die
1837 561 2085 625 solemni,
2121 560 2337 626 A'dicii,
2359 563 2752 619 sicinnocentia
2776 563 3085 627 destruitur,
3105 563 3192 617 ubi
3212 558 3546 635 tyratmizans
3568 563 3771 617 strvitia

504 667 876 722 quam-sumus
906 655 1164 708 hactenus
1198 652 1463 722 prosecuti
1482 694 1496 719 ,
1536 650 1790 705 Dominus
1819 652 1884 705 ad
1914 652 2086 706 sancti

500 742 772 813 pontificis
812 744 1229 800 declarationem
1258 743 1464 798 duobus
1493 743 1651 797 ctecis
1690 745 1969 798 oculorum
1996 759 2087 799 re-

505 838 680 892 stituit
711 836 967 892 visionem
1003 855 1015 889 :
1046 836 1425 891 continuantur
1464 831 1655 904 gaudia
1674 823 1929 903 gaudiis,
1961 834 2088 890 dum

505 929 801 984 succedunt
827 928 892 983 ad
924 928 1145 982 invicem
1175 926 1323 995 signa
1366 926 1550 994 signis.
1586 922 1785 979 Eadem
1824 925 1965 980 enim
2003 923 2089 979 die

506 1028 616 1074 tres
645 1018 923 1091 para‘lytici
954 1026 1077 1073 sunt
1109 1017 1277 1072 curati
1304 1058 1318 1082 ,
1360 1017 1486 1072 dum
1531 1017 1770 1071 redditur
1797 1014 1865 1070 ad
1893 1015 2091 1071 instru-

507 1122 687 1172 menta
735 1132 988 1171 sensuum
1040 1115 1295 1168 transitus
1345 1112 1552 1183 spiritui
1609 1109 1865 1177 animali,
1916 1118 1971 1166 et
2014 1110 2092 1166 sic

506 1208 758 1263 membris
813 1206 1039 1277 stupidis
1100 1215 1154 1259 et
1194 1204 1588 1259 insensibilibus
1634 1202 1933 1258 restituitur
1977 1200 2091 1270 ple-

507 1300 654 1353 narie
682 1314 870 1353 sensus
900 1306 954 1352 et
995 1306 1191 1352 motus.
1222 1297 1456 1352 Claudus
1491 1298 1653 1351 etiam
1686 1295 1736 1349 in
1768 1295 1966 1349 virtute
1994 1291 2091 1347 de-

506 1390 693 1446 ficiens
738 1390 1100 1460 progressiva,
1146 1388 1493 1444 consolidatis
1537 1387 1733 1458 plantis
1762 1391 1817 1441 et
1856 1386 2088 1448 basibus,

430 1480 435 1485 ’
504 1481 686 1534 statim
734 1482 989 1536 exsiliens
1037 1481 1363 1534 ambulabat.
1431 1480 1620 1533 Mulier
1669 1480 1829 1533 etiam
1890 1478 2090 1531 fluxum

505 1562 780 1641 sanguinis
809 1573 899 1627 diu
932 1588 1082 1642 passa
1133 1572 1326 1639 legitur
1352 1573 1468 1640 ipso
1506 1571 1590 1626 die
1620 1569 1791 1625 sancti
1821 1568 1975 1623 confe
2005 1584 2094 1624 so-

507 1663 582 1715 ris
629 1664 881 1732 precibus
924 1662 991 1716 ab
1038 1662 1354 1730 :cgritudine
1398 1662 1621 1731 pristina
1670 1661 1911 1716 liberata.
1971 1659 2095 1715 Haec

508 1754 671 1821 igitur
699 1763 756 1807 et
784 1753 1121 1821 huiusmodi,
1155 1761 1261 1807 tam
1293 1753 1456 1808 ardua
1476 1795 1490 1818 ,
1525 1762 1632 1807 tam
1662 1752 1900 1815 insolita,
1933 1768 2095 1822 supra

493 1856 668 1914 'spem‘
702 1853 757 1899 et
794 1845 1103 1900 facultatem
1147 1844 1525 1898 admirantium
1570 1843 1883 1907 existentia,
1923 1843 2095 1897 mani-

2190 653 2566 708 debacchatur.

2265 746 2283 776 ’
2320 744 2410 800 42.
2460 744 2578 801 Νοιι
2608 745 2941 801 obliviscitur
2968 745 3210 800 misereri
3241 743 3381 799 [reus
3406 787 3420 814 ,
3450 744 3544 800 sed
3567 744 3772 813 justum

2193 836 2246 891 in
2275 834 2619 891 tribulatione
2642 834 2838 908 liberat
2861 879 2876 903 ,
2907 853 3027 892 cum
3058 838 3313 906 prebalur
3339 852 3436 906 per
3461 834 3775 906 patientiam

2193 926 2309 997 ejus
2333 928 2521 982 virtus.
2569 920 2677 982 Nec
2702 928 2988 983 conturbat
3010 916 3213 996 justum
3239 968 3254 991 ,
3298 926 3556 998 quidquid
3602 925 3775 980 cidem

2193 1019 2477 1084 acciderit,
2520 1018 2612 1074 sed
2665 1018 2977 1074 imminente
3026 1020 3336 1074 tentationis
3368 1018 3594 1073 articulo
3623 1034 3680 1073 se
3709 1018 3779 1073 ad

2193 1108 2476 1165 Dominum
2501 1111 2551 1165 in
2574 1112 2818 1166 oratione
2844 1111 3125 1166 convertit.
3172 1109 3323 1173 Unde
3351 1109 3595 1163 Feriolus
3632 1125 3778 1163 rnor-

2196 1202 2263 1257 tis
2291 1216 2612 1271 exspectans
2640 1203 2959 1256 sententiam
2984 1242 2999 1265 ,
3030 1201 3156 1255 dum
3183 1208 3307 1254 ante
3349 1198 3780 1253 Blandiniensem

2194 1293 2448 1346 transiret
2475 1292 2770 1348 Ecclesium
2794 1334 2808 1357 ,
2842 1293 2929 1346 ubi
2979 1299 3334 1361 congregatus
3378 1298 3496 1344 erat
3523 1290 3699 1345 clerus
3727 1297 3782 1342 et

2197 1382 2424 1452 populus
2454 1380 2520 1437 ad
2564 1380 2734 1437 sancti
2763 1382 3086 1438 confessoris
3122 1378 3422 1438 'Eleutltcrii
3465 1381 3778 1436 memoriam

2166 1473 2713 1551 .celebrandam,’ad
2744 1474 3059 1528 orationem
3106 1473 3470 1536 convertitur,
3502 1480 3557 1525 et
3583 1470 3780 1524 Christi

2197 1565 2562 1621 confessorem
2591 1573 2704 1619 toto
2726 1565 2902 1620 cordis
2927 1563 3119 1619 affectu
3148 1564 3414 1619 suscitans
3440 1561 3783 1633 devotissime

2198 1656 2538 1726 deprecatur,
2583 1664 2637 1709 et
2656 1670 3088 1713 commemorans
3111 1654 3348 1726 martyrii
3371 1653 3630 1717 bravium,
3654 1666 3778 1706 con-

2199 1746 2420 1801 fossuris
2466 1745 2676 1800 titulum
2707 1785 2722 1810 ,
2768 1745 3089 1813 virginitatis
3138 1736 3459 1815 prmeOnium
3500 1744 3780 1809 illibatum,

2195 1837 2435 1908 postulat
2455 1835 2708 1891 auxilium
2730 1845 3111 1906 opportunum.
3138 1834 3182 1889 Ο
3202 1843 3406 1901 sancte,
3435 1836 3622 1905 inquit,
3645 1849 3782 1905 pra!-

496 1934 706 1990 -festant
731 1951 984 2006 expresse
1014 1937 1390 2001 reverentiam,
1415 1951 1532 2005 qua:
1557 1944 1742 1991 sancto
1772 1935 1931 1990 fiebat
1955 1951 2092 2006 pon-
2127 1940 2173 1999 Β
2199 1931 2278 1984 sul
2308 1928 2608 1993 Eleutheri.
2650 1928 2693 1983 Si
2736 1944 2860 1983 VCl‘a
2915 1935 3039 1982 δυιιῑ
3067 1942 3185 1998 quae
3237 1926 3305 1982 de
3334 1927 3437 1981 ῑυίδ
3466 1926 3643 1980 θυάῖῗί
3673 1941 3785 1979 me“

496 2027 676 2090 tilici,
725 2026 956 2083 Domino
1004 2029 1306 2098 placuisse,
1350 2029 1441 2098 qui
1489 2029 1567 2084 sic
1611 2044 1765 2083 suum
1813 2027 2103 2083 declaravit

513 2128 758 2174 sanctum
780 2160 796 2184 ,
829 2128 886 2174 ut
916 2121 967 2174 in
1000 2120 1407 2175 necessitatibus
1432 2120 1723 2175 existentes
1746 2127 1935 2190 portus
1960 2119 2103 2174 sola-

496 2212 646 2266 ‘tium
676 2211 996 2275 invenirent,
1024 2211 1088 2266 ad
1110 2208 1261 2281 cujus
1290 2211 1647 2282 patrocinium
1672 2211 1933 2281 fugerent,
1963 2211 2102 2265 sicut

514 2305 583 2360 ad
609 2306 864 2361 auxilium
897 2316 1279 2379 opportunum.

1120 2418 1348 2476 CAPUT
1389 2421 1496 2476 VII.

494 2506 628 2587 ’(ερε
660 2512 720 2566 S.
753 2511 1034 2567 Eleutherii
1062 2511 1300 2567 Feriolus
1324 2514 1519 2594 rinctus
1551 2512 1783 2580 solvitur,
1812 2511 2102 2567 Libertina:

1018 2600 1050 2636 a
1093 2594 1255 2637 morte
1302 2593 1598 2637 suacuatur.

595 2702 607 2728 ι
651 2697 738 2751 Η.
780 2695 1206 2751 Crebrescebant
1243 2694 1310 2748 de
1347 2694 1436 2755 die
1478 2694 1528 2748 in
1567 2694 1709 2749 diem
1747 2695 1944 2750 Christi
1991 2710 2104 2749 ma-
2192 2748 2195 2751 γ

516 2788 717 2858 gnalia,
768 2788 1041 2858 fulgebant
1086 2788 1206 2841 luce
1252 2786 1450 2842 clarius
1491 2787 1745 2842 miracula
1792 2802 1890 2857 per
1920 2786 2103 2841 Sancti

519 2880 733 2945 merita,
790 2879 1147 2934 concurrebat
1183 2877 1251 2932 ad
1283 2877 1615 2932 Blandinium
1654 2878 1966 2932 catervatim
1999 2875 2104 2932 fre-

519 2971 738 3038 quentia
770 2970 1111 3043 populorum.
1157 2965 1302 3023 Odor
1328 2967 1503 3023 bonus
1528 2968 1785 3031 occultari
1815 2983 1922 3022 non
1950 2975 2104 3039 pote-

518 3069 624 3125 rat,
681 3059 776 3115 sed
800 3059 867 3113 de
903 3067 1063 3126 gente
1090 3059 1143 3112 in
1172 3068 1385 3128 gentem
1419 3059 1813 3129 pertransiens,
1843 3058 1911 3114 de
1937 3074 2104 3129 regno

496 3150 588 3204 ad
619 3148 871 3220 populum
898 3149 1134 3203 alterum
1150 3148 1455 3203 exhalabat.
1495 3148 1550 3202 In
1585 3148 1804 3203 odorem
1833 3150 1975 3203 enim
2006 3166 2106 3205 un-

506 3246 844 3308 ,guentorum
870 3237 1053 3293 Sancti
1081 3235 1421 3293 Tornacense
1458 3238 1781 3294 territorium
1816 3238 2103 3295 visitabant

523 3328 835 3398 alienigenae
854 3328 1139 3399 peregrini.
1160 3327 1407 3384 Secundo
1429 3328 1589 3398 igitur
1606 3329 1921 3384 elevationis
1943 3329 2106 3401 ipsius

524 3435 667 3474 anno
687 3463 702 3489 ,
732 3418 981 3475 sacerdos
1013 3419 1258 3488 quidam,
1292 3421 1508 3475 nomine
1537 3420 1808 3487 Feriolus,
1842 3435 1872 3474 a
1902 3420 2107 3477 Vienna

525 3511 827 3566 Tornacum
864 3519 1083 3565 venerat
1128 3512 1461 3581 peregrinus.
1503 3512 1603 3580 Qui
1632 3530 1753 3568 cum
1783 3525 1924 3571 esset
1952 3516 2107 3570 inun-

507 3611 642 3659 vctus
674 3603 795 3658 oleo
826 3601 1039 3672 pietatis
1069 3609 1124 3656 et
1152 3602 1401 3671 profusus
1429 3604 1663 3660 exterius
1688 3605 1754 3659 ad
1782 3621 1945 3676 opera
1970 3607 2109 3662 cari-

512 3694 650 3748 tatis
679 3707 801 3761 erga
844 3693 1040 3747 misero
1090 3693 1506 3747 misericorditer
1552 3710 1610 3750 se
1660 3696 1887 3764 agebat,
1921 3713 2085 3767 super

512 3801 684 3855 quem
726 3785 955 3853 perituri
1003 3784 1305 3839 benedictio
1351 3786 1617 3840 veniebat.
1672 3786 1800 3841 Erat
1837 3798 2016 3843 autem
2056 3790 2109 3844 in

510 3875 716 3929 diebus
742 3874 844 3928 illis
866 3873 1170 3927 Libertinus
1193 3873 1407 3943 quidam
1426 3875 1670 3931 tribunus
1700 3878 1882 3947 populi
1907 3877 2111 3934 Torna-

511 3965 723 4020 'ccnsis.
765 3948 866 4018 llic
892 3964 1159 4018 hominem
1189 3964 1502 4032 quemdam,
1538 3981 1707 4035 pinna:
1746 3969 1934 4023 mortis
1963 3969 2112 4024 addi-

531 4067 696 4120 ctum,
730 4056 957 4125 stipatus
989 4057 1170 4126 populi
1199 4057 1553 4124 multitudine,
1581 4061 1927 4130 pertrahebat
1954 4063 2111 4118 mise-

530 4146 769 4200 rabiliter
809 4146 874 4200 ad
916 4154 1261 4201 tormentum.
1313 4147 1529 4204 lntuens
1571 4165 1692 4204 eum
1737 4150 2016 4217 Feriolus,
2058 4162 2112 4207 et

529 4236 752 4305 patienti
811 4251 1157 4306 compassus,
1200 4238 1393 4294 devote
1436 4240 1704 4295 tribunum
1757 4243 2006 4298 obsecrat
2055 4251 2113 4299 ut

530 4328 791 4382 damnato
832 4328 1249 4383 misericorditer
1276 4330 1685 4387 condescendat.
1718 4333 1812 4389 Ille
1840 4350 1967 4390 vero
1997 4351 2113 4390 mo-

526 4407 653 4472 nitis
684 4416 861 4473 acrior
916 4419 1270 4490 precibusque
1318 4420 1633 4477 insolentior
1661 4432 1743 4478 est
1770 4422 2020 4491 effectus,
2057 4434 2112 4480 et

526 4507 881 4564 offensionem
924 4509 1087 4564 animi
1122 4510 1441 4580 loquebatur
1483 4513 1598 4568 sine
1626 4530 1786 4570 causa
1817 4528 1869 4571 et
1906 4517 2061 4571 titulo
2094 4534 2106 4569 :

529 4601 705 4656 vultus
747 4600 1186 4657 irrationabiliter
1224 4602 1615 4671 inflammatus;
1662 4623 1723 4661 os
1760 4609 1903 4664 enim
1944 4608 2113 4664 turbi-

525 4691 694 4756 dum,
726 4704 921 4761 corpus
953 4692 1214 4769 trepidum
1240 4732 1254 4757 ,
1286 4701 1464 4750 truces
1492 4697 1631 4751 oculi
1652 4737 1666 4763 ,
1697 4715 1884 4769 spuma
1912 4702 2111 4757 cande-

527 4796 700 4848 sccns,
722 4778 885 4838 facies
907 4768 1230 4847 fervescens,
1253 4784 1457 4840 clamor
1476 4768 1743 4856 immanis,
1768 4805 1866 4845 nec
1886 4807 2112 4860 parcens

529 4872 865 4941 opprobriis,
899 4873 1031 4928 satis
1063 4873 1296 4930 indicare
1324 4885 1572 4945 poterant
1601 4879 1903 4947 passionem
1932 4882 2111 4937 cordis

518 4963 672 5027 irati,
699 4973 753 5018 et
773 4981 1065 5023 conversus
1085 4967 1152 5022 ad
1173 4969 1430 5024 satellites
1454 4969 1579 5035 :lte,
1603 4972 1792 5041 inquit,
1815 4983 1870 5029 et
1889 4976 2111 5046 arripite

531 5053 866 5108 sacerdotem
898 5058 1039 5113 hunc
1076 5060 1391 5128 sacrilegum
1417 5102 1432 5126 ,
1467 5069 1521 5115 et
1550 5063 1782 5117 vinctum
1813 5067 2016 5121 catenis
2042 5068 2110 5123 ad

530 5143 770 5213 patibuli
798 5145 975 5200 ducite
1015 5150 1330 5204 cruciatum.
1379 5151 1518 5205 Vere
1559 5153 1848 5208 secundum
1874 5154 2109 5224 judicem

530 5234 715 5304 populi
746 5242 800 5288 et
829 5236 1070 5291 minister
1100 5239 1233 5307 ejus.
1271 5240 1419 5297 Unde
1448 5254 1503 5298 et
1528 5244 1655 5299 dum
1681 5249 1983 5317 superbiret
2012 5251 2112 5304 im-

528 5326 680 5396 pius,
713 5342 918 5398 pauper
942 5327 1137 5399 injuste
1171 5330 1318 5389 duris
1342 5342 1421 5390 est
1453 5338 1798 5408 compedibus
1826 5324 2110 5411 obligatus.

533 5415 759 5487 Semper
786 5427 955 5474 Virtus
982 5428 1064 5474 est
1092 5424 1358 5478 contraria
1400 5427 1623 5495 vitiosis,
1654 5433 1926 5502 sacrilegis
1948 5451 2109 5493 exosa

533 5507 816 5575 sanctitas,
847 5512 1118 5581 corruptis
1157 5512 1464 5582 integritas,
1496 5518 1783 5578 luxuriosis
1813 5523 2104 5595 frugalitas,

535 5598 836 5655 crudelibus
875 5600 1008 5657 dura
1047 5603 1454 5673 misericordia;
1509 5611 1600 5665 sed
1633 5621 1685 5666 et
1724 5614 1897 5684 impiis
1940 5618 2108 5688 pietas

532 5706 641 5745 non
672 5691 908 5749 ferenda.
941 5695 1031 5751 Sic
1064 5696 1299 5766 iudicant
1335 5699 1480 5771 impii
1510 5703 1758 5761 sedentes
1787 5708 1837 5762 in
1868 5709 1989 5766 loco
2012 5710 2102 5781 ju-

608 5847 622 5877 '
656 5846 799 5901 Alias
826 5864 942 5917 cap.
974 5866 1083 5904 χχι.

600 5920 628 5949 ³
655 5917 800 5973 Alias
825 5930 940 5990 Cap.
972 5937 1098 5976 χχιι.

2205 2019 2340 2086 ritis,
2369 2032 2628 2088 oppresso
2658 2016 2908 2081 subveni;
2950 2018 3187 2071 vinctum
3214 2014 3380 2071 libera
3413 2031 3507 2086 per
3537 2024 3639 2069 tusc
3669 2015 3784 2084 pic-

2206 2110 2335 2163 tatis’
2376 2107 2706 2179 mysterium.
2758 2106 2853 2161 llis
2897 2106 3073 2174 dictis,
3106 2106 3176 2163 de
3215 2107 3502 2162 satellitum
3543 2105 3786 2159 manibus

2201 2198 2338 2253 liber
2364 2197 2582 2262 evadit,
2617 2206 2671 2251 et
2697 2196 2764 2251 ad
2810 2197 3097 2252 ecclesiam
3135 2198 3345 2253 concito
3373 2196 3538 2266 gradu
3556 2196 3738 2266 pergit
3770 2212 3785 2248 :

2206 2300 2260 2346 et
2308 2291 2433 2346 dum
2480 2292 2648 2345 stare’t
2695 2298 2820 2345 ante
2867 2290 3171 2361 sepulcrum
3215 2290 3360 2345 beati
3389 2288 3789 2345 eonfessorisiu

2203 2383 2452 2447 ecclesia,
2473 2382 2707 2448 vincula,
2726 2378 2926 2452 quibus
2956 2382 3237 2438 tenebatur
3261 2382 3563 2446 adstrictus,
3593 2396 3789 2451 repen-

2206 2477 2318 2529 tino
2348 2482 2497 2531 motu
2526 2475 2700 2530 soluta
2730 2482 2875 2542 sunt,
2907 2482 2963 2531 et
2990 2483 3180 2530 catena
3209 2475 3397 2530 divisa.

2328 2577 2407 2626 45.
2429 2575 2565 2625 Tunc
2590 2582 2756 2637 pestes
2775 2574 2942 2637 Erebi,
2966 2587 3019 2625 sc
3054 2575 3172 2624 leris
3187 2576 3430 2637 contagia,
3451 2587 3588 2624 mons
3611 2587 3662 2624 ra

2325 2638 2529 2695 inferni,
2553 2640 2689 2687 cives
2713 2637 2749 2686 P
2772 2650 2802 2685 u
2828 2640 2954 2698 onis,
2973 2639 3143 2687 mortis
3165 2639 3364 2698 alumni,

2330 2700 2620 2748 'l'artareum
2642 2699 2791 2747 chaos
2810 2700 3027 2760 egressi,
3044 2699 3310 2748 funduntur
3332 2702 3381 2748 in
3404 2698 3597 2755 orbem,

2328 2760 2589 2812 Concilium
2614 2760 2833 2809 deforme
2860 2770 3074 2821 movent,
3099 2763 3430 2823 glomerantur
3451 2763 3499 2810 in
3525 2771 3671 2808 unum

2208 2864 2309 2931 Qui
2338 2878 2437 2919 nec
2465 2864 2574 2918 Deo
2601 2863 2848 2933 gloriam,
2879 2879 2980 2919 nec
3004 2863 3127 2919 loco
3154 2862 3533 2930 reverentiam,
3563 2875 3663 2916 nec
3688 2861 3793 2915 mi-

2170 3024 2173 3027 ἢ
2206 2971 2329 3010 sero
2358 2954 2801 3021 misericordiam,
2831 2970 2930 3010 nec
2959 2954 3228 3010 innocenti
3244 2953 3505 3023 justitiam
3520 2938 3789 3008 ’exbiben-

2208 3055 2307 3111 tes,
2339 3046 2513 3126 et'qui
2544 3046 2596 3099 in
2626 3046 2868 3101 sordibus
2897 3044 3108 3101 fuerant
3135 3047 3362 3115 amplius
3394 3045 3788 3105 sordescentes,

2201 3141 2341 3211 proh
2364 3138 2539 3194 nefas!
2570 3148 2812 3194 catenam
2844 3140 3036 3194 iterato
3066 3139 3206 3194 collo
3233 3138 3349 3208 ejus
3377 3138 3640 3207 injiciunt,
3671 3152 3791 3189 ma-

2209 3250 2309 3288 nus
2333 3233 2609 3296 vinciunt,
2651 3240 2708 3286 ut
2729 3231 2979 3286 abscedat
3006 3246 3036 3284 a
3064 3230 3231 3300 septis
3258 3230 3495 3286 ecclesiae
3515 3266 3534 3294 ,
3568 3228 3795 3298 ﬂagellis

2131 3313 2178 3375 C
2210 3332 2265 3379 et
2290 3323 2445 3378 minis
2471 3322 2744 3376 concitant
2773 3329 2827 3375 et
2855 3320 3174 3391 propellunt.

2333 3422 2460 3480 Quid
2486 3420 2581 3470 tale
2607 3422 2842 3470 immanes
2866 3433 3077 3481 unquam
3113 3421 3326 3481 gessisse
3351 3418 3572 3468 feruntur

2331 3479 2421 3533 Vel
2441 3486 2589 3533 Sinon
2621 3484 2800 3530 Punica
2823 3484 2935 3543 pinu
2952 3479 3033 3530 ‘vel
3060 3479 3183 3543 rupe
3211 3479 3444 3542 profunda

2328 3548 2534 3609 Scyron,
2562 3544 2641 3594 vel
2668 3540 2881 3593 Phalaris
2899 3550 3058 3605 tauro,
3086 3540 3162 3592 vel
3187 3540 3255 3592 cat
3268 3556 3384 3592 cere
3411 3540 3576 3605 Sylla?
3651 3558 3657 3564 ’

2207 3634 2406 3690 Onmes
2432 3634 2748 3703 sanguinem
2776 3633 2964 3687 sitiunt
2993 3633 3353 3692 innocentem.
3383 3646 3570 3688 omnes
3590 3632 3798 3688 unani-

2209 3728 2368 3781 miter
2408 3727 2524 3796 pari
2560 3734 2690 3780 voto
2736 3721 3009 3792 configere
3050 3724 3225 3779 crucis
3261 3722 3502 3794 patibulo
3536 3731 3795 3779 sanctum

2210 3816 2417 3872 Domini
2447 3815 2803 3870 sacerdotem.

2333 3918 2452 3975 Quis
2474 3915 2608 3965 furor
2631 3918 2642 3941 ‘
2668 3929 2699 3964 ο
2721 3917 2879 3978 cives,
2902 3927 3012 3979 qua:
3033 3922 3162 3965 tanta
3180 3915 3374 3965 licentia
3400 3913 3551 3966 ferri?

2211 4001 2373 4057 Stans
2398 4008 2577 4055 autem
2607 4007 2731 4054 ante
2759 4000 3064 4069 sepulcrum
3094 4000 3233 4056 beati
3254 3999 3576 4056 confessoris
3601 3999 3798 4055 Feric-

2212 4092 2294 4146 lus
2338 4091 2475 4145 inter
2528 4089 2736 4143 timoris
2793 4097 2849 4144 et
2889 4090 3097 4146 ﬁduciae
3142 4093 3399 4146 terminos
3446 4091 3801 4158 constitutus,

2209 4183 2381 4237 sancti
2420 4180 2684 4251 praeconia
2713 4180 2931 4251 replicat
2958 4222 2974 4247 ,
3014 4182 3281 4252 replicans
3315 4183 3601 4249 obsecrat,
3630 4183 3800 4237 obse-

2208 4285 2368 4324 crans
2396 4271 2682 4340 impetrat,
2715 4273 3005 4344 impetratis
3030 4274 3163 4328 liber
3190 4275 3457 4342 exsultat,
3492 4282 3547 4329 et
3567 4290 3636 4329 ex
3664 4274 3802 4329 inti-

2211 4361 2313 4415 mis
2341 4359 2565 4416 Domino
2593 4364 2906 4419 sabbatizat.
2956 4363 3172 4420 Positus
3200 4365 3360 4434 igitur
3392 4365 3534 4420 inter
3558 4366 3801 4420 hostium

2209 4466 2413 4508 cuneos
2440 4453 2631 4510 timens
2647 4463 2712 4509 et
2741 4464 2988 4522 tremens,
3018 4455 3088 4511 ad
3115 4457 3307 4512 cmlum
3336 4457 3556 4512 elevans
3579 4457 3801 4523 oculos,

2211 4541 2573 4599 confessorem
2601 4545 2811 4601 Domini
2838 4547 3158 4617 deprecatur
3180 4589 3194 4613 ,
3227 4556 3286 4603 ut
3329 4549 3640 4604 humilitatis
3676 4549 3806 4615 ejus

2214 4634 2388 4688 oratio
2431 4650 2539 4690 non
2584 4646 2889 4706 spernatur.
2941 4637 2986 4692 0
3012 4639 3245 4709 gloriose
3266 4681 3281 4706 ,
3315 4640 3523 4709 inquit,
3555 4639 3810 4710 pontifex

2218 4724 2414 4781 Christi
2443 4726 2716 4784 Eleutheri
2738 4770 2753 4794 .
2788 4737 2843 4784 tu
2870 4729 3125 4785 Blandam
3156 4732 3354 4787 tribuni
3383 4731 3543 4787 filiam
3570 4776 3582 4796 ,
3612 4732 3811 4788 divino

2219 4816 2554 4887 beneplacito
2582 4827 2673 4875 tuo
2697 4821 2890 4876 merito
2917 4824 3213 4889 suscitasti;
3240 4832 3448 4893 patrem
3472 4823 3711 4891 virginis,
3741 4830 3816 4878 et

2219 4910 2475 4979 Populum
2504 4909 2899 4967 Tornacensem
2939 4913 3069 4983 jugo
3115 4912 3237 4970 fidei
3288 4915 3564 4991 catholicae
3590 4915 3813 4969 submi-
3862 4932 3871 4935 δ

2216 5001 2351 5056 sisti.
2386 5000 2489 5058 Per
2513 5010 2566 5058 te
2587 5004 2823 5061 mulieris
2845 5004 3018 5060 vidua:
3045 5004 3181 5062 ﬁlius
3209 5006 3400 5075 legitur
3428 5006 3647 5060 mit-ilice
3677 5022 3816 5062 sus-

2217 5093 2409 5147 citatus
2435 5111 2448 5146 :
2474 5103 2526 5149 te
2550 5096 2697 5156 caeci.
2733 5104 2786 5151 te
2813 5098 2945 5152 muti
2962 5094 3272 5165 miriﬁcam,
3298 5106 3385 5152 tua
3417 5097 3817 5153 miraculorum

2213 5199 2377 5253 opera
2406 5183 2572 5240 Deum
2603 5185 2839 5241 laudant.
2874 5187 3062 5253 Tuam,
3094 5195 3268 5257 pater,
3299 5188 3491 5242 invoco
3517 5186 3816 5257 pietatem,

2215 5281 2270 5326 ut
2300 5280 2443 5327 tuam
2493 5274 2688 5330 iterum
2736 5293 2951 5331 manum
2998 5278 3129 5331 mihi
3176 5277 3407 5332 sentiam
3452 5276 3815 5345 adiutricem.

2214 5361 2402 5416 Mirum
2424 5364 2539 5419 visu
2566 5383 2577 5418 :
2607 5376 2828 5435 repente
2849 5375 3035 5422 eatena
3057 5367 3299 5433 solvitur,
3318 5367 3491 5423 soluta
3516 5366 3817 5434 frangitur,

2211 5453 2377 5509 fracta
2418 5458 2661 5525 prosilit,
2712 5458 2998 5528 prosiliens
3046 5460 3315 5515 tribunum
3346 5459 3401 5513 in
3436 5458 3612 5513 media
3659 5456 3822 5516 facie

2217 5545 2462 5612 percutit,
2493 5555 2548 5601 et
2574 5561 2883 5616 percussum
2912 5549 3125 5605 occidit.
3376 5562 3377 5567 ‘

2341 5634 2443 5685 Div.
2465 5651 2546 5686 rso
2572 5639 2763 5688 interea
2784 5641 3047 5689 miscentur
3075 5645 3250 5693 muania
3275 5642 3426 5693 luctu.

2279 5717 2297 5747 ³
2329 5717 2414 5771 44.
2449 5718 2555 5774 Sed
2586 5737 2721 5775 uxor
2745 5724 2938 5779 tribuni
2968 5726 3236 5796 praecipue
3278 5725 3495 5783 fortuito
3518 5725 3821 5784 cruciatur

2293 5871 2310 5901 ³
2339 5870 2483 5926 Alias
2511 5887 2627 5943 cap.
2660 5890 2805 5930 χχιιι.
