4122 6330
355 380 416 435 8i
1246 392 1302 447 S.
1345 393 1758 459 ELEUTIIERIJ
1801 399 1957 455 V'f'l'A
2002 402 2320 461 AUCTORE
2361 407 2727 465 GUIBERTO.
3542 419 3641 476 825

351 504 551 551 eventu
573 538 588 560 ,
650 497 804 568 cujus
860 503 1077 558 solertia
1135 522 1330 577 corpus
1390 514 1639 568 exstincti
1696 515 1935 570 defertur
1969 528 2010 579 Α
2045 524 2211 577 ιιιυΙιο
2242 532 2486 595 tempore
2514 529 2745 587 Sanctus
2772 534 2821 587 in
2854 537 3022 604 patria
3051 552 3164 591 sua.

349 586 694 644 Blaudinium
743 608 757 644 :
807 596 1063 649 statuitur
1110 606 1234 652 ante
1285 602 1588 668 sepulcrum
1641 604 1937 662 beatissimi

346 677 705 744 confessoris,
745 682 897 738 triste
921 685 1187 755 piaculum
1215 689 1358 755 suis,
1387 699 1545 761 turpe
1571 697 1935 763 spectaculum

346 770 566 825 alienis.
609 769 667 826 S.
699 769 1066 829 Eleutherium
1095 776 1368 834 humiliter
1394 782 1715 850 obsecrant,
1746 796 1802 841 et
1836 802 1937 858 pro

344 862 706 916 suscitatione
749 865 951 918 mortui
995 866 1203 924 devotis
1240 872 1572 929 orationibus
1609 877 1845 931 excitant
1881 889 1936 933 et

344 953 599 1009 invitant.
656 953 762 1008 Sed
797 953 978 1011 Sancti
1014 960 1212 1015 caritas
1240 978 1511 1032 nunquam
1541 967 1777 1033 excidit,
1810 972 1932 1039 quia

337 1044 458 1113 jam
490 1043 601 1098 Deo
628 1045 946 1113 conjunctus
969 1089 984 1113 ,
1028 1051 1130 1104 etsi
1166 1050 1466 1120 fragilitatis
1498 1068 1520 1093 υ
1551 1069 1931 1128 symptomata,

341 1135 591 1189 caritatis
620 1136 825 1191 viscera
855 1154 962 1194 non
990 1141 1205 1211 abjecit.
1247 1144 1380 1200 Nam
1410 1147 1462 1202 in
1485 1151 1768 1219 quemdam
1800 1154 1932 1208 divi-

339 1243 476 1283 num
499 1236 734 1283 mutatus
754 1229 1025 1299 affectum,
1049 1234 1177 1303 quid
1200 1247 1385 1306 posset
1407 1255 1616 1310 sapere,
1640 1245 1764 1313 quid
1788 1246 1930 1300 elar-

339 1317 453 1386 giri
502 1312 754 1388 miseris,
798 1321 901 1376 nisi
931 1323 1116 1391 tium?
1163 1325 1299 1381 Nam
1342 1329 1387 1382 si
1432 1329 1573 1386 Deus
1608 1334 1800 1387 caritas
1827 1344 1928 1400 est,

335 1420 549 1477 quanto
574 1410 692 1480 quis
722 1411 834 1467 Deo
861 1414 1082 1484 propius
1114 1418 1473 1488 conjungitur,
1522 1430 1670 1477 tanto
1709 1426 1933 1482 caritate

334 1499 553 1569 plenior
603 1503 1006 1573 comprobatur.
1056 1504 1191 1561 Cum
1232 1509 1393 1576 igitur
1436 1527 1542 1566 una
1584 1530 1681 1583 pro
1720 1516 1931 1572 tribuno

336 1587 535 1646 flentes
564 1591 915 1662 implorarent
952 1596 1372 1654 misericordiam
1403 1602 1755 1671 confessoris,
1789 1606 1933 1661 fulsit

334 1678 858 1739 immensaclaritas
895 1701 959 1741 ex
1002 1690 1285 1758 supernis,
1336 1701 1393 1746 et
1434 1709 1539 1748 vox
1587 1696 1803 1767 insuper
1849 1710 1933 1752 est

332 1769 519 1826 audita
549 1770 617 1827 de
652 1774 819 1833 caelis.
869 1776 1050 1844 Orate,
1079 1779 1271 1848 inquit,
1302 1785 1699 1856 presbyterum,
1728 1797 1784 1842 ut
1812 1799 1932 1844 oret

2110 612 2197 670 47.
2232 616 2532 675 Libertinus
2559 631 2737 679 autem
2787 628 3033 684 tribunus
3068 632 3281 686 tandem
3310 635 3487 691 soluto
3518 654 3622 692 na-

2038 714 2171 761 tum
2192 708 2374 766 debito
2403 712 2455 766 in
2483 722 2665 769 sancta
2695 718 3033 775 confessione
3053 762 3068 779 .
3112 722 3163 776 in
3187 721 3301 778 ﬁde
3327 726 3616 793 catholica,

2039 796 2091 850 in
2119 813 2214 868 spe
2241 803 2546 868 communi,
2574 805 2627 860 in
2655 809 2880 865 caritate
2918 827 3027 866 non
3059 813 3216 880 ficta,
3246 815 3298 870 iu
3323 820 3622 874 manqu-

2038 892 2167 946 mini
2196 893 2440 962 Spiritum
2472 901 2886 967 commendavit,
2932 912 2988 959 et
3015 921 3135 960 cum
3180 907 3476 966 Censorino
3506 912 3623 967 Cic-

2033 999 2154 1039 sare
2175 986 2389 1041 tribuno
2415 987 2784 1048 Scandiniensi
2814 995 2872 1049 in
2898 996 2956 1050 B.
2991 996 3173 1054 Mariae
3192 1000 3421 1071 Virginis
3445 1004 3625 1059 eccle-

2032 1073 2110 1126 sia
2141 1077 2427 1143 requiescit
2458 1096 2470 1131 :
2505 1088 2560 1134 et
2588 1090 2645 1135 ut
2673 1094 2848 1139 cesset
2874 1101 3033 1143 omne
3057 1089 3387 1162 figmentum,
3418 1109 3620 1150 evane-

2032 1175 2145 1217 scat
2187 1166 2474 1223 humanum
2516 1183 2876 1229 commentum
2899 1216 2917 1244 ,
2953 1186 3144 1234 catena
3171 1222 3185 1247 ,
3226 1182 3294 1238 de
3321 1198 3425 1252 qua
3456 1200 3617 1255 supra
3693 1198 3699 1205 ’

2032 1255 2231 1310 dictum
2260 1266 2341 1313 est
2364 1299 2377 1322 ,
2415 1259 2677 1318 Viennam
2721 1264 2897 1322 delata
2924 1278 3007 1324 est
3051 1272 3104 1326 in
3143 1275 3224 1328 rei
3262 1276 3525 1332 mirabilis
3562 1287 3619 1332 et

2033 1348 2396 1403 memorabilis
2419 1351 2607 1407 efficax
2638 1367 3033 1424 argumentum.

2622 1445 2853 1504 CAPUT.
2888 1450 3019 1507 VIII.

2167 1530 2463 1588 Translatio
2501 1541 2731 1603 corporis
2774 1540 2833 1596 S.
2877 1541 3166 1601 Eleutherii
3216 1550 3268 1603 in
3306 1551 3505 1606 urbem

2626 1608 3021 1667 Tornacensem.

2105 1692 2117 1720 ¹
2162 1690 2249 1745 48.
2298 1693 2514 1750 Factum
2549 1707 2632 1753 est
2667 1701 2719 1755 in
2751 1702 2940 1760 diebus
2977 1707 3082 1763 illis
3123 1688 3438 1769 miraculum
3470 1718 3615 1770 nulla

2032 1785 2287 1852 temporis
2308 1787 2624 1857 antiquitate
2644 1789 2948 1850 delendum.
2973 1796 3354 1857 Clarescebant
3375 1808 3541 1875 magis
3562 1818 3619 1863 et

329 1877 437 1931 pro
466 1861 742 1919 Libertino
770 1864 1054 1921 Dominum
1081 1867 1264 1925 Jesum
1294 1873 1585 1931 Christum.
1608 1876 1913 1936 Assistentes

2033 1875 2202 1940 magis
2231 1877 2415 1930 merita
2447 1880 2792 1949 confessoris,
2838 1886 3190 1946 laudabuntur
3219 1894 3270 1947 in
3302 1912 3368 1950 eo
3394 1914 3614 1968 magna—

328 1953 609 2008 neminem
635 1956 850 2024 quidem
874 1960 1138 2026 viderunt,
1164 1978 1351 2018 vocem
1381 1973 1557 2021 tamen
1585 1969 1926 2028 nihilominus

329 2042 639 2104 audierunt.
671 2044 938 2103 instantes
959 2048 1119 2115 igitur
1142 2053 1393 2121 orationi,
1415 2056 1654 2112 crebrius
1677 2061 1928 2129 reliquias

327 2131 663 2190 confessoris
691 2135 936 2200 Feriolus
964 2154 1125 2208 super
1150 2139 1383 2198 defuncti
1422 2160 1621 2215 corpus
1650 2148 1921 2219 imposuit,

327 2230 386 2277 et
413 2232 540 2292 post
568 2224 758 2280 horam
796 2226 1129 2284 undecimam
1149 2270 1165 2297 ,
1197 2231 1289 2299 qui
1319 2245 1565 2290 mortuas
1597 2237 1803 2303 fuerat,
1834 2256 1923 2296 re-

327 2314 591 2368 surrexit.
1182 2326 1199 2341 θ

457 2416 539 2463 45.
565 2414 855 2464 Conticuere
878 2429 1049 2467 οιιιιιυς
1074 2420 1349 2487 intentique
1373 2439 1458 2475 ora
1482 2430 1735 2492 tenebant,

325 2516 451 2555 cum
481 2516 548 2554 ea
575 2515 693 2569 quae
739 2510 982 2558 mortuus
1027 2504 1238 2562 viderat
1281 2510 1593 2567 audiebant.
1637 2514 1921 2574 Referebat

326 2593 415 2646 eis
439 2607 693 2647 occursus
717 2592 1042 2662 dannonum,
1074 2596 1436 2656 diversitatem
1467 2620 1769 2676 pinnarum,
1801 2626 1920 2678 quae

329 2699 449 2737 non
477 2683 644 2737 solum
664 2668 820 2751 juxta
857 2686 1081 2741 verbum
1117 2691 1349 2759 pr0phet
1370 2668 1491 2748 cum
1517 2736 1532 2760 ,
1569 2698 1663 2751 sed
1690 2708 1746 2755 et
1767 2699 1917 2769 juxta

331 2786 554 2825 versum
571 2773 832 2841 poeticum
849 2789 1065 2831 sensum
1081 2780 1417 2836 excedebant
1432 2785 1740 2843 humanum.
1770 2788 1920 2848 Unde

326 2860 655 2918 Mantuanus
673 2864 763 2919 ille
787 2874 1068 2935 poetarum
1089 2872 1334 2940 egregius
1361 2876 1437 2929 ait
1462 2876 1701 2947 (Αέηεὶά.
1726 2880 1800 2952 vr)
1831 2900 1845 2935 :

454 2971 561 3049 gon
583 2975 694 3023 mihi
716 2977 758 3024 si
775 2975 960 3038 lingua
983 2988 1180 3049 centum
1202 2984 1317 3046 sint,
1341 2998 1524 3049 oraque
1550 2980 1767 3049 centum,

454 3034 639 3120 [terrea
663 3052 778 3099 vox,
804 3034 975 3090 omnes
997 3042 1241 3092 scelerum
1261 3034 1618 3109 comprendere
1641 3034 1837 3120 formas,

454 3100 468 3120 Ι
497 3100 625 3120 ...ι-ζ..
654 3110 901 3120 -.ι-...Α----μ
927 3116 949 3120 _
972 3115 1101 3120 ---η-
1143 3119 1147 3120 ,
1178 3119 1183 3120 ,
1208 3119 1213 3120 ,
1372 3113 1378 3120 .
1591 3118 1594 3120 λ

453 3098 628 3147 Omnia
653 3098 904 3160 pugnarum
927 3115 1219 3164 percurrere
1242 3098 1445 3165 nomina
1471 3098 1669 3173 possim.

321 3200 621 3258 Referebat
656 3203 969 3274 frequenter
997 3208 1139 3265 idem
1171 3213 1413 3270 tribunus
1449 3218 1640 3274 anima:
1682 3237 1790 3279 sua:
1818 3226 1914 3280 tri-

318 3301 467 3361 stem
493 3293 695 3347 exitum
717 3334 732 3360 ,
763 3303 816 3350 et
848 3296 1238 3357 formidabilem
1265 3344 1282 3370 ,
1319 3314 1372 3359 et
1418 3318 1687 3365 catervam
1717 3314 1916 3371 daemo-

317 3400 455 3437 num
498 3387 757 3443 attentius
804 3384 1229 3459 exspectantem.
1277 3394 1378 3461 Qui
1406 3414 1527 3454 cum
1555 3401 1608 3455 in
1635 3420 1914 3462 occursum

315 3488 709 3558 properassent
740 3484 981 3549 paventis
1011 3486 1201 3541 animae
1224 3528 1239 3552 ,
1273 3491 1526 3558 prohibiti
1554 3492 1679 3551 sunt
1710 3505 1816 3553 tam
1847 3502 1914 3555 ab

316 3552 651 3639 archangelo
672 3570 952 3640 Michaele,
974 3592 1132 3649 qnam
1157 3579 1224 3633 ab
1247 3578 1557 3639 Eleutherio
1579 3589 1909 3646 conl‘essore.

313 3662 411 3718 Sic
440 3678 574 3732 ergo
598 3666 869 3721 (immunes
899 3677 1023 3722 sunt
1047 3668 1304 3737 frustrati,
1335 3674 1460 3743 quia
1488 3678 1648 3733 missa
1684 3689 1761 3735 est
1794 3682 1911 3736 ani-

316 3772 407 3808 ma
439 3738 638 3825 cdrpus
667 3758 904 3813 revisere
930 3762 1204 3830 proprium
1235 3772 1290 3819 et
1317 3768 1534 3822 reverti.

392 3847 487 3901 46.
529 3847 750 3903 Solebat
779 3851 940 3905 etiam
988 3852 1128 3907 idem
1160 3853 1461 3914 Libertinus
1491 3860 1733 3918 tribunus
1770 3864 1911 3920 inter

310 3947 516 3994 cetera
567 3940 838 4005 recitare,
884 3942 1028 4012 quod
1077 3944 1300 4013 gloriosi
1347 3947 1673 4007 confessoris
1720 3955 1909 4010 notitia

312 4035 619 4091 multorum
651 4036 837 4104 spatiis
878 4045 1177 4108 temporum
1220 4041 1367 4096 velut
1411 4044 1718 4102 oblitterata
1761 4047 1911 4105 fieret

310 4130 374 4180 et
395 4124 613 4191 deleta;
652 4124 746 4180 sed
776 4126 829 4180 in
861 4124 1165 4185 novissimis
1196 4134 1526 4203 temporibus
1548 4177 1562 4202 ,
1593 4153 1714 4192 cum
1750 4156 1907 4194 mun-

307 4217 413 4271 dus
459 4216 525 4271 ad
567 4224 838 4271 senectam
868 4228 1141 4287 vergeret,
1186 4222 1236 4275 in
1266 4239 1457 4279 novam
1488 4225 1904 4285 adolescentiam

305 4308 580 4362 memoria
603 4304 897 4362 reﬂoreret.
928 4308 1081 4376 Quod
1106 4309 1216 4379 jam
1245 4315 1442 4370 nostris
1469 4332 1568 4386 pro
1597 4326 1750 4387 parte
1773 4329 1908 4376 tem-

304 4397 536 4466 poribus
584 4397 858 4467 impletum
905 4401 1173 4455 cernimus
1211 4411 1266 4456 et
1294 4404 1558 4461 dolemus.
1606 4407 1742 4475 Quin
1775 4412 1902 4477 imo,

304 4485 356 4539 si
385 4486 548 4555 digna
575 4502 683 4542 vox
705 4497 786 4542 est
816 4488 1133 4544 beneficium
1165 4493 1464 4563 capientem
1517 4498 1809 4568 obligatum
1839 4502 1906 4555 ad

301 4580 561 4633 antidora
584 4595 643 4634 se
670 4581 918 4650 qumlibet
944 4583 1182 4651 profiteri
1207 4625 1223 4650 ,
1252 4587 1353 4641 etsi
1378 4588 1504 4641 nihil
1527 4590 1741 4658 dignqu
1770 4608 1901 4647 eon-

299 4671 502 4724 fessori
550 4640 745 4727 Christi
790 4640 1054 4741 possimus
1110 4676 1408 4732 retribuere
1434 4721 1450 4746 ,
1497 4681 1587 4749 qui
1630 4683 1899 4739 civitatem
1934 4666 1977 4723 ί)
2006 4640 2104 4693 pro

296 4758 707 4817 Tomacensem
730 4770 785 4817 et
805 4762 921 4832 ejus
962 4763 1191 4819 confinia
1213 4767 1461 4823 solidavit
1484 4770 1533 4824 in
1562 4768 1690 4836 fide,
1721 4783 1896 4831 tamen

298 4852 358 4906 in
388 4851 626 4921 copiosis
663 4838 964 4910 actionibus
1000 4857 1293 4925 gratiarum
1338 4860 1595 4919 debemus
1623 4865 1738 4934 ejus
1778 4884 1892 4943 me-

296 4944 533 4998 moriam
566 4943 619 4997 in
648 4945 890 5000 cordium
921 4955 1227 5003 nostrorum
1255 4953 1617 5020 penetralibus
1637 4957 1888 5027 sigillare.

296 5033 458 5099 Quod
501 5032 545 5087 si
588 5049 692 5088 non
720 5034 1004 5093 fecerimus
1027 5081 1041 5102 ,
1085 5054 1278 5095 vereor
1316 5058 1384 5097 ne
1421 5044 1503 5098 vel
1535 5046 1893 5105 indevotionis

292 5132 577 5189 statuam,
625 5126 709 5180 vel
744 5128 1140 5197 ingratitudinis
1185 5133 1530 5190 simulacrum
1580 5138 1885 5196 adoremus.

294 5212 535 5270 Infausta
586 5214 701 5270 haec
745 5216 1109 5287 prodigiorum
1156 5222 1407 5287 soboles,
1447 5239 1672 5293 quarum
1719 5231 1885 5300 prima

292 5303 567 5366 informis,
592 5306 823 5361 secunda
851 5308 1078 5374 infamis,
1107 5320 1332 5382 utraque
1357 5315 1474 5370 sine
1499 5318 1671 5385 laude,
1699 5333 1883 5377 neutra

291 5404 379 5451 est
406 5399 528 5451 sine
554 5398 731 5453 sorde.
778 5399 1138 5459 lndevotionis
1166 5407 1308 5459 enim
1350 5407 1647 5467 obscuritas
1668 5456 1682 5481 ,
1711 5423 1764 5468 et
1799 5416 1881 5469 in-

288 5487 641 5553 gratitudinis
669 5488 977 5547 obscenitas
1005 5493 1261 5549 beneficia
1292 5500 1557 5567 prmterita
1598 5505 1880 5573 sepeliant,

288 5582 585 5649 prmsentia
613 5595 995 5654 corrumpunt,
1026 5586 1196 5642 futura
1229 5594 1513 5662 repellunt.
1568 5595 1765 5652 llarum
1808 5600 1885 5654 fa-

286 5679 437 5725 ctum
470 5681 554 5726 est
600 5673 837 5742 incuria,
885 5686 941 5731 ut
992 5696 1095 5735 non
1145 5680 1301 5741 fuerit
1352 5689 1402 5742 iu
1451 5690 1654 5746 linnore
1702 5693 1881 5751 debito

359 5856 375 5883 ‘
414 5852 568 5907 Alias
595 5870 710 5924 cap.
744 5873 886 5911 xxiv.

2029 1962 2095 2016 lia
2110 1964 2399 2023 Creatoris.
2414 1967 2571 2027 Cives
2594 1972 2756 2040 igitur
2777 1975 3164 2047 Tornaeeuses,
3178 1987 3351 2039 sant-ti
3372 1987 3615 2059 corporis
3636 2028 3645 2035 -

2027 2055 2320 2110 absentiam
2351 2061 2577 2131 amplius
2606 2080 2711 2118 non
2742 2066 3011 2136 ferentes,
3045 2070 3382 2146 Blandinium
3418 2068 3616 2151 prope-

2027 2154 2179 2214 rant,
2212 2148 2491 2205 ecclesiam
2524 2152 2759 2222 intrant,
2792 2158 3043 2228 reliquias
3068 2175 3283 2223 sanctas
3313 2169 3610 2239 inveniunt,

2026 2236 2271 2293 inventas
2299 2243 2603 2312 accipiunt,
2635 2258 2885 2318 acceptas
2909 2252 3185 2323 deferunt,
3219 2266 3274 2311 ut
3306 2260 3355 2314 in
3385 2264 3613 2320 ecclesia

2027 2326 2084 2380 Β.
2115 2327 2294 2383 Maria:
2323 2332 2551 2401 Virginis
2578 2352 2671 2391 eas
2698 2351 2972 2408 exponant
2995 2348 3419 2414 magnificentius
3444 2362 3500 2409 et
3523 2371 3612 2412 re-

2023 2420 2277 2476 condant.
2330 2422 2420 2480 Sic
2449 2426 2590 2482 enim
2619 2428 2686 2484 de
2725 2430 2903 2487 divina
2932 2433 3142 2491 Justitia
3174 2442 3441 2500 credimus
3468 2448 3612 2502 ordi-

2024 2521 2227 2577 natum,
2265 2523 2322 2569 ut
2350 2518 2438 2586 qui
2467 2523 2840 2587 persecutione
2882 2538 3159 2593 grassante
3204 2531 3433 2589 latuerat
3468 2539 3610 2608 apud

2022 2600 2363 2659 Blandinium
2385 2649 2399 2675 ,
2428 2608 2921 2683 ibidem-acciperet
2947 2619 3101 2686 quasi
3130 2620 3386 2679 latentem
3423 2600 3609 2697 sepul-

2023 2700 2156 2748 tura:
2182 2695 2382 2752 locum.
2409 2697 2472 2753 Et
2498 2702 2588 2770 qui
2612 2706 2950 2773 postmodum
2981 2711 3322 2778 pontificatus
3344 2695 3609 2776 sollicitu-

2020 2782 2199 2840 dinem
2243 2786 2710 2848 administraverat
2751 2796 2803 2849 in
2835 2802 3119 2868 propatulo
3143 2844 3157 2867 ,
3191 2804 3608 2868 clarescentibus

2020 2874 2137 2945 ejus
2182 2879 2387 2936 meritis
2429 2881 2787 2953 collocaretur
2824 2888 3019 2944 clarius
3050 2891 3103 2946 in
3134 2892 3244 2947 Tm-
3450 2898 3611 2958 Cives

2020 2979 2148 3034 ergo
2187 2969 2457 3038 praedicti,
2490 2976 2661 3029 sancti
2699 2980 2943 3047 corporis
2980 2996 3165 3038 secum
3209 2985 3444 3045 ferentes
3481 2993 3608 3047 reli-

2019 3057 2173 3124 quias
2198 3096 2213 3120 ,
2254 3063 2665 3118 revertebantur
2707 3066 2775 3121 ad
2824 3070 3008 3125 urbem
3054 3089 3175 3128 cum
3219 3076 3401 3144 laetitia
3426 3123 3440 3148 ,
3469 3083 3607 3139 sicut

2024 3148 2300 3204 exsultare
2330 3150 2560 3209 victores
2597 3165 2719 3209 sunt
2743 3158 2888 3213 soliti
2917 3170 3074 3232 capta
3101 3166 3298 3234 praeda.

2089 3236 2177 3292 49.
2227 3238 2502 3299 Intuentes
2557 3255 2735 3302 autem
2792 3248 3123 3311 habitatores
3162 3257 3309 3315 illius
3349 3263 3609 3320 territorii-

2021 3328 2388 3390 Tornacenses
2416 3336 2671 3409 reliquias
2698 3355 2818 3396 cum
2858 3344 3110 3402 violentia
3148 3348 3473 3422 deferentes,

2361 3429 2448 3499 ipsi
2469 3429 2796 3499 incertamiua
2821 3448 2999 3499 pugnae

2141 3484 2436 3561 Succedunt,
2462 3493 2744 3554 animasque
2768 3484 3008 3558 in'apuerta
3035 3503 3249 3561 pericula
3268 3507 3485 3561 mittunt.

2140 3544 2405 3626 intendunt
2427 3544 2567 3601 acres
2591 3544 2732 3626 arcus
2758 3544 3316 3626 agnehi‘a'tiiiéiiii-AB'EIHI

2138 3608 2709 3688 §ternitur‘ecce‘solam
2729 3617 2862 3688 telis,
2893 3608 3449 3688 pugua_mp1era-si—irgit.

2138 3667 2265 3745 firgo
2282 3672 2456 3731 sagitta
2483 3674 2609 3745 volat.
2626 3667 2905 3745 praenuntia
2919 3667 3397 3745 miiiis'féiiioliéfii

2141 3728 2416 3791 impetuosa
2441 3740 2561 3796 petit
2590 3751 2600 3784 :
2624 3728 2766 3799 quam
2791 3742 2906 3790 totis
2935 3728 3117 3795 viribus
3136 3728 3317 3811 Sinin;

2012 3809 2160 3865 Motu
2187 3812 2389 3869 reflexo
2418 3831 2689 3873 reversam
2727 3821 2778 3875 in
2812 3838 2871 3878 se
2898 3840 3018 3880 cum
3057 3828 3277 3886 vulnere
3319 3836 3599 3908 cepit,qul

2012 3905 2261 3973 sagittam
2296 3908 2496 3963 emisit.

2136 3994 2551 4072 Conqxi_mgpriis
2573 4002 2689 4072 telis
2707 4007 2962 4057 turiantur
2994 4022 3257 4072 agrestes:

2137 4056 2537 4131 ξιαείιᾳςθιὶἷκᾳε
2559 4068 2746 4131 vagina;
2766 4056 2949 4131 mucro,
2995 4056 3086 4123 h‘ée
3104 4056 3254 4125 'éiiia'

2139 4118 2210 4199 2e
2235 4119 2356 4199 facili
2381 4125 2539 4199 πτερά-ῆι
2559 4118 2707 4199 longo
2729 4118 3249 4199 torpore'quie‘sc'eiis,

2131 4179 2359 4245 Denegat
2380 4179 2590 4236 officium
2614 4179 2743 4239 vario
2763 4179 3168 4249 delirus‘iuvi‘c‘fu‘.

2008 4258 2140 4314 Mira
2191 4277 2297 4317 res.
2344 4264 2569 4331 Quidam
2613 4270 2996 4330 insectantium
3039 4280 3336 4349 vulnerati,
3376 4287 3594 4354 quidam

2008 4352 2168 4406 etiam
2199 4355 2438 4413 caecitate
2465 4365 2722 4430 percussi,
2750 4366 2964 4436 quidam
2992 4380 3176 4427 autem.
3197 4376 3255 4429 in
3278 4378 3361 4431 via
3390 4381 3593 4436 semia-

2007 4442 2179 4499 nimes
2221 4455 2345 4500 sunt
2391 4450 2582 4507 relicti.
2635 4452 2701 4508 Et
2751 4459 2875 4525 quia
2924 4461 3100 4517 nullus
3149 4466 3346 4521 civium
3404 4472 3594 4528 vulnus

2006 4537 2238 4604 excepit,
2268 4538 2377 4593 Deo
2405 4544 2696 4608 gratiarum
2724 4549 2966 4607 actiones
2993 4555 3301 4625 exsolvunt,
3330 4567 3385 4614 et
3416 4562 3493 4616 sic
3520 4563 3587 4617 ad

2108 4629 2220 4696 pria
2245 4642 2594 4711 revertentes.

2133 4716 2417 4784 Laetiliaque
2445 4725 2671 4791 fuemunt,
2700 4735 2983 4795 animosth
3006 4738 3064 4785 ad
3088 4741 3247 4787 sidera
3274 4742 3468 4791 tollunt.

2075 4796 2162 4851 50.
2204 4798 2271 4855 Et
2312 4803 2384 4857 ita
2412 4821 2532 4860 cum
2574 4812 2734 4867 totius
2762 4816 2958 4882 gaudio
2999 4819 3229 4876 civitatis
3266 4823 3316 4876 in
3344 4825 3585 4882 ecclesia

2003 4885 2098 4941 Dei
2137 4891 2408 4957 genitricis
2436 4894 2614 4953 Maria:
2645 4902 2966 4960 collocatum
3013 4919 3105 4973 est,
3140 4927 3337 4982 corpus
3381 4914 3585 4983 glorio-

1998 4978 2191 5035 sissimi
2222 4983 2558 5044 confessoris.
2585 4989 2946 5050 Occirrebant
2967 4997 3144 5054 Sancti
3170 5004 3408 5075 neliqniis
3426 5024 3584 5076 para-

1998 5065 2096 5139 lysi
2130 5071 2458 5144 laborantes;
2514 5083 2939 5140 vociferabantur
2986 5089 3036 5144 in
3083 5092 3257 5160 platea
3286 5065 3585 5171 sedentes,

1995 5161 2086 5228 qui
2118 5164 2462 5232 reliquiarum
2491 5180 2693 5227 attactu
2724 5176 3166 5250 vigintiquinque
3195 5202 3419 5243 numero
3447 5207 3550 5247 con

1994 5255 2162 5308 secuti
2186 5268 2310 5311 sunt
2331 5261 2567 5328 plenarie
2588 5267 2861 5323 sanitates.
2886 5268 3299 5343 Porrigebantur
3316 5283 3575 5340 miracula

1992 5338 2060 5394 de
2088 5342 2173 5397 die
2202 5345 2250 5398 in
2279 5348 2416 5403 diem
2457 5351 2637 5408 επιειί
2670 5359 2893 5413 meritis.
2940 5338 3088 5419 Unde
3137 5375 3191 5420 et
3239 5368 3341 5423 illis
3386 5338 3578 5429 diebus

1989 5432 2112 5485 Caeci
2142 5444 2344 5503 septem
2376 5445 2646 5498 consecuti
2676 5456 2801 5501 sunt
2828 5449 3147 5509 beneficium
3172 5457 3410 5525 visionis,
3438 5477 3576 5531 prae-

1986 5529 2162 5578 stante
2193 5523 2416 5583 Domino
2445 5530 2570 5587 Jesu
2598 5534 2838 5605 Christo,
2872 5543 2963 5610 qui
3003 5560 3124 5599 cum
3161 5545 3317 5605 Patre
3352 5523 3405 5606 et
3440 5523 3573 5625 Spi-

1985 5613 2088 5665 ritu
2136 5625 2324 5673 sancto
2375 5621 2501 5676 vivit
2545 5633 2599 5678 et
2647 5639 2834 5697 regnat
2878 5633 2929 5686 in
2983 5637 3173 5690 smcula
3224 5641 3565 5701 saeculorum.

1987 5703 2176 5759 Amen.

2061 5894 2083 5919 δι
2112 5881 2165 5936 In
2196 5902 2422 5956 excuso,
2454 5897 2826 5967 agni/ironiam.
