4068 6342
318 381 384 439 IS
1758 372 1936 430 εειηι

2039 373 2171 426 εδ..
3530 365 3614 425 IC-

314 494 698 560 descenderat,
727 490 989 553 ascendit,
1021 498 1075 545 et
1102 489 1466 559 captivitatem
1487 494 1724 543 nostram
1747 484 1916 540 admi-
1941 488 1989 546 Α
2020 482 2329 552 Scripturas
2357 495 2839 551 carueperpessus
2861 488 2965 546 est;
2989 488 3044 534 et
3089 488 3206 535 erat
3254 480 3307 534 in
3344 480 3627 538 cruciﬁxus

314 586 472 643 rabili
500 587 703 641 virtute
731 599 827 640 sua
852 583 1001 642 duxit
1027 580 1520 653 captivam.0mnes
1541 579 1701 649 igitur
1726 578 1915 633 catho-

316 678 433 733 liae
472 677 597 732 ﬁdei
625 677 926 732 servientes
949 673 1174 731 credant
1201 674 1349 729 illum
1380 672 1501 728 inde
1529 679 1839 736 venturum,
1860 678 1915 723 et

317 774 568 822 mortuos
598 775 656 821 et
701 766 852 821 vivos
874 765 1259 834 judicaturum.
1290 763 1412 818 lllos
1437 771 1616 818 autem
1642 760 1732 830 qui
1760 759 1916 814 Chri-

313 865 459 909 stum
484 855 900 910 convertibilem
930 854 1013 909 vel
1040 854 1473 910 commutabilem
1520 862 1765 909 asserunt
1787 867 1915 905 san~

316 954 403 1000 cta
424 953 484 999 et
512 944 779 1000 catholica
809 944 1266 998 anatbeinatizare
1286 943 1447 997 debet
1467 941 1733 997 Ecclesia.
1756 940 1917 1007 igitur

317 1035 485 1089 homo
509 1033 708 1100 factus,
738 1033 791 1089 id
835 1042 919 1089 est
947 1048 1165 1088 carnem
1193 1032 1263 1087 de
1291 1040 1476 1089 sancta
1505 1032 1721 1100 Virgine
1750 1029 1916 1083 Maria

315 1123 645 1193 suscipiens,
673 1122 919 1192 quamvis
944 1122 1114 1177 factus
1140 1123 1210 1178 sit
1252 1121 1305 1175 in
1335 1123 1699 1192 assumptione
1743 1120 1919 1175 carnis

317 1222 373 1267 et
398 1215 706 1281 sanguinis,
730 1222 910 1270 tamen
937 1214 988 1269 id
1009 1213 1151 1284 quod
1172 1222 1307 1278 erat,
1332 1213 1474 1269 Deus
1499 1222 1686 1267 natura
1715 1210 1937 1267 scilicet-

318 1313 375 1360 et
392 1304 632 1360 veritate
650 1306 961 1376 persistens.
984 1304 1092 1361 Nec
1108 1321 1322 1360 carnem
1343 1305 1505 1360 dicite
1526 1305 1583 1358 in
1596 1303 1811 1359 deitatis
1833 1317 1921 1356 na-

322 1406 503 1450 turam
530 1412 656 1452 esse
682 1412 1028 1462 conversam;
1058 1412 1155 1450 nec
1177 1397 1232 1450 in
1259 1395 1609 1451 substantiam
1633 1394 1811 1449 carnis
1840 1393 1922 1447 in-

318 1485 686 1555 separabilem
719 1485 813 1540 Dei
843 1486 992 1540 verbi
1021 1486 1310 1540 essentiam
1344 1494 1744 1541 commutatam.
1776 1483 1924 1537 lose-

321 1577 606 1648 parabilis-
624 1578 789 1644 enim,
838 1587 893 1632 et
923 1578 1479 1642 incommutabilisret
1504 1576 1923 1631 inconvertibilis

321 1677 425 1733 est,
448 1668 705 1738 idemque
724 1668 1013 1723 secundum
1036 1669 1345 1738 Scripturas
1367 1676 1648 1739 pert‘nanet
1668 1667 1922 1722 Dominus

325 1759 697 1829 muttipotens,
728 1760 818 1830 qui
838 1766 927 1815 est
946 1759 1259 1814 benedictus
1282 1761 1334 1813 in
1362 1760 1678 1814 saeculorum
1705 1758 1918 1814 saecula.

2015 588 2244 641 corpore
2271 571 2500 641 propria:
2526 570 2705 626 carnis
2749 569 3150 640 impassibiliter
3171 570 3236 625 ad
3262 564 3321 625 se
3362 569 3602 629 referens

2017 666 2340 735 passionem.
2373 662 2558 718 Gratia
2589 672 2764 718 autem
2796 662 2891 718 Dei
2913 678 3012 732 pro
3032 663 3282 719 omnibus
3300 663 3603 719 hominibus

2017 768 2244 811 uim-tem
2294 755 2821 826 gustavit,.tradens
2867 756 3029 811 etiam
3072 756 3348 827 proprium
3386 770 3600 827 corpus.

2016 851 2262 919 quamvis
2289 848 2744 918 naturaliteaipse
2774 848 2844 903 sit
2874 850 2983 902 vita
3013 856 3071 903 et
3106 850 3430 904 resurrectio
3458 865 3603 903 mor-

2018 950 2251 995 tuorum.
2279 940 2411 994 Nam
2439 947 2498 994 ut
2522 948 2754 994 mortem
2784 938 3045 994 ineffabili
3069 939 3328 1010 potentia,
3347 948 3405 993 et
3429 939 3603 993 admia

2019 1033 2173 1087 rabili
2205 1033 2401 1087 virtute
2429 1047 2547 1097 sua,
2584 1040 2640 1085 et
2668 1030 3023 1086 intestiniabili
3052 1030 3442 1099 magniﬁcentia
3475 1046 3603 1100 pro~

2019 1123 2283 1191 culcaret,
2304 1131 2363 1178 et
2390 1122 2538 1192 prius
2567 1123 2619 1176 in
2648 1138 2811 1177 carne
2830 1137 2927 1176 sua
2950 1123 3337 1193 primogenitus
3356 1139 3601 1178 ertnorv

2018 1215 2124 1267 tuis
2153 1213 2328 1280 ﬁeret,
2350 1223 2411 1268 et
2437 1213 2685 1283 primitiae
2705 1211 3106 1278 dormientium,
3128 1212 3613 1283 viamque'faceret'
3652 1254 3653 1259 η

2019 1308 2267 1361 humana:
2297 1317 2500 1360 natura:
2547 1304 2615 1360 ad
2661 1306 3079 1375 incorruptionis
3108 1321 3411 1373 recursum,
3430 1298 3654 1373 gratia"

2021 1398 2114 1452 Dei
2146 1414 2244 1467 pro
2270 1398 2543 1462 omnibus,
2560 1405 2625 1450 ut
2660 1396 2861 1452 dictum
2890 1404 2973 1451 est
3000 1404 3225 1451 mortem
3263 1396 3527 1464 gustavit,
3545 1405 3603 1449 et

2022 1490 2180 1543 tertia
2208 1490 2295 1544 die
2324 1502 2612 1556 resurgens
2641 1489 2960 1544 suavissimas
2980 1488 3157 1542 fauces
3186 1486 3377 1541 inferni
3402 1502 3601 1555 exspo-

2021 1580 2190 1635 liavit.
2222 1578 2288 1634 Et
2310 1580 2455 1648 ideo,
2474 1581 2610 1637 licet
2635 1581 2844 1636 dicatur
2869 1580 3012 1650 quod
3043 1595 3139 1649 per
3164 1580 3432 1634 hominem
3464 1578 3601 1633 facta
3626 1618 3631 1623 .

2022 1673 2445 1728 estresurrectio
2475 1683 2829 1738 mortuorum,
2864 1681 3044 1726 tamen
3073 1671 3371 1738 intelligere
3397 1669 3609 1723 debetis
3634 1710 3641 1713 .

2022 1767 2292 1821 hominem
2342 1766 2559 1830 factum,
2602 1765 2821 1820 verbum
2850 1764 2993 1836 quod
3031 1780 3097 1819 ex
3127 1762 3239 1818 Deo
3282 1772 3384 1825 est,
3432 1771 3486 1817 et
3511 1778 3607 1832 per

325 1849 446 1906 Νοιι
478 1860 664 1921 Ροιεει
708 1866 828 1906 esse
865 1852 1066 1917 major,
1085 1867 1191 1905 ηοιι
1224 1859 1398 1920 Ροιθδι
1424 1866 1542 1906 esse
1571 1852 1783 1917 minor;
1816 1863 1925 1904 11οη
1957 1856 1996 1914 Β
2026 1873 2147 1911 eum
2195 1856 2383 1910 mortis
2430 1856 2711 1925 imperium
2762 1870 2881 1910 esse
2929 1854 3279 1908 destructum.
3315 1850 3383 1906 Ut
3424 1860 3641 1905 autent.

325 1942 703 2010 magnitudine
749 1942 1187 2011 terminari,non
1235 1950 1479 2013 tempore
1512 1942 1919 2013 comprehendi.

326 2031 484 2099 Quod
506 2034 655 2088 enim
680 2033 899 2089 caeleste
927 2042 1028 2097 est,
1060 2032 1145 2088 vel
1173 2033 1431 2099 divinum,
1460 2041 1543 2088 est
1567 2033 1682 2087 sine
1709 2034 1923 2100 quanti-

328 2132 462 2188 tate,
505 2133 562 2179 et
586 2124 705 2179 sine
727 2125 869 2178 mole
914 2123 1255 2192 cognoscitur
1286 2141 1299 2175 :
1332 2137 1505 2191 neque
1535 2122 1654 2176 ullis
1682 2122 1924 2176 terminis

328 2216 665 2273 continetur.
687 2215 919 2270 Verbum
938 2215 1030 2270 Dei
1052 2213 1340 2271 secundum
1361 2214 1759 2269 subsistentiam
1789 2228 1924 2268 cono

330 2304 585 2371 ﬁtemini,
616 2322 781 2361 unum
808 2306 1028 2361 adorate
1053 2305 1243 2361 Filium
1265 2313 1323 2360 et
1359 2304 1639 2359 Dominum
1679 2314 1923 2358 nostrum

329 2395 515 2456 Iesum
545 2398 843 2464 Christum,
867 2415 974 2453 non
1001 2397 1356 2453 determinate
1382 2437 1409 2462 ,.
1424 2411 1523 2451 nec
1549 2410 1790 2450 seorsum
1824 2410 1926 2464 p0-

331 2491 448 2546 nite
468 2491 640 2545 Deum
672 2500 728 2545 et
751 2490 1024 2545 hominem
1043 2531 1057 2554 ,
1087 2489 1237 2543 velut
1266 2488 1493 2544 invicem
1521 2487 1622 2542 sibi
1653 2486 1927 2556 dignitatis

310 2593 393 2639 .et
436 2583 781 2638 auctoritatis
831 2582 1035 2635 unitate
1086 2582 1464 2651 conjunctum;
1515 2594 1615 2634 nec
1656 2577 1927 2633 Christum

334 2684 381 2744 s;
402 2673 650 2729 ecialiter
681 2673 955 2728 nominate
979 2671 1145 2726 Deum
1168 2671 1393 2737 uerbum,
1422 2670 1564 2740 quod
1591 2685 1658 2724 ex
1692 2668 1801 2723 Deo
1824 2676 1935 2736 est,

337 2780 442 2821 nec
468 2765 637 2819 alium
660 2765 908 2819 similiter
933 2763 1203 2818 Christum
1252 2763 1557 2832 specialiter
1583 2762 1674 2831 qui
1700 2760 1766 2815 de
1808 2775 1934 2814 mu-

336 2858 473 2912 Bere
503 2865 668 2912 natus
696 2866 795 2911 est.
847 2854 1018 2911 Unum
1058 2865 1239 2909 autem
1284 2862 1489 2908 tantum
1535 2852 1806 2907 Christum
1837 2850 1933 2904 Dei

342 2946 523 3004 Patris
554 2950 777 3003 verbum
804 2963 924 3002 cum
956 2948 1171 3018 propria
1200 2962 1360 3000 carne
1399 2945 1728 3015 cognoscite,
1770 2955 1933 2997 vene-

340 3039 562 3104 remini,
593 3038 835 3093 adorate.
874 3035 1023 3092 Unus
1063 3038 1206 3091 enim
1253 3045 1334 3090 est
1374 3033 1616 3088 Christus
1667 3033 1833 3087 Filius
1880 3039 1936 3086 et

342 3130 521 3195 Deus,
581 3147 688 3185 non
738 3131 882 3185 velut
933 3130 1183 3200 quaelibet
1226 3129 1532 3197 conjunctio
1581 3127 1842 3181 habeatur
1880 3126 1932 3179 in

2020 1949 2294 2019 Scriptura
2357 1955 2685 2015 attestatur,.
2728 1945 2925 2000 Veniet.
2966 1945 3255 1999 novissimis
3301 1944 3643 2008 temperies»

2020 2059 2155 2096 unus
2176 2041 2346 2096 Filius
2375 2052 2423 2094 et
2454 2040 2708 2094 Dominus
2737 2041 2790 2094 in
2812 2040 2978 2111 gloria
3009 2038 3286 2101 Patris,1tt
3300 2036 3496 2107 judicct
3516 2051 3607 2088 or-

2022 2136 2135 2190 bem
2163 2136 2214 2188 in
2239 2136 2505 2205 equitate.
2530 2132 2900 2187 Necessarium
2924 2145 3139 2200 quoque
3172 2136 3341 2183 estut
3378 2127 3615 2183 credatis

2025 2225 2451 2281 incarnationem
2483 2224 2692 2279 Domini
2733 2223 2902 2278 nostri
2948 2221 3075 2277 Jesu
3116 2220 3337 2283 Christi,
3364 2219 3637 2273 nativita-t

2028 2323 2154 2378 tem,
2186 2314 2665 2378 circumcisionem,
2695 2312 3085 2382 apparitionem
3107 2350 3122 2376 ,
3146 2309 3451 2377 Evangelia,
3485 2324 3606 2378 pas-

2026 2404 2259 2467 sionem,
2292 2412 2553 2467 mortem,
2571 2402 3043 2464 resurrectionem,
3070 2408 3125 2454 et
3158 2400 3211 2452 in
3238 2399 3403 2452 ctelos
3423 2412 3613 2451 ascen-

2026 2497 2261 2551 sionem.
2279 2495 2403 2552 llzec
2428 2504 2515 2550 est
2526 2496 2667 2549 enim
2691 2493 2821 2549 ﬁdes
2845 2503 3010 2548 recta.
3029 2491 3136 2547 Sed
3164 2492 3417 2559 quoniam
3442 2489 3615 2543 Deum

2030 2602 2193 2641 carne
2249 2587 2454 2641 unitum
2495 2585 2647 2654 juxta
2694 2583 3097 2639 subsistentiam
3148 2583 3296 2649 virgo
3343 2581 3617 2649 concepit,

2030 2677 2181 2746 virgo
2204 2676 2430 2746 peperit,
2459 2674 2656 2729 idcirco
2676 2689 2797 2729 eam
2817 2672 3016 2727 Christi
3037 2672 3347 2740 genitricem
3369 2669 3614 2740 profitea-

2032 2770 2162 2823 mini
2195 2787 2207 2822 :
2239 2785 2343 2824 non
2357 2768 2500 2838 quod
2520 2768 2670 2822 verbi
2692 2775 2880 2822 natura
2908 2764 3173 2821 existendi
3199 2763 3519 2835 principium
3545 2762 3624 2819 de

2033 2874 2197 2915 carne
2238 2859 2427 2914 sortita
2455 2859 2561 2914 sit,
2594 2857 2723 2912 Erat
2747 2858 2883 2912 enim
2912 2858 2964 2911 in
3002 2857 3254 2926 principio
3293 2853 3532 2917 Verbum,
3563 2861 3642 2906 σι’

2043 2952 2263 3006 Verbum
2277 2961 2390 3006 erat
2410 2951 2550 3021 apud
2576 2946 2762 3014 Deum,
2783 2959 2832 3003 et
2856 2948 2993 3003 Deus
3017 2957 3128 3002 erat
3153 2934 3369 3001 Veritum
3386 2963 3402 2999 :
3419 2954 3474 2999 et
3503 2946 3619 3015 ipse

2034 3055 2117 3099 est
2137 3046 2385 3100 conditor
2410 3043 2749 3111 saeculorum,
2769 3042 2930 3097 Pater
2959 3039 3488 3097 universitatis.'Tres
3500 3040 3634 3109 qui--

2040 3138 2153 3190 dem
2182 3138 2413 3208 suntqui
2465 3138 2805 3191 testimonium
2844 3135 2969 3189 dant
3014 3136 3071 3189 in
3097 3132 3451 3202 cwlo,.Pater,
3492 3131 3650 3186 Ver--

343 3227 560 3284 unitate
586 3226 860 3292 dignitatis
880 3234 935 3278 et
955 3223 1291 3279 auctoritatis
1312 3221 1544 3276 hominis
1567 3236 1631 3275 ac
1652 3219 1766 3273 Dei.
1796 3218 1935 3272 Nun-
1962 3225 2005 3285 (ζ
2043 3231 2160 3283 bum
2191 3240 2247 3284 ει
2271 3231 2501 3301 spiritu,
2516 3243 2725 3286 unum
2747 3248 2764 3285 ε
2785 3232 2837 3284 [,5
2864 3240 3146 3285 unum".
3167 3239 3308 3283 εωη,
3331 3230 3496 3299 [gitur
3512 3243 3625 3284 om.

348 3316 613 3389 quidnam
662 3323 841 3385 potest
871 3322 1061 3368 natura
1091 3314 1244 3368 unire
1272 3311 1386 3369 sola
1414 3311 1687 3379 dignitatis
1712 3309 1934 3379 aequali-

348 3417 433 3462 tas
458 3409 483 3461 ?
524 3408 683 3461 absit.
715 3404 903 3460 Pastor
923 3406 1121 3460 etenim
1162 3403 1418 3458 dominici
1446 3403 1623 3472 gregis
1652 3400 1859 3465 Petrus,
1884 3408 1939 3454 et

349 3500 503 3567 virgo
534 3498 739 3552 electus
759 3496 994 3551 Joannes
1013 3495 1342 3565 evangelista
1373 3503 1427 3549 et
1450 3494 1745 3564 apostolus,
1776 3493 1841 3546 ad
1864 3492 1941 3545 al-

351 3600 625 3646 terutrum
650 3589 868 3659 aequalis
896 3597 1020 3644 sunt
1042 3589 1313 3663 dignitatis
1339 3606 1351 3641 :
1383 3596 1604 3658 propter
1623 3586 1763 3655 quod
1784 3585 1942 3641 Chri—

351 3684 423 3738 sti
451 3682 699 3751 discipuli
722 3690 775 3735 et
789 3680 1028 3735 veritatis
1052 3688 1214 3734 testes
1229 3679 1407 3734 idonei
1434 3684 1711 3732 vocantur.
1744 3675 1943 3729 liorum

354 3788 536 3830 tamen
571 3784 795 3843 uterque
844 3789 949 3828 non
983 3788 1120 3827 unus
1162 3780 1266 3827 est.
1310 3770 1418 3826 Vos
1445 3785 1597 3839 ergo,
1652 3768 1798 3822 ﬁlioli
1840 3762 1944 3821 mei

357 3868 680 3929 charissimi,
713 3881 887 3935 neque
934 3865 1101 3919 Deum
1131 3873 1223 3919 aut
1250 3864 1568 3930 Dominum,
1593 3862 1790 3917 Christi
1825 3875 1946 3915 ver-

357 3976 506 4023 num,
534 3959 630 4013 Dei
651 3957 825 4012 Patris
852 3957 1107 4021 asserite;
1144 3972 1210 4010 ne
1248 3956 1438 4010 iterum
1465 3956 1703 4024 apertius
1733 3954 1784 4008 in
1813 3954 1948 4008 duos

357 4040 797 4107 dividatis-unum
836 4048 1107 4105 Christum
1146 4057 1203 4104 et
1234 4049 1537 4117 Dominum,
1567 4058 1621 4103 et
1650 4050 1702 4103 in
1733 4049 1947 4105 sacrile~

358 4145 431 4211 gii
470 4143 678 4199 crimen
724 4141 997 4196 incidatis.
1024 4139 1192 4195 Deum
1242 4141 1317 4195 illi
1348 4141 1584 4211 seipsum
1614 4139 1870 4195 facientes
1895 4150 1949 4193 et

361 4237 669 4293 Dominum.
708 4234 896 4291 Unitus
922 4234 1162 4305 quidem,
1187 4237 1342 4291 sicuti
1373 4237 1622 4301 diximus,
1656 4236 1796 4290 Deus
1824 4236 1951 4290 Ve;-

358 4332 489 4386 bum
536 4330 687 4386 carni
736 4330 1029 4385 secundum
1078 4329 1682 4385 subsistentiam.\Deus
1733 4329 1947 4397 quidem

359 4434 443 4478 est
465 4424 706 4478 omnium
732 4422 1060 4479 dominator.
1075 4423 1436 4477 universitatis
1458 4430 1669 4477 creator
1688 4422 1948 4487 omnium,

360 4524 417 4571 et
445 4515 834 4586 pretiosissimo
863 4516 1121 4585 sanguine
1158 4531 1257 4570 suo
1295 4513 1601 4583 redemptor
1650 4513 1945 4568 hominum.

2044 3324 2191 3378 nium
2240 3332 2538 3378 creatorem
2587 3340 2748 3377 unum
2780 3324 2831 3376 in
2878 3323 3205 3386 substantia,
3223 3321 3539 3376 Trinitatem
3568 3322 3656 3375 in,

2043 3414 2290 3485 personis
2319 3412 2670 3479 conﬁtemini,
2695 3414 2844 3467 utad
2874 3413 3111 3468 emlestia
3133 3413 3322 3481 gaudia
3345 3414 3625 3482 pervenire

2045 3505 2376 3565 mereamini,
2409 3504 2496 3559 ubi
2546 3504 2738 3558 lion-nt
2792 3504 2981 3557 merita
3024 3512 3361 3570 sanctorum,
3395 3518 3655 3571 quorum.

2045 3594 2297 3663 gaudium
2326 3602 2382 3648 et
2405 3594 2691 3648 exsultatio
2715 3610 2819 3647 non
2845 3594 3053 3646 desinet
3075 3608 3239 3661 usque
3261 3595 3312 3646 in
3336 3593 3620 3661 sempiter—

2047 3701 2195 3752 num,
2214 3694 2471 3754 regnante
2485 3685 2709 3740 Domino
2723 3695 2910 3740 nostro
2924 3683 3050 3739 Jesu
3066 3684 3309 3750 Christo,
3326 3699 3450 3740 cum
3467 3682 3627 3737 Patre

2047 3786 2339 3848 coaeterno,
2371 3786 2697 3849 occperante
2724 3778 2893 3846 gratia
2939 3776 3171 3848 Spiritus
3196 3777 3386 3844 sancti,
3434 3775 3520 3832 cui
3557 3776 3656 3831 sit‘

2048 3871 2189 3940 laus,
2210 3870 2517 3942 imperium,
2549 3885 2648 3941 per
2667 3870 2848 3925 omnia
2866 3868 3058 3924 saecula
3079 3867 3659 3924 mulorum-Amen..

2192 3960 2574 4017 TRANSITUS
2610 3960 2666 4017 S.
2708 3958 3135 4015 Ειιῑυτιιειιιι
3162 3956 3486 4015 EPlSCOPl.

2119 4056 2176 4111 In
2203 4057 2309 4112 illis
2337 4054 2668 4125 temporibus
2695 4053 2819 4108 dum
2842 4054 3031 4108 beatus
3053 4050 3396 4107 Eleutherius
3420 4050 3632 4106 Torna-
3658 4084 3661 4087 -

2050 4150 2225 4206 censis
2254 4148 2506 4204 Ecclesia:
2532 4144 2771 4217 pontifex
2810 4153 3065 4215 praeesset
3091 4143 3373 4209 secundus,
3403 4143 3664 4211 litigatio-

2050 4256 2244 4311 magna
2293 4241 2432 4296 inter
2459 4238 2830 4294 Tornacenses
2858 4238 3083 4293 clericos
3137 4244 3327 4293 exorta
3371 4243 3474 4290 est.
3504 4233 3639 4301 Qui»

2051 4331 2174 4387 dam
2204 4330 2345 4385 enim
2374 4328 2611 4384 hmretici
2647 4328 2901 4397 quasdam
2934 4326 3164 4397 proprize
3188 4326 3456 4380 hzereseos
3480 4325 3639 4380 novi-

2053 4430 2193 4478 tates
2243 4420 2614 4492 proferebant,
2650 4428 2706 4475 et
2757 4418 3194 4489 pnedicationem
3252 4416 3495 4472 veritatis
3536 4416 3633 4471 de-

2052 4524 2260 4571 struere
2282 4515 2639 4581 conabantur,
2670 4511 2932 4569 audentes
2959 4510 3274 4581 mysterium
3303 4509 3496 4564 divinze
3522 4507 3634 4563 dis-

359 4604 652 4661 Evidenter
688 4613 865 4659 autem
901 4604 1130 4674 denegat
1172 4605 1464 4668 unitatem,
1511 4604 1604 4672 qui
1658 4603 1845 4658 dividit
1895 4604 1936 4657 ir,

2055 4610 2386 4682 pensationis
2412 4619 2777 4677 corrumpere,
2807 4612 2865 4659 et
2909 4612 3167 4672 negantes
3211 4599 3633 4672 paranymphum

361 4698 501 4753 duos
528 4697 775 4753 Christus
801 4713 924 4752 eum
945 4698 1035 4767 qui
1062 4713 1201 4753 unus
1219 4706 1303 4752 est
1326 4715 1339 4751 :
1373 4698 1462 4753 ille
1489 4706 1732 4768 apOStata
1761 4707 1861 4761 est,
1892 4706 1949 4751 et

357 4806 491 4848 vere
538 4791 754 4856 infelix,
789 4807 913 4847 vere
942 4800 1202 4861 perpetuo
1251 4792 1513 4849 cruciatui
1567 4792 1943 4861 subjiciendus.

355 4882 436 4942 Illi
460 4883 710 4938 diabolus
734 4892 789 4938 et
816 4884 989 4952 angeli
1016 4885 1130 4953 ejus
1154 4885 1207 4939 in
1229 4889 1471 4955 rapinam
1501 4894 1847 4953 consurgunt,
1874 4886 1954 4940 illi

300 5005 318 5019 ι
357 4975 585 5043 maligni
633 4975 853 5044 spiritus
896 4976 948 5029 in
979 4976 1342 5044 receptionem
1381 4977 1570 5031 animm
1615 4985 1945 5032 occurrunt:

360 5076 632 5124 tormenta
684 5068 759 5122 illi
798 5069 1206 5122 innumerabilia
1249 5080 1641 5138 praeparantur,
1684 5080 1739 5125 et
1784 5071 1953 5135 mala,

357 5176 485 5233 qua:
514 5162 567 5216 in
592 5162 700 5215 vita
747 5177 842 5217 sua
865 5171 1071 5231 egerat,
1093 5161 1265 5216 oculis
1285 5161 1402 5229 ejus
1429 5171 1817 5232 proponuntur.
1845 5163 1949 5230 lgi-

361 5261 472 5315 tur,
500 5267 570 5306 ne
618 5253 670 5306 in
702 5253 816 5307 haec
846 5252 1099 5306 terribilia
1130 5252 1247 5307 loca
1278 5251 1596 5317 deveniatis,
1624 5252 1953 5308 conﬁtemini

360 5343 510 5412 quod
532 5359 671 5398 unus
693 5343 1021 5410 intelligatur
1047 5341 1201 5398 Jesus
1241 5342 1485 5398 Christus
1516 5342 1680 5397 Filius
1718 5343 1810 5397 Dei
1842 5346 1960 5398 uni-

359 5434 599 5503 genitus,
625 5450 728 5487 una
751 5434 1011 5489 servitute
1034 5449 1154 5488 cum
1178 5435 1388 5504 propria
1412 5450 1573 5490 carne
1594 5438 1953 5494 venerandus.

363 5524 708 5580 Conlitemini
732 5541 862 5595 pura
884 5535 1083 5590 mente,
1125 5527 1336 5581 laudate
1362 5526 1597 5596 perfecto
1624 5530 1805 5592 corde,
1837 5530 1953 5597 glo-

364 5617 576 5674 riﬁcate
603 5620 836 5689 benigno
864 5634 979 5685 ore,
1023 5620 1111 5688 qui
1142 5635 1210 5675 ex
1232 5620 1344 5677 Deo
1374 5619 1534 5675 Patre
1573 5629 1728 5674 natus
1756 5630 1838 5676 est
1864 5621 1955 5676 Fi-

366 5707 473 5764 lius
518 5710 821 5777 unigenitus
855 5709 1011 5765 Deus.
1056 5709 1308 5776 Quamvis
1329 5710 1483 5780 juxta
1515 5720 1761 5767 naturam
1803 5727 1956 5766 suam

368 5814 567 5869 expers
590 5801 852 5873 passionis
866 5801 1153 5868 exstiterit,
1175 5818 1271 5872 pro
1296 5803 1446 5860 nobis
1469 5811 1643 5860 tamen
1665 5803 1958 5861 secundum

2050 4703 2327 4759 cmlestem
2356 4709 2569 4770 partum
2599 4696 2820 4765 virginis
2859 4695 3153 4749 nuntiasse.
3178 4693 3279 4746 Alii
3308 4700 3486 4744 autem
3524 4688 3636 4743 bte-

2053 4794 2203 4853 retici
2232 4791 2601 4848 confusionem
2629 4788 2964 4851 inducentes,
2991 4794 3046 4840 et
3073 4799 3229 4839 unam
3250 4779 3425 4838 carnis
3445 4790 3501 4836 et
3520 4780 3631 4835 dei-

2052 4886 2180 4942 tatis
2206 4893 2454 4940 naturam
2484 4899 2606 4940 esse
2650 4882 2791 4937 male
2832 4887 3237 4949 componentes,
3288 4875 3636 4943 divulgabant

2057 4978 2149 5033 tali
2178 4975 2494 5033 confusione
2509 4975 2744 5030 divinam
2768 4980 3015 5027 naturam
3034 4968 3288 5040 unigeniti
3304 4968 3633 5037 passibil'em,

2052 5078 2110 5124 et
2137 5083 2331 5139 purum
2374 5067 2649 5123 hominem
2693 5079 2813 5119 esse
2859 5062 2950 5132 qui
2979 5060 3047 5116 de
3093 5061 3402 5115 beatissima
3433 5058 3637 5127 virgine

2056 5162 2220 5218 Maria
2251 5172 2408 5217 natus
2453 5168 2557 5228 est,
2601 5157 2939 5229 impudenter
2975 5156 3308 5210 asserebant.
3352 5153 3456 5206 Alii
3508 5166 3644 5205 vero

2060 5255 2285 5325 Spiritui
2309 5262 2497 5308 sancto
2523 5251 2959 5306 adversabantur.
2985 5249 3089 5303 Alii
3115 5257 3293 5303 autem
3320 5247 3430 5300 Deo
3458 5245 3637 5301 devoti

2062 5354 2118 5401 et
2146 5345 2466 5408 servientes,
2494 5334 3035 5403 credebant-veritati,
3060 5356 3165 5394 non
3192 5336 3506 5393 obedientes
3537 5334 3638 5388 fal-

2064 5437 2230 5492 sitati.
2252 5435 2421 5489 Tanta
2445 5441 2622 5488 autem
2650 5433 2873 5501 litigatio
2902 5434 3041 5487 inter
3078 5432 3199 5486 illos
3225 5435 3365 5491 erat,
3391 5436 3448 5480 ut
3475 5427 3639 5482 etiam

2057 5529 2297 5584 haeretici
2324 5527 2621 5582 catholicos
2657 5525 2910 5580 Ecclesiae
2939 5520 3294 5577 Tornacensis
3324 5518 3462 5573 ﬁlios
3488 5518 3639 5573 inva-

2058 5620 2270 5686 derent,
2302 5626 2359 5674 et
2384 5620 2435 5673 in
2464 5617 2626 5674 ﬂuvio
2654 5618 2745 5687 qui
2765 5616 2959 5672 dicitur
2986 5613 3177 5669 Scalda
3205 5611 3401 5666 multos
3423 5611 3640 5665 obtrun-

2061 5720 2214 5768 catos
2242 5712 2665 5779 submergerent.
2698 5709 2901 5766 Eodem
2929 5716 3170 5776 tempore
3210 5705 3399 5760 beatus
3428 5703 3637 5757 Torna-

2063 5807 2238 5862 ccnsis
2278 5804 2529 5864 Ecclesiae
2558 5805 2780 5861 antistes
2810 5801 3033 5856 Romam
3059 5801 3215 5867 ierat,
3242 5807 3296 5855 et
3325 5812 3507 5854 secum
3547 5811 3611 5851 ca
