4122 6330
454 402 523 459 87
1411 406 1468 462 S.
1501 402 1914 462 ELEUTHERH
1944 404 2411 466 TORNACENSIS
2450 410 2752 469 EPlSCOPl
3646 409 3719 468 SI

453 526 551 590 put
578 515 759 573 Mariae
786 515 1115 590 Egyptiatxe
1142 526 1534 587 asportaverat.
1576 518 1750 588 Ipsum
1798 519 1941 574 enim
1966 519 2033 575 ab
2063 524 2110 582 Α
2138 530 2313 586 terno,
2338 538 2436 593 per
2461 538 2619 594 quem
2648 534 2703 579 et
2730 538 2851 580 cum
2879 538 2987 595 quo
3012 525 3191 581 omnia
3220 538 3341 594 quae
3373 515 3720 581 continentur

454 606 695 667 Ecclesia
747 605 989 662 Enniana
1019 608 1162 663 beati
1192 606 1336 663 Petri
1366 609 1597 679 apostoli
1640 610 1850 665 occulte
1878 626 2037 667 acce-

452 700 554 770 pit,
584 699 721 757 etin
768 698 1009 755 Ecclesia
1055 698 1253 754 Christi
1300 700 1575 768 genitricis
1605 699 1785 755 Mariae
1823 700 2033 757 detulit.

452 790 571 847 Hoc
596 790 757 846 modo
797 791 958 859 igitur
984 791 1067 846 vir
1088 790 1184 846 Dei
1210 806 1242 844 a
1267 790 1441 847 Roma
1464 805 1738 860 regressus
1762 808 1881 847 cum
1922 808 2037 847 ma-

450 895 553 950 gna
575 882 934 938 exsultatione
961 882 1193 937 universi
1218 882 1399 951 populi
1422 883 1725 952 suscipitur.
1756 881 2036 937 Exsultant

451 972 656 1037 clerici,
681 980 735 1027 et
762 972 1060 1027 dalmuticis
1079 971 1268 1038 induti,
1292 972 1451 1028 beato
1471 974 1673 1043 pastori
1698 990 1795 1029 suo
1823 975 2035 1028 obviam

451 1064 775 1133 procedunt,
799 1064 893 1120 sed
923 1077 992 1119 ex
1012 1063 1306 1133 improviso
1331 1064 1580 1133 gaudium
1601 1065 1841 1120 omnium
1870 1066 2036 1133 gemi-

454 1164 634 1209 natur.
660 1153 778 1224 ipse
802 1154 947 1209 enim
970 1153 1209 1224 pontifex
1232 1155 1485 1222 reliquias
1514 1156 1683 1210 beatae
1698 1154 1894 1220 Marha,
1917 1170 2037 1223 quae

452 1257 620 1325 totet
672 1256 818 1303 tanta
864 1247 1006 1302 mala
1049 1238 1648 1317 sustinuit,'allerebat.
1694 1249 1826 1303 Cum
1854 1257 2034 1303 autem

445 1337 700 1395 Nerviam
722 1346 933 1409 portam
984 1339 1213 1394 intraret
1242 1339 1295 1392 in
1340 1339 1530 1395 eodem
1560 1340 1679 1396 loco
1717 1340 2034 1395 miraculum

445 1445 700 1501 magnum
729 1448 759 1487 a
785 1433 899 1487 Deo
916 1432 1312 1487 manifestatum
1334 1440 1436 1487 est.
1453 1430 1865 1488 Occurrentibus
1892 1435 2033 1488 enim

444 1523 663 1593 populis
686 1522 1069 1591 gaudentibus,
1097 1522 1344 1576 similiter
1367 1523 1687 1577 clericorum
1711 1524 2029 1591 agminibus,

446 1612 698 1682 palliatus
717 1652 730 1676 ,
765 1609 956 1666 beatus
979 1612 1205 1667 antistes
1233 1612 1602 1667 conscendens
1649 1623 1906 1679 montem,
1941 1615 2035 1685 qui

446 1705 731 1761 dicebatur
758 1704 910 1760 Mons
941 1704 1177 1759 thesauri
1205 1705 1530 1769 absconditi;
1561 1721 1702 1761 nunc
1741 1714 1919 1761 autem
1945 1706 2023 1761 di-

445 1798 587 1852 citur
607 1795 759 1851 Mons
787 1796 846 1851 S.
870 1795 1123 1862 Andrem,
1146 1796 1399 1866 reliquias
1419 1805 1619 1857 sancta:
1657 1796 1833 1851 Maria:
1863 1797 2031 1870 zEgy-

2138 614 2192 668 in
2220 615 2380 681 emlo,
2411 616 2499 669 vel
2541 616 2595 669 in
2616 624 2780 682 terra,
2813 623 2905 672 aut
2932 617 2987 672 in
3015 617 3151 671 mari
3167 614 3295 672 fecit
3318 618 3493 671 Pater.
3521 617 3721 672 Hertor

2138 720 2268 774 ergo
2294 721 2409 772 vos,
2441 705 2798 773 dilectissimi,
2817 708 3024 763 credite
3051 708 3335 763 Dominum
3365 716 3603 762 nostrum
3630 707 3720 763 Je-

2137 813 2255 852 sum
2284 797 2555 853 Christum
2584 806 2811 868 propter
2850 800 3077 854 salutem
3116 799 3391 854 hominum
3433 808 3489 855 et
3538 800 3719 854 smculi

2140 890 2513 944 liberationem
2541 891 2609 945 de
2656 891 2805 946 cretis
2849 890 3213 959 descendisse,
3261 893 3616 957 incarnatum,
3666 899 3722 946 et

2139 983 2409 1037 hominem
2440 999 2565 1037 esse
2600 999 2817 1053 passum
2847 985 2947 1039 sub
2976 982 3147 1040 Pilato
3176 986 3424 1055 pra‘side.
3456 985 3721 1040 Praeterea

2136 1073 2225 1127 die
2255 1074 2409 1127 tertia
2440 1089 2469 1127 a
2500 1070 2725 1129 iuortnis
2749 1076 3126 1142 resurrexisse,
3150 1085 3202 1131 et
3234 1078 3425 1132 iterum
3446 1078 3502 1132 in
3531 1077 3722 1145 caelos,

2138 1163 2280 1217 unde
2308 1163 2685 1231 descenderat,
2713 1164 3037 1219 ascendisse.
3071 1163 3195 1220 Hice
3220 1165 3458 1230 decreta,
3492 1163 3583 1220 lilii
3614 1166 3723 1220 mei

2137 1257 2457 1321 charissimi,
2490 1264 2676 1311 tenere
2705 1265 2761 1311 et
2798 1258 3087 1313 observare
3134 1258 3359 1314 debetis.
3392 1257 3485 1313 liis
3510 1258 3725 1314 vosde-

2136 1353 2261 1400 vote
2289 1354 2506 1416 oportet
2529 1348 2925 1417 obtemperare,
2963 1350 3005 1403 si
3030 1348 3220 1416 gaudia
3234 1349 3396 1404 vultis
3423 1348 3723 1420 promereri

2135 1437 2394 1491 coelestia.
2429 1436 2522 1492 His
2545 1436 2883 1505 dogmatibus
2911 1446 2967 1492 et
2988 1438 3220 1494 decretis
3248 1440 3587 1510 antiquorum
3618 1439 3722 1495 Pa-

2137 1536 2275 1581 trum
2306 1527 2538 1590 obedite,
2572 1527 2974 1583 considerantes
3002 1537 3055 1583 et
3085 1529 3412 1584 lucidissime
3442 1530 3716 1585 intuentes

2133 1617 2356 1686 quidsit
2397 1618 2728 1672 incarnatum
2760 1634 2910 1683 esse,
2950 1626 3006 1674 et
3045 1620 3318 1676 hominem
3371 1619 3569 1676 factum
3624 1619 3723 1676 Dei

2132 1709 2374 1763 verbum.
2410 1709 2516 1764 Vos
2544 1712 2689 1764 enim
2716 1725 2958 1766 asserere
3009 1727 3116 1767 non
3163 1713 3400 1779 debetis,
3440 1713 3587 1783 quo'd
3621 1726 3721 1767 na-

2134 1806 2251 1853 tura
2290 1798 2384 1853 Dei
2414 1800 2690 1854 immutata
2720 1801 2817 1865 sit,
2858 1801 2953 1855 sed
3006 1803 3175 1870 magis
3202 1803 3347 1872 quod
3389 1803 3722 1895 rppulaverit

443 1889 656 1959 ptiacze,
714 1897 769 1943 et
804 1888 1094 1944 llumerum
1124 1888 1270 1943 beati
1314 1887 1572 1957 Stephani
1621 1887 2033 1962 protomariyris
2064 1893 2107 1952 Β
2134 1893 2233 1947 sibi
2264 1893 2440 1945 anima
2463 1892 2766 1947 rationabili
2789 1908 3008 1949 carnem
3029 1894 3338 1960 animatum,
3368 1887 3722 1965 Christusque

440 1981 595 2037 ‘omni
624 1982 823 2051 populo
866 1980 1121 2039 ostendit.
1172 1981 1358 2035 Subito
1389 1988 1565 2041 autem
1596 1980 1738 2035 circa
1778 1982 2034 2051 reliquias

444 2073 642 2143 capitis
666 2082 863 2127 sancta:
892 2071 1070 2126 Marize
1095 2072 1339 2141 quaedam
1361 2072 1579 2127 claritas
1609 2071 1677 2127 de
1705 2073 1845 2128 cmlo
1870 2074 2036 2127 adve-

446 2167 601 2223 niens
629 2166 878 2236 apparuit
911 2185 924 2218 :
951 2180 1071 2235 qua:
1099 2166 1261 2221 etiam
1292 2164 1360 2219 ab
1388 2167 1636 2220 omnibus
1662 2166 1775 2221 visa
1805 2175 1906 2228 est,
1940 2166 2035 2221 duo

446 2273 550 2315 nec
576 2258 803 2314 intraret
841 2259 1122 2316 ecclesiam
1153 2257 1351 2315 Christi
1382 2259 1674 2329 genitricis.
1708 2258 1884 2330 Super
1925 2258 2033 2315 Hu-

444 2367 657 2408 merum
708 2361 888 2407 autem
945 2353 1087 2410 beati
1137 2351 1424 2423 Stephani,
1475 2354 1703 2408 lucidior
1728 2354 1943 2407 claritas
1982 2352 2034 2407 in

445 2446 668 2501 modum
695 2446 880 2502 circuli
901 2446 1054 2516 quasi
1076 2446 1318 2514 argentei
1341 2446 1451 2499 visa
1481 2455 1564 2499 est
1608 2443 1743 2499 Cum
1774 2460 1902 2499 vero
1947 2459 2036 2499 ec-

446 2538 562 2593 cles
582 2553 668 2592 am
707 2539 873 2593 totius
901 2538 1083 2608 pepuli
1122 2539 1348 2593 vallatus
1375 2548 1589 2593 caterva
1620 2540 1865 2603 intraret,
1897 2554 2034 2608 qna-

446 2637 571 2684 tuor
617 2628 738 2695 viri,
783 2629 904 2684 dum
931 2630 1184 2684 mulieres
1211 2644 1401 2698 magna
1433 2630 1739 2684 iulirmitate
1765 2630 2037 2699 periclita-

445 2721 662 2787 bantur,
694 2735 813 2790 qua:
841 2732 1067 2776 vocatur
1087 2721 1224 2791 ignis
1251 2722 1497 2791 gehennae
1540 2720 1689 2775 Tune
1710 2721 1788 2775 vir
1814 2721 1906 2775 Dei
1930 2720 2041 2790 pii:-

446 2823 557 2909 ηδε
597 2821 801 2876 motus,
839 2821 1000 2882 caput
1042 2820 1167 2865 ante
1208 2812 1481 2873 mulieres,
1528 2814 1804 2866 humerum
1852 2819 2032 2866 autem

448 2902 574 2960 ante
616 2904 766 2959 viros
784 2906 982 2973 posuit,
1009 2905 1192 2959 dicens
1225 2923 1237 2956 :
1292 2902 1506 2958 Oremus
1545 2922 1739 2959 omnes.
1774 2904 2033 2961 l’rocum-‘

446 2997 699 3052 bentibus
727 3006 905 3052 autem
950 3008 1004 3052 et
1051 2999 1327 3052 orantibus
1356 2999 1458 3051 illis
1502 3000 1577 3051 ait
1626 2999 1867 3053 :Sancte
1916 2999 2034 3052 Ste-

446 3086 620 3157 phune
656 3096 1023 3158 protomartyr,
1071 3104 1309 3142 succurre
1352 3089 1432 3142 his
1463 3090 1793 3143 hominibus:
1835 3089 2033 3144 Sancta

446 3173 624 3229 Maria
646 3177 888 3237 miserere
915 3178 1066 3247 hujus
1088 3178 1293 3248 feminei
1329 3195 1497 3233 serus.
1536 3178 1657 3234 Non
1687 3182 1823 3234 enim
1852 3185 2028 3252 profe-

2138 1985 2231 2040 Dei
2264 1985 2427 2041 Filius
2474 1986 3035 2055 irreprehensihiliter,
3064 1985 3435 2052 ineffabiliter,
3468 1988 3721 2043 substan-

2136 2077 2333 2129 tialiter
2360 2077 2518 2130 homo
2546 2075 2715 2130 factus
2736 2077 2824 2141 sit,
2849 2085 2904 2131 et
2926 2077 3063 2132 illius
3087 2078 3319 2132 hominis
3345 2079 3506 2133 etiam
3535 2080 3602 2133 sit
3623 2094 3719 2149 ap—

2137 2170 2386 2239 pellatus.
2412 2168 2595 2237 Itaque
2615 2167 2859 2222 Christus
2884 2167 3038 2224 Jesus
3058 2169 3148 2237 qui
3174 2179 3299 2223 ante
3323 2170 3500 2224 omnia
3526 2172 3719 2225 saecula

2136 2277 2201 2318 ex
2243 2272 2445 2317 :eterno
2486 2260 2646 2317 Patre
2677 2270 2835 2317 natus
2864 2270 2964 2327 est,
2997 2262 3159 2316 etiam
3187 2278 3252 2318 ex
3280 2263 3523 2328 muliere,
3547 2263 3599 2317 id
3636 2270 3723 2318 est

2136 2356 2293 2411 beata
2342 2355 2558 2423 Virgine
2588 2354 2753 2409 Maria
2783 2355 3074 2410 carnaliter
3112 2364 3425 2425 procreatus
3452 2363 3561 2420 est,
3612 2370 3720 2409 non

2135 2449 2279 2517 quod
2308 2447 2542 2502 cmlestis
2570 2448 2737 2517 ipsius
2764 2458 2953 2500 natura
3003 2448 3070 2502 de
3111 2456 3295 2503 sancta
3325 2448 3545 2517 Virgine
3574 2463 3721 2502 sum-

2137 2541 2306 2611 pserit
2333 2539 2635 2604 exordium,
2661 2554 2758 2593 nec
2786 2546 3009 2609 propter
3037 2539 3265 2609 s‘eipsam
3295 2555 3513 2595 necesse
3535 2540 3721 2595 habuit

2137 2630 2280 2684 nasci
2310 2629 2567 2692 secundo,
2585 2636 2707 2697 post
2732 2628 2877 2682 illam
2899 2628 3185 2696 gloriosam
3212 2629 3541 2684 nativitatem
3557 2626 3723 2712 quani

2135 2720 2322 2774 habuit
2351 2734 2418 2774 ex
2448 2718 2628 2772 Patre.
2659 2718 2775 2772 Non
2805 2719 2945 2772 enim
2974 2726 3058 2774 est
3077 2726 3407 2789 competens,
3432 2720 3525 2776 sed
3551 2721 3721 2788 magis

2134 2815 2353 2869 stultum
2384 2812 2650 2867 affirmare
2678 2811 2821 2880 quod
2849 2810 3002 2867 Jcsus
3034 2811 3278 2869 Christus
3306 2813 3562 2869 Dominus
3591 2828 3718 2868 nos-

2136 2913 2239 2970 ter,
2287 2904 2378 2974 qui
2434 2912 2558 2956 ante
2606 2902 2785 2956 omnia
2833 2903 3024 2956 sarcula
3075 2912 3156 2957 est
3208 2912 3509 2958 comternus
3545 2900 3712 2971 Patri,

2136 3004 2258 3066 post
2288 2994 2689 3063 generationem
2721 2993 2896 3047 Patris
2924 2994 3144 3048 alterius
3182 2993 3486 3063 ind'guerit,
3536 3003 3595 3049 ut
3621 3008 3722 3065 per

2136 3089 2278 3143 illam
2334 3101 2495 3155 quam
2550 3086 2600 3139 in
2648 3085 2852 3153 virgine
2902 3087 3224 3157 assumpsit,
3266 3102 3384 3142 esse
3435 3088 3715 3158 inciperet.

2138 3178 2337 3233 Sancta
2367 3184 2546 3231 autem
2577 3176 2841 3231 catholica
2870 3178 3186 3233 universalis
3223 3178 3459 3233 Ecclesia
3490 3173 3719 3234 allirmet

447 3277 529 3321 sto
553 3285 815 3341 surgemus
856 3268 918 3323 ab
949 3272 1199 3333 oratione,
1250 3270 1411 3324 donec
1454 3273 1573 3325 sani
1617 3272 1915 3342 efficientur.
1950 3273 2027 3327 Ad
2057 3255 2106 3317 ε
2134 3281 2188 3326 et
2216 3269 2421 3331 credat,
2455 3270 2598 3338 quod
2623 3277 2843 3339 propter
2863 3270 3090 3325 salutem
3140 3271 3415 3325 hominum
3444 3281 3497 3326 et
3527 3288 3717 3342 pecca-

447 3359 587 3414 hane
614 3376 799 3415 vocem
829 3376 1017 3416 omnes
1055 3362 1263 3416 liberati
1299 3372 1442 3417 sunt.
1466 3362 1606 3419 Caro
1636 3376 1835 3428 autem,
1868 3381 2027 3433 quam

449 3452 505 3506 in
547 3453 662 3523 ipsa
706 3452 1014 3507 inﬁrmitate
1051 3453 1418 3524 perdiderant,
1450 3456 1693 3510 restituta
1721 3465 1801 3511 est
1830 3456 1881 3509 in
1915 3456 2031 3525 ipsa

446 3541 604 3599 hora.
636 3543 815 3599 Mutus
843 3559 1059 3613 quoque
1107 3547 1365 3601 assistens
1412 3548 1621 3602 locutus
1669 3556 1768 3612 est,
1801 3549 1983 3603 dicens
2013 3564 2031 3603 :

446 3630 584 3686 Ecce
612 3633 840 3705 reliquid:
867 3634 1004 3688 beati
1032 3634 1286 3706 Stephani
1337 3645 1385 3690 et
1422 3650 1618 3692 sancctv
1646 3637 1850 3693 Marica.
1885 3638 2035 3695 Tunc

448 3740 637 3780 omnes
683 3725 1040 3795 obstupefacti
1095 3726 1517 3783 admirabantur.
1548 3729 1657 3784 Illis
1705 3732 2034 3801 temporibus

447 3820 687 3889 relquia:
734 3828 1041 3875 sanctorum
1097 3836 1197 3874 nec
1246 3821 1296 3873 in
1328 3836 1460 3875 auro
1492 3823 1570 3877 vel
1613 3835 1834 3890 argento
1865 3840 2033 3892 pone—

447 3914 663 3969 bantur.
698 3913 822 3969 Htec
850 3923 969 3969 acta
998 3922 1123 3967 sunt
1147 3915 1303 3968 nonis
1346 3912 1610 3969 Octobris.
1644 3915 1837 3972 Beatus
1866 3918 2033 3987 siqui.

451 4006 575 4061 dem
600 4006 939 4062 Eleutherius
953 4005 1065 4076 jam
1082 4006 1474 4063 Tornacensem
1500 4000 1789 4063 Ecclesium
1819 4010 2033 4077 triginta

449 4098 605 4152 annis
625 4108 680 4152 et
708 4113 816 4152 uno
842 4106 1072 4161 rexerat,
1101 4096 1508 4153 Blandinensem
1542 4114 1665 4153 vero
1691 4115 1900 4154 novem.
1933 4100 2034 4166 Qui

449 4190 675 4246 audiens
705 4190 842 4245 lilios
869 4188 1122 4247 Ecclesia:
1152 4191 1495 4259 perturbatos
1540 4190 1785 4245 indoluit.
1835 4191 2037 4246 Deinde

453 4282 775 4338 auctoritate
806 4281 1033 4336 Romani
1065 4297 1216 4351 papa:
1254 4282 1521 4347 decrevit,
1553 4290 1820 4351 quatenus
1848 4298 2036 4338 onmes

452 4376 691 4431 heretici
713 4376 781 4430 ab
809 4376 923 4445 ipsa
946 4376 1163 4430 civitate
1187 4375 1529 4443 ejicerentur,
1559 4384 1618 4429 ut
1647 4375 1916 4429 Christum
1941 4373 2033 4428 Dei

454 4467 630 4522 Patris
662 4467 853 4521 Filium
886 4467 1212 4521 unanimiter
1234 4466 1636 4521 conﬁterentur.
1663 4465 1825 4534 Igitur
1847 4483 1877 4520 a
1909 4482 2037 4536 prte-

454 4558 570 4613 sule
592 4557 785 4622 coacti,
817 4557 958 4612 diem
989 4565 1386 4627 eompetentem
1414 4558 1712 4625 elegerunt,
1741 4558 1797 4612 in
1820 4574 1924 4627 qua
1947 4575 2035 4631 sy-

2140 3371 2313 3419 torum
2332 3362 2658 3417 ablutionem
2677 3362 2777 3415 sibi
2798 3370 3040 3415 naturam
3057 3363 3386 3433 copulaverit
3408 3365 3715 3430 humanam;

2136 3462 2192 3508 et
2216 3453 2540 3523 processerit
2566 3468 2633 3506 ex
2658 3460 2810 3508 utero
2832 3453 3097 3520 virginali,
3129 3462 3281 3509 utero
3304 3455 3718 3526 impolluto,sed

2137 3545 2205 3599 ab
2261 3545 2466 3613 angelis
2512 3544 2821 3611 dignissime
2865 3543 3175 3600 coelestibus
3222 3556 3556 3601 conservato.
3590 3546 3717 3603 Ideo

2138 3643 2384 3691 asserunt
2439 3636 2588 3689 illum
2617 3635 2868 3690 catholici
2917 3634 3122 3702 Patres,
3156 3646 3209 3691 et
3256 3653 3355 3693 nos
3400 3640 3721 3695 auctoritate

2138 3726 2402 3796 majorum
2433 3725 2724 3780 carnaliter
2751 3740 2871 3781 esse
2897 3734 3100 3779 natum.
3131 3726 3230 3793 Qui
3258 3724 3517 3797 benignus
3544 3741 3599 3785 et
3620 3730 3720 3784 mi-

2138 3820 2369 3875 sericors
2397 3834 2585 3873 omnes
2614 3818 2800 3874 volens
2842 3818 2909 3872 ad
2963 3820 3210 3874 semitam
3258 3820 3472 3875 deitatis
3497 3836 3720 3877 conver-

2139 3920 2276 3978 tere,
2326 3926 2393 3965 ex
2444 3911 2562 3979 ipso
2591 3909 2837 3978 virginali
2891 3918 2946 3964 et
2997 3910 3416 3966 ineontaminato
3457 3920 3629 3977 utero,
3662 3920 3722 3967 ut

2139 4018 2299 4072 supra
2323 4001 2522 4056 dictum
2550 4011 2651 4064 est,
2683 4016 2865 4054 secum
2898 4000 3177 4069 conjunxit
3205 4015 3443 4064 carnem,
3477 4011 3531 4056 et
3558 4015 3722 4070 gene-

2138 4094 2404 4148 rationem
2433 4091 2683 4146 sustinuit
2711 4091 3002 4155 carnalem,
3025 4106 3134 4146 sute
3154 4092 3333 4146 carnis
3355 4108 3504 4147 suam
3524 4091 3722 4147 faciens

2140 4185 2494 4240 nativitatem.
2528 4182 2730 4237 Deinde
2761 4182 2966 4237 credite
3019 4184 3190 4252 ipsum
3238 4183 3548 4246 crucifixum
3582 4198 3721 4252 esse,

2140 4286 2195 4332 et
2224 4278 2379 4331 tertia
2401 4276 2487 4330 die
2525 4292 2555 4330 a
2606 4276 2834 4330 mortuis
2862 4278 3224 4332 resurrexisse
3251 4296 3263 4329 :
3294 4293 3398 4330 non
3428 4278 3552 4345 quia
3583 4278 3725 4333 Deus

2142 4369 2374 4424 Verbum
2406 4370 2457 4422 in
2488 4383 2583 4423 sua
2606 4377 2793 4423 natura
2817 4370 2916 4424 sub
2945 4369 3116 4423 Pilato
3135 4370 3361 4439 praeside
3386 4370 3453 4424 sit
3484 4369 3725 4440 colaphis

2140 4468 2329 4526 caesus,
2353 4460 2545 4514 deinde
2592 4460 2831 4530 patibulo
2875 4461 3048 4516 crucis
3078 4460 3286 4525 allixus,
3318 4460 3426 4514 ‘aut
3452 4462 3577 4529 quia
3626 4474 3724 4530 pro

2144 4553 2301 4607 nobis
2328 4550 2708 4605 transfixiones
2751 4550 2948 4605 lancea:
2976 4559 3138 4620 atque
3169 4551 3460 4615 clavorum,
3491 4558 3725 4606 ettanta

380 4684 387 4713 ι
455 4644 837 4703 ηοιΙυιηέυεηι
861 4648 1086 4702 antistes
1103 4646 1298 4701 Christi
1329 4646 1668 4703 Eleutherius
1695 4615 2035 4703 convocaret.
2069 4615 2117 4675 θ
2146 4644 2365 4697 vulnera
2413 4641 2730 4696 sustinuerit
2780 4641 2957 4712 (Deus
3002 4656 3232 4710 namque
3269 4642 3625 4711 incorporalis
3670 4646 3728 4696 et

456 4741 684 4795 Advenit
716 4740 832 4794 dies
868 4740 921 4793 in
943 4754 1051 4809 quo
1079 4739 1313 4811 synodus
1332 4749 1624 4797 convocata
1655 4749 1791 4803 erat,
1810 4741 2043 4795 advene-

457 4842 581 4886 runt
609 4824 791 4886 etiam'
817 4829 909 4885 lilii
939 4831 1211 4895 catholici,
1264 4832 1638 4887 haereticorum
1675 4843 1878 4889 sectam
1905 4849 2039 4888 eon-

458 4923 764 4986 fundentes,
816 4923 1101 4979 adfuerunt
1130 4933 1187 4978 et
1234 4924 1475 4978 nonnulli
1518 4924 1890 4980 haereticorum
1938 4925 2041 4979 illis

458 5014 910 5070 contradicentes.
968 5013 1275 5084 Exsurgens
1328 5024 1509 5069 autem
1556 5024 1774 5070 sanctus
1818 5018 1901 5069 vir
1943 5016 2038 5071 Dei

459 5105 821 5170 Eleutherius,
850 5113 905 5158 et
925 5120 1085 5159 manu
1106 5106 1304 5161 faciens
1323 5105 1593 5160 siientimn
1610 5105 1684 5159 ait
1706 5124 1718 5158 :
1741 5103 1930 5163 Omnes
1942 5108 2045 5163 Do-

457 5202 654 5252 minum
677 5196 887 5249 Patrem
908 5207 955 5249 et
989 5196 1177 5252 Filium
1196 5200 1327 5269 ejus,
1350 5216 1465 5253 cum
1491 5199 1692 5271 Spiritu
1719 5212 1897 5257 sancto
1919 5219 2040 5257 con-

460 5295 659 5365 ﬁtentes
685 5292 877 5345 audite.

871 5381 1103 5437 SERMO
1136 5382 1217 5435 DE
1242 5374 1629 5441 TRINITATE.

533 5475 746 5530 Credite
792 5476 843 5529 in
893 5490 1054 5529 unum
1107 5473 1293 5539 Deum,
1329 5475 1540 5531 Patrem
1599 5480 2041 5547 omnipotentem,

463 5576 521 5622 et
561 5568 612 5620 in
646 5567 833 5621 Filium
878 5567 994 5635 eju;
1025 5566 1238 5620 unicum
1282 5565 1564 5622 Dominum
1594 5577 1832 5622 nostrum
1859 5566 2041 5622 Jesum

462 5656 756 5718 Christum,
788 5658 877 5725 qui
909 5672 974 5712 ex
1007 5657 1114 5711 Deo
1166 5655 1322 5712 Patre
1380 5668 1535 5714 natus
1557 5668 1639 5714 est
1666 5660 1831 5714 Filius
1859 5661 2045 5730 unige—

465 5747 629 5808 nitus,
656 5748 947 5803 immensus
966 5749 1032 5803 de
1062 5750 1346 5815 immenso,
1383 5752 1697 5806 immortalis
1723 5752 1791 5807 de
1820 5754 2040 5808 immor-

464 5838 578 5906 tali,
609 5840 887 5896 invisibilis
938 5841 1005 5897 de
1052 5843 1322 5911 invisibili,
1356 5845 1711 5914 sempiternus
1735 5847 1802 5901 de
1845 5850 2039 5919 sempi-

2143 4743 2293 4789 extra
2312 4734 2612 4804 passionem
2636 4733 2763 4801 est),
2784 4732 2878 4787 sed
2910 4733 3032 4801 quia
3054 4748 3250 4803 corpus
3270 4733 3417 4793 illud,
3437 4734 3581 4803 quod
3609 4748 3729 4803 pro-

2148 4827 2321 4897 prium
2345 4824 2543 4881 factum
2579 4833 2660 4879 est
2689 4825 2854 4894 ipsius
2882 4826 2993 4879 luce
3016 4841 3111 4894 pro
3133 4825 3299 4880 nobis
3310 4827 3581 4880 sustinuit.
3605 4825 3729 4882 Hice

2146 4919 2325 4973 omnia
2351 4919 2549 4973 idcirco
2576 4918 2769 4972 dicitur
2793 4933 2889 4985 pro
2919 4916 3163 4971 omnibus
3184 4917 3489 4971 hominibus
3515 4918 3580 4971 ad
3596 4933 3727 4987 pec—

2145 5018 2389 5064 catorum
2436 5007 2863 5076 redemptionem
2911 5022 3099 5076 passus
3149 5022 3286 5062 esse.
3319 5008 3374 5061 ln
3429 5024 3496 5062 eo
3525 5009 3725 5063 etenim
3774 5024 3779 5029 ‘

2147 5113 2376 5168 corpore
2396 5098 2538 5166 quod
2564 5097 2881 5168 patiebatur,
2909 5098 3079 5150 inerat
3105 5096 3261 5163 Deus,
3285 5099 3376 5165 igni
3397 5098 3543 5152 nullo
3567 5097 3725 5153 modo

2147 5190 2257 5261 pati
2290 5196 2527 5258 poterat.
2555 5189 2811 5242 Similiter
2838 5197 3062 5243 mortem
3095 5189 3260 5257 ipsius
3289 5189 3584 5257 intelligere
3610 5189 3725 5243 ‘de-

2146 5285 2303 5358 betis.
2323 5282 2644 5337 Naturaliter
2664 5282 2804 5336 enim
2824 5282 3225 5351 incorruptibile
3245 5290 3329 5337 est
3346 5292 3401 5337 et
3421 5282 3726 5338 immortale

2146 5375 2424 5430 vivilicans
2472 5373 2565 5428 Dei
2619 5374 2860 5428 verbum.
2912 5373 3018 5427 Sed
3074 5374 3325 5442 quoniam
3377 5375 3547 5441 gratia
3598 5373 3721 5438 Dei,

2144 5469 2412 5539 proprium
2466 5483 2649 5536 corpus
2698 5466 2884 5534 ipsius,
2925 5465 3071 5534 juxta
3120 5467 3439 5521 sententiam
3487 5460 3729 5522 ductoris

2144 5560 2382 5628 gentium
2414 5558 2583 5622 Pauli,
2640 5568 2852 5611 mortem
2899 5559 3139 5629 gustavit,
3187 5558 3309 5614 ideo
3361 5558 3556 5614 dicitur
3584 5558 3727 5614 Deus

2144 5666 2243 5719 pro
2270 5651 2424 5706 nobis
2450 5658 2679 5704 mortem
2704 5664 2823 5703 esse
2847 5664 3051 5718 passus.
3078 5664 3185 5704 non
3207 5650 3330 5719 quia
3351 5656 3579 5705 mortem
3610 5650 3727 5719 ipse

2144 5758 2398 5819 expertus
2420 5750 2620 5814 fuisset,
2653 5758 2911 5818 quantmn
2943 5749 3006 5804 ad
3030 5757 3273 5804 naturam
3297 5751 3460 5821 ipsius
3488 5758 3725 5822 pertinet

2147 5850 2419 5922 (idoneum
2448 5850 2707 5919 siquidem
2740 5865 2845 5905 non
2887 5858 3050 5916 esset,
3076 5850 3169 5906 sed
3201 5851 3436 5921 ineptum
3478 5864 3724 5908 asserere
