  <div class='ocr_page' id='page_1' title='image "/cluster/home/n/w/nwhite01/storage/ocr_20150623/65/hvd.32044054128558/050.png"; bbox 0 0 4068 6342; ppageno 0'>
   <div class='ocr_carea' id='block_1_1' title="bbox 257 426 328 486">
    <p class='ocr_par' dir='ltr' id='par_1_1' title="bbox 257 426 328 486">
     <span class='ocr_line' id='line_1_1' title="bbox 257 426 328 486; baseline 0.028 -2"><span class='ocrx_word' id='word_1_1' title='bbox 257 426 328 486; x_wconf 81' lang='lat'><strong>89</strong></span> 
     </span>
    </p>
   </div>
   <div class='ocr_carea' id='block_1_2' title="bbox 1699 418 2088 507">
    <p class='ocr_par' dir='ltr' id='par_1_2' title="bbox 1699 418 2088 507">
     <span class='ocr_line' id='line_1_2' title="bbox 1699 418 2088 507; baseline -0.005 -33"><span class='ocrx_word' id='word_1_2' title='bbox 1699 418 2088 507; x_wconf 71' lang='lat' dir='ltr'><strong>SERMONES.</strong></span> 
     </span>
    </p>
   </div>
   <div class='ocr_carea' id='block_1_3' title="bbox 254 524 3516 610">
    <p class='ocr_par' dir='ltr' id='par_1_3' title="bbox 254 524 3516 610">
     <span class='ocr_line' id='line_1_3' title="bbox 254 524 3516 610; baseline -0.003 -16"><span class='ocrx_word' id='word_1_3' title='bbox 254 541 398 610; x_wconf 83' lang='lat' dir='ltr'><strong>hoc),</strong></span> <span class='ocrx_word' id='word_1_4' title='bbox 428 538 524 594; x_wconf 89' lang='lat' dir='ltr'><strong>sed</strong></span> <span class='ocrx_word' id='word_1_5' title='bbox 550 536 715 608; x_wconf 87' lang='lat' dir='ltr'><strong>quod,</strong></span> <span class='ocrx_word' id='word_1_6' title='bbox 744 544 802 590; x_wconf 92' lang='lat' dir='ltr'><strong>ut</strong></span> <span class='ocrx_word' id='word_1_7' title='bbox 828 534 1072 604; x_wconf 83' lang='lat' dir='ltr'><strong>superius</strong></span> <span class='ocrx_word' id='word_1_8' title='bbox 1095 532 1344 602; x_wconf 69' lang='lat' dir='ltr'><strong>diximus,</strong></span> <span class='ocrx_word' id='word_1_9' title='bbox 1362 545 1488 586; x_wconf 87' lang='lat' dir='ltr'><strong>vera</strong></span> <span class='ocrx_word' id='word_1_10' title='bbox 1511 544 1639 586; x_wconf 90' lang='lat' dir='ltr'><strong>caro</strong></span> <span class='ocrx_word' id='word_1_11' title='bbox 1668 529 1835 599; x_wconf 83' lang='lat' dir='ltr'><strong>ipsius</strong></span> <span class='ocrx_word' id='word_1_12' title='bbox 1862 536 1908 591; x_wconf 74' lang='grc' dir='ltr'>Α</span> <span class='ocrx_word' id='word_1_13' title='bbox 1937 527 2167 599; x_wconf 78' lang='lat' dir='ltr'><strong>Spiritus</strong></span> <span class='ocrx_word' id='word_1_14' title='bbox 2192 534 2407 582; x_wconf 87' lang='lat' dir='ltr'><strong>sanctus</strong></span> <span class='ocrx_word' id='word_1_15' title='bbox 2436 524 2697 595; x_wconf 74' lang='lat' dir='ltr'><strong>procedit.</strong></span> <span class='ocrx_word' id='word_1_16' title='bbox 2728 524 2957 596; x_wconf 72' lang='lat' dir='ltr'><strong>Spiritus</strong></span> <span class='ocrx_word' id='word_1_17' title='bbox 3001 525 3144 582; x_wconf 90' lang='lat' dir='ltr'><strong>enim</strong></span> <span class='ocrx_word' id='word_1_18' title='bbox 3172 535 3387 584; x_wconf 82' lang='lat' dir='ltr'><strong>sanctus</strong></span> <span class='ocrx_word' id='word_1_19' title='bbox 3410 530 3516 585; x_wconf 90' lang='lat' dir='ltr'><strong>mi-</strong></span> 
     </span>
    </p>
   </div>
   <div class='ocr_carea' id='block_1_4' title="bbox 254 622 1838 698">
    <p class='ocr_par' dir='ltr' id='par_1_4' title="bbox 254 622 1838 698">
     <span class='ocr_line' id='line_1_4' title="bbox 254 622 1838 698; baseline -0.007 -10"><span class='ocrx_word' id='word_1_20' title='bbox 254 642 484 688; x_wconf 87' lang='lat' dir='ltr'><strong>mortem</strong></span> <span class='ocrx_word' id='word_1_21' title='bbox 509 629 827 698; x_wconf 76' lang='lat' dir='ltr'><strong>gustaverit.</strong></span> <span class='ocrx_word' id='word_1_22' title='bbox 850 627 926 682; x_wconf 82' lang='lat' dir='ltr'><strong>[ta</strong></span> <span class='ocrx_word' id='word_1_23' title='bbox 939 641 1101 683; x_wconf 87' lang='lat' dir='ltr'><strong>carne</strong></span> <span class='ocrx_word' id='word_1_24' title='bbox 1123 626 1288 696; x_wconf 85' lang='lat' dir='ltr'><strong>ipsius</strong></span> <span class='ocrx_word' id='word_1_25' title='bbox 1306 630 1615 692; x_wconf 80' lang='lat' dir='ltr'><strong>resurgeute</strong></span> <span class='ocrx_word' id='word_1_26' title='bbox 1642 622 1838 677; x_wconf 81' lang='lat' dir='ltr'><strong>iterum</strong></span> 
     </span>
    </p>
   </div>
   <div class='ocr_carea' id='block_1_5' title="bbox 251 714 1838 787">
    <p class='ocr_par' dir='ltr' id='par_1_5' title="bbox 251 714 1838 787">
     <span class='ocr_line' id='line_1_5' title="bbox 251 714 1838 787; baseline -0.007 -7"><span class='ocrx_word' id='word_1_27' title='bbox 251 723 705 780; x_wconf 80' lang='lat' dir='ltr'><strong>resurrectionem</strong></span> <span class='ocrx_word' id='word_1_28' title='bbox 755 718 1001 785; x_wconf 89' lang='lat' dir='ltr'><strong>asserite,</strong></span> <span class='ocrx_word' id='word_1_29' title='bbox 1052 732 1158 772; x_wconf 92' lang='lat' dir='ltr'><strong>non</strong></span> <span class='ocrx_word' id='word_1_30' title='bbox 1204 717 1328 787; x_wconf 85' lang='lat' dir='ltr'><strong>quia</strong></span> <span class='ocrx_word' id='word_1_31' title='bbox 1356 716 1409 770; x_wconf 88' lang='lat' dir='ltr'><strong>in</strong></span> <span class='ocrx_word' id='word_1_32' title='bbox 1439 714 1838 784; x_wconf 83' lang='lat' dir='ltr'><strong>corruptionem</strong></span> 
     </span>
    </p>
   </div>
   <div class='ocr_carea' id='block_1_6' title="bbox 250 804 1834 883">
    <p class='ocr_par' dir='ltr' id='par_1_6' title="bbox 250 804 1834 883">
     <span class='ocr_line' id='line_1_6' title="bbox 250 804 1834 883; baseline -0.009 -9"><span class='ocrx_word' id='word_1_33' title='bbox 250 816 467 877; x_wconf 78' lang='lat' dir='ltr'><strong>cecidit.</strong></span> <span class='ocrx_word' id='word_1_34' title='bbox 500 813 598 870; x_wconf 90' lang='lat' dir='ltr'><strong>sed</strong></span> <span class='ocrx_word' id='word_1_35' title='bbox 625 811 771 883; x_wconf 90' lang='lat' dir='ltr'><strong>quod</strong></span> <span class='ocrx_word' id='word_1_36' title='bbox 797 810 1038 882; x_wconf 83' lang='lat' dir='ltr'><strong>ejusdem</strong></span> <span class='ocrx_word' id='word_1_37' title='bbox 1089 823 1284 877; x_wconf 89' lang='lat' dir='ltr'><strong>corpus</strong></span> <span class='ocrx_word' id='word_1_38' title='bbox 1328 806 1579 861; x_wconf 79' lang='lat' dir='ltr'><strong>surrexit.</strong></span> <span class='ocrx_word' id='word_1_39' title='bbox 1631 804 1834 874; x_wconf 87' lang='lat' dir='ltr'><strong>itaque,</strong></span> 
     </span>
    </p>
   </div>
   <div class='ocr_carea' id='block_1_7' title="bbox 250 900 1836 974">
    <p class='ocr_par' dir='ltr' id='par_1_7' title="bbox 250 900 1836 974">
     <span class='ocr_line' id='line_1_7' title="bbox 250 900 1836 974; baseline -0.009 -9"><span class='ocrx_word' id='word_1_40' title='bbox 250 906 608 968; x_wconf 84' lang='lat' dir='ltr'><strong>dilectissimi,</strong></span> <span class='ocrx_word' id='word_1_41' title='bbox 638 904 904 974; x_wconf 85' lang='lat' dir='ltr'><strong>deprecor</strong></span> <span class='ocrx_word' id='word_1_42' title='bbox 956 900 1341 955; x_wconf 79' lang='lat' dir='ltr'><strong>fraternitatem</strong></span> <span class='ocrx_word' id='word_1_43' title='bbox 1387 905 1616 953; x_wconf 85' lang='lat' dir='ltr'><strong>vestram</strong></span> <span class='ocrx_word' id='word_1_44' title='bbox 1645 904 1836 965; x_wconf 88' lang='lat' dir='ltr'><strong>quate-</strong></span> 
     </span>
    </p>
   </div>
   <div class='ocr_carea' id='block_1_8' title="bbox 251 986 1837 1060">
    <p class='ocr_par' dir='ltr' id='par_1_8' title="bbox 251 986 1837 1060">
     <span class='ocr_line' id='line_1_8' title="bbox 251 986 1837 1060; baseline -0.008 -7"><span class='ocrx_word' id='word_1_45' title='bbox 251 1015 354 1053; x_wconf 85' lang='lat' dir='ltr'><strong>nus</strong></span> <span class='ocrx_word' id='word_1_46' title='bbox 387 997 559 1052; x_wconf 91' lang='lat' dir='ltr'><strong>Deum</strong></span> <span class='ocrx_word' id='word_1_47' title='bbox 588 1009 793 1060; x_wconf 89' lang='lat' dir='ltr'><strong>verum,</strong></span> <span class='ocrx_word' id='word_1_48' title='bbox 843 1002 898 1048; x_wconf 91' lang='lat' dir='ltr'><strong>et</strong></span> <span class='ocrx_word' id='word_1_49' title='bbox 943 991 1135 1046; x_wconf 89' lang='lat' dir='ltr'><strong>Filium</strong></span> <span class='ocrx_word' id='word_1_50' title='bbox 1180 991 1296 1059; x_wconf 87' lang='lat' dir='ltr'><strong>ejus</strong></span> <span class='ocrx_word' id='word_1_51' title='bbox 1338 987 1519 1043; x_wconf 84' lang='lat' dir='ltr'><strong>Jesum</strong></span> <span class='ocrx_word' id='word_1_52' title='bbox 1567 986 1837 1042; x_wconf 86' lang='lat' dir='ltr'><strong>Christum</strong></span> 
     </span>
    </p>
   </div>
   <div class='ocr_carea' id='block_1_9' title="bbox 248 1079 1827 1147">
    <p class='ocr_par' dir='ltr' id='par_1_9' title="bbox 248 1079 1827 1147">
     <span class='ocr_line' id='line_1_9' title="bbox 248 1079 1827 1147; baseline -0.008 -3"><span class='ocrx_word' id='word_1_53' title='bbox 248 1091 538 1145; x_wconf 88' lang='lat' dir='ltr'><strong>Dominum</strong></span> <span class='ocrx_word' id='word_1_54' title='bbox 567 1096 809 1142; x_wconf 90' lang='lat' dir='ltr'><strong>nostrum</strong></span> <span class='ocrx_word' id='word_1_55' title='bbox 840 1084 1036 1140; x_wconf 83' lang='lat' dir='ltr'><strong>devote</strong></span> <span class='ocrx_word' id='word_1_56' title='bbox 1052 1082 1401 1147; x_wconf 89' lang='lat' dir='ltr'><strong>veneremini,</strong></span> <span class='ocrx_word' id='word_1_57' title='bbox 1434 1080 1655 1136; x_wconf 90' lang='lat' dir='ltr'><strong>adorate</strong></span> <span class='ocrx_word' id='word_1_58' title='bbox 1679 1079 1827 1133; x_wconf 82' lang='lat' dir='ltr'><strong>beni-</strong></span> 
     </span>
    </p>
   </div>
   <div class='ocr_carea' id='block_1_10' title="bbox 247 1172 1837 1247">
    <p class='ocr_par' dir='ltr' id='par_1_10' title="bbox 247 1172 1837 1247">
     <span class='ocr_line' id='line_1_10' title="bbox 247 1172 1837 1247; baseline -0.005 -13"><span class='ocrx_word' id='word_1_59' title='bbox 247 1193 352 1247; x_wconf 87' lang='lat' dir='ltr'><strong>guo</strong></span> <span class='ocrx_word' id='word_1_60' title='bbox 372 1175 566 1243; x_wconf 88' lang='lat' dir='ltr'><strong>corde,</strong></span> <span class='ocrx_word' id='word_1_61' title='bbox 597 1172 812 1231; x_wconf 82' lang='lat' dir='ltr'><strong>laudate</strong></span> <span class='ocrx_word' id='word_1_62' title='bbox 838 1191 970 1245; x_wconf 90' lang='lat' dir='ltr'><strong>pura</strong></span> <span class='ocrx_word' id='word_1_63' title='bbox 995 1183 1195 1239; x_wconf 89' lang='lat' dir='ltr'><strong>mente,</strong></span> <span class='ocrx_word' id='word_1_64' title='bbox 1224 1172 1552 1229; x_wconf 89' lang='lat' dir='ltr'><strong>conlitemini</strong></span> <span class='ocrx_word' id='word_1_65' title='bbox 1572 1172 1837 1242; x_wconf 86' lang='lat' dir='ltr'><strong>lacrymo-</strong></span> 
     </span>
    </p>
   </div>
   <div class='ocr_carea' id='block_1_11' title="bbox 247 1264 1834 1341">
    <p class='ocr_par' dir='ltr' id='par_1_11' title="bbox 247 1264 1834 1341">
     <span class='ocr_line' id='line_1_11' title="bbox 247 1264 1834 1341; baseline -0.006 -15"><span class='ocrx_word' id='word_1_66' title='bbox 247 1272 321 1326; x_wconf 90' lang='lat' dir='ltr'><strong>sis</strong></span> <span class='ocrx_word' id='word_1_67' title='bbox 346 1270 617 1341; x_wconf 88' lang='lat' dir='ltr'><strong>suspiriis,</strong></span> <span class='ocrx_word' id='word_1_68' title='bbox 642 1280 752 1341; x_wconf 76' lang='lat' dir='ltr'><strong>non</strong></span> <span class='ocrx_word' id='word_1_69' title='bbox 780 1268 919 1324; x_wconf 86' lang='lat' dir='ltr'><strong>sicut</strong></span> <span class='ocrx_word' id='word_1_70' title='bbox 965 1268 1236 1322; x_wconf 89' lang='lat' dir='ltr'><strong>hominem</strong></span> <span class='ocrx_word' id='word_1_71' title='bbox 1274 1282 1395 1322; x_wconf 92' lang='lat' dir='ltr'><strong>eum</strong></span> <span class='ocrx_word' id='word_1_72' title='bbox 1418 1267 1583 1322; x_wconf 90' lang='lat' dir='ltr'><strong>verbo</strong></span> <span class='ocrx_word' id='word_1_73' title='bbox 1626 1264 1834 1333; x_wconf 65' lang='lat' dir='ltr'><strong>gloriﬁ-</strong></span> 
     </span>
    </p>
   </div>
   <div class='ocr_carea' id='block_1_12' title="bbox 250 1354 1830 1429">
    <p class='ocr_par' dir='ltr' id='par_1_12' title="bbox 250 1354 1830 1429">
     <span class='ocr_line' id='line_1_12' title="bbox 250 1354 1830 1429; baseline -0.004 -12"><span class='ocrx_word' id='word_1_74' title='bbox 250 1371 456 1427; x_wconf 85' lang='lat' dir='ltr'><strong>cantes,</strong></span> <span class='ocrx_word' id='word_1_75' title='bbox 492 1376 562 1416; x_wconf 90' lang='lat' dir='ltr'><strong>ne</strong></span> <span class='ocrx_word' id='word_1_76' title='bbox 614 1360 879 1415; x_wconf 85' lang='lat' dir='ltr'><strong>inducatis</strong></span> <span class='ocrx_word' id='word_1_77' title='bbox 926 1357 1212 1429; x_wconf 87' lang='lat' dir='ltr'><strong>quamdam</strong></span> <span class='ocrx_word' id='word_1_78' title='bbox 1258 1357 1489 1428; x_wconf 89' lang='lat' dir='ltr'><strong>speciem</strong></span> <span class='ocrx_word' id='word_1_79' title='bbox 1532 1354 1830 1418; x_wconf 88' lang='lat' dir='ltr'><strong>divisionis,</strong></span> 
     </span>
    </p>
   </div>
   <div class='ocr_carea' id='block_1_13' title="bbox 248 1448 1834 1518">
    <p class='ocr_par' dir='ltr' id='par_1_13' title="bbox 248 1448 1834 1518">
     <span class='ocr_line' id='line_1_13' title="bbox 248 1448 1834 1518; baseline -0.006 -9"><span class='ocrx_word' id='word_1_80' title='bbox 248 1452 339 1510; x_wconf 83' lang='lat' dir='ltr'><strong>sed</strong></span> <span class='ocrx_word' id='word_1_81' title='bbox 362 1466 529 1508; x_wconf 88' lang='lat' dir='ltr'><strong>unum</strong></span> <span class='ocrx_word' id='word_1_82' title='bbox 556 1459 617 1507; x_wconf 89' lang='lat' dir='ltr'><strong>et</strong></span> <span class='ocrx_word' id='word_1_83' title='bbox 642 1451 889 1506; x_wconf 88' lang='lat' dir='ltr'><strong>eumdem</strong></span> <span class='ocrx_word' id='word_1_84' title='bbox 910 1451 1176 1506; x_wconf 84' lang='lat' dir='ltr'><strong>honorate</strong></span> <span class='ocrx_word' id='word_1_85' title='bbox 1201 1469 1214 1505; x_wconf 88' lang='lat'><strong>:</strong></span> <span class='ocrx_word' id='word_1_86' title='bbox 1243 1448 1369 1518; x_wconf 90' lang='lat' dir='ltr'><strong>quia</strong></span> <span class='ocrx_word' id='word_1_87' title='bbox 1396 1464 1507 1504; x_wconf 90' lang='lat' dir='ltr'><strong>non</strong></span> <span class='ocrx_word' id='word_1_88' title='bbox 1530 1456 1612 1503; x_wconf 90' lang='lat' dir='ltr'><strong>est</strong></span> <span class='ocrx_word' id='word_1_89' title='bbox 1637 1459 1834 1516; x_wconf 89' lang='lat' dir='ltr'><strong>corpus</strong></span> 
     </span>
    </p>
   </div>
   <div class='ocr_carea' id='block_1_14' title="bbox 247 1539 1832 1616">
    <p class='ocr_par' dir='ltr' id='par_1_14' title="bbox 247 1539 1832 1616">
     <span class='ocr_line' id='line_1_14' title="bbox 247 1539 1832 1616; baseline -0.004 -14"><span class='ocrx_word' id='word_1_90' title='bbox 247 1561 402 1602; x_wconf 84' lang='lat' dir='ltr'><strong>suum</strong></span> <span class='ocrx_word' id='word_1_91' title='bbox 432 1546 603 1616; x_wconf 90' lang='lat' dir='ltr'><strong>(cum</strong></span> <span class='ocrx_word' id='word_1_92' title='bbox 649 1559 759 1613; x_wconf 90' lang='lat' dir='ltr'><strong>quo</strong></span> <span class='ocrx_word' id='word_1_93' title='bbox 787 1543 952 1599; x_wconf 89' lang='lat' dir='ltr'><strong>etiam</strong></span> <span class='ocrx_word' id='word_1_94' title='bbox 982 1544 1099 1611; x_wconf 89' lang='lat' dir='ltr'><strong>ipse</strong></span> <span class='ocrx_word' id='word_1_95' title='bbox 1147 1542 1347 1597; x_wconf 87' lang='lat' dir='ltr'><strong>assidet</strong></span> <span class='ocrx_word' id='word_1_96' title='bbox 1383 1539 1547 1609; x_wconf 85' lang='lat' dir='ltr'><strong>Patri)</strong></span> <span class='ocrx_word' id='word_1_97' title='bbox 1578 1555 1611 1593; x_wconf 86' lang='lat' dir='ltr'><strong>a</strong></span> <span class='ocrx_word' id='word_1_98' title='bbox 1653 1539 1832 1595; x_wconf 84' lang='lat' dir='ltr'><strong>Verbo</strong></span> 
     </span>
    </p>
   </div>
   <div class='ocr_carea' id='block_1_15' title="bbox 246 1631 1832 1702">
    <p class='ocr_par' dir='ltr' id='par_1_15' title="bbox 246 1631 1832 1702">
     <span class='ocr_line' id='line_1_15' title="bbox 246 1631 1832 1702; baseline -0.003 -11"><span class='ocrx_word' id='word_1_99' title='bbox 246 1637 504 1691; x_wconf 87' lang='lat' dir='ltr'><strong>alienum.</strong></span> <span class='ocrx_word' id='word_1_100' title='bbox 529 1634 641 1689; x_wconf 79' lang='lat' dir='ltr'><strong>Nec</strong></span> <span class='ocrx_word' id='word_1_101' title='bbox 666 1634 831 1688; x_wconf 90' lang='lat' dir='ltr'><strong>etiam</strong></span> <span class='ocrx_word' id='word_1_102' title='bbox 850 1632 1057 1688; x_wconf 86' lang='lat' dir='ltr'><strong>debetis</strong></span> <span class='ocrx_word' id='word_1_103' title='bbox 1076 1633 1388 1699; x_wconf 89' lang='lat' dir='ltr'><strong>contestari,</strong></span> <span class='ocrx_word' id='word_1_104' title='bbox 1411 1632 1563 1702; x_wconf 90' lang='lat' dir='ltr'><strong>quasi</strong></span> <span class='ocrx_word' id='word_1_105' title='bbox 1593 1631 1832 1688; x_wconf 84' lang='lat' dir='ltr'><strong>assiden-</strong></span> 
     </span>
    </p>
   </div>
   <div class='ocr_carea' id='block_1_16' title="bbox 246 1722 1827 1794">
    <p class='ocr_par' dir='ltr' id='par_1_16' title="bbox 246 1722 1827 1794">
     <span class='ocr_line' id='line_1_16' title="bbox 246 1722 1827 1794; baseline -0.004 -10"><span class='ocrx_word' id='word_1_106' title='bbox 246 1729 389 1784; x_wconf 80' lang='lat' dir='ltr'><strong>tibus</strong></span> <span class='ocrx_word' id='word_1_107' title='bbox 406 1726 620 1782; x_wconf 88' lang='lat' dir='ltr'><strong>duobus</strong></span> <span class='ocrx_word' id='word_1_108' title='bbox 648 1724 792 1792; x_wconf 88' lang='lat' dir='ltr'><strong>liliis,</strong></span> <span class='ocrx_word' id='word_1_109' title='bbox 819 1724 913 1778; x_wconf 91' lang='lat' dir='ltr'><strong>sed</strong></span> <span class='ocrx_word' id='word_1_110' title='bbox 945 1739 1052 1778; x_wconf 90' lang='lat' dir='ltr'><strong>uno</strong></span> <span class='ocrx_word' id='word_1_111' title='bbox 1079 1739 1202 1778; x_wconf 90' lang='lat' dir='ltr'><strong>cum</strong></span> <span class='ocrx_word' id='word_1_112' title='bbox 1228 1736 1392 1779; x_wconf 88' lang='lat' dir='ltr'><strong>carne</strong></span> <span class='ocrx_word' id='word_1_113' title='bbox 1419 1737 1517 1794; x_wconf 87' lang='lat' dir='ltr'><strong>per</strong></span> <span class='ocrx_word' id='word_1_114' title='bbox 1545 1722 1827 1777; x_wconf 88' lang='lat' dir='ltr'><strong>unitatem.</strong></span> 
     </span>
    </p>
   </div>
   <div class='ocr_carea' id='block_1_17' title="bbox 246 1809 1832 1878">
    <p class='ocr_par' dir='ltr' id='par_1_17' title="bbox 246 1809 1832 1878">
     <span class='ocr_line' id='line_1_17' title="bbox 246 1809 1832 1878; baseline -0.001 -10"><span class='ocrx_word' id='word_1_115' title='bbox 246 1813 520 1870; x_wconf 70' lang='lat' dir='ltr'><strong>Praeterea</strong></span> <span class='ocrx_word' id='word_1_116' title='bbox 579 1812 709 1867; x_wconf 79' lang='lat' dir='ltr'><strong>ﬁdes</strong></span> <span class='ocrx_word' id='word_1_117' title='bbox 747 1820 926 1867; x_wconf 89' lang='lat' dir='ltr'><strong>vestra</strong></span> <span class='ocrx_word' id='word_1_118' title='bbox 973 1810 1194 1866; x_wconf 89' lang='lat' dir='ltr'><strong>credere</strong></span> <span class='ocrx_word' id='word_1_119' title='bbox 1220 1810 1383 1866; x_wconf 89' lang='lat' dir='ltr'><strong>debet</strong></span> <span class='ocrx_word' id='word_1_120' title='bbox 1419 1809 1563 1878; x_wconf 87' lang='lat' dir='ltr'><strong>quod</strong></span> <span class='ocrx_word' id='word_1_121' title='bbox 1591 1809 1832 1867; x_wconf 82' lang='lat' dir='ltr'><strong>Christus</strong></span> 
     </span>
    </p>
   </div>
   <div class='ocr_carea' id='block_1_18' title="bbox 1941 617 3515 690">
    <p class='ocr_par' dir='ltr' id='par_1_18' title="bbox 1941 617 3515 690">
     <span class='ocr_line' id='line_1_18' title="bbox 1941 617 3515 690; baseline 0.002 -17"><span class='ocrx_word' id='word_1_122' title='bbox 1941 618 2123 674; x_wconf 89' lang='lat' dir='ltr'><strong>racula</strong></span> <span class='ocrx_word' id='word_1_123' title='bbox 2159 633 2258 690; x_wconf 89' lang='lat' dir='ltr'><strong>per</strong></span> <span class='ocrx_word' id='word_1_124' title='bbox 2301 631 2492 673; x_wconf 88' lang='lat' dir='ltr'><strong>manus</strong></span> <span class='ocrx_word' id='word_1_125' title='bbox 2532 623 2841 673; x_wconf 90' lang='lat' dir='ltr'><strong>sanctorum</strong></span> <span class='ocrx_word' id='word_1_126' title='bbox 2870 617 3237 688; x_wconf 88' lang='lat' dir='ltr'><strong>apostolorum</strong></span> <span class='ocrx_word' id='word_1_127' title='bbox 3285 619 3515 685; x_wconf 83' lang='lat' dir='ltr'><strong>faciens,</strong></span> 
     </span>
    </p>
   </div>
   <div class='ocr_carea' id='block_1_19' title="bbox 1940 706 3521 780">
    <p class='ocr_par' dir='ltr' id='par_1_19' title="bbox 1940 706 3521 780">
     <span class='ocr_line' id='line_1_19' title="bbox 1940 706 3521 780; baseline 0.001 -16"><span class='ocrx_word' id='word_1_128' title='bbox 1940 709 2110 764; x_wconf 91' lang='lat' dir='ltr'><strong>Deum</strong></span> <span class='ocrx_word' id='word_1_129' title='bbox 2154 708 2486 778; x_wconf 81' lang='lat' dir='ltr'><strong>gloriﬁcahat</strong></span> <span class='ocrx_word' id='word_1_130' title='bbox 2529 706 2711 763; x_wconf 72' lang='lat' dir='ltr'><strong>Iesum</strong></span> <span class='ocrx_word' id='word_1_131' title='bbox 2763 706 3056 777; x_wconf 84' lang='lat' dir='ltr'><strong>Christum,</strong></span> <span class='ocrx_word' id='word_1_132' title='bbox 3094 717 3378 780; x_wconf 87' lang='lat' dir='ltr'><strong>postquam</strong></span> <span class='ocrx_word' id='word_1_133' title='bbox 3421 724 3521 780; x_wconf 87' lang='lat' dir='ltr'><strong>per</strong></span> 
     </span>
    </p>
   </div>
   <div class='ocr_carea' id='block_1_20' title="bbox 1938 788 3519 874">
    <p class='ocr_par' dir='ltr' id='par_1_20' title="bbox 1938 788 3519 874">
     <span class='ocr_line' id='line_1_20' title="bbox 1938 788 3519 874; baseline 0.002 -18"><span class='ocrx_word' id='word_1_134' title='bbox 1938 802 2224 871; x_wconf 76' lang='lat' dir='ltr'><strong>gloriosam</strong></span> <span class='ocrx_word' id='word_1_135' title='bbox 2246 800 2693 857; x_wconf 87' lang='lat' dir='ltr'><strong>resurrectionem</strong></span> <span class='ocrx_word' id='word_1_136' title='bbox 2721 817 2871 857; x_wconf 91' lang='lat' dir='ltr'><strong>suam</strong></span> <span class='ocrx_word' id='word_1_137' title='bbox 2902 802 2954 856; x_wconf 91' lang='lat' dir='ltr'><strong>in</strong></span> <span class='ocrx_word' id='word_1_138' title='bbox 2993 802 3187 857; x_wconf 71' lang='lat' dir='ltr'><strong>caelum</strong></span> <span class='ocrx_word' id='word_1_139' title='bbox 3216 788 3381 874; x_wconf 77' lang='lat' dir='ltr'><strong>(unde</strong></span> <span class='ocrx_word' id='word_1_140' title='bbox 3415 818 3519 873; x_wconf 83' lang='lat' dir='ltr'><strong>pro</strong></span> 
     </span>
    </p>
   </div>
   <div class='ocr_carea' id='block_1_21' title="bbox 1939 893 3519 964">
    <p class='ocr_par' dir='ltr' id='par_1_21' title="bbox 1939 893 3519 964">
     <span class='ocr_line' id='line_1_21' title="bbox 1939 893 3519 964; baseline 0.001 -15"><span class='ocrx_word' id='word_1_141' title='bbox 1939 894 2258 950; x_wconf 84' lang='lat' dir='ltr'><strong>liberatione</strong></span> <span class='ocrx_word' id='word_1_142' title='bbox 2280 893 2578 948; x_wconf 88' lang='lat' dir='ltr'><strong>animarum</strong></span> <span class='ocrx_word' id='word_1_143' title='bbox 2601 900 2905 948; x_wconf 90' lang='lat' dir='ltr'><strong>nostrarum</strong></span> <span class='ocrx_word' id='word_1_144' title='bbox 2926 893 3299 964; x_wconf 83' lang='lat' dir='ltr'><strong>descenderat)</strong></span> <span class='ocrx_word' id='word_1_145' title='bbox 3330 910 3519 950; x_wconf 86' lang='lat' dir='ltr'><strong>ascen-</strong></span> 
     </span>
    </p>
   </div>
   <div class='ocr_carea' id='block_1_22' title="bbox 1937 985 3520 1041">
    <p class='ocr_par' dir='ltr' id='par_1_22' title="bbox 1937 985 3520 1041">
     <span class='ocr_line' id='line_1_22' title="bbox 1937 985 3520 1041; baseline 0.001 -1"><span class='ocrx_word' id='word_1_146' title='bbox 1937 986 2016 1041; x_wconf 92' lang='lat' dir='ltr'><strong>dit</strong></span> <span class='ocrx_word' id='word_1_147' title='bbox 2043 1004 2055 1039; x_wconf 90' lang='lat'><strong>:</strong></span> <span class='ocrx_word' id='word_1_148' title='bbox 2084 985 2208 1041; x_wconf 93' lang='lat' dir='ltr'><strong>ideo</strong></span> <span class='ocrx_word' id='word_1_149' title='bbox 2232 1001 2262 1040; x_wconf 92' lang='lat' dir='ltr'><strong>a</strong></span> <span class='ocrx_word' id='word_1_150' title='bbox 2289 985 2444 1041; x_wconf 90' lang='lat' dir='ltr'><strong>nobis</strong></span> <span class='ocrx_word' id='word_1_151' title='bbox 2462 992 2517 1040; x_wconf 90' lang='lat' dir='ltr'><strong>et</strong></span> <span class='ocrx_word' id='word_1_152' title='bbox 2538 985 2805 1040; x_wconf 90' lang='lat' dir='ltr'><strong>nonnullis</strong></span> <span class='ocrx_word' id='word_1_153' title='bbox 2823 985 3101 1041; x_wconf 89' lang='lat' dir='ltr'><strong>catholicis</strong></span> <span class='ocrx_word' id='word_1_154' title='bbox 3123 986 3249 1041; x_wconf 89' lang='lat' dir='ltr'><strong>viris</strong></span> <span class='ocrx_word' id='word_1_155' title='bbox 3277 985 3520 1041; x_wconf 84' lang='lat' dir='ltr'><strong>Christus</strong></span> 
     </span>
    </p>
   </div>
   <div class='ocr_carea' id='block_1_23' title="bbox 1938 1075 3519 1147">
    <p class='ocr_par' dir='ltr' id='par_1_23' title="bbox 1938 1075 3519 1147">
     <span class='ocr_line' id='line_1_23' title="bbox 1938 1075 3519 1147; baseline -0.001 -15"><span class='ocrx_word' id='word_1_156' title='bbox 1938 1076 2177 1132; x_wconf 89' lang='lat' dir='ltr'><strong>creditur</strong></span> <span class='ocrx_word' id='word_1_157' title='bbox 2220 1076 2362 1132; x_wconf 90' lang='lat' dir='ltr'><strong>Deus</strong></span> <span class='ocrx_word' id='word_1_158' title='bbox 2415 1084 2608 1131; x_wconf 88' lang='lat' dir='ltr'><strong>natura</strong></span> <span class='ocrx_word' id='word_1_159' title='bbox 2654 1076 2909 1142; x_wconf 79' lang='lat' dir='ltr'><strong>existens,</strong></span> <span class='ocrx_word' id='word_1_160' title='bbox 2938 1092 3035 1147; x_wconf 91' lang='lat' dir='ltr'><strong>per</strong></span> <span class='ocrx_word' id='word_1_161' title='bbox 3075 1075 3333 1147; x_wconf 89' lang='lat' dir='ltr'><strong>Spiritum</strong></span> <span class='ocrx_word' id='word_1_162' title='bbox 3361 1092 3519 1131; x_wconf 90' lang='lat' dir='ltr'><strong>suum</strong></span> 
     </span>
    </p>
   </div>
   <div class='ocr_carea' id='block_1_24' title="bbox 1940 1167 3519 1240">
    <p class='ocr_par' dir='ltr' id='par_1_24' title="bbox 1940 1167 3519 1240">
     <span class='ocr_line' id='line_1_24' title="bbox 1940 1167 3519 1240; baseline -0.001 -15"><span class='ocrx_word' id='word_1_163' title='bbox 1940 1170 2163 1226; x_wconf 79' lang='lat' dir='ltr'><strong>virtutes</strong></span> <span class='ocrx_word' id='word_1_164' title='bbox 2190 1177 2244 1225; x_wconf 90' lang='lat' dir='ltr'><strong>et</strong></span> <span class='ocrx_word' id='word_1_165' title='bbox 2270 1169 2500 1239; x_wconf 91' lang='lat' dir='ltr'><strong>gloriosa</strong></span> <span class='ocrx_word' id='word_1_166' title='bbox 2528 1167 2783 1224; x_wconf 88' lang='lat' dir='ltr'><strong>miracula</strong></span> <span class='ocrx_word' id='word_1_167' title='bbox 2812 1169 3057 1238; x_wconf 76' lang='lat' dir='ltr'><strong>gentibus</strong></span> <span class='ocrx_word' id='word_1_168' title='bbox 3084 1183 3182 1240; x_wconf 92' lang='lat' dir='ltr'><strong>per</strong></span> <span class='ocrx_word' id='word_1_169' title='bbox 3208 1170 3519 1225; x_wconf 90' lang='lat' dir='ltr'><strong>universum</strong></span> 
     </span>
    </p>
   </div>
   <div class='ocr_carea' id='block_1_25' title="bbox 1937 1262 3519 1337">
    <p class='ocr_par' dir='ltr' id='par_1_25' title="bbox 1937 1262 3519 1337">
     <span class='ocr_line' id='line_1_25' title="bbox 1937 1262 3519 1337; baseline 0.001 -19"><span class='ocrx_word' id='word_1_170' title='bbox 1937 1263 2123 1318; x_wconf 91' lang='lat' dir='ltr'><strong>orbem</strong></span> <span class='ocrx_word' id='word_1_171' title='bbox 2148 1262 2403 1333; x_wconf 90' lang='lat' dir='ltr'><strong>dispersis</strong></span> <span class='ocrx_word' id='word_1_172' title='bbox 2430 1263 2823 1318; x_wconf 79' lang='lat' dir='ltr'><strong>demonstrans.</strong></span> <span class='ocrx_word' id='word_1_173' title='bbox 2854 1262 2981 1319; x_wconf 90' lang='lat' dir='ltr'><strong>Inde</strong></span> <span class='ocrx_word' id='word_1_174' title='bbox 3020 1263 3233 1337; x_wconf 86' lang='lat' dir='ltr'><strong>dicebat</strong></span> <span class='ocrx_word' id='word_1_175' title='bbox 3260 1263 3519 1320; x_wconf 83' lang='lat' dir='ltr'><strong>Dominus</strong></span> 
     </span>
    </p>
   </div>
   <div class='ocr_carea' id='block_1_26' title="bbox 1934 1355 3519 1428">
    <p class='ocr_par' dir='ltr' id='par_1_26' title="bbox 1934 1355 3519 1428">
     <span class='ocr_line' id='line_1_26' title="bbox 1934 1355 3519 1428; baseline 0 -16"><span class='ocrx_word' id='word_1_176' title='bbox 1934 1367 2119 1413; x_wconf 89' lang='lat' dir='ltr'><strong>noster</strong></span> <span class='ocrx_word' id='word_1_177' title='bbox 2145 1356 2300 1413; x_wconf 82' lang='lat' dir='ltr'><strong>Jesus</strong></span> <span class='ocrx_word' id='word_1_178' title='bbox 2326 1355 2589 1423; x_wconf 89' lang='lat' dir='ltr'><strong>Christus,</strong></span> <span class='ocrx_word' id='word_1_179' title='bbox 2612 1358 2731 1428; x_wconf 85' lang='lat' dir='ltr'><strong>quia</strong></span> <span class='ocrx_word' id='word_1_180' title='bbox 2759 1357 2824 1411; x_wconf 88' lang='lat' dir='ltr'><strong>de</strong></span> <span class='ocrx_word' id='word_1_181' title='bbox 2845 1374 2956 1411; x_wconf 85' lang='lat' dir='ltr'><strong>meo</strong></span> <span class='ocrx_word' id='word_1_182' title='bbox 2978 1359 3211 1427; x_wconf 80' lang='lat' dir='ltr'><strong>accipiet,</strong></span> <span class='ocrx_word' id='word_1_183' title='bbox 3243 1367 3293 1412; x_wconf 89' lang='lat' dir='ltr'><strong>et</strong></span> <span class='ocrx_word' id='word_1_184' title='bbox 3314 1375 3519 1412; x_wconf 83' lang='lat' dir='ltr'><strong>annun-</strong></span> 
     </span>
    </p>
   </div>
   <div class='ocr_carea' id='block_1_27' title="bbox 1934 1447 3518 1519">
    <p class='ocr_par' dir='ltr' id='par_1_27' title="bbox 1934 1447 3518 1519">
     <span class='ocr_line' id='line_1_27' title="bbox 1934 1447 3518 1519; baseline 0.001 -15"><span class='ocrx_word' id='word_1_185' title='bbox 1934 1448 2085 1504; x_wconf 87' lang='lat' dir='ltr'><strong>tiabit</strong></span> <span class='ocrx_word' id='word_1_186' title='bbox 2111 1448 2270 1503; x_wconf 61' lang='lat' dir='ltr'><strong>robii.</strong></span> <span class='ocrx_word' id='word_1_187' title='bbox 2300 1447 2406 1504; x_wconf 90' lang='lat' dir='ltr'><strong>Sed</strong></span> <span class='ocrx_word' id='word_1_188' title='bbox 2456 1463 2794 1518; x_wconf 89' lang='lat' dir='ltr'><strong>nequaquam</strong></span> <span class='ocrx_word' id='word_1_189' title='bbox 2848 1448 2986 1504; x_wconf 90' lang='lat' dir='ltr'><strong>idem</strong></span> <span class='ocrx_word' id='word_1_190' title='bbox 3032 1448 3260 1519; x_wconf 90' lang='lat' dir='ltr'><strong>Spiritus</strong></span> <span class='ocrx_word' id='word_1_191' title='bbox 3302 1459 3518 1507; x_wconf 82' lang='lat' dir='ltr'><strong>sanctus</strong></span> 
     </span>
    </p>
   </div>
   <div class='ocr_carea' id='block_1_28' title="bbox 1934 1540 3562 1612">
    <p class='ocr_par' dir='ltr' id='par_1_28' title="bbox 1934 1540 3562 1612">
     <span class='ocr_line' id='line_1_28' title="bbox 1934 1540 3562 1612; baseline -0.001 -15"><span class='ocrx_word' id='word_1_192' title='bbox 1934 1542 2156 1597; x_wconf 89' lang='lat' dir='ltr'><strong>alterius</strong></span> <span class='ocrx_word' id='word_1_193' title='bbox 2208 1540 2620 1612; x_wconf 83' lang='lat' dir='ltr'><strong>participatione</strong></span> <span class='ocrx_word' id='word_1_194' title='bbox 2666 1547 2860 1609; x_wconf 89' lang='lat' dir='ltr'><strong>potens</strong></span> <span class='ocrx_word' id='word_1_195' title='bbox 2910 1548 3004 1594; x_wconf 88' lang='lat' dir='ltr'><strong>aut</strong></span> <span class='ocrx_word' id='word_1_196' title='bbox 3044 1542 3259 1610; x_wconf 89' lang='lat' dir='ltr'><strong>sapiens</strong></span> <span class='ocrx_word' id='word_1_197' title='bbox 3299 1541 3513 1609; x_wconf 90' lang='lat' dir='ltr'><strong>dicitur,</strong></span> <span class='ocrx_word' id='word_1_198' title='bbox 3552 1546 3562 1557; x_wconf 91' lang='lat'><strong>‘</strong></span> 
     </span>
    </p>
   </div>
   <div class='ocr_carea' id='block_1_29' title="bbox 1932 1630 3515 1703">
    <p class='ocr_par' dir='ltr' id='par_1_29' title="bbox 1932 1630 3515 1703">
     <span class='ocr_line' id='line_1_29' title="bbox 1932 1630 3515 1703; baseline -0.001 -16"><span class='ocrx_word' id='word_1_199' title='bbox 1932 1634 2059 1702; x_wconf 86' lang='lat' dir='ltr'><strong>quia</strong></span> <span class='ocrx_word' id='word_1_200' title='bbox 2081 1632 2352 1703; x_wconf 84' lang='lat' dir='ltr'><strong>perfectus</strong></span> <span class='ocrx_word' id='word_1_201' title='bbox 2378 1642 2461 1688; x_wconf 91' lang='lat' dir='ltr'><strong>est</strong></span> <span class='ocrx_word' id='word_1_202' title='bbox 2489 1646 2586 1701; x_wconf 89' lang='lat' dir='ltr'><strong>per</strong></span> <span class='ocrx_word' id='word_1_203' title='bbox 2614 1631 2794 1686; x_wconf 84' lang='lat' dir='ltr'><strong>omnia</strong></span> <span class='ocrx_word' id='word_1_204' title='bbox 2822 1639 2878 1686; x_wconf 91' lang='lat' dir='ltr'><strong>et</strong></span> <span class='ocrx_word' id='word_1_205' title='bbox 2907 1630 2959 1684; x_wconf 91' lang='lat' dir='ltr'><strong>in</strong></span> <span class='ocrx_word' id='word_1_206' title='bbox 2989 1630 3257 1697; x_wconf 91' lang='lat' dir='ltr'><strong>omnibus,</strong></span> <span class='ocrx_word' id='word_1_207' title='bbox 3287 1640 3343 1685; x_wconf 90' lang='lat' dir='ltr'><strong>et</strong></span> <span class='ocrx_word' id='word_1_208' title='bbox 3370 1632 3515 1687; x_wconf 92' lang='lat' dir='ltr'><strong>nullo</strong></span> 
     </span>
    </p>
   </div>
   <div class='ocr_carea' id='block_1_30' title="bbox 1932 1719 3516 1794">
    <p class='ocr_par' dir='ltr' id='par_1_30' title="bbox 1932 1719 3516 1794">
     <span class='ocr_line' id='line_1_30' title="bbox 1932 1719 3516 1794; baseline -0.001 -16"><span class='ocrx_word' id='word_1_209' title='bbox 1932 1724 2145 1794; x_wconf 89' lang='lat' dir='ltr'><strong>penitus</strong></span> <span class='ocrx_word' id='word_1_210' title='bbox 2188 1723 2432 1793; x_wconf 77' lang='lat' dir='ltr'><strong>indigens</strong></span> <span class='ocrx_word' id='word_1_211' title='bbox 2457 1723 2624 1778; x_wconf 92' lang='lat' dir='ltr'><strong>bono.</strong></span> <span class='ocrx_word' id='word_1_212' title='bbox 2653 1719 2787 1776; x_wconf 82' lang='lat' dir='ltr'><strong>Nam</strong></span> <span class='ocrx_word' id='word_1_213' title='bbox 2827 1729 3065 1791; x_wconf 73' lang='lat' dir='ltr'><strong>paterna:</strong></span> <span class='ocrx_word' id='word_1_214' title='bbox 3086 1722 3298 1777; x_wconf 89' lang='lat' dir='ltr'><strong>virtutis</strong></span> <span class='ocrx_word' id='word_1_215' title='bbox 3344 1732 3399 1777; x_wconf 89' lang='lat' dir='ltr'><strong>et</strong></span> <span class='ocrx_word' id='word_1_216' title='bbox 3425 1739 3516 1777; x_wconf 91' lang='lat' dir='ltr'><strong>sa-</strong></span> 
     </span>
    </p>
   </div>
   <div class='ocr_carea' id='block_1_31' title="bbox 1934 1814 3515 1889">
    <p class='ocr_par' dir='ltr' id='par_1_31' title="bbox 1934 1814 3515 1889">
     <span class='ocr_line' id='line_1_31' title="bbox 1934 1814 3515 1889; baseline -0.003 -17"><span class='ocrx_word' id='word_1_217' title='bbox 1934 1817 2147 1889; x_wconf 74' lang='lat' dir='ltr'><strong>pientia:</strong></span> <span class='ocrx_word' id='word_1_218' title='bbox 2176 1816 2431 1885; x_wconf 66' lang='lat' dir='ltr'><strong>caelestis,</strong></span> <span class='ocrx_word' id='word_1_219' title='bbox 2462 1816 2513 1870; x_wconf 93' lang='lat' dir='ltr'><strong>id</strong></span> <span class='ocrx_word' id='word_1_220' title='bbox 2543 1824 2627 1871; x_wconf 91' lang='lat' dir='ltr'><strong>est</strong></span> <span class='ocrx_word' id='word_1_221' title='bbox 2654 1815 2794 1882; x_wconf 85' lang='lat' dir='ltr'><strong>Filii,</strong></span> <span class='ocrx_word' id='word_1_222' title='bbox 2835 1814 3064 1886; x_wconf 88' lang='lat' dir='ltr'><strong>Spiritus</strong></span> <span class='ocrx_word' id='word_1_223' title='bbox 3093 1824 3311 1870; x_wconf 89' lang='lat' dir='ltr'><strong>sanctus</strong></span> <span class='ocrx_word' id='word_1_224' title='bbox 3340 1815 3515 1869; x_wconf 85' lang='lat' dir='ltr'><strong>credi-</strong></span> 
     </span>
    </p>
   </div>
   <div class='ocr_carea' id='block_1_32' title="bbox 246 1901 3516 1978">
    <p class='ocr_par' dir='ltr' id='par_1_32' title="bbox 246 1901 3516 1978">
     <span class='ocr_line' id='line_1_32' title="bbox 246 1901 3516 1978; baseline -0.002 -13"><span class='ocrx_word' id='word_1_225' title='bbox 246 1906 511 1962; x_wconf 84' lang='lat' dir='ltr'><strong>Deminus</strong></span> <span class='ocrx_word' id='word_1_226' title='bbox 529 1911 717 1960; x_wconf 80' lang='lat' dir='ltr'><strong>noster</strong></span> <span class='ocrx_word' id='word_1_227' title='bbox 743 1903 1010 1959; x_wconf 81' lang='lat' dir='ltr'><strong>mediator</strong></span> <span class='ocrx_word' id='word_1_228' title='bbox 1038 1902 1131 1957; x_wconf 87' lang='lat' dir='ltr'><strong>Dei</strong></span> <span class='ocrx_word' id='word_1_229' title='bbox 1152 1914 1205 1957; x_wconf 79' lang='lat' dir='ltr'><strong>et</strong></span> <span class='ocrx_word' id='word_1_230' title='bbox 1235 1902 1510 1958; x_wconf 81' lang='lat' dir='ltr'><strong>hominum</strong></span> <span class='ocrx_word' id='word_1_231' title='bbox 1532 1901 1703 1957; x_wconf 72' lang='lat' dir='ltr'><strong>factus</strong></span> <span class='ocrx_word' id='word_1_232' title='bbox 1732 1910 1834 1971; x_wconf 77' lang='lat' dir='ltr'><strong>est.</strong></span> <span class='ocrx_word' id='word_1_233' title='bbox 1871 1905 1912 1965; x_wconf 85' lang='grc' dir='ltr'><strong><em>Β</em></strong></span> <span class='ocrx_word' id='word_1_234' title='bbox 1941 1918 2049 1977; x_wconf 88' lang='lat' dir='ltr'><strong>tur,</strong></span> <span class='ocrx_word' id='word_1_235' title='bbox 2080 1917 2136 1964; x_wconf 92' lang='lat' dir='ltr'><strong>et</strong></span> <span class='ocrx_word' id='word_1_236' title='bbox 2166 1908 2361 1964; x_wconf 87' lang='lat' dir='ltr'><strong>idcirco</strong></span> <span class='ocrx_word' id='word_1_237' title='bbox 2385 1908 2497 1978; x_wconf 88' lang='lat' dir='ltr'><strong>ipsa</strong></span> <span class='ocrx_word' id='word_1_238' title='bbox 2526 1923 2586 1963; x_wconf 91' lang='lat' dir='ltr'><strong>re</strong></span> <span class='ocrx_word' id='word_1_239' title='bbox 2622 1915 2677 1963; x_wconf 89' lang='lat' dir='ltr'><strong>et</strong></span> <span class='ocrx_word' id='word_1_240' title='bbox 2696 1908 2894 1962; x_wconf 87' lang='lat' dir='ltr'><strong>virtute</strong></span> <span class='ocrx_word' id='word_1_241' title='bbox 2919 1907 3242 1963; x_wconf 82' lang='lat' dir='ltr'><strong>subsistente</strong></span> <span class='ocrx_word' id='word_1_242' title='bbox 3262 1907 3431 1962; x_wconf 89' lang='lat' dir='ltr'><strong>virtus</strong></span> <span class='ocrx_word' id='word_1_243' title='bbox 3460 1914 3516 1961; x_wconf 89' lang='lat' dir='ltr'><strong>et</strong></span> 
     </span>
    </p>
   </div>
   <div class='ocr_carea' id='block_1_33' title="bbox 250 1986 1831 2066">
    <p class='ocr_par' dir='ltr' id='par_1_33' title="bbox 250 1986 1831 2066">
     <span class='ocr_line' id='line_1_33' title="bbox 250 1986 1831 2066; baseline -0.005 -12"><span class='ocrx_word' id='word_1_244' title='bbox 250 2006 302 2054; x_wconf 83' lang='lat' dir='ltr'><strong>et</strong></span> <span class='ocrx_word' id='word_1_245' title='bbox 322 1997 709 2053; x_wconf 88' lang='lat' dir='ltr'><strong>reconciliator</strong></span> <span class='ocrx_word' id='word_1_246' title='bbox 727 1995 793 2048; x_wconf 83' lang='lat' dir='ltr'><strong>ad</strong></span> <span class='ocrx_word' id='word_1_247' title='bbox 823 2009 1011 2066; x_wconf 91' lang='lat' dir='ltr'><strong>pacem</strong></span> <span class='ocrx_word' id='word_1_248' title='bbox 1042 1994 1153 2049; x_wconf 90' lang='lat' dir='ltr'><strong>Deo</strong></span> <span class='ocrx_word' id='word_1_249' title='bbox 1182 1992 1326 2047; x_wconf 89' lang='lat' dir='ltr'><strong>Patri</strong></span> <span class='ocrx_word' id='word_1_250' title='bbox 1356 2008 1453 2064; x_wconf 91' lang='lat' dir='ltr'><strong>pro</strong></span> <span class='ocrx_word' id='word_1_251' title='bbox 1481 1993 1636 2049; x_wconf 85' lang='lat' dir='ltr'><strong>nobis</strong></span> <span class='ocrx_word' id='word_1_252' title='bbox 1653 2033 1671 2057; x_wconf 90' lang='lat'><strong>,</strong></span> <span class='ocrx_word' id='word_1_253' title='bbox 1688 1986 1831 2047; x_wconf 69' lang='grc' dir='ltr'><strong>ὀπε-</strong></span> 
     </span>
    </p>
   </div>
   <div class='ocr_carea' id='block_1_34' title="bbox 250 2084 1837 2155">
    <p class='ocr_par' dir='ltr' id='par_1_34' title="bbox 250 2084 1837 2155">
     <span class='ocr_line' id='line_1_34' title="bbox 250 2084 1837 2155; baseline -0.003 -11"><span class='ocrx_word' id='word_1_254' title='bbox 250 2106 373 2145; x_wconf 86' lang='lat' dir='ltr'><strong>rens</strong></span> <span class='ocrx_word' id='word_1_255' title='bbox 397 2105 460 2144; x_wconf 91' lang='lat' dir='ltr'><strong>se</strong></span> <span class='ocrx_word' id='word_1_256' title='bbox 490 2089 545 2143; x_wconf 93' lang='lat' dir='ltr'><strong>in</strong></span> <span class='ocrx_word' id='word_1_257' title='bbox 571 2088 793 2143; x_wconf 88' lang='lat' dir='ltr'><strong>odorem</strong></span> <span class='ocrx_word' id='word_1_258' title='bbox 822 2086 1123 2141; x_wconf 77' lang='lat' dir='ltr'><strong>suavitatis.</strong></span> <span class='ocrx_word' id='word_1_259' title='bbox 1153 2085 1279 2140; x_wconf 86' lang='lat' dir='ltr'><strong>Ideo</strong></span> <span class='ocrx_word' id='word_1_260' title='bbox 1324 2085 1465 2140; x_wconf 90' lang='lat' dir='ltr'><strong>enim</strong></span> <span class='ocrx_word' id='word_1_261' title='bbox 1502 2084 1712 2139; x_wconf 76' lang='lat' dir='ltr'><strong>dicebat</strong></span> <span class='ocrx_word' id='word_1_262' title='bbox 1742 2100 1837 2155; x_wconf 89' lang='lat' dir='ltr'><strong>per</strong></span> 
     </span>
    </p>
   </div>
   <div class='ocr_carea' id='block_1_35' title="bbox 247 2177 1837 2253">
    <p class='ocr_par' dir='ltr' id='par_1_35' title="bbox 247 2177 1837 2253">
     <span class='ocr_line' id='line_1_35' title="bbox 247 2177 1837 2253; baseline -0.004 -16"><span class='ocrx_word' id='word_1_263' title='bbox 247 2183 571 2253; x_wconf 80' lang='lat' dir='ltr'><strong>prophetam</strong></span> <span class='ocrx_word' id='word_1_264' title='bbox 606 2199 618 2233; x_wconf 90' lang='lat'><strong>:</strong></span> <span class='ocrx_word' id='word_1_265' title='bbox 648 2179 979 2249; x_wconf 81' lang='lat' dir='ltr'><strong>Sacriﬁcium</strong></span> <span class='ocrx_word' id='word_1_266' title='bbox 1001 2186 1050 2232; x_wconf 89' lang='lat' dir='ltr'><strong>et</strong></span> <span class='ocrx_word' id='word_1_267' title='bbox 1076 2177 1384 2232; x_wconf 81' lang='lat' dir='ltr'><strong>oblationem</strong></span> <span class='ocrx_word' id='word_1_268' title='bbox 1419 2178 1658 2243; x_wconf 80' lang='lat' dir='ltr'><strong>noluisti;</strong></span> <span class='ocrx_word' id='word_1_269' title='bbox 1689 2178 1837 2232; x_wconf 76' lang='lat' dir='ltr'><strong>Italo-</strong></span> 
     </span>
    </p>
   </div>
   <div class='ocr_carea' id='block_1_36' title="bbox 247 2266 1835 2341">
    <p class='ocr_par' dir='ltr' id='par_1_36' title="bbox 247 2266 1835 2341">
     <span class='ocr_line' id='line_1_36' title="bbox 247 2266 1835 2341; baseline -0.004 -14"><span class='ocrx_word' id='word_1_270' title='bbox 247 2281 423 2327; x_wconf 72' lang='lat' dir='ltr'><strong>cauata</strong></span> <span class='ocrx_word' id='word_1_271' title='bbox 447 2288 547 2341; x_wconf 81' lang='lat' dir='ltr'><strong>pro</strong></span> <span class='ocrx_word' id='word_1_272' title='bbox 585 2279 793 2340; x_wconf 86' lang='lat' dir='ltr'><strong>peccato</strong></span> <span class='ocrx_word' id='word_1_273' title='bbox 830 2285 935 2322; x_wconf 82' lang='lat' dir='ltr'><strong>non</strong></span> <span class='ocrx_word' id='word_1_274' title='bbox 978 2266 1068 2321; x_wconf 84' lang='lat' dir='ltr'><strong>tibi</strong></span> <span class='ocrx_word' id='word_1_275' title='bbox 1090 2269 1431 2337; x_wconf 81' lang='lat' dir='ltr'><strong>placuerunt,,</strong></span> <span class='ocrx_word' id='word_1_276' title='bbox 1457 2283 1639 2335; x_wconf 79' lang='lat' dir='ltr'><strong>corpus</strong></span> <span class='ocrx_word' id='word_1_277' title='bbox 1667 2278 1835 2321; x_wconf 86' lang='lat' dir='ltr'><strong>autem</strong></span> 
     </span>
    </p>
   </div>
   <div class='ocr_carea' id='block_1_37' title="bbox 247 2360 1833 2435">
    <p class='ocr_par' dir='ltr' id='par_1_37' title="bbox 247 2360 1833 2435">
     <span class='ocr_line' id='line_1_37' title="bbox 247 2360 1833 2435; baseline -0.003 -17"><span class='ocrx_word' id='word_1_278' title='bbox 247 2364 510 2435; x_wconf 66' lang='grc' dir='ltr'><strong>ρει-[τάδιὶ</strong></span> <span class='ocrx_word' id='word_1_279' title='bbox 537 2362 684 2417; x_wconf 83' lang='lat' dir='ltr'><strong>mihi.</strong></span> <span class='ocrx_word' id='word_1_280' title='bbox 711 2360 779 2415; x_wconf 83' lang='lat' dir='ltr'><strong>In</strong></span> <span class='ocrx_word' id='word_1_281' title='bbox 807 2362 975 2432; x_wconf 83' lang='lat' dir='ltr'><strong>capite</strong></span> <span class='ocrx_word' id='word_1_282' title='bbox 1003 2360 1255 2430; x_wconf 78' lang='lat' dir='ltr'><strong>scriptum</strong></span> <span class='ocrx_word' id='word_1_283' title='bbox 1275 2368 1350 2414; x_wconf 80' lang='lat' dir='ltr'><strong>est</strong></span> <span class='ocrx_word' id='word_1_284' title='bbox 1377 2360 1442 2414; x_wconf 88' lang='lat' dir='ltr'><strong>de</strong></span> <span class='ocrx_word' id='word_1_285' title='bbox 1467 2376 1566 2425; x_wconf 89' lang='lat' dir='ltr'><strong>me,</strong></span> <span class='ocrx_word' id='word_1_286' title='bbox 1609 2369 1664 2413; x_wconf 88' lang='lat' dir='ltr'><strong>ut</strong></span> <span class='ocrx_word' id='word_1_287' title='bbox 1692 2362 1833 2432; x_wconf 81' lang='lat' dir='ltr'><strong>[ace-</strong></span> 
     </span>
    </p>
   </div>
   <div class='ocr_carea' id='block_1_38' title="bbox 245 2448 1836 2523">
    <p class='ocr_par' dir='ltr' id='par_1_38' title="bbox 245 2448 1836 2523">
     <span class='ocr_line' id='line_1_38' title="bbox 245 2448 1836 2523; baseline -0.001 -13"><span class='ocrx_word' id='word_1_288' title='bbox 245 2474 346 2510; x_wconf 72' lang='lat' dir='ltr'><strong>rem</strong></span> <span class='ocrx_word' id='word_1_289' title='bbox 376 2456 694 2510; x_wconf 74' lang='lat' dir='ltr'><strong>voluntatem</strong></span> <span class='ocrx_word' id='word_1_290' title='bbox 740 2463 901 2519; x_wconf 84' lang='lat' dir='ltr'><strong>tuam,</strong></span> <span class='ocrx_word' id='word_1_291' title='bbox 933 2452 1093 2507; x_wconf 78' lang='lat' dir='ltr'><strong>Deus.</strong></span> <span class='ocrx_word' id='word_1_292' title='bbox 1139 2448 1418 2522; x_wconf 87' lang='lat' dir='ltr'><strong>Proprium</strong></span> <span class='ocrx_word' id='word_1_293' title='bbox 1444 2453 1586 2507; x_wconf 92' lang='lat' dir='ltr'><strong>enim</strong></span> <span class='ocrx_word' id='word_1_294' title='bbox 1634 2468 1836 2523; x_wconf 89' lang='lat' dir='ltr'><strong>corpus</strong></span> 
     </span>
    </p>
   </div>
   <div class='ocr_carea' id='block_1_39' title="bbox 246 2545 1833 2617">
    <p class='ocr_par' dir='ltr' id='par_1_39' title="bbox 246 2545 1833 2617">
     <span class='ocr_line' id='line_1_39' title="bbox 246 2545 1833 2617; baseline -0.001 -15"><span class='ocrx_word' id='word_1_295' title='bbox 246 2563 348 2602; x_wconf 89' lang='lat' dir='ltr'><strong>non</strong></span> <span class='ocrx_word' id='word_1_296' title='bbox 379 2562 483 2617; x_wconf 90' lang='lat' dir='ltr'><strong>pro</strong></span> <span class='ocrx_word' id='word_1_297' title='bbox 505 2561 565 2601; x_wconf 93' lang='lat' dir='ltr'><strong>se</strong></span> <span class='ocrx_word' id='word_1_298' title='bbox 584 2546 701 2615; x_wconf 88' lang='lat' dir='ltr'><strong>ipso</strong></span> <span class='ocrx_word' id='word_1_299' title='bbox 726 2545 941 2610; x_wconf 86' lang='lat' dir='ltr'><strong>obtulit,</strong></span> <span class='ocrx_word' id='word_1_300' title='bbox 970 2545 1066 2600; x_wconf 90' lang='lat' dir='ltr'><strong>sed</strong></span> <span class='ocrx_word' id='word_1_301' title='bbox 1085 2561 1183 2616; x_wconf 88' lang='lat' dir='ltr'><strong>pro</strong></span> <span class='ocrx_word' id='word_1_302' title='bbox 1201 2546 1355 2600; x_wconf 91' lang='lat' dir='ltr'><strong>nobis</strong></span> <span class='ocrx_word' id='word_1_303' title='bbox 1383 2546 1436 2600; x_wconf 94' lang='lat' dir='ltr'><strong>in</strong></span> <span class='ocrx_word' id='word_1_304' title='bbox 1458 2546 1679 2600; x_wconf 90' lang='lat' dir='ltr'><strong>odorem</strong></span> <span class='ocrx_word' id='word_1_305' title='bbox 1706 2561 1833 2601; x_wconf 80' lang='lat' dir='ltr'><strong>sua—</strong></span> 
     </span>
    </p>
   </div>
   <div class='ocr_carea' id='block_1_40' title="bbox 247 2640 1832 2710">
    <p class='ocr_par' dir='ltr' id='par_1_40' title="bbox 247 2640 1832 2710">
     <span class='ocr_line' id='line_1_40' title="bbox 247 2640 1832 2710; baseline 0.001 -18"><span class='ocrx_word' id='word_1_306' title='bbox 247 2642 444 2695; x_wconf 76' lang='lat' dir='ltr'><strong>vitatis.</strong></span> <span class='ocrx_word' id='word_1_307' title='bbox 493 2640 712 2695; x_wconf 81' lang='lat' dir='ltr'><strong>Fratres</strong></span> <span class='ocrx_word' id='word_1_308' title='bbox 758 2640 896 2706; x_wconf 92' lang='lat' dir='ltr'><strong>mei,</strong></span> <span class='ocrx_word' id='word_1_309' title='bbox 945 2642 1066 2710; x_wconf 86' lang='lat' dir='ltr'><strong>quis</strong></span> <span class='ocrx_word' id='word_1_310' title='bbox 1110 2649 1346 2696; x_wconf 90' lang='lat' dir='ltr'><strong>vestrum</strong></span> <span class='ocrx_word' id='word_1_311' title='bbox 1400 2642 1536 2696; x_wconf 91' lang='lat' dir='ltr'><strong>ultra</strong></span> <span class='ocrx_word' id='word_1_312' title='bbox 1589 2640 1832 2697; x_wconf 64' lang='lat' dir='ltr'><strong>dubitet:</strong></span> 
     </span>
    </p>
   </div>
   <div class='ocr_carea' id='block_1_41' title="bbox 250 2732 1835 2802">
    <p class='ocr_par' dir='ltr' id='par_1_41' title="bbox 250 2732 1835 2802">
     <span class='ocr_line' id='line_1_41' title="bbox 250 2732 1835 2802; baseline 0 -16"><span class='ocrx_word' id='word_1_313' title='bbox 250 2746 440 2801; x_wconf 83' lang='lat' dir='ltr'><strong>agnum</strong></span> <span class='ocrx_word' id='word_1_314' title='bbox 470 2746 657 2787; x_wconf 87' lang='lat' dir='ltr'><strong>verum</strong></span> <span class='ocrx_word' id='word_1_315' title='bbox 688 2741 741 2786; x_wconf 91' lang='lat' dir='ltr'><strong>et</strong></span> <span class='ocrx_word' id='word_1_316' title='bbox 761 2732 1157 2799; x_wconf 86' lang='lat' dir='ltr'><strong>immaculatum</strong></span> <span class='ocrx_word' id='word_1_317' title='bbox 1184 2747 1281 2802; x_wconf 90' lang='lat' dir='ltr'><strong>pro</strong></span> <span class='ocrx_word' id='word_1_318' title='bbox 1301 2732 1472 2790; x_wconf 85' lang='lat' dir='ltr'><strong>salute</strong></span> <span class='ocrx_word' id='word_1_319' title='bbox 1500 2733 1718 2787; x_wconf 89' lang='lat' dir='ltr'><strong>humani</strong></span> <span class='ocrx_word' id='word_1_320' title='bbox 1742 2747 1835 2801; x_wconf 87' lang='lat' dir='ltr'><strong>ge-</strong></span> 
     </span>
    </p>
   </div>
   <div class='ocr_carea' id='block_1_42' title="bbox 248 2820 1833 2892">
    <p class='ocr_par' dir='ltr' id='par_1_42' title="bbox 248 2820 1833 2892">
     <span class='ocr_line' id='line_1_42' title="bbox 248 2820 1833 2892; baseline 0.001 -14"><span class='ocrx_word' id='word_1_321' title='bbox 248 2826 391 2879; x_wconf 84' lang='lat' dir='ltr'><strong>neris</strong></span> <span class='ocrx_word' id='word_1_322' title='bbox 418 2823 778 2885; x_wconf 89' lang='lat' dir='ltr'><strong>immolatum,</strong></span> <span class='ocrx_word' id='word_1_323' title='bbox 809 2830 866 2877; x_wconf 89' lang='lat' dir='ltr'><strong>et</strong></span> <span class='ocrx_word' id='word_1_324' title='bbox 908 2822 976 2877; x_wconf 89' lang='lat' dir='ltr'><strong>ab</strong></span> <span class='ocrx_word' id='word_1_325' title='bbox 1024 2822 1200 2892; x_wconf 87' lang='lat' dir='ltr'><strong>impiis</strong></span> <span class='ocrx_word' id='word_1_326' title='bbox 1246 2820 1445 2876; x_wconf 65' lang='lat' dir='ltr'><strong>ludatis</strong></span> <span class='ocrx_word' id='word_1_327' title='bbox 1489 2821 1833 2879; x_wconf 82' lang='lat' dir='ltr'><strong>cruciﬁxum?</strong></span> 
     </span>
    </p>
   </div>
   <div class='ocr_carea' id='block_1_43' title="bbox 247 2910 1834 2984">
    <p class='ocr_par' dir='ltr' id='par_1_43' title="bbox 247 2910 1834 2984">
     <span class='ocr_line' id='line_1_43' title="bbox 247 2910 1834 2984; baseline -0.002 -17"><span class='ocrx_word' id='word_1_328' title='bbox 247 2911 360 2982; x_wconf 80' lang='lat' dir='ltr'><strong>ipse</strong></span> <span class='ocrx_word' id='word_1_329' title='bbox 386 2921 494 2980; x_wconf 89' lang='lat' dir='ltr'><strong>est,</strong></span> <span class='ocrx_word' id='word_1_330' title='bbox 535 2914 627 2984; x_wconf 90' lang='lat' dir='ltr'><strong>qui</strong></span> <span class='ocrx_word' id='word_1_331' title='bbox 654 2928 756 2968; x_wconf 89' lang='lat' dir='ltr'><strong>nos</strong></span> <span class='ocrx_word' id='word_1_332' title='bbox 782 2928 878 2983; x_wconf 87' lang='lat' dir='ltr'><strong>per</strong></span> <span class='ocrx_word' id='word_1_333' title='bbox 905 2912 1272 2967; x_wconf 84' lang='lat' dir='ltr'><strong>admirabilem</strong></span> <span class='ocrx_word' id='word_1_334' title='bbox 1297 2914 1547 2967; x_wconf 89' lang='lat' dir='ltr'><strong>virtutem</strong></span> <span class='ocrx_word' id='word_1_335' title='bbox 1572 2922 1627 2967; x_wconf 90' lang='lat' dir='ltr'><strong>et</strong></span> <span class='ocrx_word' id='word_1_336' title='bbox 1648 2910 1834 2966; x_wconf 69' lang='lat' dir='ltr'><strong>inetia-</strong></span> 
     </span>
    </p>
   </div>
   <div class='ocr_carea' id='block_1_44' title="bbox 249 3002 1832 3074">
    <p class='ocr_par' dir='ltr' id='par_1_44' title="bbox 249 3002 1832 3074">
     <span class='ocr_line' id='line_1_44' title="bbox 249 3002 1832 3074; baseline 0.001 -16"><span class='ocrx_word' id='word_1_337' title='bbox 249 3005 406 3059; x_wconf 89' lang='lat' dir='ltr'><strong>bilcm</strong></span> <span class='ocrx_word' id='word_1_338' title='bbox 437 3005 738 3074; x_wconf 88' lang='lat' dir='ltr'><strong>potentiam</strong></span> <span class='ocrx_word' id='word_1_339' title='bbox 762 3003 1056 3059; x_wconf 81' lang='lat' dir='ltr'><strong>divinitatis</strong></span> <span class='ocrx_word' id='word_1_340' title='bbox 1084 3018 1194 3058; x_wconf 75' lang='lat' dir='ltr'><strong>sua:</strong></span> <span class='ocrx_word' id='word_1_341' title='bbox 1221 3003 1470 3072; x_wconf 88' lang='lat' dir='ltr'><strong>redemit,</strong></span> <span class='ocrx_word' id='word_1_342' title='bbox 1499 3002 1832 3074; x_wconf 89' lang='lat' dir='ltr'><strong>rebellesque</strong></span> 
     </span>
    </p>
   </div>
   <div class='ocr_carea' id='block_1_45' title="bbox 249 3093 1829 3165">
    <p class='ocr_par' dir='ltr' id='par_1_45' title="bbox 249 3093 1829 3165">
     <span class='ocr_line' id='line_1_45' title="bbox 249 3093 1829 3165; baseline 0.002 -16"><span class='ocrx_word' id='word_1_343' title='bbox 249 3104 300 3149; x_wconf 87' lang='lat' dir='ltr'><strong>et</strong></span> <span class='ocrx_word' id='word_1_344' title='bbox 330 3096 601 3165; x_wconf 84' lang='lat' dir='ltr'><strong>superbos</strong></span> <span class='ocrx_word' id='word_1_345' title='bbox 627 3093 839 3150; x_wconf 62' lang='lat' dir='ltr'><strong>Iudaeos</strong></span> <span class='ocrx_word' id='word_1_346' title='bbox 868 3095 1081 3161; x_wconf 86' lang='lat' dir='ltr'><strong>devicit,</strong></span> <span class='ocrx_word' id='word_1_347' title='bbox 1104 3101 1159 3149; x_wconf 91' lang='lat' dir='ltr'><strong>et</strong></span> <span class='ocrx_word' id='word_1_348' title='bbox 1201 3095 1431 3150; x_wconf 86' lang='lat' dir='ltr'><strong>claustra</strong></span> <span class='ocrx_word' id='word_1_349' title='bbox 1451 3096 1707 3165; x_wconf 56' lang='lat' dir='ltr'><strong>gehennae</strong></span> <span class='ocrx_word' id='word_1_350' title='bbox 1730 3112 1829 3152; x_wconf 87' lang='lat' dir='ltr'><strong>ex-</strong></span> 
     </span>
    </p>
   </div>
   <div class='ocr_carea' id='block_1_46' title="bbox 248 3186 1830 3259">
    <p class='ocr_par' dir='ltr' id='par_1_46' title="bbox 248 3186 1830 3259">
     <span class='ocr_line' id='line_1_46' title="bbox 248 3186 1830 3259; baseline 0.004 -18"><span class='ocrx_word' id='word_1_351' title='bbox 248 3188 515 3259; x_wconf 87' lang='lat' dir='ltr'><strong>spoliavit,</strong></span> <span class='ocrx_word' id='word_1_352' title='bbox 546 3187 780 3244; x_wconf 88' lang='lat' dir='ltr'><strong>educens</strong></span> <span class='ocrx_word' id='word_1_353' title='bbox 805 3186 871 3242; x_wconf 89' lang='lat' dir='ltr'><strong>de</strong></span> <span class='ocrx_word' id='word_1_354' title='bbox 898 3188 1122 3243; x_wconf 84' lang='lat' dir='ltr'><strong>vinculis</strong></span> <span class='ocrx_word' id='word_1_355' title='bbox 1151 3189 1465 3258; x_wconf 87' lang='lat' dir='ltr'><strong>captivatos,</strong></span> <span class='ocrx_word' id='word_1_356' title='bbox 1493 3190 1742 3245; x_wconf 90' lang='lat' dir='ltr'><strong>emittens</strong></span> <span class='ocrx_word' id='word_1_357' title='bbox 1761 3190 1830 3247; x_wconf 84' lang='lat' dir='ltr'><strong>de</strong></span> 
     </span>
    </p>
   </div>
   <div class='ocr_carea' id='block_1_47' title="bbox 1936 1997 3516 2069">
    <p class='ocr_par' dir='ltr' id='par_1_47' title="bbox 1936 1997 3516 2069">
     <span class='ocr_line' id='line_1_47' title="bbox 1936 1997 3516 2069; baseline -0.001 -16"><span class='ocrx_word' id='word_1_358' title='bbox 1936 2001 2200 2069; x_wconf 82' lang='lat' dir='ltr'><strong>sapientia</strong></span> <span class='ocrx_word' id='word_1_359' title='bbox 2246 2000 2642 2068; x_wconf 89' lang='lat' dir='ltr'><strong>comprobatur.</strong></span> <span class='ocrx_word' id='word_1_360' title='bbox 2675 1997 3017 2053; x_wconf 90' lang='lat' dir='ltr'><strong>Dilectissimi</strong></span> <span class='ocrx_word' id='word_1_361' title='bbox 3047 1997 3257 2063; x_wconf 81' lang='lat' dir='ltr'><strong>fratres,</strong></span> <span class='ocrx_word' id='word_1_362' title='bbox 3285 1998 3401 2053; x_wconf 64' lang='lat' dir='ltr'><strong>haec</strong></span> <span class='ocrx_word' id='word_1_363' title='bbox 3432 2007 3516 2052; x_wconf 83' lang='lat' dir='ltr'><strong>est</strong></span> 
     </span>
    </p>
   </div>
   <div class='ocr_carea' id='block_1_48' title="bbox 1937 2089 3512 2159">
    <p class='ocr_par' dir='ltr' id='par_1_48' title="bbox 1937 2089 3512 2159">
     <span class='ocr_line' id='line_1_48' title="bbox 1937 2089 3512 2159; baseline -0.001 -15"><span class='ocrx_word' id='word_1_364' title='bbox 1937 2089 2070 2146; x_wconf 82' lang='lat' dir='ltr'><strong>ﬁdes</strong></span> <span class='ocrx_word' id='word_1_365' title='bbox 2088 2098 2253 2156; x_wconf 87' lang='lat' dir='ltr'><strong>recta,</strong></span> <span class='ocrx_word' id='word_1_366' title='bbox 2278 2098 2333 2144; x_wconf 90' lang='lat' dir='ltr'><strong>et</strong></span> <span class='ocrx_word' id='word_1_367' title='bbox 2360 2092 2606 2147; x_wconf 89' lang='lat' dir='ltr'><strong>omnibus</strong></span> <span class='ocrx_word' id='word_1_368' title='bbox 2627 2090 2904 2147; x_wconf 87' lang='lat' dir='ltr'><strong>catholicis</strong></span> <span class='ocrx_word' id='word_1_369' title='bbox 2932 2089 3061 2145; x_wconf 89' lang='lat' dir='ltr'><strong>viris</strong></span> <span class='ocrx_word' id='word_1_370' title='bbox 3087 2089 3512 2159; x_wconf 87' lang='lat' dir='ltr'><strong>tenenda,quam</strong></span> 
     </span>
    </p>
   </div>
   <div class='ocr_carea' id='block_1_49' title="bbox 1937 2178 3515 2252">
    <p class='ocr_par' dir='ltr' id='par_1_49' title="bbox 1937 2178 3515 2252">
     <span class='ocr_line' id='line_1_49' title="bbox 1937 2178 3515 2252; baseline -0.001 -15"><span class='ocrx_word' id='word_1_371' title='bbox 1937 2182 2039 2237; x_wconf 89' lang='lat' dir='ltr'><strong>nisi</strong></span> <span class='ocrx_word' id='word_1_372' title='bbox 2067 2182 2293 2252; x_wconf 90' lang='lat' dir='ltr'><strong>quisque</strong></span> <span class='ocrx_word' id='word_1_373' title='bbox 2325 2180 2546 2236; x_wconf 88' lang='lat' dir='ltr'><strong>lirmiter</strong></span> <span class='ocrx_word' id='word_1_374' title='bbox 2572 2190 2628 2237; x_wconf 91' lang='lat' dir='ltr'><strong>et</strong></span> <span class='ocrx_word' id='word_1_375' title='bbox 2662 2190 2808 2237; x_wconf 85' lang='lat' dir='ltr'><strong>recte</strong></span> <span class='ocrx_word' id='word_1_376' title='bbox 2830 2178 3136 2246; x_wconf 86' lang='lat' dir='ltr'><strong>crediderit,</strong></span> <span class='ocrx_word' id='word_1_377' title='bbox 3181 2197 3287 2237; x_wconf 90' lang='lat' dir='ltr'><strong>non</strong></span> <span class='ocrx_word' id='word_1_378' title='bbox 3316 2183 3515 2252; x_wconf 90' lang='lat' dir='ltr'><strong>poterit</strong></span> 
     </span>
    </p>
   </div>
   <div class='ocr_carea' id='block_1_50' title="bbox 1936 2267 3512 2338">
    <p class='ocr_par' dir='ltr' id='par_1_50' title="bbox 1936 2267 3512 2338">
     <span class='ocr_line' id='line_1_50' title="bbox 1936 2267 3512 2338; baseline -0.001 -10"><span class='ocrx_word' id='word_1_379' title='bbox 1936 2289 1968 2328; x_wconf 91' lang='lat' dir='ltr'><strong>a</strong></span> <span class='ocrx_word' id='word_1_380' title='bbox 1994 2274 2270 2329; x_wconf 89' lang='lat' dir='ltr'><strong>consortio</strong></span> <span class='ocrx_word' id='word_1_381' title='bbox 2299 2273 2501 2329; x_wconf 91' lang='lat' dir='ltr'><strong>diaboli</strong></span> <span class='ocrx_word' id='word_1_382' title='bbox 2522 2273 2756 2329; x_wconf 90' lang='lat' dir='ltr'><strong>liberari.</strong></span> <span class='ocrx_word' id='word_1_383' title='bbox 2792 2272 2963 2328; x_wconf 90' lang='lat' dir='ltr'><strong>Unum</strong></span> <span class='ocrx_word' id='word_1_384' title='bbox 2988 2274 3041 2328; x_wconf 90' lang='lat' dir='ltr'><strong>in</strong></span> <span class='ocrx_word' id='word_1_385' title='bbox 3066 2272 3381 2338; x_wconf 87' lang='lat' dir='ltr'><strong>substantia,</strong></span> <span class='ocrx_word' id='word_1_386' title='bbox 3413 2267 3512 2327; x_wconf 81' lang='lat' dir='ltr'><strong>tri&#39;-</strong></span> 
     </span>
    </p>
   </div>
   <div class='ocr_carea' id='block_1_51' title="bbox 1912 2364 3513 2436">
    <p class='ocr_par' dir='ltr' id='par_1_51' title="bbox 1912 2364 3513 2436">
     <span class='ocr_line' id='line_1_51' title="bbox 1912 2364 3513 2436; baseline 0.002 -19"><span class='ocrx_word' id='word_1_387' title='bbox 1912 2380 2063 2419; x_wconf 67' lang='lat' dir='ltr'><strong>.num</strong></span> <span class='ocrx_word' id='word_1_388' title='bbox 2092 2365 2148 2420; x_wconf 88' lang='lat' dir='ltr'><strong>in</strong></span> <span class='ocrx_word' id='word_1_389' title='bbox 2177 2366 2423 2436; x_wconf 87' lang='lat' dir='ltr'><strong>personis</strong></span> <span class='ocrx_word' id='word_1_390' title='bbox 2447 2366 2832 2436; x_wconf 90' lang='lat' dir='ltr'><strong>conliteamini,</strong></span> <span class='ocrx_word' id='word_1_391' title='bbox 2863 2376 2921 2421; x_wconf 92' lang='lat' dir='ltr'><strong>ut</strong></span> <span class='ocrx_word' id='word_1_392' title='bbox 2948 2367 3016 2420; x_wconf 92' lang='lat' dir='ltr'><strong>ad</strong></span> <span class='ocrx_word' id='word_1_393' title='bbox 3043 2364 3260 2422; x_wconf 61' lang='lat' dir='ltr'><strong>cmles&#39;te</strong></span> <span class='ocrx_word' id='word_1_394' title='bbox 3288 2380 3513 2436; x_wconf 79' lang='lat' dir='ltr'><strong>regnum</strong></span> 
     </span>
    </p>
   </div>
   <div class='ocr_carea' id='block_1_52' title="bbox 1934 2457 3514 2528">
    <p class='ocr_par' dir='ltr' id='par_1_52' title="bbox 1934 2457 3514 2528">
     <span class='ocr_line' id='line_1_52' title="bbox 1934 2457 3514 2528; baseline 0.001 -17"><span class='ocrx_word' id='word_1_395' title='bbox 1934 2457 2218 2527; x_wconf 89' lang='lat' dir='ltr'><strong>pervenire</strong></span> <span class='ocrx_word' id='word_1_396' title='bbox 2254 2465 2309 2512; x_wconf 91' lang='lat' dir='ltr'><strong>et</strong></span> <span class='ocrx_word' id='word_1_397' title='bbox 2349 2459 2567 2513; x_wconf 69' lang='lat' dir='ltr'><strong>mternis</strong></span> <span class='ocrx_word' id='word_1_398' title='bbox 2602 2458 2758 2513; x_wconf 89' lang='lat' dir='ltr'><strong>bonis</strong></span> <span class='ocrx_word' id='word_1_399' title='bbox 2806 2460 3115 2528; x_wconf 84' lang='lat' dir='ltr'><strong>perenniter</strong></span> <span class='ocrx_word' id='word_1_400' title='bbox 3139 2459 3372 2527; x_wconf 90' lang='lat' dir='ltr'><strong>gaudere</strong></span> <span class='ocrx_word' id='word_1_401' title='bbox 3399 2472 3514 2513; x_wconf 91' lang='lat' dir='ltr'><strong>me-</strong></span> 
     </span>
    </p>
   </div>
   <div class='ocr_carea' id='block_1_53' title="bbox 1935 2547 3511 2621">
    <p class='ocr_par' dir='ltr' id='par_1_53' title="bbox 1935 2547 3511 2621">
     <span class='ocr_line' id='line_1_53' title="bbox 1935 2547 3511 2621; baseline 0 -18"><span class='ocrx_word' id='word_1_402' title='bbox 1935 2547 2199 2615; x_wconf 86' lang='lat' dir='ltr'><strong>reamini;</strong></span> <span class='ocrx_word' id='word_1_403' title='bbox 2233 2548 2320 2603; x_wconf 91' lang='lat' dir='ltr'><strong>ubi</strong></span> <span class='ocrx_word' id='word_1_404' title='bbox 2349 2549 2584 2617; x_wconf 90' lang='lat' dir='ltr'><strong>gaudent</strong></span> <span class='ocrx_word' id='word_1_405' title='bbox 2623 2550 2818 2617; x_wconf 83' lang='lat' dir='ltr'><strong>angeli,</strong></span> <span class='ocrx_word' id='word_1_406' title='bbox 2851 2550 3095 2604; x_wconf 71' lang='lat' dir='ltr'><strong>ltetantur</strong></span> <span class='ocrx_word' id='word_1_407' title='bbox 3123 2550 3373 2621; x_wconf 86' lang='lat' dir='ltr'><strong>apostoli,</strong></span> <span class='ocrx_word' id='word_1_408' title='bbox 3415 2564 3511 2604; x_wconf 92' lang='lat' dir='ltr'><strong>ex-</strong></span> 
     </span>
    </p>
   </div>
   <div class='ocr_carea' id='block_1_54' title="bbox 1935 2638 3510 2710">
    <p class='ocr_par' dir='ltr' id='par_1_54' title="bbox 1935 2638 3510 2710">
     <span class='ocr_line' id='line_1_54' title="bbox 1935 2638 3510 2710; baseline 0.003 -19"><span class='ocrx_word' id='word_1_409' title='bbox 1935 2638 2101 2692; x_wconf 91' lang='lat' dir='ltr'><strong>sultat</strong></span> <span class='ocrx_word' id='word_1_410' title='bbox 2121 2646 2415 2709; x_wconf 76' lang='lat' dir='ltr'><strong>martyrum</strong></span> <span class='ocrx_word' id='word_1_411' title='bbox 2440 2639 2593 2694; x_wconf 88' lang='lat' dir='ltr'><strong>turba</strong></span> <span class='ocrx_word' id='word_1_412' title='bbox 2635 2640 2891 2707; x_wconf 81' lang='lat' dir='ltr'><strong>gloriosa,</strong></span> <span class='ocrx_word' id='word_1_413' title='bbox 2921 2641 3122 2710; x_wconf 86' lang='lat' dir='ltr'><strong>plaudit</strong></span> <span class='ocrx_word' id='word_1_414' title='bbox 3144 2642 3510 2696; x_wconf 81' lang='lat' dir='ltr'><strong>confessorum</strong></span> 
     </span>
    </p>
   </div>
   <div class='ocr_carea' id='block_1_55' title="bbox 1936 2729 3511 2803">
    <p class='ocr_par' dir='ltr' id='par_1_55' title="bbox 1936 2729 3511 2803">
     <span class='ocr_line' id='line_1_55' title="bbox 1936 2729 3511 2803; baseline 0.004 -19"><span class='ocrx_word' id='word_1_415' title='bbox 1936 2736 1991 2784; x_wconf 91' lang='lat' dir='ltr'><strong>et</strong></span> <span class='ocrx_word' id='word_1_416' title='bbox 2019 2729 2281 2796; x_wconf 82' lang='lat' dir='ltr'><strong>virginum</strong></span> <span class='ocrx_word' id='word_1_417' title='bbox 2306 2737 2544 2797; x_wconf 86' lang='lat' dir='ltr'><strong>caterva,</strong></span> <span class='ocrx_word' id='word_1_418' title='bbox 2563 2745 2699 2799; x_wconf 92' lang='lat' dir='ltr'><strong>quos</strong></span> <span class='ocrx_word' id='word_1_419' title='bbox 2723 2730 3049 2802; x_wconf 82' lang='lat' dir='ltr'><strong>Redemptor</strong></span> <span class='ocrx_word' id='word_1_420' title='bbox 3076 2734 3259 2787; x_wconf 87' lang='lat' dir='ltr'><strong>tnnndi</strong></span> <span class='ocrx_word' id='word_1_421' title='bbox 3287 2734 3511 2803; x_wconf 88' lang='lat' dir='ltr'><strong>perenni</strong></span> 
     </span>
    </p>
   </div>
   <div class='ocr_carea' id='block_1_56' title="bbox 1934 2819 3509 2895">
    <p class='ocr_par' dir='ltr' id='par_1_56' title="bbox 1934 2819 3509 2895">
     <span class='ocr_line' id='line_1_56' title="bbox 1934 2819 3509 2895; baseline 0.005 -22"><span class='ocrx_word' id='word_1_422' title='bbox 1934 2819 2117 2875; x_wconf 89' lang='lat' dir='ltr'><strong>laurea</strong></span> <span class='ocrx_word' id='word_1_423' title='bbox 2139 2827 2383 2887; x_wconf 89' lang='lat' dir='ltr'><strong>coronat,</strong></span> <span class='ocrx_word' id='word_1_424' title='bbox 2411 2821 2500 2889; x_wconf 92' lang='lat' dir='ltr'><strong>qui</strong></span> <span class='ocrx_word' id='word_1_425' title='bbox 2525 2822 2655 2878; x_wconf 90' lang='lat' dir='ltr'><strong>vivit</strong></span> <span class='ocrx_word' id='word_1_426' title='bbox 2672 2830 2728 2877; x_wconf 91' lang='lat' dir='ltr'><strong>et</strong></span> <span class='ocrx_word' id='word_1_427' title='bbox 2754 2832 2941 2891; x_wconf 83' lang='lat' dir='ltr'><strong>regnat</strong></span> <span class='ocrx_word' id='word_1_428' title='bbox 2967 2822 3124 2888; x_wconf 88' lang='lat' dir='ltr'><strong>Deus,</strong></span> <span class='ocrx_word' id='word_1_429' title='bbox 3148 2826 3509 2895; x_wconf 88' lang='lat' dir='ltr'><strong>omnipotens,</strong></span> 
     </span>
    </p>
   </div>
   <div class='ocr_carea' id='block_1_57' title="bbox 1934 2912 3509 2985">
    <p class='ocr_par' dir='ltr' id='par_1_57' title="bbox 1934 2912 3509 2985">
     <span class='ocr_line' id='line_1_57' title="bbox 1934 2912 3509 2985; baseline 0.004 -20"><span class='ocrx_word' id='word_1_430' title='bbox 1934 2912 2234 2978; x_wconf 85' lang='lat' dir='ltr'><strong>invisibilis,</strong></span> <span class='ocrx_word' id='word_1_431' title='bbox 2286 2922 2542 2979; x_wconf 63' lang='lat' dir='ltr'><strong>aeternus,</strong></span> <span class='ocrx_word' id='word_1_432' title='bbox 2593 2912 3029 2983; x_wconf 77' lang='lat' dir='ltr'><strong>incorruptbilis,</strong></span> <span class='ocrx_word' id='word_1_433' title='bbox 3060 2916 3146 2969; x_wconf 92' lang='lat' dir='ltr'><strong>cui</strong></span> <span class='ocrx_word' id='word_1_434' title='bbox 3196 2923 3279 2969; x_wconf 76' lang='lat' dir='ltr'><strong>est</strong></span> <span class='ocrx_word' id='word_1_435' title='bbox 3314 2916 3509 2985; x_wconf 89' lang='lat' dir='ltr'><strong>honor,</strong></span> 
     </span>
    </p>
   </div>
   <div class='ocr_carea' id='block_1_58' title="bbox 1933 3003 3511 3077">
    <p class='ocr_par' dir='ltr' id='par_1_58' title="bbox 1933 3003 3511 3077">
     <span class='ocr_line' id='line_1_58' title="bbox 1933 3003 3511 3077; baseline 0.003 -19"><span class='ocrx_word' id='word_1_436' title='bbox 1933 3003 2071 3068; x_wconf 91' lang='lat' dir='ltr'><strong>laus,</strong></span> <span class='ocrx_word' id='word_1_437' title='bbox 2101 3003 2263 3060; x_wconf 88' lang='lat' dir='ltr'><strong>decus</strong></span> <span class='ocrx_word' id='word_1_438' title='bbox 2286 3011 2341 3058; x_wconf 88' lang='lat' dir='ltr'><strong>et</strong></span> <span class='ocrx_word' id='word_1_439' title='bbox 2369 3004 2671 3074; x_wconf 87' lang='lat' dir='ltr'><strong>imperium,</strong></span> <span class='ocrx_word' id='word_1_440' title='bbox 2704 3013 2943 3075; x_wconf 88' lang='lat' dir='ltr'><strong>potestas</strong></span> <span class='ocrx_word' id='word_1_441' title='bbox 2980 3005 3309 3074; x_wconf 86' lang='lat' dir='ltr'><strong>indeliciens,</strong></span> <span class='ocrx_word' id='word_1_442' title='bbox 3340 3008 3511 3077; x_wconf 88' lang='lat' dir='ltr'><strong>maje-</strong></span> 
     </span>
    </p>
   </div>
   <div class='ocr_carea' id='block_1_59' title="bbox 1933 3096 3515 3167">
    <p class='ocr_par' dir='ltr' id='par_1_59' title="bbox 1933 3096 3515 3167">
     <span class='ocr_line' id='line_1_59' title="bbox 1933 3096 3515 3167; baseline 0.002 -16"><span class='ocrx_word' id='word_1_443' title='bbox 1933 3104 2045 3151; x_wconf 89' lang='lat' dir='ltr'><strong>stas</strong></span> <span class='ocrx_word' id='word_1_444' title='bbox 2069 3096 2545 3163; x_wconf 89' lang='lat' dir='ltr'><strong>immarcescibilis,</strong></span> <span class='ocrx_word' id='word_1_445' title='bbox 2585 3097 2753 3167; x_wconf 85' lang='lat' dir='ltr'><strong>gloria</strong></span> <span class='ocrx_word' id='word_1_446' title='bbox 2782 3112 2974 3167; x_wconf 89' lang='lat' dir='ltr'><strong>perpes</strong></span> <span class='ocrx_word' id='word_1_447' title='bbox 3001 3106 3055 3153; x_wconf 92' lang='lat' dir='ltr'><strong>et</strong></span> <span class='ocrx_word' id='word_1_448' title='bbox 3083 3098 3252 3153; x_wconf 89' lang='lat' dir='ltr'><strong>virtus</strong></span> <span class='ocrx_word' id='word_1_449' title='bbox 3279 3098 3515 3154; x_wconf 79' lang='lat' dir='ltr'><strong>inetlabi-</strong></span> 
     </span>
    </p>
   </div>
   <div class='ocr_carea' id='block_1_60' title="bbox 1932 3185 3512 3258">
    <p class='ocr_par' dir='ltr' id='par_1_60' title="bbox 1932 3185 3512 3258">
     <span class='ocr_line' id='line_1_60' title="bbox 1932 3185 3512 3258; baseline 0.001 -17"><span class='ocrx_word' id='word_1_450' title='bbox 1932 3186 1998 3241; x_wconf 87' lang='lat' dir='ltr'><strong>lis</strong></span> <span class='ocrx_word' id='word_1_451' title='bbox 2020 3203 2142 3243; x_wconf 91' lang='lat' dir='ltr'><strong>cum</strong></span> <span class='ocrx_word' id='word_1_452' title='bbox 2170 3185 2329 3242; x_wconf 85' lang='lat' dir='ltr'><strong>Patre</strong></span> <span class='ocrx_word' id='word_1_453' title='bbox 2358 3196 2412 3241; x_wconf 89' lang='lat' dir='ltr'><strong>et</strong></span> <span class='ocrx_word' id='word_1_454' title='bbox 2439 3187 2641 3258; x_wconf 89' lang='lat' dir='ltr'><strong>Spiritu</strong></span> <span class='ocrx_word' id='word_1_455' title='bbox 2688 3196 2874 3243; x_wconf 85' lang='lat' dir='ltr'><strong>sancto</strong></span> <span class='ocrx_word' id='word_1_456' title='bbox 2920 3202 3019 3257; x_wconf 90' lang='lat' dir='ltr'><strong>per</strong></span> <span class='ocrx_word' id='word_1_457' title='bbox 3071 3187 3278 3242; x_wconf 87' lang='lat' dir='ltr'><strong>inlinita</strong></span> <span class='ocrx_word' id='word_1_458' title='bbox 3319 3189 3512 3257; x_wconf 66' lang='lat' dir='ltr'><strong>saecula</strong></span> 
     </span>
    </p>
   </div>
   <div class='ocr_carea' id='block_1_61' title="bbox 250 3280 2472 3355">
    <p class='ocr_par' dir='ltr' id='par_1_61' title="bbox 250 3280 2472 3355">
     <span class='ocr_line' id='line_1_61' title="bbox 250 3280 2472 3355; baseline -0.002 -19"><span class='ocrx_word' id='word_1_459' title='bbox 250 3284 589 3336; x_wconf 80' lang='lat' dir='ltr'><strong>tenebrarum</strong></span> <span class='ocrx_word' id='word_1_460' title='bbox 618 3281 749 3337; x_wconf 89' lang='lat' dir='ltr'><strong>locis</strong></span> <span class='ocrx_word' id='word_1_461' title='bbox 775 3290 1096 3346; x_wconf 87' lang='lat' dir='ltr'><strong>carceratos,</strong></span> <span class='ocrx_word' id='word_1_462' title='bbox 1137 3282 1433 3337; x_wconf 88' lang='lat' dir='ltr'><strong>clamantes</strong></span> <span class='ocrx_word' id='word_1_463' title='bbox 1456 3289 1511 3336; x_wconf 92' lang='lat' dir='ltr'><strong>et</strong></span> <span class='ocrx_word' id='word_1_464' title='bbox 1539 3282 1778 3338; x_wconf 89' lang='lat' dir='ltr'><strong>dicentes</strong></span> <span class='ocrx_word' id='word_1_465' title='bbox 1810 3301 1822 3336; x_wconf 90' lang='lat'><strong>:</strong></span> <span class='ocrx_word' id='word_1_466' title='bbox 1854 3281 1901 3345; x_wconf 89' lang='lat' dir='ltr'><strong>C</strong></span> <span class='ocrx_word' id='word_1_467' title='bbox 1931 3280 2472 3355; x_wconf 70' lang='lat' dir='ltr'><strong>smeulorum.Amen._</strong></span> 
     </span>
    </p>
   </div>
   <div class='ocr_carea' id='block_1_62' title="bbox 250 3371 1831 3443">
    <p class='ocr_par' dir='ltr' id='par_1_62' title="bbox 250 3371 1831 3443">
     <span class='ocr_line' id='line_1_62' title="bbox 250 3371 1831 3443; baseline 0.003 -16"><span class='ocrx_word' id='word_1_468' title='bbox 250 3371 292 3427; x_wconf 89' lang='grc'>0</span> <span class='ocrx_word' id='word_1_469' title='bbox 315 3373 675 3441; x_wconf 88' lang='lat' dir='ltr'><strong>triumphator</strong></span> <span class='ocrx_word' id='word_1_470' title='bbox 701 3374 843 3428; x_wconf 92' lang='lat' dir='ltr'><strong>bone</strong></span> <span class='ocrx_word' id='word_1_471' title='bbox 866 3373 1066 3437; x_wconf 68' lang='lat' dir='ltr'><strong>saeculi,</strong></span> <span class='ocrx_word' id='word_1_472' title='bbox 1089 3374 1224 3443; x_wconf 90' lang='lat' dir='ltr'><strong>opie</strong></span> <span class='ocrx_word' id='word_1_473' title='bbox 1244 3373 1538 3428; x_wconf 88' lang='lat' dir='ltr'><strong>debellator</strong></span> <span class='ocrx_word' id='word_1_474' title='bbox 1556 3375 1831 3431; x_wconf 72' lang='lat' dir='ltr'><strong>diabolica:</strong></span> 
     </span>
    </p>
   </div>
   <div class='ocr_carea' id='block_1_63' title="bbox 249 3461 1833 3531">
    <p class='ocr_par' dir='ltr' id='par_1_63' title="bbox 249 3461 1833 3531">
     <span class='ocr_line' id='line_1_63' title="bbox 249 3461 1833 3531; baseline 0.001 -14"><span class='ocrx_word' id='word_1_475' title='bbox 249 3461 469 3530; x_wconf 72' lang='lat' dir='ltr'><strong>fraudis,</strong></span> <span class='ocrx_word' id='word_1_476' title='bbox 501 3472 552 3517; x_wconf 91' lang='lat' dir='ltr'><strong>te</strong></span> <span class='ocrx_word' id='word_1_477' title='bbox 574 3472 779 3531; x_wconf 89' lang='lat' dir='ltr'><strong>nostra,</strong></span> <span class='ocrx_word' id='word_1_478' title='bbox 805 3462 1217 3518; x_wconf 87' lang='lat' dir='ltr'><strong>clementissime</strong></span> <span class='ocrx_word' id='word_1_479' title='bbox 1241 3462 1456 3530; x_wconf 85' lang='lat' dir='ltr'><strong>Jesu,in</strong></span> <span class='ocrx_word' id='word_1_480' title='bbox 1486 3464 1569 3520; x_wconf 90' lang='lat' dir='ltr'><strong>his</strong></span> <span class='ocrx_word' id='word_1_481' title='bbox 1597 3473 1833 3519; x_wconf 88' lang='lat' dir='ltr'><strong>tormen-</strong></span> 
     </span>
    </p>
   </div>
   <div class='ocr_carea' id='block_1_64' title="bbox 252 3554 1832 3625">
    <p class='ocr_par' dir='ltr' id='par_1_64' title="bbox 252 3554 1832 3625">
     <span class='ocr_line' id='line_1_64' title="bbox 252 3554 1832 3625; baseline 0.001 -15"><span class='ocrx_word' id='word_1_482' title='bbox 252 3564 419 3611; x_wconf 87' lang='lat' dir='ltr'><strong>torum</strong></span> <span class='ocrx_word' id='word_1_483' title='bbox 449 3555 625 3625; x_wconf 76' lang='lat' dir='ltr'><strong>ptenis</strong></span> <span class='ocrx_word' id='word_1_484' title='bbox 654 3554 1041 3625; x_wconf 87' lang='lat' dir='ltr'><strong>exspectabant</strong></span> <span class='ocrx_word' id='word_1_485' title='bbox 1089 3555 1351 3623; x_wconf 87' lang='lat' dir='ltr'><strong>lamenta,</strong></span> <span class='ocrx_word' id='word_1_486' title='bbox 1403 3564 1478 3623; x_wconf 88' lang='lat' dir='ltr'><strong>te,</strong></span> <span class='ocrx_word' id='word_1_487' title='bbox 1526 3556 1832 3611; x_wconf 86' lang='lat' dir='ltr'><strong>misericors</strong></span> 
     </span>
    </p>
   </div>
   <div class='ocr_carea' id='block_1_65' title="bbox 253 3645 1835 3716">
    <p class='ocr_par' dir='ltr' id='par_1_65' title="bbox 253 3645 1835 3716">
     <span class='ocr_line' id='line_1_65' title="bbox 253 3645 1835 3716; baseline -0.001 -13"><span class='ocrx_word' id='word_1_488' title='bbox 253 3648 476 3713; x_wconf 87' lang='lat' dir='ltr'><strong>Christe,</strong></span> <span class='ocrx_word' id='word_1_489' title='bbox 514 3645 768 3701; x_wconf 80' lang='lat' dir='ltr'><strong>ﬂebilium</strong></span> <span class='ocrx_word' id='word_1_490' title='bbox 797 3647 851 3700; x_wconf 93' lang='lat' dir='ltr'><strong>in</strong></span> <span class='ocrx_word' id='word_1_491' title='bbox 898 3646 1206 3716; x_wconf 88' lang='lat' dir='ltr'><strong>caliginosis</strong></span> <span class='ocrx_word' id='word_1_492' title='bbox 1250 3647 1381 3702; x_wconf 87' lang='lat' dir='ltr'><strong>locis</strong></span> <span class='ocrx_word' id='word_1_493' title='bbox 1427 3647 1835 3702; x_wconf 89' lang='lat' dir='ltr'><strong>conclamabant</strong></span> 
     </span>
    </p>
   </div>
   <div class='ocr_carea' id='block_1_66' title="bbox 254 3736 1834 3809">
    <p class='ocr_par' dir='ltr' id='par_1_66' title="bbox 254 3736 1834 3809">
     <span class='ocr_line' id='line_1_66' title="bbox 254 3736 1834 3809; baseline -0.001 -16"><span class='ocrx_word' id='word_1_494' title='bbox 254 3739 497 3809; x_wconf 87' lang='lat' dir='ltr'><strong>suspiria.</strong></span> <span class='ocrx_word' id='word_1_495' title='bbox 530 3738 669 3792; x_wconf 86' lang='lat' dir='ltr'><strong>Ecce</strong></span> <span class='ocrx_word' id='word_1_496' title='bbox 690 3736 951 3791; x_wconf 88' lang='lat' dir='ltr'><strong>advenisti</strong></span> <span class='ocrx_word' id='word_1_497' title='bbox 973 3752 1132 3805; x_wconf 90' lang='lat' dir='ltr'><strong>quem</strong></span> <span class='ocrx_word' id='word_1_498' title='bbox 1160 3737 1227 3791; x_wconf 89' lang='lat' dir='ltr'><strong>ab</strong></span> <span class='ocrx_word' id='word_1_499' title='bbox 1248 3738 1479 3807; x_wconf 91' lang='lat' dir='ltr'><strong>antiquis</strong></span> <span class='ocrx_word' id='word_1_500' title='bbox 1502 3738 1834 3807; x_wconf 85' lang='lat' dir='ltr'><strong>temporibus</strong></span> 
     </span>
    </p>
   </div>
   <div class='ocr_carea' id='block_1_67' title="bbox 256 3827 1833 3899">
    <p class='ocr_par' dir='ltr' id='par_1_67' title="bbox 256 3827 1833 3899">
     <span class='ocr_line' id='line_1_67' title="bbox 256 3827 1833 3899; baseline 0 -17"><span class='ocrx_word' id='word_1_501' title='bbox 256 3830 698 3899; x_wconf 72' lang='lat' dir='ltr'><strong>exspectavimus.</strong></span> <span class='ocrx_word' id='word_1_502' title='bbox 730 3827 920 3884; x_wconf 90' lang='lat' dir='ltr'><strong>Libera</strong></span> <span class='ocrx_word' id='word_1_503' title='bbox 951 3845 1050 3885; x_wconf 89' lang='lat' dir='ltr'><strong>nos</strong></span> <span class='ocrx_word' id='word_1_504' title='bbox 1075 3844 1235 3898; x_wconf 90' lang='lat' dir='ltr'><strong>quem</strong></span> <span class='ocrx_word' id='word_1_505' title='bbox 1268 3829 1320 3882; x_wconf 92' lang='lat' dir='ltr'><strong>in</strong></span> <span class='ocrx_word' id='word_1_506' title='bbox 1346 3838 1485 3882; x_wconf 68' lang='lat' dir='ltr'><strong>terra</strong></span> <span class='ocrx_word' id='word_1_507' title='bbox 1514 3828 1675 3897; x_wconf 90' lang='lat' dir='ltr'><strong>positi</strong></span> <span class='ocrx_word' id='word_1_508' title='bbox 1705 3829 1833 3882; x_wconf 92' lang='lat' dir='ltr'><strong>olim</strong></span> 
     </span>
    </p>
   </div>
   <div class='ocr_carea' id='block_1_68' title="bbox 255 3920 1832 3992">
    <p class='ocr_par' dir='ltr' id='par_1_68' title="bbox 255 3920 1832 3992">
     <span class='ocr_line' id='line_1_68' title="bbox 255 3920 1832 3992; baseline 0.001 -18"><span class='ocrx_word' id='word_1_509' title='bbox 255 3920 437 3976; x_wconf 87' lang='lat' dir='ltr'><strong>devote</strong></span> <span class='ocrx_word' id='word_1_510' title='bbox 465 3922 749 3976; x_wconf 88' lang='lat' dir='ltr'><strong>coluimus.</strong></span> <span class='ocrx_word' id='word_1_511' title='bbox 776 3920 893 3991; x_wconf 84' lang='lat' dir='ltr'><strong>Ipse</strong></span> <span class='ocrx_word' id='word_1_512' title='bbox 913 3929 997 3976; x_wconf 87' lang='lat' dir='ltr'><strong>est</strong></span> <span class='ocrx_word' id='word_1_513' title='bbox 1022 3922 1111 3990; x_wconf 89' lang='lat' dir='ltr'><strong>qui</strong></span> <span class='ocrx_word' id='word_1_514' title='bbox 1133 3929 1253 3992; x_wconf 89' lang='lat' dir='ltr'><strong>post</strong></span> <span class='ocrx_word' id='word_1_515' title='bbox 1276 3920 1695 3976; x_wconf 89' lang='lat' dir='ltr'><strong>destructionem</strong></span> <span class='ocrx_word' id='word_1_516' title='bbox 1715 3921 1832 3975; x_wconf 87' lang='lat' dir='ltr'><strong>dia-</strong></span> 
     </span>
    </p>
   </div>
   <div class='ocr_carea' id='block_1_69' title="bbox 259 4011 1835 4078">
    <p class='ocr_par' dir='ltr' id='par_1_69' title="bbox 259 4011 1835 4078">
     <span class='ocr_line' id='line_1_69' title="bbox 259 4011 1835 4078; baseline 0.002 -12"><span class='ocrx_word' id='word_1_517' title='bbox 259 4011 377 4078; x_wconf 87' lang='lat' dir='ltr'><strong>boli,</strong></span> <span class='ocrx_word' id='word_1_518' title='bbox 399 4023 458 4068; x_wconf 92' lang='lat' dir='ltr'><strong>et</strong></span> <span class='ocrx_word' id='word_1_519' title='bbox 498 4013 870 4068; x_wconf 83' lang='lat' dir='ltr'><strong>liberationem</strong></span> <span class='ocrx_word' id='word_1_520' title='bbox 898 4020 1206 4069; x_wconf 74' lang='lat' dir='ltr'><strong>sanctorum</strong></span> <span class='ocrx_word' id='word_1_521' title='bbox 1228 4014 1294 4068; x_wconf 82' lang='lat' dir='ltr'><strong>de</strong></span> <span class='ocrx_word' id='word_1_522' title='bbox 1343 4014 1579 4071; x_wconf 88' lang='lat' dir='ltr'><strong>tenebris</strong></span> <span class='ocrx_word' id='word_1_523' title='bbox 1599 4014 1835 4069; x_wconf 84' lang='lat' dir='ltr'><strong>claman-</strong></span> 
     </span>
    </p>
   </div>
   <div class='ocr_carea' id='block_1_70' title="bbox 257 4104 1833 4175">
    <p class='ocr_par' dir='ltr' id='par_1_70' title="bbox 257 4104 1833 4175">
     <span class='ocr_line' id='line_1_70' title="bbox 257 4104 1833 4175; baseline 0.003 -19"><span class='ocrx_word' id='word_1_524' title='bbox 257 4104 376 4158; x_wconf 88' lang='lat' dir='ltr'><strong>tium</strong></span> <span class='ocrx_word' id='word_1_525' title='bbox 401 4105 492 4160; x_wconf 85' lang='lat' dir='ltr'><strong>die</strong></span> <span class='ocrx_word' id='word_1_526' title='bbox 532 4106 696 4160; x_wconf 78' lang='lat' dir='ltr'><strong>tertia</strong></span> <span class='ocrx_word' id='word_1_527' title='bbox 727 4106 1044 4172; x_wconf 87' lang='lat' dir='ltr'><strong>resurrexit,</strong></span> <span class='ocrx_word' id='word_1_528' title='bbox 1074 4115 1131 4161; x_wconf 90' lang='lat' dir='ltr'><strong>et</strong></span> <span class='ocrx_word' id='word_1_529' title='bbox 1166 4107 1461 4162; x_wconf 68' lang='lat' dir='ltr'><strong>ascendens</strong></span> <span class='ocrx_word' id='word_1_530' title='bbox 1511 4107 1562 4161; x_wconf 92' lang='lat' dir='ltr'><strong>in</strong></span> <span class='ocrx_word' id='word_1_531' title='bbox 1612 4121 1833 4175; x_wconf 86' lang='lat' dir='ltr'><strong>regnum</strong></span> 
     </span>
    </p>
   </div>
   <div class='ocr_carea' id='block_1_71' title="bbox 259 4196 1834 4268">
    <p class='ocr_par' dir='ltr' id='par_1_71' title="bbox 259 4196 1834 4268">
     <span class='ocr_line' id='line_1_71' title="bbox 259 4196 1834 4268; baseline 0.003 -18"><span class='ocrx_word' id='word_1_532' title='bbox 259 4197 469 4251; x_wconf 65' lang='lat' dir='ltr'><strong>caeleste</strong></span> <span class='ocrx_word' id='word_1_533' title='bbox 495 4196 646 4251; x_wconf 90' lang='lat' dir='ltr'><strong>sedet</strong></span> <span class='ocrx_word' id='word_1_534' title='bbox 674 4197 741 4251; x_wconf 87' lang='lat' dir='ltr'><strong>ad</strong></span> <span class='ocrx_word' id='word_1_535' title='bbox 767 4197 1010 4252; x_wconf 76' lang='lat' dir='ltr'><strong>dextram</strong></span> <span class='ocrx_word' id='word_1_536' title='bbox 1051 4198 1144 4252; x_wconf 90' lang='lat' dir='ltr'><strong>Dei</strong></span> <span class='ocrx_word' id='word_1_537' title='bbox 1176 4197 1367 4253; x_wconf 83' lang='lat' dir='ltr'><strong>Patris.</strong></span> <span class='ocrx_word' id='word_1_538' title='bbox 1400 4198 1515 4268; x_wconf 91' lang='lat' dir='ltr'><strong>Ipse</strong></span> <span class='ocrx_word' id='word_1_539' title='bbox 1545 4208 1627 4253; x_wconf 86' lang='lat' dir='ltr'><strong>est</strong></span> <span class='ocrx_word' id='word_1_540' title='bbox 1670 4199 1834 4256; x_wconf 89' lang='lat' dir='ltr'><strong>Filius</strong></span> 
     </span>
    </p>
   </div>
   <div class='ocr_carea' id='block_1_72' title="bbox 258 4287 1833 4362">
    <p class='ocr_par' dir='ltr' id='par_1_72' title="bbox 258 4287 1833 4362">
     <span class='ocr_line' id='line_1_72' title="bbox 258 4287 1833 4362; baseline 0.004 -20"><span class='ocrx_word' id='word_1_541' title='bbox 258 4287 445 4353; x_wconf 65' lang='lat' dir='ltr'><strong>Mariae,</strong></span> <span class='ocrx_word' id='word_1_542' title='bbox 476 4304 596 4358; x_wconf 75' lang='lat' dir='ltr'><strong>qua:</strong></span> <span class='ocrx_word' id='word_1_543' title='bbox 627 4290 777 4358; x_wconf 90' lang='lat' dir='ltr'><strong>virgo</strong></span> <span class='ocrx_word' id='word_1_544' title='bbox 804 4289 871 4345; x_wconf 92' lang='lat' dir='ltr'><strong>de</strong></span> <span class='ocrx_word' id='word_1_545' title='bbox 897 4290 1098 4361; x_wconf 90' lang='lat' dir='ltr'><strong>Spiritu</strong></span> <span class='ocrx_word' id='word_1_546' title='bbox 1127 4299 1312 4347; x_wconf 88' lang='lat' dir='ltr'><strong>sancto</strong></span> <span class='ocrx_word' id='word_1_547' title='bbox 1335 4294 1599 4362; x_wconf 87' lang='lat' dir='ltr'><strong>concepit,</strong></span> <span class='ocrx_word' id='word_1_548' title='bbox 1631 4308 1751 4362; x_wconf 69' lang='lat' dir='ltr'><strong>quae</strong></span> <span class='ocrx_word' id='word_1_549' title='bbox 1778 4294 1833 4349; x_wconf 92' lang='lat' dir='ltr'><strong>in</strong></span> 
     </span>
    </p>
   </div>
   <div class='ocr_carea' id='block_1_73' title="bbox 263 4382 1835 4455">
    <p class='ocr_par' dir='ltr' id='par_1_73' title="bbox 263 4382 1835 4455">
     <span class='ocr_line' id='line_1_73' title="bbox 263 4382 1835 4455; baseline 0.004 -22"><span class='ocrx_word' id='word_1_550' title='bbox 263 4382 559 4449; x_wconf 82' lang='lat' dir='ltr'><strong>virginitate</strong></span> <span class='ocrx_word' id='word_1_551' title='bbox 608 4382 809 4436; x_wconf 91' lang='lat' dir='ltr'><strong>illibata</strong></span> <span class='ocrx_word' id='word_1_552' title='bbox 864 4382 1030 4439; x_wconf 87' lang='lat' dir='ltr'><strong>Deum</strong></span> <span class='ocrx_word' id='word_1_553' title='bbox 1072 4392 1131 4438; x_wconf 88' lang='lat' dir='ltr'><strong>et</strong></span> <span class='ocrx_word' id='word_1_554' title='bbox 1159 4384 1428 4439; x_wconf 89' lang='lat' dir='ltr'><strong>hominem</strong></span> <span class='ocrx_word' id='word_1_555' title='bbox 1459 4385 1687 4453; x_wconf 87' lang='lat' dir='ltr'><strong>peperit,</strong></span> <span class='ocrx_word' id='word_1_556' title='bbox 1715 4400 1835 4455; x_wconf 66' lang='lat' dir='ltr'><strong>qua!</strong></span> 
     </span>
    </p>
   </div>
   <div class='ocr_carea' id='block_1_74' title="bbox 256 4476 1836 4550">
    <p class='ocr_par' dir='ltr' id='par_1_74' title="bbox 256 4476 1836 4550">
     <span class='ocr_line' id='line_1_74' title="bbox 256 4476 1836 4550; baseline 0.003 -21"><span class='ocrx_word' id='word_1_557' title='bbox 256 4476 406 4529; x_wconf 82' lang='lat' dir='ltr'><strong>etiam</strong></span> <span class='ocrx_word' id='word_1_558' title='bbox 436 4484 563 4545; x_wconf 89' lang='lat' dir='ltr'><strong>post</strong></span> <span class='ocrx_word' id='word_1_559' title='bbox 590 4485 800 4545; x_wconf 87' lang='lat' dir='ltr'><strong>partum</strong></span> <span class='ocrx_word' id='word_1_560' title='bbox 819 4477 978 4545; x_wconf 83' lang='lat' dir='ltr'><strong>Virgo</strong></span> <span class='ocrx_word' id='word_1_561' title='bbox 1000 4486 1055 4533; x_wconf 89' lang='lat' dir='ltr'><strong>et</strong></span> <span class='ocrx_word' id='word_1_562' title='bbox 1076 4478 1245 4533; x_wconf 88' lang='lat' dir='ltr'><strong>Mater</strong></span> <span class='ocrx_word' id='word_1_563' title='bbox 1272 4478 1564 4534; x_wconf 88' lang='lat' dir='ltr'><strong>Salvatoris</strong></span> <span class='ocrx_word' id='word_1_564' title='bbox 1584 4496 1836 4550; x_wconf 87' lang='lat' dir='ltr'><strong>perman-</strong></span> 
     </span>
    </p>
   </div>
   <div class='ocr_carea' id='block_1_75' title="bbox 257 4566 1833 4637">
    <p class='ocr_par' dir='ltr' id='par_1_75' title="bbox 257 4566 1833 4637">
     <span class='ocr_line' id='line_1_75' title="bbox 257 4566 1833 4637; baseline 0.003 -16"><span class='ocrx_word' id='word_1_565' title='bbox 257 4567 337 4621; x_wconf 85' lang='lat' dir='ltr'><strong>sit.</strong></span> <span class='ocrx_word' id='word_1_566' title='bbox 359 4566 461 4632; x_wconf 85' lang='lat' dir='ltr'><strong>Qui</strong></span> <span class='ocrx_word' id='word_1_567' title='bbox 491 4583 571 4630; x_wconf 87' lang='lat' dir='ltr'><strong>se,</strong></span> <span class='ocrx_word' id='word_1_568' title='bbox 604 4576 662 4622; x_wconf 88' lang='lat' dir='ltr'><strong>ut</strong></span> <span class='ocrx_word' id='word_1_569' title='bbox 689 4584 851 4637; x_wconf 89' lang='lat' dir='ltr'><strong>supra</strong></span> <span class='ocrx_word' id='word_1_570' title='bbox 889 4570 1090 4625; x_wconf 88' lang='lat' dir='ltr'><strong>dictum</strong></span> <span class='ocrx_word' id='word_1_571' title='bbox 1127 4580 1230 4636; x_wconf 90' lang='lat' dir='ltr'><strong>est,</strong></span> <span class='ocrx_word' id='word_1_572' title='bbox 1262 4571 1494 4626; x_wconf 88' lang='lat' dir='ltr'><strong>hostiam</strong></span> <span class='ocrx_word' id='word_1_573' title='bbox 1522 4571 1833 4627; x_wconf 91' lang='lat' dir='ltr'><strong>immacula-</strong></span> 
     </span>
    </p>
   </div>
   <div class='ocr_carea' id='block_1_76' title="bbox 2004 3368 3508 3441">
    <p class='ocr_par' dir='ltr' id='par_1_76' title="bbox 2004 3368 3508 3441">
     <span class='ocr_line' id='line_1_76' title="bbox 2004 3368 3508 3441; baseline -0.001 -16"><span class='ocrx_word' id='word_1_574' title='bbox 2004 3370 2205 3441; x_wconf 90' lang='lat' dir='ltr'><strong>Siquis</strong></span> <span class='ocrx_word' id='word_1_575' title='bbox 2233 3379 2411 3425; x_wconf 90' lang='lat' dir='ltr'><strong>autem</strong></span> <span class='ocrx_word' id='word_1_576' title='bbox 2458 3371 2543 3425; x_wconf 91' lang='lat' dir='ltr'><strong>bis</strong></span> <span class='ocrx_word' id='word_1_577' title='bbox 2589 3370 2818 3439; x_wconf 80' lang='lat' dir='ltr'><strong>decretis</strong></span> <span class='ocrx_word' id='word_1_578' title='bbox 2856 3371 3241 3425; x_wconf 81' lang='lat' dir='ltr'><strong>contradixerit</strong></span> <span class='ocrx_word' id='word_1_579' title='bbox 3268 3387 3299 3424; x_wconf 89' lang='lat' dir='ltr'><strong>a</strong></span> <span class='ocrx_word' id='word_1_580' title='bbox 3330 3368 3508 3434; x_wconf 88' lang='lat' dir='ltr'><strong>Patre,</strong></span> 
     </span>
    </p>
   </div>
   <div class='ocr_carea' id='block_1_77' title="bbox 1934 3462 3512 3533">
    <p class='ocr_par' dir='ltr' id='par_1_77' title="bbox 1934 3462 3512 3533">
     <span class='ocr_line' id='line_1_77' title="bbox 1934 3462 3512 3533; baseline -0.001 -15"><span class='ocrx_word' id='word_1_581' title='bbox 1934 3474 1989 3519; x_wconf 91' lang='lat' dir='ltr'><strong>et</strong></span> <span class='ocrx_word' id='word_1_582' title='bbox 2016 3465 2175 3531; x_wconf 78' lang='lat' dir='ltr'><strong>Filio,</strong></span> <span class='ocrx_word' id='word_1_583' title='bbox 2218 3472 2271 3517; x_wconf 89' lang='lat' dir='ltr'><strong>et</strong></span> <span class='ocrx_word' id='word_1_584' title='bbox 2298 3462 2500 3533; x_wconf 88' lang='lat' dir='ltr'><strong>Spiritu</strong></span> <span class='ocrx_word' id='word_1_585' title='bbox 2528 3473 2731 3529; x_wconf 86' lang='lat' dir='ltr'><strong>sancto,</strong></span> <span class='ocrx_word' id='word_1_586' title='bbox 2775 3465 3060 3519; x_wconf 81' lang='lat' dir='ltr'><strong>anathema</strong></span> <span class='ocrx_word' id='word_1_587' title='bbox 3103 3465 3191 3518; x_wconf 90' lang='lat' dir='ltr'><strong>sit.</strong></span> <span class='ocrx_word' id='word_1_588' title='bbox 3223 3463 3317 3517; x_wconf 85' lang='lat' dir='ltr'><strong>llis</strong></span> <span class='ocrx_word' id='word_1_589' title='bbox 3357 3465 3512 3518; x_wconf 89' lang='lat' dir='ltr'><strong>dictis</strong></span> 
     </span>
    </p>
   </div>
   <div class='ocr_carea' id='block_1_78' title="bbox 1932 3553 3512 3626">
    <p class='ocr_par' dir='ltr' id='par_1_78' title="bbox 1932 3553 3512 3626">
     <span class='ocr_line' id='line_1_78' title="bbox 1932 3553 3512 3626; baseline -0.003 -15"><span class='ocrx_word' id='word_1_590' title='bbox 1932 3557 2123 3612; x_wconf 82' lang='lat' dir='ltr'><strong>beatus</strong></span> <span class='ocrx_word' id='word_1_591' title='bbox 2142 3557 2384 3626; x_wconf 81' lang='lat' dir='ltr'><strong>pontilex</strong></span> <span class='ocrx_word' id='word_1_592' title='bbox 2400 3556 2719 3613; x_wconf 86' lang='lat' dir='ltr'><strong>Eleutherus</strong></span> <span class='ocrx_word' id='word_1_593' title='bbox 2738 3556 2895 3609; x_wconf 89' lang='lat' dir='ltr'><strong>sedit.</strong></span> <span class='ocrx_word' id='word_1_594' title='bbox 2922 3554 3183 3609; x_wconf 84' lang='lat' dir='ltr'><strong>Catholici</strong></span> <span class='ocrx_word' id='word_1_595' title='bbox 3211 3562 3390 3608; x_wconf 89' lang='lat' dir='ltr'><strong>autem</strong></span> <span class='ocrx_word' id='word_1_596' title='bbox 3412 3553 3512 3607; x_wconf 86' lang='lat' dir='ltr'><strong>viri</strong></span> 
     </span>
    </p>
   </div>
   <div class='ocr_carea' id='block_1_79' title="bbox 1932 3637 3511 3718">
    <p class='ocr_par' dir='ltr' id='par_1_79' title="bbox 1932 3637 3511 3718">
     <span class='ocr_line' id='line_1_79' title="bbox 1932 3637 3511 3718; baseline -0.002 -16"><span class='ocrx_word' id='word_1_597' title='bbox 1932 3650 2024 3718; x_wconf 90' lang='lat' dir='ltr'><strong>qui</strong></span> <span class='ocrx_word' id='word_1_598' title='bbox 2069 3649 2134 3702; x_wconf 90' lang='lat' dir='ltr'><strong>ad</strong></span> <span class='ocrx_word' id='word_1_599' title='bbox 2182 3659 2425 3703; x_wconf 89' lang='lat' dir='ltr'><strong>sanctam</strong></span> <span class='ocrx_word' id='word_1_600' title='bbox 2469 3637 2733 3718; x_wconf 81' lang='lat' dir='ltr'><strong>synodum</strong></span> <span class='ocrx_word' id='word_1_601' title='bbox 2771 3648 3053 3701; x_wconf 81' lang='lat' dir='ltr'><strong>convocati</strong></span> <span class='ocrx_word' id='word_1_602' title='bbox 3097 3653 3274 3713; x_wconf 89' lang='lat' dir='ltr'><strong>erant,</strong></span> <span class='ocrx_word' id='word_1_603' title='bbox 3321 3659 3511 3699; x_wconf 89' lang='lat' dir='ltr'><strong>vocem</strong></span> 
     </span>
    </p>
   </div>
   <div class='ocr_carea' id='block_1_80' title="bbox 1932 3736 3508 3806">
    <p class='ocr_par' dir='ltr' id='par_1_80' title="bbox 1932 3736 3508 3806">
     <span class='ocr_line' id='line_1_80' title="bbox 1932 3736 3508 3806; baseline -0.003 -12"><span class='ocrx_word' id='word_1_604' title='bbox 1932 3755 2055 3794; x_wconf 89' lang='lat' dir='ltr'><strong>cum</strong></span> <span class='ocrx_word' id='word_1_605' title='bbox 2095 3738 2294 3806; x_wconf 87' lang='lat' dir='ltr'><strong>gaudio</strong></span> <span class='ocrx_word' id='word_1_606' title='bbox 2324 3739 2563 3792; x_wconf 90' lang='lat' dir='ltr'><strong>levantes</strong></span> <span class='ocrx_word' id='word_1_607' title='bbox 2606 3736 2976 3806; x_wconf 86' lang='lat' dir='ltr'><strong>gloriﬁcabant</strong></span> <span class='ocrx_word' id='word_1_608' title='bbox 3001 3737 3194 3804; x_wconf 91' lang='lat' dir='ltr'><strong>Deum,</strong></span> <span class='ocrx_word' id='word_1_609' title='bbox 3227 3736 3508 3791; x_wconf 85' lang='lat' dir='ltr'><strong>dicentes:</strong></span> 
     </span>
    </p>
   </div>
   <div class='ocr_carea' id='block_1_81' title="bbox 1935 3831 3509 3909">
    <p class='ocr_par' dir='ltr' id='par_1_81' title="bbox 1935 3831 3509 3909">
     <span class='ocr_line' id='line_1_81' title="bbox 1935 3831 3509 3909; baseline 0 -24"><span class='ocrx_word' id='word_1_610' title='bbox 1935 3831 2250 3887; x_wconf 89' lang='lat' dir='ltr'><strong>Trinitatem</strong></span> <span class='ocrx_word' id='word_1_611' title='bbox 2280 3832 2334 3885; x_wconf 92' lang='lat' dir='ltr'><strong>in</strong></span> <span class='ocrx_word' id='word_1_612' title='bbox 2366 3832 2568 3885; x_wconf 89' lang='lat' dir='ltr'><strong>unitate</strong></span> <span class='ocrx_word' id='word_1_613' title='bbox 2597 3846 2915 3909; x_wconf 69' lang='lat' dir='ltr'><strong>veneramur</strong></span> <span class='ocrx_word' id='word_1_614' title='bbox 2954 3840 3008 3886; x_wconf 90' lang='lat' dir='ltr'><strong>et</strong></span> <span class='ocrx_word' id='word_1_615' title='bbox 3036 3831 3282 3897; x_wconf 91' lang='lat' dir='ltr'><strong>colimus,</strong></span> <span class='ocrx_word' id='word_1_616' title='bbox 3332 3831 3509 3885; x_wconf 90' lang='lat' dir='ltr'><strong>unita-</strong></span> 
     </span>
    </p>
   </div>
   <div class='ocr_carea' id='block_1_82' title="bbox 1934 3920 3511 3992">
    <p class='ocr_par' dir='ltr' id='par_1_82' title="bbox 1934 3920 3511 3992">
     <span class='ocr_line' id='line_1_82' title="bbox 1934 3920 3511 3992; baseline -0.001 -14"><span class='ocrx_word' id='word_1_617' title='bbox 1934 3934 2042 3979; x_wconf 88' lang='lat' dir='ltr'><strong>tem</strong></span> <span class='ocrx_word' id='word_1_618' title='bbox 2073 3923 2127 3977; x_wconf 91' lang='lat' dir='ltr'><strong>in</strong></span> <span class='ocrx_word' id='word_1_619' title='bbox 2156 3923 2461 3981; x_wconf 84' lang='lat' dir='ltr'><strong>substantia</strong></span> <span class='ocrx_word' id='word_1_620' title='bbox 2502 3922 2837 3992; x_wconf 80' lang='lat' dir='ltr'><strong>proﬁtemur,</strong></span> <span class='ocrx_word' id='word_1_621' title='bbox 2878 3930 2933 3977; x_wconf 92' lang='lat' dir='ltr'><strong>et</strong></span> <span class='ocrx_word' id='word_1_622' title='bbox 2975 3922 3169 3977; x_wconf 91' lang='lat' dir='ltr'><strong>devote</strong></span> <span class='ocrx_word' id='word_1_623' title='bbox 3198 3920 3511 3990; x_wconf 88' lang='lat' dir='ltr'><strong>adoramus,</strong></span> 
     </span>
    </p>
   </div>
   <div class='ocr_carea' id='block_1_83' title="bbox 1934 3991 3540 4085">
    <p class='ocr_par' dir='ltr' id='par_1_83' title="bbox 1934 3991 3540 4085">
     <span class='ocr_line' id='line_1_83' title="bbox 1934 3991 3540 4085; baseline -0.001 -16"><span class='ocrx_word' id='word_1_624' title='bbox 1934 4022 2151 4069; x_wconf 88' lang='lat' dir='ltr'><strong>econtra</strong></span> <span class='ocrx_word' id='word_1_625' title='bbox 2196 4012 2588 4069; x_wconf 76' lang='lat' dir='ltr'><strong>confundantur</strong></span> <span class='ocrx_word' id='word_1_626' title='bbox 2620 4013 2878 4079; x_wconf 75' lang='lat' dir='ltr'><strong>haeretici,</strong></span> <span class='ocrx_word' id='word_1_627' title='bbox 2928 4013 3119 4068; x_wconf 87' lang='lat' dir='ltr'><strong>deinde</strong></span> <span class='ocrx_word' id='word_1_628' title='bbox 3159 4029 3187 4067; x_wconf 90' lang='lat' dir='ltr'><strong>a</strong></span> <span class='ocrx_word' id='word_1_629' title='bbox 3244 4028 3394 4067; x_wconf 84' lang='lat' dir='ltr'><strong>sacra</strong></span> <span class='ocrx_word' id='word_1_630' title='bbox 3423 3991 3540 4085; x_wconf 44' lang='lat' dir='ltr'><strong>sy-I</strong></span> 
     </span>
    </p>
   </div>
   <div class='ocr_carea' id='block_1_84' title="bbox 1934 4107 3510 4179">
    <p class='ocr_par' dir='ltr' id='par_1_84' title="bbox 1934 4107 3510 4179">
     <span class='ocr_line' id='line_1_84' title="bbox 1934 4107 3510 4179; baseline -0.001 -16"><span class='ocrx_word' id='word_1_631' title='bbox 1934 4108 2079 4163; x_wconf 90' lang='lat' dir='ltr'><strong>nodo</strong></span> <span class='ocrx_word' id='word_1_632' title='bbox 2109 4108 2368 4163; x_wconf 89' lang='lat' dir='ltr'><strong>recedunt</strong></span> <span class='ocrx_word' id='word_1_633' title='bbox 2412 4108 2638 4163; x_wconf 81' lang='lat' dir='ltr'><strong>confusi.</strong></span> <span class='ocrx_word' id='word_1_634' title='bbox 2690 4107 2909 4179; x_wconf 83' lang='lat' dir='ltr'><strong>Synodo</strong></span> <span class='ocrx_word' id='word_1_635' title='bbox 2958 4117 3134 4163; x_wconf 86' lang='lat' dir='ltr'><strong>autent</strong></span> <span class='ocrx_word' id='word_1_636' title='bbox 3181 4110 3248 4163; x_wconf 91' lang='lat' dir='ltr'><strong>ad</strong></span> <span class='ocrx_word' id='word_1_637' title='bbox 3296 4110 3510 4179; x_wconf 85' lang='lat' dir='ltr'><strong>propria</strong></span> 
     </span>
    </p>
   </div>
   <div class='ocr_carea' id='block_1_85' title="bbox 1935 4199 3517 4271">
    <p class='ocr_par' dir='ltr' id='par_1_85' title="bbox 1935 4199 3517 4271">
     <span class='ocr_line' id='line_1_85' title="bbox 1935 4199 3517 4271; baseline 0.003 -17"><span class='ocrx_word' id='word_1_638' title='bbox 1935 4208 2260 4261; x_wconf 86' lang='lat' dir='ltr'><strong>revertente,</strong></span> <span class='ocrx_word' id='word_1_639' title='bbox 2311 4208 2527 4253; x_wconf 87' lang='lat' dir='ltr'><strong>sanctus</strong></span> <span class='ocrx_word' id='word_1_640' title='bbox 2556 4200 2800 4255; x_wconf 89' lang='lat' dir='ltr'><strong>similiter</strong></span> <span class='ocrx_word' id='word_1_641' title='bbox 2845 4199 3183 4257; x_wconf 82' lang='lat' dir='ltr'><strong>Eleutherius</strong></span> <span class='ocrx_word' id='word_1_642' title='bbox 3212 4203 3295 4267; x_wconf 78' lang='lat' dir='ltr'><strong>ad</strong></span> <span class='ocrx_word' id='word_1_643' title='bbox 3334 4203 3517 4271; x_wconf 41' lang='lat' dir='ltr'><strong>aulam.</strong></span> 
     </span>
    </p>
   </div>
   <div class='ocr_carea' id='block_1_86' title="bbox 1935 4290 3603 4359">
    <p class='ocr_par' dir='ltr' id='par_1_86' title="bbox 1935 4290 3603 4359">
     <span class='ocr_line' id='line_1_86' title="bbox 1935 4290 3603 4359; baseline 0.003 -14"><span class='ocrx_word' id='word_1_644' title='bbox 1935 4306 2105 4355; x_wconf 85' lang='lat' dir='ltr'><strong>suam,</strong></span> <span class='ocrx_word' id='word_1_645' title='bbox 2155 4304 2272 4358; x_wconf 68' lang='lat' dir='ltr'><strong>qum</strong></span> <span class='ocrx_word' id='word_1_646' title='bbox 2301 4290 2350 4342; x_wconf 92' lang='lat' dir='ltr'><strong>in</strong></span> <span class='ocrx_word' id='word_1_647' title='bbox 2381 4290 2649 4359; x_wconf 85' lang='lat' dir='ltr'><strong>oppidano</strong></span> <span class='ocrx_word' id='word_1_648' title='bbox 2681 4290 2802 4345; x_wconf 88' lang='lat' dir='ltr'><strong>loco</strong></span> <span class='ocrx_word' id='word_1_649' title='bbox 2845 4293 3235 4359; x_wconf 74' lang='lat' dir='ltr'><strong>continebatur,</strong></span> <span class='ocrx_word' id='word_1_650' title='bbox 3267 4310 3387 4347; x_wconf 89' lang='lat' dir='ltr'><strong>cum</strong></span> <span class='ocrx_word' id='word_1_651' title='bbox 3416 4310 3510 4348; x_wconf 89' lang='lat' dir='ltr'><strong>ca-</strong></span> <span class='ocrx_word' id='word_1_652' title='bbox 3590 4338 3603 4350; x_wconf 93' lang='lat'><strong>.</strong></span> 
     </span>
    </p>
   </div>
   <div class='ocr_carea' id='block_1_87' title="bbox 1936 4379 3512 4451">
    <p class='ocr_par' dir='ltr' id='par_1_87' title="bbox 1936 4379 3512 4451">
     <span class='ocr_line' id='line_1_87' title="bbox 1936 4379 3512 4451; baseline 0.004 -17"><span class='ocrx_word' id='word_1_653' title='bbox 1936 4380 2149 4435; x_wconf 88' lang='lat' dir='ltr'><strong>tholicis</strong></span> <span class='ocrx_word' id='word_1_654' title='bbox 2194 4380 2319 4434; x_wconf 83' lang='lat' dir='ltr'><strong>viris</strong></span> <span class='ocrx_word' id='word_1_655' title='bbox 2360 4379 2472 4449; x_wconf 85' lang='lat' dir='ltr'><strong>jam</strong></span> <span class='ocrx_word' id='word_1_656' title='bbox 2502 4381 2837 4451; x_wconf 87' lang='lat' dir='ltr'><strong>septuaginta</strong></span> <span class='ocrx_word' id='word_1_657' title='bbox 2883 4392 2935 4436; x_wconf 90' lang='lat' dir='ltr'><strong>et</strong></span> <span class='ocrx_word' id='word_1_658' title='bbox 2973 4398 3077 4437; x_wconf 91' lang='lat' dir='ltr'><strong>uno</strong></span> <span class='ocrx_word' id='word_1_659' title='bbox 3107 4386 3342 4439; x_wconf 79' lang='lat' dir='ltr'><strong>existens</strong></span> <span class='ocrx_word' id='word_1_660' title='bbox 3370 4401 3512 4441; x_wconf 89' lang='lat' dir='ltr'><strong>anno</strong></span> 
     </span>
    </p>
   </div>
   <div class='ocr_carea' id='block_1_88' title="bbox 1936 4472 3515 4545">
    <p class='ocr_par' dir='ltr' id='par_1_88' title="bbox 1936 4472 3515 4545">
     <span class='ocr_line' id='line_1_88' title="bbox 1936 4472 3515 4545; baseline 0.004 -19"><span class='ocrx_word' id='word_1_661' title='bbox 1936 4488 2210 4541; x_wconf 83' lang='lat' dir='ltr'><strong>regressus</strong></span> <span class='ocrx_word' id='word_1_662' title='bbox 2250 4481 2348 4527; x_wconf 85' lang='lat' dir='ltr'><strong>est.</strong></span> <span class='ocrx_word' id='word_1_663' title='bbox 2383 4472 2590 4527; x_wconf 88' lang='lat' dir='ltr'><strong>Interea</strong></span> <span class='ocrx_word' id='word_1_664' title='bbox 2619 4488 2717 4544; x_wconf 88' lang='lat' dir='ltr'><strong>per</strong></span> <span class='ocrx_word' id='word_1_665' title='bbox 2743 4474 2979 4545; x_wconf 89' lang='lat' dir='ltr'><strong>quinque</strong></span> <span class='ocrx_word' id='word_1_666' title='bbox 3008 4490 3177 4530; x_wconf 88' lang='lat' dir='ltr'><strong>annos</strong></span> <span class='ocrx_word' id='word_1_667' title='bbox 3206 4475 3515 4533; x_wconf 87' lang='lat' dir='ltr'><strong>Tornacen-</strong></span> 
     </span>
    </p>
   </div>
   <div class='ocr_carea' id='block_1_89' title="bbox 1935 4565 3509 4637">
    <p class='ocr_par' dir='ltr' id='par_1_89' title="bbox 1935 4565 3509 4637">
     <span class='ocr_line' id='line_1_89' title="bbox 1935 4565 3509 4637; baseline 0.003 -17"><span class='ocrx_word' id='word_1_668' title='bbox 1935 4567 2007 4620; x_wconf 81' lang='lat' dir='ltr'><strong>sis</strong></span> <span class='ocrx_word' id='word_1_669' title='bbox 2028 4565 2283 4631; x_wconf 84' lang='lat' dir='ltr'><strong>Ecclesia,</strong></span> <span class='ocrx_word' id='word_1_670' title='bbox 2308 4566 2500 4633; x_wconf 90' lang='lat' dir='ltr'><strong>quibus</strong></span> <span class='ocrx_word' id='word_1_671' title='bbox 2527 4565 2780 4621; x_wconf 87' lang='lat' dir='ltr'><strong>sacerdos</strong></span> <span class='ocrx_word' id='word_1_672' title='bbox 2800 4568 3093 4636; x_wconf 79' lang='lat' dir='ltr'><strong>supervixit</strong></span> <span class='ocrx_word' id='word_1_673' title='bbox 3114 4569 3509 4637; x_wconf 81' lang='lat' dir='ltr'><strong>invictissimus,</strong></span> 
     </span>
    </p>
   </div>
   <div class='ocr_carea' id='block_1_90' title="bbox 257 4651 3512 4734">
    <p class='ocr_par' dir='ltr' id='par_1_90' title="bbox 257 4651 3512 4734">
     <span class='ocr_line' id='line_1_90' title="bbox 257 4651 3512 4734; baseline 0.001 -24"><span class='ocrx_word' id='word_1_674' title='bbox 257 4665 380 4724; x_wconf 86' lang='lat' dir='ltr'><strong>tam,</strong></span> <span class='ocrx_word' id='word_1_675' title='bbox 426 4659 658 4714; x_wconf 86' lang='lat' dir='ltr'><strong>hostiam</strong></span> <span class='ocrx_word' id='word_1_676' title='bbox 707 4659 818 4714; x_wconf 88' lang='lat' dir='ltr'><strong>Deo</strong></span> <span class='ocrx_word' id='word_1_677' title='bbox 847 4660 992 4715; x_wconf 86' lang='lat' dir='ltr'><strong>Patri</strong></span> <span class='ocrx_word' id='word_1_678' title='bbox 1037 4662 1337 4731; x_wconf 80' lang='lat' dir='ltr'><strong>placentem</strong></span> <span class='ocrx_word' id='word_1_679' title='bbox 1368 4665 1579 4720; x_wconf 76' lang='lat' dir='ltr'><strong>obtulit.</strong></span> <span class='ocrx_word' id='word_1_680' title='bbox 1610 4663 1665 4720; x_wconf 81' lang='lat' dir='ltr'><strong>Si</strong></span> <span class='ocrx_word' id='word_1_681' title='bbox 1714 4667 1833 4734; x_wconf 76' lang='lat' dir='ltr'><strong>quis</strong></span> <span class='ocrx_word' id='word_1_682' title='bbox 1862 4651 1909 4711; x_wconf 86' lang='lat' dir='ltr'><strong>D</strong></span> <span class='ocrx_word' id='word_1_683' title='bbox 1935 4673 1965 4711; x_wconf 94' lang='lat' dir='ltr'><strong>a</strong></span> <span class='ocrx_word' id='word_1_684' title='bbox 1992 4659 2270 4713; x_wconf 82' lang='lat' dir='ltr'><strong>catholicis</strong></span> <span class='ocrx_word' id='word_1_685' title='bbox 2301 4659 2428 4711; x_wconf 88' lang='lat' dir='ltr'><strong>viris</strong></span> <span class='ocrx_word' id='word_1_686' title='bbox 2457 4658 2792 4714; x_wconf 87' lang='lat' dir='ltr'><strong>sublimatur.</strong></span> <span class='ocrx_word' id='word_1_687' title='bbox 2840 4659 3054 4714; x_wconf 89' lang='lat' dir='ltr'><strong>Interim</strong></span> <span class='ocrx_word' id='word_1_688' title='bbox 3085 4670 3259 4714; x_wconf 90' lang='lat' dir='ltr'><strong>autem</strong></span> <span class='ocrx_word' id='word_1_689' title='bbox 3300 4662 3512 4733; x_wconf 77' lang='lat' dir='ltr'><strong>lucreti-</strong></span> 
     </span>
    </p>
   </div>
   <div class='ocr_carea' id='block_1_91' title="bbox 257 4751 1863 4828">
    <p class='ocr_par' dir='ltr' id='par_1_91' title="bbox 257 4751 1863 4828">
     <span class='ocr_line' id='line_1_91' title="bbox 257 4751 1863 4828; baseline 0.007 -26"><span class='ocrx_word' id='word_1_690' title='bbox 257 4761 427 4805; x_wconf 86' lang='lat' dir='ltr'><strong>autem</strong></span> <span class='ocrx_word' id='word_1_691' title='bbox 456 4751 672 4815; x_wconf 87' lang='lat' dir='ltr'><strong>dixerit,</strong></span> <span class='ocrx_word' id='word_1_692' title='bbox 701 4752 826 4821; x_wconf 86' lang='lat' dir='ltr'><strong>quia</strong></span> <span class='ocrx_word' id='word_1_693' title='bbox 849 4759 958 4807; x_wconf 87' lang='lat' dir='ltr'><strong>tam</strong></span> <span class='ocrx_word' id='word_1_694' title='bbox 986 4769 1085 4823; x_wconf 90' lang='lat' dir='ltr'><strong>pro</strong></span> <span class='ocrx_word' id='word_1_695' title='bbox 1114 4770 1173 4809; x_wconf 89' lang='lat' dir='ltr'><strong>se</strong></span> <span class='ocrx_word' id='word_1_696' title='bbox 1198 4756 1335 4826; x_wconf 90' lang='lat' dir='ltr'><strong>ipso,</strong></span> <span class='ocrx_word' id='word_1_697' title='bbox 1361 4772 1521 4827; x_wconf 90' lang='lat' dir='ltr'><strong>quam</strong></span> <span class='ocrx_word' id='word_1_698' title='bbox 1551 4774 1648 4828; x_wconf 93' lang='lat' dir='ltr'><strong>pro</strong></span> <span class='ocrx_word' id='word_1_699' title='bbox 1679 4759 1863 4814; x_wconf 52' lang='lat' dir='ltr'><strong>nobis‘</strong></span> 
     </span>
    </p>
   </div>
   <div class='ocr_carea' id='block_1_92' title="bbox 255 4841 1834 4919">
    <p class='ocr_par' dir='ltr' id='par_1_92' title="bbox 255 4841 1834 4919">
     <span class='ocr_line' id='line_1_92' title="bbox 255 4841 1834 4919; baseline 0.007 -24"><span class='ocrx_word' id='word_1_700' title='bbox 255 4841 570 4897; x_wconf 82' lang='lat' dir='ltr'><strong>sacriiicium</strong></span> <span class='ocrx_word' id='word_1_701' title='bbox 617 4859 675 4898; x_wconf 87' lang='lat' dir='ltr'><strong>se</strong></span> <span class='ocrx_word' id='word_1_702' title='bbox 704 4844 816 4899; x_wconf 90' lang='lat' dir='ltr'><strong>Deo</strong></span> <span class='ocrx_word' id='word_1_703' title='bbox 849 4845 1121 4911; x_wconf 90' lang='lat' dir='ltr'><strong>obtulerit,</strong></span> <span class='ocrx_word' id='word_1_704' title='bbox 1152 4863 1259 4903; x_wconf 93' lang='lat' dir='ltr'><strong>non</strong></span> <span class='ocrx_word' id='word_1_705' title='bbox 1289 4857 1586 4903; x_wconf 88' lang='lat' dir='ltr'><strong>extrenmm</strong></span> <span class='ocrx_word' id='word_1_706' title='bbox 1618 4850 1834 4919; x_wconf 83' lang='lat' dir='ltr'><strong>ell&#39;ngiet</strong></span> 
     </span>
    </p>
   </div>
   <div class='ocr_carea' id='block_1_93' title="bbox 252 4935 1834 5011">
    <p class='ocr_par' dir='ltr' id='par_1_93' title="bbox 252 4935 1834 5011">
     <span class='ocr_line' id='line_1_93' title="bbox 252 4935 1834 5011; baseline 0.007 -25"><span class='ocrx_word' id='word_1_707' title='bbox 252 4935 587 5003; x_wconf 82' lang='lat' dir='ltr'><strong>supplicium,</strong></span> <span class='ocrx_word' id='word_1_708' title='bbox 618 4935 711 4990; x_wconf 89' lang='lat' dir='ltr'><strong>sed</strong></span> <span class='ocrx_word' id='word_1_709' title='bbox 740 4951 927 5006; x_wconf 75' lang='lat' dir='ltr'><strong>pmnas</strong></span> <span class='ocrx_word' id='word_1_710' title='bbox 974 4938 1028 4992; x_wconf 93' lang='lat' dir='ltr'><strong>in</strong></span> <span class='ocrx_word' id='word_1_711' title='bbox 1077 4938 1293 4993; x_wconf 91' lang='lat' dir='ltr'><strong>interitu</strong></span> <span class='ocrx_word' id='word_1_712' title='bbox 1326 4956 1447 4996; x_wconf 90' lang='lat' dir='ltr'><strong>cum</strong></span> <span class='ocrx_word' id='word_1_713' title='bbox 1492 4942 1668 5011; x_wconf 89' lang='lat' dir='ltr'><strong>impiis</strong></span> <span class='ocrx_word' id='word_1_714' title='bbox 1687 4941 1834 4996; x_wconf 83' lang='lat' dir='ltr'><strong>dabit</strong></span> 
     </span>
    </p>
   </div>
   <div class='ocr_carea' id='block_1_94' title="bbox 250 5026 1835 5101">
    <p class='ocr_par' dir='ltr' id='par_1_94' title="bbox 250 5026 1835 5101">
     <span class='ocr_line' id='line_1_94' title="bbox 250 5026 1835 5101; baseline 0.006 -23"><span class='ocrx_word' id='word_1_715' title='bbox 250 5036 496 5082; x_wconf 56' lang='grc' dir='ltr'><strong>κιαι-ηαδ.</strong></span> <span class='ocrx_word' id='word_1_716' title='bbox 512 5026 589 5081; x_wconf 90' lang='lat' dir='ltr'><strong>De</strong></span> <span class='ocrx_word' id='word_1_717' title='bbox 611 5026 811 5096; x_wconf 88' lang='lat' dir='ltr'><strong>Spiritu</strong></span> <span class='ocrx_word' id='word_1_718' title='bbox 832 5044 1046 5099; x_wconf 90' lang='lat' dir='ltr'><strong>quoque</strong></span> <span class='ocrx_word' id='word_1_719' title='bbox 1069 5042 1278 5095; x_wconf 85' lang='lat' dir='ltr'><strong>sancto,</strong></span> <span class='ocrx_word' id='word_1_720' title='bbox 1301 5047 1421 5086; x_wconf 92' lang='lat' dir='ltr'><strong>cum</strong></span> <span class='ocrx_word' id='word_1_721' title='bbox 1438 5032 1706 5101; x_wconf 82' lang='lat' dir='ltr'><strong>discipulis</strong></span> <span class='ocrx_word' id='word_1_722' title='bbox 1725 5034 1835 5088; x_wconf 90' lang='lat' dir='ltr'><strong>suis</strong></span> 
     </span>
    </p>
   </div>
   <div class='ocr_carea' id='block_1_95' title="bbox 251 5116 1830 5190">
    <p class='ocr_par' dir='ltr' id='par_1_95' title="bbox 251 5116 1830 5190">
     <span class='ocr_line' id='line_1_95' title="bbox 251 5116 1830 5190; baseline 0.006 -20"><span class='ocrx_word' id='word_1_723' title='bbox 251 5116 482 5174; x_wconf 85' lang='lat' dir='ltr'><strong>diceret:</strong></span> <span class='ocrx_word' id='word_1_724' title='bbox 507 5116 611 5172; x_wconf 86' lang='lat' dir='ltr'><strong>Ille</strong></span> <span class='ocrx_word' id='word_1_725' title='bbox 627 5137 706 5173; x_wconf 87' lang='lat' dir='ltr'><strong>me</strong></span> <span class='ocrx_word' id='word_1_726' title='bbox 725 5120 1052 5190; x_wconf 79' lang='lat' dir='ltr'><strong>clariﬁcabit,</strong></span> <span class='ocrx_word' id='word_1_727' title='bbox 1073 5122 1195 5186; x_wconf 85' lang='lat' dir='ltr'><strong>hoc,</strong></span> <span class='ocrx_word' id='word_1_728' title='bbox 1222 5121 1332 5184; x_wconf 88' lang='lat' dir='ltr'><strong>lilii,</strong></span> <span class='ocrx_word' id='word_1_729' title='bbox 1357 5125 1647 5179; x_wconf 83' lang='lat' dir='ltr'><strong>sentientes</strong></span> <span class='ocrx_word' id='word_1_730' title='bbox 1668 5142 1830 5180; x_wconf 91' lang='lat' dir='ltr'><strong>unum</strong></span> 
     </span>
    </p>
   </div>
   <div class='ocr_carea' id='block_1_96' title="bbox 251 5208 1827 5287">
    <p class='ocr_par' dir='ltr' id='par_1_96' title="bbox 251 5208 1827 5287">
     <span class='ocr_line' id='line_1_96' title="bbox 251 5208 1827 5287; baseline 0.005 -23"><span class='ocrx_word' id='word_1_731' title='bbox 251 5208 516 5265; x_wconf 82' lang='lat' dir='ltr'><strong>Christum</strong></span> <span class='ocrx_word' id='word_1_732' title='bbox 533 5210 815 5275; x_wconf 81' lang='lat' dir='ltr'><strong>etFiliuzn,</strong></span> <span class='ocrx_word' id='word_1_733' title='bbox 839 5228 945 5267; x_wconf 90' lang='lat' dir='ltr'><strong>non</strong></span> <span class='ocrx_word' id='word_1_734' title='bbox 969 5214 1112 5269; x_wconf 90' lang='lat' dir='ltr'><strong>velut</strong></span> <span class='ocrx_word' id='word_1_735' title='bbox 1136 5215 1355 5270; x_wconf 88' lang='lat' dir='ltr'><strong>alterius</strong></span> <span class='ocrx_word' id='word_1_736' title='bbox 1374 5216 1542 5283; x_wconf 86' lang='lat' dir='ltr'><strong>gloria</strong></span> <span class='ocrx_word' id='word_1_737' title='bbox 1563 5225 1827 5287; x_wconf 86' lang='lat' dir='ltr'><strong>egentem,</strong></span> 
     </span>
    </p>
   </div>
   <div class='ocr_carea' id='block_1_97' title="bbox 249 5300 1823 5375">
    <p class='ocr_par' dir='ltr' id='par_1_97' title="bbox 249 5300 1823 5375">
     <span class='ocr_line' id='line_1_97' title="bbox 249 5300 1823 5375; baseline 0.006 -19"><span class='ocrx_word' id='word_1_738' title='bbox 249 5300 580 5357; x_wconf 80' lang='lat' dir='ltr'><strong>conﬁtemini</strong></span> <span class='ocrx_word' id='word_1_739' title='bbox 604 5303 828 5371; x_wconf 87' lang='lat' dir='ltr'><strong>gloriam</strong></span> <span class='ocrx_word' id='word_1_740' title='bbox 882 5321 911 5358; x_wconf 90' lang='lat' dir='ltr'><strong>a</strong></span> <span class='ocrx_word' id='word_1_741' title='bbox 956 5305 1158 5375; x_wconf 87' lang='lat' dir='ltr'><strong>Spiritu</strong></span> <span class='ocrx_word' id='word_1_742' title='bbox 1205 5314 1393 5362; x_wconf 90' lang='lat' dir='ltr'><strong>sancto</strong></span> <span class='ocrx_word' id='word_1_743' title='bbox 1432 5320 1777 5366; x_wconf 89' lang='lat' dir='ltr'><strong>consecutum</strong></span> <span class='ocrx_word' id='word_1_744' title='bbox 1813 5331 1823 5365; x_wconf 94' lang='lat'><strong>:</strong></span> 
     </span>
    </p>
   </div>
   <div class='ocr_carea' id='block_1_98' title="bbox 249 5394 1826 5472">
    <p class='ocr_par' dir='ltr' id='par_1_98' title="bbox 249 5394 1826 5472">
     <span class='ocr_line' id='line_1_98' title="bbox 249 5394 1826 5472; baseline 0.005 -24"><span class='ocrx_word' id='word_1_745' title='bbox 249 5395 365 5462; x_wconf 87' lang='lat' dir='ltr'><strong>quia</strong></span> <span class='ocrx_word' id='word_1_746' title='bbox 390 5394 632 5462; x_wconf 81' lang='lat' dir='ltr'><strong>ejusdem</strong></span> <span class='ocrx_word' id='word_1_747' title='bbox 648 5395 878 5465; x_wconf 88' lang='lat' dir='ltr'><strong>Spiritus</strong></span> <span class='ocrx_word' id='word_1_748' title='bbox 896 5412 980 5452; x_wconf 90' lang='lat' dir='ltr'><strong>me</strong></span> <span class='ocrx_word' id='word_1_749' title='bbox 999 5398 1262 5467; x_wconf 89' lang='lat' dir='ltr'><strong>superior,</strong></span> <span class='ocrx_word' id='word_1_750' title='bbox 1282 5415 1366 5455; x_wconf 91' lang='lat' dir='ltr'><strong>me</strong></span> <span class='ocrx_word' id='word_1_751' title='bbox 1382 5401 1572 5456; x_wconf 88' lang='lat' dir='ltr'><strong>melior</strong></span> <span class='ocrx_word' id='word_1_752' title='bbox 1591 5404 1707 5472; x_wconf 85' lang='lat' dir='ltr'><strong>ipso</strong></span> <span class='ocrx_word' id='word_1_753' title='bbox 1725 5412 1826 5459; x_wconf 89' lang='lat' dir='ltr'><strong>est.</strong></span> 
     </span>
    </p>
   </div>
   <div class='ocr_carea' id='block_1_99' title="bbox 248 5481 1823 5562">
    <p class='ocr_par' dir='ltr' id='par_1_99' title="bbox 248 5481 1823 5562">
     <span class='ocr_line' id='line_1_99' title="bbox 248 5481 1823 5562; baseline 0.006 -22"><span class='ocrx_word' id='word_1_754' title='bbox 248 5481 394 5541; x_wconf 83' lang='lat' dir='ltr'><strong>Licet</strong></span> <span class='ocrx_word' id='word_1_755' title='bbox 424 5501 557 5542; x_wconf 89' lang='lat' dir='ltr'><strong>vero</strong></span> <span class='ocrx_word' id='word_1_756' title='bbox 586 5486 639 5541; x_wconf 93' lang='lat' dir='ltr'><strong>in</strong></span> <span class='ocrx_word' id='word_1_757' title='bbox 688 5487 987 5544; x_wconf 88' lang='lat' dir='ltr'><strong>substantia</strong></span> <span class='ocrx_word' id='word_1_758' title='bbox 1015 5506 1110 5546; x_wconf 91' lang='lat' dir='ltr'><strong>sua</strong></span> <span class='ocrx_word' id='word_1_759' title='bbox 1140 5491 1368 5562; x_wconf 90' lang='lat' dir='ltr'><strong>Spiritus</strong></span> <span class='ocrx_word' id='word_1_760' title='bbox 1395 5493 1511 5562; x_wconf 87' lang='lat' dir='ltr'><strong>ejus</strong></span> <span class='ocrx_word' id='word_1_761' title='bbox 1532 5495 1619 5559; x_wconf 88' lang='lat' dir='ltr'><strong>sit,</strong></span> <span class='ocrx_word' id='word_1_762' title='bbox 1663 5502 1719 5550; x_wconf 91' lang='lat' dir='ltr'><strong>et</strong></span> <span class='ocrx_word' id='word_1_763' title='bbox 1744 5496 1823 5549; x_wconf 92' lang='lat' dir='ltr'><strong>in-</strong></span> 
     </span>
    </p>
   </div>
   <div class='ocr_carea' id='block_1_100' title="bbox 250 5579 1833 5657">
    <p class='ocr_par' dir='ltr' id='par_1_100' title="bbox 250 5579 1833 5657">
     <span class='ocr_line' id='line_1_100' title="bbox 250 5579 1833 5657; baseline 0.008 -26"><span class='ocrx_word' id='word_1_764' title='bbox 250 5579 520 5647; x_wconf 85' lang='lat' dir='ltr'><strong>telligatur</strong></span> <span class='ocrx_word' id='word_1_765' title='bbox 549 5579 602 5634; x_wconf 89' lang='lat' dir='ltr'><strong>in</strong></span> <span class='ocrx_word' id='word_1_766' title='bbox 647 5596 877 5650; x_wconf 76' lang='lat' dir='ltr'><strong>persona</strong></span> <span class='ocrx_word' id='word_1_767' title='bbox 908 5584 1230 5652; x_wconf 89' lang='lat' dir='ltr'><strong>proprietas,</strong></span> <span class='ocrx_word' id='word_1_768' title='bbox 1278 5589 1568 5640; x_wconf 83' lang='lat' dir='ltr'><strong>secundum</strong></span> <span class='ocrx_word' id='word_1_769' title='bbox 1611 5589 1661 5642; x_wconf 90' lang='lat' dir='ltr'><strong>id</strong></span> <span class='ocrx_word' id='word_1_770' title='bbox 1689 5590 1833 5657; x_wconf 90' lang='lat' dir='ltr'><strong>quod</strong></span> 
     </span>
    </p>
   </div>
   <div class='ocr_carea' id='block_1_101' title="bbox 250 5668 1834 5741">
    <p class='ocr_par' dir='ltr' id='par_1_101' title="bbox 250 5668 1834 5741">
     <span class='ocr_line' id='line_1_101' title="bbox 250 5668 1834 5741; baseline 0.008 -17"><span class='ocrx_word' id='word_1_771' title='bbox 250 5668 480 5740; x_wconf 85' lang='lat' dir='ltr'><strong>Spiritus</strong></span> <span class='ocrx_word' id='word_1_772' title='bbox 505 5671 623 5740; x_wconf 83' lang='lat' dir='ltr'><strong>ejus</strong></span> <span class='ocrx_word' id='word_1_773' title='bbox 645 5680 751 5740; x_wconf 88' lang='lat' dir='ltr'><strong>est,</strong></span> <span class='ocrx_word' id='word_1_774' title='bbox 774 5680 830 5728; x_wconf 89' lang='lat' dir='ltr'><strong>et</strong></span> <span class='ocrx_word' id='word_1_775' title='bbox 852 5672 1037 5741; x_wconf 84' lang='lat' dir='ltr'><strong>Filius,</strong></span> <span class='ocrx_word' id='word_1_776' title='bbox 1062 5684 1235 5731; x_wconf 87' lang='lat' dir='ltr'><strong>tamen</strong></span> <span class='ocrx_word' id='word_1_777' title='bbox 1258 5679 1326 5731; x_wconf 86' lang='lat' dir='ltr'><strong>ab</strong></span> <span class='ocrx_word' id='word_1_778' title='bbox 1352 5679 1442 5733; x_wconf 88' lang='lat' dir='ltr'><strong>illo</strong></span> <span class='ocrx_word' id='word_1_779' title='bbox 1473 5696 1579 5733; x_wconf 91' lang='lat' dir='ltr'><strong>non</strong></span> <span class='ocrx_word' id='word_1_780' title='bbox 1596 5690 1677 5735; x_wconf 90' lang='lat' dir='ltr'><strong>est</strong></span> <span class='ocrx_word' id='word_1_781' title='bbox 1705 5682 1834 5737; x_wconf 91' lang='lat' dir='ltr'><strong>alie-</strong></span> 
     </span>
    </p>
   </div>
   <div class='ocr_carea' id='block_1_102' title="bbox 252 5758 1833 5837">
    <p class='ocr_par' dir='ltr' id='par_1_102' title="bbox 252 5758 1833 5837">
     <span class='ocr_line' id='line_1_102' title="bbox 252 5758 1833 5837; baseline 0.008 -19"><span class='ocrx_word' id='word_1_782' title='bbox 252 5779 364 5819; x_wconf 83' lang='lat' dir='ltr'><strong>nus.</strong></span> <span class='ocrx_word' id='word_1_783' title='bbox 399 5764 715 5834; x_wconf 78' lang='lat' dir='ltr'><strong>Appellatus</strong></span> <span class='ocrx_word' id='word_1_784' title='bbox 738 5758 880 5820; x_wconf 81' lang='lat' dir='ltr'><strong>enim</strong></span> <span class='ocrx_word' id='word_1_785' title='bbox 901 5775 983 5823; x_wconf 90' lang='lat' dir='ltr'><strong>est</strong></span> <span class='ocrx_word' id='word_1_786' title='bbox 1009 5766 1239 5837; x_wconf 89' lang='lat' dir='ltr'><strong>Spiritus</strong></span> <span class='ocrx_word' id='word_1_787' title='bbox 1268 5772 1505 5826; x_wconf 87' lang='lat' dir='ltr'><strong>veritatis</strong></span> <span class='ocrx_word' id='word_1_788' title='bbox 1522 5812 1536 5835; x_wconf 92' lang='lat'><strong>,</strong></span> <span class='ocrx_word' id='word_1_789' title='bbox 1563 5782 1616 5827; x_wconf 86' lang='lat' dir='ltr'><strong>ct</strong></span> <span class='ocrx_word' id='word_1_790' title='bbox 1641 5777 1833 5832; x_wconf 85' lang='lat' dir='ltr'><strong>veritas</strong></span> 
     </span>
    </p>
   </div>
   <div class='ocr_carea' id='block_1_103' title="bbox 255 5855 1826 5931">
    <p class='ocr_par' dir='ltr' id='par_1_103' title="bbox 255 5855 1826 5931">
     <span class='ocr_line' id='line_1_103' title="bbox 255 5855 1826 5931; baseline 0.008 -18"><span class='ocrx_word' id='word_1_791' title='bbox 255 5856 498 5913; x_wconf 73' lang='lat' dir='ltr'><strong>Christus</strong></span> <span class='ocrx_word' id='word_1_792' title='bbox 527 5866 631 5913; x_wconf 90' lang='lat' dir='ltr'><strong>est.</strong></span> <span class='ocrx_word' id='word_1_793' title='bbox 682 5855 848 5931; x_wconf 87' lang='lat' dir='ltr'><strong>Igitur</strong></span> <span class='ocrx_word' id='word_1_794' title='bbox 877 5874 907 5915; x_wconf 87' lang='lat' dir='ltr'><strong>a</strong></span> <span class='ocrx_word' id='word_1_795' title='bbox 938 5858 1074 5916; x_wconf 84' lang='lat' dir='ltr'><strong>Filio</strong></span> <span class='ocrx_word' id='word_1_796' title='bbox 1121 5862 1400 5930; x_wconf 89' lang='lat' dir='ltr'><strong>similiter,</strong></span> <span class='ocrx_word' id='word_1_797' title='bbox 1438 5865 1573 5921; x_wconf 84' lang='lat' dir='ltr'><strong>sient</strong></span> <span class='ocrx_word' id='word_1_798' title='bbox 1603 5881 1633 5920; x_wconf 88' lang='lat' dir='ltr'><strong>a</strong></span> <span class='ocrx_word' id='word_1_799' title='bbox 1666 5865 1826 5925; x_wconf 87' lang='lat' dir='ltr'><strong>Patre</strong></span> 
     </span>
    </p>
   </div>
   <div class='ocr_carea' id='block_1_104' title="bbox 1935 4748 3509 4817">
    <p class='ocr_par' dir='ltr' id='par_1_104' title="bbox 1935 4748 3509 4817">
     <span class='ocr_line' id='line_1_104' title="bbox 1935 4748 3509 4817; baseline 0.003 -15"><span class='ocrx_word' id='word_1_800' title='bbox 1935 4763 2118 4802; x_wconf 91' lang='lat' dir='ltr'><strong>corum</strong></span> <span class='ocrx_word' id='word_1_801' title='bbox 2166 4763 2293 4817; x_wconf 84' lang='lat' dir='ltr'><strong>pars</strong></span> <span class='ocrx_word' id='word_1_802' title='bbox 2326 4748 2686 4802; x_wconf 78' lang='lat' dir='ltr'><strong>confunditur.</strong></span> <span class='ocrx_word' id='word_1_803' title='bbox 2733 4750 2868 4815; x_wconf 84' lang='lat' dir='ltr'><strong>Quid</strong></span> <span class='ocrx_word' id='word_1_804' title='bbox 2915 4750 3187 4805; x_wconf 82' lang='lat' dir='ltr'><strong>facerent?</strong></span> <span class='ocrx_word' id='word_1_805' title='bbox 3216 4750 3509 4806; x_wconf 76' lang='lat' dir='ltr'><strong>Con&#39;Silium</strong></span> 
     </span>
    </p>
   </div>
   <div class='ocr_carea' id='block_1_105' title="bbox 1934 4840 3505 4911">
    <p class='ocr_par' dir='ltr' id='par_1_105' title="bbox 1934 4840 3505 4911">
     <span class='ocr_line' id='line_1_105' title="bbox 1934 4840 3505 4911; baseline 0.003 -16"><span class='ocrx_word' id='word_1_806' title='bbox 1934 4841 2186 4904; x_wconf 89' lang='lat' dir='ltr'><strong>inierunt,</strong></span> <span class='ocrx_word' id='word_1_807' title='bbox 2209 4840 2337 4910; x_wconf 90' lang='lat' dir='ltr'><strong>quid</strong></span> <span class='ocrx_word' id='word_1_808' title='bbox 2358 4842 2423 4897; x_wconf 88' lang='lat' dir='ltr'><strong>de</strong></span> <span class='ocrx_word' id='word_1_809' title='bbox 2444 4842 2536 4896; x_wconf 92' lang='lat' dir='ltr'><strong>illo</strong></span> <span class='ocrx_word' id='word_1_810' title='bbox 2560 4840 2711 4896; x_wconf 87' lang='lat' dir='ltr'><strong>ﬁeret</strong></span> <span class='ocrx_word' id='word_1_811' title='bbox 2737 4844 3121 4911; x_wconf 80' lang='lat' dir='ltr'><strong>exquisicrunt,</strong></span> <span class='ocrx_word' id='word_1_812' title='bbox 3150 4852 3204 4899; x_wconf 92' lang='lat' dir='ltr'><strong>et</strong></span> <span class='ocrx_word' id='word_1_813' title='bbox 3228 4845 3505 4899; x_wconf 85' lang='lat' dir='ltr'><strong>dicebant:</strong></span> 
     </span>
    </p>
   </div>
   <div class='ocr_carea' id='block_1_106' title="bbox 1933 4932 3509 5004">
    <p class='ocr_par' dir='ltr' id='par_1_106' title="bbox 1933 4932 3509 5004">
     <span class='ocr_line' id='line_1_106' title="bbox 1933 4932 3509 5004; baseline 0.002 -17"><span class='ocrx_word' id='word_1_814' title='bbox 1933 4932 1988 4987; x_wconf 92' lang='lat' dir='ltr'><strong>Si</strong></span> <span class='ocrx_word' id='word_1_815' title='bbox 2012 4935 2083 4987; x_wconf 89' lang='lat' dir='ltr'><strong>ita</strong></span> <span class='ocrx_word' id='word_1_816' title='bbox 2106 4933 2442 5003; x_wconf 67' lang='lat' dir='ltr'><strong>praevaluerit</strong></span> <span class='ocrx_word' id='word_1_817' title='bbox 2469 4932 2609 5004; x_wconf 89' lang='lat' dir='ltr'><strong>apud</strong></span> <span class='ocrx_word' id='word_1_818' title='bbox 2633 4949 2750 4998; x_wconf 89' lang='lat' dir='ltr'><strong>nos,</strong></span> <span class='ocrx_word' id='word_1_819' title='bbox 2767 4936 2876 4987; x_wconf 89' lang='lat' dir='ltr'><strong>vita</strong></span> <span class='ocrx_word' id='word_1_820' title='bbox 2900 4943 3080 4988; x_wconf 89' lang='lat' dir='ltr'><strong>nostra</strong></span> <span class='ocrx_word' id='word_1_821' title='bbox 3107 4943 3509 5003; x_wconf 89' lang='lat' dir='ltr'><strong>contemnetur;</strong></span> 
     </span>
    </p>
   </div>
   <div class='ocr_carea' id='block_1_107' title="bbox 1934 5026 3513 5098">
    <p class='ocr_par' dir='ltr' id='par_1_107' title="bbox 1934 5026 3513 5098">
     <span class='ocr_line' id='line_1_107' title="bbox 1934 5026 3513 5098; baseline 0.001 -17"><span class='ocrx_word' id='word_1_822' title='bbox 1934 5028 1979 5081; x_wconf 93' lang='lat' dir='ltr'><strong>si</strong></span> <span class='ocrx_word' id='word_1_823' title='bbox 2007 5036 2185 5081; x_wconf 89' lang='lat' dir='ltr'><strong>autem</strong></span> <span class='ocrx_word' id='word_1_824' title='bbox 2208 5026 2663 5098; x_wconf 70' lang='lat' dir='ltr'><strong>pmvaluerimus,</strong></span> <span class='ocrx_word' id='word_1_825' title='bbox 2694 5027 2969 5082; x_wconf 89' lang='lat' dir='ltr'><strong>victoriam</strong></span> <span class='ocrx_word' id='word_1_826' title='bbox 3006 5026 3175 5081; x_wconf 89' lang='lat' dir='ltr'><strong>laudis</strong></span> <span class='ocrx_word' id='word_1_827' title='bbox 3204 5027 3380 5098; x_wconf 88' lang='lat' dir='ltr'><strong>adepti</strong></span> <span class='ocrx_word' id='word_1_828' title='bbox 3408 5030 3513 5084; x_wconf 90' lang='lat' dir='ltr'><strong>eri-</strong></span> 
     </span>
    </p>
   </div>
   <div class='ocr_carea' id='block_1_108' title="bbox 1934 5118 3516 5187">
    <p class='ocr_par' dir='ltr' id='par_1_108' title="bbox 1934 5118 3516 5187">
     <span class='ocr_line' id='line_1_108' title="bbox 1934 5118 3516 5187; baseline 0.003 -16"><span class='ocrx_word' id='word_1_829' title='bbox 1934 5135 2069 5173; x_wconf 88' lang='lat' dir='ltr'><strong>mus.</strong></span> <span class='ocrx_word' id='word_1_830' title='bbox 2099 5119 2187 5175; x_wconf 88' lang='lat' dir='ltr'><strong>Sic</strong></span> <span class='ocrx_word' id='word_1_831' title='bbox 2219 5120 2319 5173; x_wconf 86' lang='lat' dir='ltr'><strong>illis</strong></span> <span class='ocrx_word' id='word_1_832' title='bbox 2346 5120 2398 5173; x_wconf 92' lang='lat' dir='ltr'><strong>in</strong></span> <span class='ocrx_word' id='word_1_833' title='bbox 2431 5136 2532 5174; x_wconf 89' lang='lat' dir='ltr'><strong>una</strong></span> <span class='ocrx_word' id='word_1_834' title='bbox 2557 5120 2761 5173; x_wconf 87' lang='lat' dir='ltr'><strong>dierum</strong></span> <span class='ocrx_word' id='word_1_835' title='bbox 2779 5118 3225 5187; x_wconf 85' lang='lat' dir='ltr'><strong>colloquentihus,</strong></span> <span class='ocrx_word' id='word_1_836' title='bbox 3251 5138 3377 5176; x_wconf 87' lang='lat' dir='ltr'><strong>ecce</strong></span> <span class='ocrx_word' id='word_1_837' title='bbox 3392 5123 3516 5177; x_wconf 85' lang='lat' dir='ltr'><strong>bea-</strong></span> 
     </span>
    </p>
   </div>
   <div class='ocr_carea' id='block_1_109' title="bbox 1933 5195 3512 5282">
    <p class='ocr_par' dir='ltr' id='par_1_109' title="bbox 1933 5195 3512 5282">
     <span class='ocr_line' id='line_1_109' title="bbox 1933 5195 3512 5282; baseline 0.002 -15"><span class='ocrx_word' id='word_1_838' title='bbox 1933 5221 2019 5267; x_wconf 82' lang='lat' dir='ltr'><strong>tus</strong></span> <span class='ocrx_word' id='word_1_839' title='bbox 2036 5213 2269 5282; x_wconf 79' lang='lat' dir='ltr'><strong>pontifex</strong></span> <span class='ocrx_word' id='word_1_840' title='bbox 2289 5255 2302 5276; x_wconf 91' lang='lat'><strong>,</strong></span> <span class='ocrx_word' id='word_1_841' title='bbox 2326 5229 2446 5268; x_wconf 85' lang='lat' dir='ltr'><strong>cum</strong></span> <span class='ocrx_word' id='word_1_842' title='bbox 2464 5212 2755 5266; x_wconf 64' lang='lat' dir='ltr'><strong>Athanasio</strong></span> <span class='ocrx_word' id='word_1_843' title='bbox 2779 5210 3006 5267; x_wconf 87' lang='lat' dir='ltr'><strong>diacono</strong></span> <span class='ocrx_word' id='word_1_844' title='bbox 3027 5223 3081 5268; x_wconf 91' lang='lat' dir='ltr'><strong>et</strong></span> <span class='ocrx_word' id='word_1_845' title='bbox 3096 5195 3512 5270; x_wconf 20' lang='lat' dir='ltr'><strong>Andocno‘ﬁdeli</strong></span> 
     </span>
    </p>
   </div>
   <div class='ocr_carea' id='block_1_110' title="bbox 1931 5304 3511 5377">
    <p class='ocr_par' dir='ltr' id='par_1_110' title="bbox 1931 5304 3511 5377">
     <span class='ocr_line' id='line_1_110' title="bbox 1931 5304 3511 5377; baseline 0.001 -17"><span class='ocrx_word' id='word_1_846' title='bbox 1931 5305 2192 5376; x_wconf 88' lang='lat' dir='ltr'><strong>discipulo</strong></span> <span class='ocrx_word' id='word_1_847' title='bbox 2222 5306 2289 5360; x_wconf 89' lang='lat' dir='ltr'><strong>ab</strong></span> <span class='ocrx_word' id='word_1_848' title='bbox 2330 5305 2555 5361; x_wconf 83' lang='lat' dir='ltr'><strong>ecclesia</strong></span> <span class='ocrx_word' id='word_1_849' title='bbox 2581 5305 2749 5359; x_wconf 74' lang='lat' dir='ltr'><strong>beattc</strong></span> <span class='ocrx_word' id='word_1_850' title='bbox 2779 5304 2956 5361; x_wconf 77' lang='lat' dir='ltr'><strong>Maria:</strong></span> <span class='ocrx_word' id='word_1_851' title='bbox 2985 5305 3337 5362; x_wconf 86' lang='lat' dir='ltr'><strong>Tornaceusis</strong></span> <span class='ocrx_word' id='word_1_852' title='bbox 3358 5322 3511 5377; x_wconf 85' lang='lat' dir='ltr'><strong>egre-</strong></span> 
     </span>
    </p>
   </div>
   <div class='ocr_carea' id='block_1_111' title="bbox 1930 5400 3506 5474">
    <p class='ocr_par' dir='ltr' id='par_1_111' title="bbox 1930 5400 3506 5474">
     <span class='ocr_line' id='line_1_111' title="bbox 1930 5400 3506 5474; baseline 0.003 -20"><span class='ocrx_word' id='word_1_853' title='bbox 1930 5400 2205 5467; x_wconf 74' lang='lat' dir='ltr'><strong>diebatur;</strong></span> <span class='ocrx_word' id='word_1_854' title='bbox 2251 5416 2410 5469; x_wconf 89' lang='lat' dir='ltr'><strong>quem</strong></span> <span class='ocrx_word' id='word_1_855' title='bbox 2457 5400 2699 5455; x_wconf 84' lang='lat' dir='ltr'><strong>videntes</strong></span> <span class='ocrx_word' id='word_1_856' title='bbox 2727 5402 2962 5459; x_wconf 76' lang='lat' dir='ltr'><strong>hmretici</strong></span> <span class='ocrx_word' id='word_1_857' title='bbox 2993 5414 3115 5474; x_wconf 90' lang='lat' dir='ltr'><strong>post</strong></span> <span class='ocrx_word' id='word_1_858' title='bbox 3142 5402 3391 5471; x_wconf 88' lang='lat' dir='ltr'><strong>angulum</strong></span> <span class='ocrx_word' id='word_1_859' title='bbox 3421 5418 3506 5458; x_wconf 91' lang='lat' dir='ltr'><strong>oc-</strong></span> 
     </span>
    </p>
   </div>
   <div class='ocr_carea' id='block_1_112' title="bbox 1938 5496 3512 5569">
    <p class='ocr_par' dir='ltr' id='par_1_112' title="bbox 1938 5496 3512 5569">
     <span class='ocr_line' id='line_1_112' title="bbox 1938 5496 3512 5569; baseline -0.001 -18"><span class='ocrx_word' id='word_1_860' title='bbox 1938 5497 2125 5551; x_wconf 84' lang='lat' dir='ltr'><strong>cultati</strong></span> <span class='ocrx_word' id='word_1_861' title='bbox 2146 5496 2346 5561; x_wconf 84' lang='lat' dir='ltr'><strong>(multis</strong></span> <span class='ocrx_word' id='word_1_862' title='bbox 2366 5496 2508 5550; x_wconf 91' lang='lat' dir='ltr'><strong>enim</strong></span> <span class='ocrx_word' id='word_1_863' title='bbox 2537 5496 2709 5552; x_wconf 88' lang='lat' dir='ltr'><strong>modis</strong></span> <span class='ocrx_word' id='word_1_864' title='bbox 2738 5498 3121 5553; x_wconf 89' lang='lat' dir='ltr'><strong>insidiabantur</strong></span> <span class='ocrx_word' id='word_1_865' title='bbox 3140 5497 3212 5569; x_wconf 87' lang='lat' dir='ltr'><strong>ei)</strong></span> <span class='ocrx_word' id='word_1_866' title='bbox 3234 5496 3512 5551; x_wconf 89' lang='lat' dir='ltr'><strong>dicebant:</strong></span> 
     </span>
    </p>
   </div>
   <div class='ocr_carea' id='block_1_113' title="bbox 1940 5572 3510 5657">
    <p class='ocr_par' dir='ltr' id='par_1_113' title="bbox 1940 5572 3510 5657">
     <span class='ocr_line' id='line_1_113' title="bbox 1940 5572 3510 5657; baseline 0.001 -16"><span class='ocrx_word' id='word_1_867' title='bbox 1940 5588 2076 5645; x_wconf 73' lang='lat' dir='ltr'><strong>Ecce</strong></span> <span class='ocrx_word' id='word_1_868' title='bbox 2097 5590 2398 5644; x_wconf 89' lang='lat' dir='ltr'><strong>destructor</strong></span> <span class='ocrx_word' id='word_1_869' title='bbox 2426 5589 2557 5657; x_wconf 76' lang='lat' dir='ltr'><strong>legis</strong></span> <span class='ocrx_word' id='word_1_870' title='bbox 2585 5600 2799 5655; x_wconf 67' lang='lat' dir='ltr'><strong>nostrae,</strong></span> <span class='ocrx_word' id='word_1_871' title='bbox 2832 5590 3012 5645; x_wconf 88' lang='lat' dir='ltr'><strong>venite</strong></span> <span class='ocrx_word' id='word_1_872' title='bbox 3032 5574 3336 5645; x_wconf 82' lang='lat' dir='ltr'><strong>occidantus</strong></span> <span class='ocrx_word' id='word_1_873' title='bbox 3364 5572 3510 5647; x_wconf 86' lang='lat' dir='ltr'><strong>eum.</strong></span> 
     </span>
    </p>
   </div>
   <div class='ocr_carea' id='block_1_114' title="bbox 1938 5681 3517 5754">
    <p class='ocr_par' dir='ltr' id='par_1_114' title="bbox 1938 5681 3517 5754">
     <span class='ocr_line' id='line_1_114' title="bbox 1938 5681 3517 5754; baseline 0.004 -19"><span class='ocrx_word' id='word_1_874' title='bbox 1938 5681 2102 5750; x_wconf 82' lang='lat' dir='ltr'><strong>igitur</strong></span> <span class='ocrx_word' id='word_1_875' title='bbox 2144 5684 2368 5739; x_wconf 80' lang='lat' dir='ltr'><strong>fustibus</strong></span> <span class='ocrx_word' id='word_1_876' title='bbox 2416 5688 2642 5743; x_wconf 90' lang='lat' dir='ltr'><strong>arrectis</strong></span> <span class='ocrx_word' id='word_1_877' title='bbox 2673 5688 2876 5743; x_wconf 82' lang='lat' dir='ltr'><strong>duriter</strong></span> <span class='ocrx_word' id='word_1_878' title='bbox 2921 5685 3228 5743; x_wconf 89' lang='lat' dir='ltr'><strong>ceciderunt</strong></span> <span class='ocrx_word' id='word_1_879' title='bbox 3274 5703 3420 5754; x_wconf 91' lang='lat' dir='ltr'><strong>eum,</strong></span> <span class='ocrx_word' id='word_1_880' title='bbox 3459 5695 3517 5743; x_wconf 91' lang='lat' dir='ltr'><strong>et</strong></span> 
     </span>
    </p>
   </div>
   <div class='ocr_carea' id='block_1_115' title="bbox 1940 5775 3633 5855">
    <p class='ocr_par' dir='ltr' id='par_1_115' title="bbox 1940 5775 3633 5855">
     <span class='ocr_line' id='line_1_115' title="bbox 1940 5775 3633 5855; baseline 0.009 -29"><span class='ocrx_word' id='word_1_881' title='bbox 1940 5775 2126 5829; x_wconf 87' lang='lat' dir='ltr'><strong>relicto</strong></span> <span class='ocrx_word' id='word_1_882' title='bbox 2151 5779 2411 5832; x_wconf 82' lang='lat' dir='ltr'><strong>setnivivo</strong></span> <span class='ocrx_word' id='word_1_883' title='bbox 2441 5789 2564 5834; x_wconf 86' lang='lat' dir='ltr'><strong>ante</strong></span> <span class='ocrx_word' id='word_1_884' title='bbox 2602 5781 2901 5847; x_wconf 81' lang='lat' dir='ltr'><strong>ecclesiam,</strong></span> <span class='ocrx_word' id='word_1_885' title='bbox 2934 5783 3103 5852; x_wconf 87' lang='lat' dir='ltr'><strong>plagis</strong></span> <span class='ocrx_word' id='word_1_886' title='bbox 3133 5783 3394 5855; x_wconf 89' lang='lat' dir='ltr'><strong>impositis</strong></span> <span class='ocrx_word' id='word_1_887' title='bbox 3422 5800 3515 5840; x_wconf 90' lang='lat' dir='ltr'><strong>oc-</strong></span> <span class='ocrx_word' id='word_1_888' title='bbox 3615 5819 3633 5831; x_wconf 82' lang='grc'><strong><em>-</em></strong></span> 
     </span>
    </p>
   </div>
   <div class='ocr_carea' id='block_1_116' title="bbox 1941 5869 3517 5954">
    <p class='ocr_par' dir='ltr' id='par_1_116' title="bbox 1941 5869 3517 5954">
     <span class='ocr_line' id='line_1_116' title="bbox 1941 5869 3517 5954; baseline 0.01 -33"><span class='ocrx_word' id='word_1_889' title='bbox 1941 5869 2081 5924; x_wconf 88' lang='lat' dir='ltr'><strong>culte</strong></span> <span class='ocrx_word' id='word_1_890' title='bbox 2136 5873 2399 5933; x_wconf 81' lang='lat' dir='ltr'><strong>abierunt,</strong></span> <span class='ocrx_word' id='word_1_891' title='bbox 2449 5875 2699 5947; x_wconf 80' lang='lat' dir='ltr'><strong>Discipuli</strong></span> <span class='ocrx_word' id='word_1_892' title='bbox 2750 5878 3014 5947; x_wconf 87' lang='lat' dir='ltr'><strong>similiter,</strong></span> <span class='ocrx_word' id='word_1_893' title='bbox 3065 5881 3252 5938; x_wconf 86' lang='lat' dir='ltr'><strong>relicto</strong></span> <span class='ocrx_word' id='word_1_894' title='bbox 3302 5892 3517 5954; x_wconf 85' lang='lat' dir='ltr'><strong>pastore</strong></span> 
     </span>
    </p>
   </div>
  </div>
