4122 6330
542 373 609 436 91
1500 377 1559 434 s.
1590 375 2002 432 ELEUTHEBII
2042 375 2513 432 renascensm
2551 377 2859 436 EPISCOPI
3737 385 3810 439 υτ

542 510 665 561 suo,
696 492 961 563 fugerunt.
993 490 1144 559 Quod
1172 494 1391 551 audiens
1421 490 1745 547 Censorinus
1769 490 1964 554 Caesar,
2008 505 2124 544 om—
2151 496 2193 551 Α
2225 489 2360 554 buit,
2406 491 2722 561 sapientiam
2766 494 3028 561 obtinuit,
3079 503 3133 550 et
3161 497 3411 553 virtutem
3458 516 3565 554 non
3606 499 3802 554 amisit.

543 584 641 644 nes
660 586 901 657 patibulo
923 586 1096 641 crucis
1121 584 1394 653 aﬂixisset,
1422 586 1519 641 nisi
1546 587 1721 640 oratio
1745 585 1844 638 viri
1869 583 1959 637 Dei
1989 599 2124 652 pra:-

542 678 835 736 valuisset:
868 677 925 731 ﬁt
968 692 1065 746 per
1109 677 1293 732 urbem
1334 677 1589 731 tumultus
1633 677 1843 747 populi,
1888 676 2125 730 clamant

537 767 782 839 juvenes,
826 767 1008 833 lugent
1037 776 1315 830 matronas,
1366 775 1421 819 et
1451 766 1683 834 virgines
1711 767 1891 820 cinere
1936 780 2121 834 asper-

542 867 759 923 guntur,
782 870 942 910 senes
968 844 1245 926 praesulem
1276 855 1591 910 semivivum
1617 855 1799 910 videre
1825 862 2115 918 certantes,

542 948 658 1018 ipse
691 956 869 1002 autem
917 945 1179 1001 exanimis
1214 945 1447 1015 jacehat,
1498 952 1553 1000 et
1587 954 1827 1001 asancto
1875 945 2116 1014 ejusdem

541 1040 751 1111 capite,
801 1045 856 1093 et
894 1046 952 1105 ut
979 1038 1047 1092 ab
1092 1045 1321 1105 utroque
1368 1037 1537 1092 latere
1565 1037 1781 1106 sanguis
1809 1036 2113 1092 emanabat.

541 1131 689 1187 Tunc
716 1148 745 1186 a
767 1130 970 1186 civibus
999 1130 1144 1185 urbis
1169 1138 1377 1219 ρει-δίο,
1408 1136 1467 1183 ut
1489 1129 1602 1199 ipse
1623 1138 1923 1199 rogaverat,
1948 1137 2118 1184 stratu

539 1223 773 1291 cilicino,
796 1224 933 1277 intra
955 1221 1183 1275 domum‘
1202 1236 1354 1276 suam
1380 1219 1588 1275 delatus
1616 1230 1697 1278 est
1721 1240 1733 1273 :
1764 1221 1853 1289 qui
1881 1222 2118 1290 quinque

536 1321 723 1385 postea
754 1313 938 1367 vivens
970 1326 1065 1381 per
1106 1310 1488 1375 hebdomadas,
1542 1312 1593 1366 in
1640 1311 1756 1382 ipsa
1806 1312 2117 1366 inﬁrmitate

535 1421 734 1461 (meum
779 1405 1119 1473 illuminavit,
1172 1412 1226 1457 et
1268 1403 1554 1459 nonnullos
1602 1403 1840 1457 inﬁrmos
1884 1404 2111 1457 curavit.

532 1496 699 1568 igitur
729 1495 847 1551 ﬁnis
871 1496 1077 1551 dierum
1107 1496 1401 1563 beatissimi
1432 1493 1726 1550 Eleutherii
1757 1494 2112 1564 appropiavit,

534 1590 725 1642 fratres
752 1603 879 1642 suos
907 1595 962 1641 et
984 1602 1120 1641 verae
1147 1586 1418 1655 religionis
1447 1586 1680 1640 cultores
1710 1584 2015 1647 advocavit,
2060 1593 2115 1638 et

532 1680 709 1752 palam
724 1694 919 1748 corpus
942 1685 996 1732 et
1018 1678 1330 1746 sanguinem
1346 1676 1542 1731 Christi
1567 1677 1823 1747 percepit,
1840 1692 1898 1730 se
1919 1674 2111 1729 eadem

532 1768 870 1826 hebdomada
894 1784 923 1824 e
946 1784 1161 1824 carcere
1179 1784 1443 1839 corporeo
1467 1768 1961 1836 transmigraturum
1986 1783 2116 1837 plae-

2224 578 2458 638 Verbum
2491 584 2771 656 perhibent
2794 583 2981 642 Patres
3009 587 3260 644 catholici
3289 588 3384 645 Dei
3416 588 3809 661 fortitudinem,

2222 668 2318 726 Dei
2341 674 2680 744 sapientiam,
2713 690 2871 745 quam
2898 691 3109 748 semper
3134 676 3297 735 fuisse
3336 695 3443 735 non
3477 680 3800 741 dubitamus.

2222 761 2292 817 Ut
2337 772 2515 820 autem
2546 766 2746 821 certius
2788 768 2856 822 ab
2898 767 3049 823 initio
3080 770 3248 840 ipsam
3278 770 3439 826 fuisse
3483 773 3806 841 sapientiam

2220 852 2523 918 credamus,
2554 857 2681 926 quid
2718 857 2861 913 dicat
2888 869 3094 929 aperte,
3134 861 3447 916 audiamus:
3478 860 3592 935 Ego
3620 880 3687 917 ex
3712 881 3802 919 ore

2219 942 2475 998 ditissimi
2524 948 2679 1001 exivi.
2740 946 2866 1002 Cum
2900 950 3037 1002 enim
3083 950 3377 1005 Altissimus
3421 950 3800 1020 ﬁrmamentum

2216 1032 2489 1099 stabiliret,
2537 1036 2772 1105 ﬁrmaret
2813 1045 3023 1104 terram,
3052 1047 3103 1093 et
3132 1041 3249 1111 fons
3280 1057 3426 1113 aqua
3453 1042 3517 1097 de
3542 1043 3810 1113 profundo

2218 1122 2390 1194 abyssi
2430 1138 2737 1198 erumperet,
2780 1146 2873 1201 ego
2913 1132 2968 1184 in
3009 1131 3272 1186 altissimis
3300 1149 3414 1186 cum
3444 1132 3605 1189 Patre
3634 1152 3795 1198 eram,

2218 1230 2332 1267 cum
2362 1218 2474 1285 ipso
2502 1218 2676 1271 omnia
2710 1219 3006 1290 disponens.
3041 1219 3107 1274 Et
3136 1208 3547 1285 iterumfdicitur
3577 1244 3591 1279 :
3619 1222 3811 1283 Omnis

2217 1305 2474 1373 sapientia
2502 1322 2533 1358 a
2556 1304 2779 1361 Domino
2818 1308 2926 1363 Deo
2953 1318 3048 1375 est,
3092 1321 3276 1365 etcum
3316 1313 3430 1383 ipso
3459 1314 3557 1383 fuit
3579 1330 3798 1384 semper,

2215 1404 2267 1447 et
2292 1406 2368 1449 est
2396 1407 2516 1450 ante
2558 1415 2739 1453 arvum.
2786 1397 2854 1454 Ut
2882 1401 3043 1455 etiam
3077 1403 3188 1471 ipse
3216 1400 3377 1457 Pater
3403 1404 3709 1459 ostenderet
3732 1405 3822 1462 ah-

2217 1484 2371 1539 inilio
2412 1486 2645 1542 Verbum
2689 1488 2883 1557 fuisse,
2938 1492 3176 1560 apertius
3216 1494 3523 1561 pronuntiat
3569 1494 3794 1551 dicens:

2214 1575 2484 1631 Eructavit
2523 1596 2613 1632 cor
2657 1597 2823 1635 meum
2867 1581 3085 1635 Verbum
3116 1583 3301 1638 bonum
3344 1583 3513 1654 (Psal.
3545 1601 3685 1653 xuv,
3718 1587 3809 1658 1)..

2214 1664 2494 1723 Credimus
2523 1669 2667 1724 illum
2696 1671 2775 1725 sic
2802 1687 2920 1726 esse
2950 1672 3138 1741 Deum,
3171 1683 3227 1728 ut
3259 1673 3416 1729 Pater
3443 1691 3656 1746 semper
3675 1694 3799 1748 per-

2215 1769 2433 1813 maneat
2468 1778 2480 1813 :
2523 1762 2777 1829 quoniam
2818 1762 3073 1828 Verbum,
3124 1765 3395 1835 Sapientia
3438 1776 3495 1823 et
3521 1767 3820 1826 Fortitudo-

529 1864 684 1917 dixit.
725 1860 861 1928 Quid
890 1860 1166 1916 facerent?
1195 1859 1408 1914 Patrem
1452 1874 1605 1914 suum
1634 1859 1873 1913 ctelestia
1901 1857 2113 1912 deside-
2149 1865 2190 1924 Β
2217 1852 2333 1919 ejus
2378 1862 2461 1907 est
2506 1853 2687 1909 Filius.
2738 1854 3012 1925 Siquidem
3044 1860 3110 1912 de
3154 1869 3310 1929 partu
3351 1859 3529 1914 Mariae
3568 1859 3800 1929 Virginis

528 1969 651 2008 rare
679 1952 955 2015 videbant,
1007 1952 1284 2022 ipsumque
1329 1952 1439 2019 jam
1491 1950 1740 2005 deserere
1777 1947 2113 2001 Christianos

528 2041 821 2110 deﬂebant,
847 2058 983 2112 quos
1013 2040 1206 2095 blande
1232 2040 1494 2093 allocutus
1517 2039 1629 2107 ipse
1652 2039 1726 2090 ait
1752 2055 1764 2090 :
1791 2034 1976 2089 Finem
1996 2036 2115 2088 uni-

527 2149 687 2186 versa:
701 2131 871 2185 carnis
893 2132 1233 2202 ingressurus,
1264 2145 1296 2181 a
1323 2126 1540 2182 Domino
1570 2128 1824 2199 promissa
1845 2125 1970 2178 mihi
1994 2141 2116 2195 gau-

528 2224 618 2278 dia
646 2232 841 2277 wterna
871 2231 1221 2294 percepturus,
1272 2222 1448 2275 hortor
1474 2236 1579 2289 vos,
1630 2219 1939 2278 charissimi,
1989 2218 2112 2271 odia

527 2317 710 2386 fugite,
733 2312 1061 2367 concordiam
1085 2314 1354 2378 seminata,
1385 2312 1665 2365 schismata
1705 2310 1970 2380 dissipate,
2003 2309 2110 2362 vir-

528 2415 682 2458 tutem
710 2403 1083 2472 exsequamini,
1105 2403 1243 2456 mala
1271 2411 1600 2471 temporanea
1622 2419 1714 2469 pro
1746 2402 1922 2473 judice
1947 2410 2112 2455 vestro

525 2494 820 2564 patiamini,
851 2504 1100 2564 quatenus
1130 2494 1343 2563 dignum
1365 2494 1678 2561 paenitentia:
1719 2493 1939 2562 fructum
1964 2490 2113 2545 Chri-

523 2596 604 2639 sto
629 2584 867 2639 exhibere
909 2585 1225 2637 mereamini.
1282 2581 1464 2637 Omnis
1506 2585 1693 2636 etenim
1736 2583 1886 2637 homo
1915 2585 2110 2653 fenum,

451 2656 455 2661 ⁷
523 2692 645 2730 caro
675 2684 845 2728 autem
885 2674 998 2744 ej‘ts
1023 2682 1079 2726 ut
1116 2673 1308 2743 stipula
1352 2673 1486 2743 agri.
1534 2670 1597 2725 In
1643 2672 1897 2725 matutino
1942 2673 2110 2725 virens

522 2766 772 2835 ﬂorescit,
818 2767 872 2819 in
899 2780 1102 2834 vespere
1130 2762 1281 2816 arida
1310 2762 1501 2815 labitur
1523 2773 1573 2816 et
1601 2763 1812 2816 vilescit.
1847 2761 2109 2815 Patientes

522 2865 702 2920 estote,
735 2855 865 2907 casti
906 2861 1223 2924 permanete,
1267 2851 1545 2906 Dominum
1576 2854 1764 2916 timete,
1796 2853 1849 2904 in
1874 2850 2109 2905 omnibus

522 2946 671 3001 bonis
696 2954 1035 3018 perseverate.
1070 2944 1298 2998 Audistis
1323 2945 1458 2997 enim
1484 2943 1650 2997 David
1678 2943 1929 2998 dicentem
1953 2960 1971 2998 :
1995 2943 2109 2999 Ho-

520 3053 604 3090 mo
633 3036 847 3089 vanitati
874 3034 1059 3089 similis
1084 3034 1250 3105 factus
1278 3041 1373 3087 est.
1423 3033 1606 3105 Itaque
1634 3034 1797 3103 pulvis
1826 3050 2019 3100 sumus,
2050 3035 2107 3088 in

512 3130 712 3200 judicio
751 3143 1069 3199 resurgemus
1109 3136 1231 3181 ante
1274 3126 1498 3180 tribunal
1528 3124 1737 3185 Christi,
1778 3134 1915 3179 teste
1961 3125 2107 3180 Scri-

2215 1944 2491 2015 propheta:
2519 1955 2642 2000 sunt
2670 1949 2997 2016 praeconiati.
3034 1949 3107 2004 De
3137 1951 3414 2005 nativitate
3437 1952 3579 2006 enim
3602 1951 3797 2008 Christi

2213 2033 2376 2091 l~aias
2404 2037 2663 2106 propheta
2693 2039 2957 2107 perhibet,
2989 2041 3172 2095 dicens
3196 2058 3209 2092 :
3235 2040 3369 2095 Ecce
3396 2043 3539 2112 virgo
3568 2044 3621 2096 in
3652 2052 3797 2098 utero

2214 2127 2486 2196 concipiet,
2533 2132 2581 2179 et
2628 2128 2795 2196 pariet
2833 2128 3020 2198 lilium,
3063 2139 3112 2182 et
3150 2129 3411 2183 vocabitur
3449 2131 3797 2197 consiliarius,

2215 2214 2353 2268 Deus
2385 2218 2567 2287 fortis;
2599 2217 2744 2288 cujus
2771 2226 2997 2289 potestas
3025 2231 3073 2273 et
3093 2221 3365 2289 imperium
3401 2223 3715 2292 permanebit
3742 2223 3803 2277 in

2214 2312 2580 2380 sempiternum
2633 2310 2786 2383 (lsai.
2820 2327 2896 2380 Ix,
2928 2312 3003 2383 7).
3057 2311 3369 2382 Unigenitus
3415 2315 3595 2383 itaque
3623 2314 3797 2373 Patris

2214 2399 2436 2469 ingeniti
2466 2400 2711 2455 Christus
2738 2403 3031 2456 secundum
3060 2417 3274 2457 carnem
3302 2418 3368 2457 ex
3393 2405 3598 2458 semine
3630 2402 3797 2459 David

2214 2500 2372 2548 natus
2399 2502 2500 2557 est,
2532 2491 2702 2547 factus
2732 2493 2894 2548 homo
2924 2494 3163 2556 visibilis.
3197 2495 3346 2563 cujus
3373 2492 3533 2548 Pater
3555 2493 3694 2549 Deus
3714 2501 3799 2550 est

2213 2584 2512 2639 invisibilis.
2544 2583 2913 2639 Necessarium
2943 2585 3155 2655 quidem
3181 2595 3299 2640 erat
3326 2586 3562 2640 humano
3589 2587 3807 2656 generi,

2213 2683 2272 2729 ut
2298 2690 2456 2743 quem
2486 2672 2646 2728 Pater
2674 2676 2740 2729 ab
2771 2675 2923 2730 initio
2958 2677 3279 2731 invisibilem
3320 2686 3595 2745 genuerat,
3648 2678 3796 2746 virgo

2212 2767 2541 2836 conciperet,
2570 2766 2722 2834 virgo
2745 2766 2898 2822 nobis
2918 2768 3181 2822 visibilem
3209 2767 3546 2838 produceret,
3572 2776 3627 2823 et
3646 2770 3796 2837 virgo

2210 2864 2334 2927 post
2376 2866 2585 2926 partum
2624 2866 2982 2926 permaneret,
3036 2866 3284 2926 essetque
3330 2859 3385 2911 in
3426 2857 3536 2912 Deo
3576 2858 3736 2930 (forte
3764 2876 3796 2912 α

2210 2946 2344 3015 Deo)
2374 2947 2620 3001 Christus
2649 2957 2774 3002 ante
2803 2948 2980 3003 omnia
3005 2948 3196 3003 Saecula
3223 2950 3433 3018 genitus
3461 2952 3577 3004 sine
3606 2952 3793 3006 mulie-

2208 3039 2292 3094 bri
2321 3039 2611 3093 concubitu
2639 3053 2705 3093 ex
2728 3039 2932 3094 ctelesti
2955 3038 3114 3094 Patre
3139 3057 3151 3092 :
3178 3048 3232 3094 et
3254 3040 3521 3109 perfectus
3547 3042 3707 3095 homo
3728 3056 3804 3096 ex

2208 3144 2364 3191 utero
2395 3133 2634 3202 virginali
2664 3143 2992 3198 nasceretur,
3026 3133 3227 3204 absque
3266 3134 3466 3189 carnali
3506 3143 3675 3204 patre.
3709 3133 3794 3189 ln-

518 3231 696 3291 ptura,
721 3236 907 3276 omnes
933 3221 1247 3276 astabimus.
1273 3217 1367 3274 “.5
1394 3218 1571 3286 dictis,
1604 3227 1748 3272 tanta
1775 3219 1989 3273 claritas
2011 3235 2108 3288 op-
2134 3233 2181 3297 ρ
2210 3228 2456 3298 grediens
2484 3242 2715 3298 namque
2757 3235 2974 3281 sanctus
3004 3226 3235 3296 Spir-nus
3262 3227 3555 3295 virgineam
3584 3228 3793 3297 pulici-

519 3314 771 3385 pidanum
819 3314 1013 3379 locum,
1044 3312 1095 3366 in
1127 3327 1237 3382 quo
1260 3320 1417 3365 natus
1444 3319 1581 3378 erat,
1632 3309 1861 3375 affulsit,
1904 3318 1961 3363 ut
1989 3325 2105 3363 om-

516 3423 613 3460 nes
637 3405 728 3474 qui
759 3404 824 3459 ad
854 3404 1135 3473 exsequias
1166 3403 1298 3456 tanti
1322 3400 1493 3455 Patris
1515 3413 1774 3455 venerant
1801 3401 1924 3455 facti
1946 3399 2101 3470 quasi

516 3497 568 3550 in
598 3508 819 3549 excessu
849 3492 1043 3547 mentis
1079 3492 1325 3561 spiritum
1354 3489 1469 3558 ejus
1497 3496 1563 3543 ab
1593 3490 1783 3559 angelo
1825 3490 2020 3544 elevari
2051 3489 2103 3542 in

513 3587 657 3640 nube
682 3583 947 3649 viderent,
975 3592 1031 3638 ct
1053 3599 1173 3637 cum
1204 3583 1446 3637 claritate
1472 3582 1629 3637 nubis
1652 3582 1818 3638 caelos
1848 3591 2099 3651 penetra-

512 3691 592 3737 re,
643 3682 699 3729 et
749 3674 1047 3728 claritatem
1104 3688 1225 3727 cum
1281 3673 1399 3741 ipso
1445 3672 1747 3737 volantem,
1798 3671 2103 3726 nullatenus

510 3777 793 3833 apparere.
843 3761 932 3817 Sic
981 3761 1123 3815 unda
1170 3762 1308 3823 sacri
1353 3762 1629 3827 sanguinis
1678 3761 1890 3830 perfusa
1939 3777 2102 3817 verus

511 3864 715 3924 martyr
736 3851 815 3907 'ct
857 3852 1135 3907 confessor
1164 3851 1217 3905 in
1256 3865 1386 3921 pace
1426 3851 1574 3904 abiit.
1626 3849 1801 3904 Pridie
1843 3851 2099 3907 kalendas

508 3945 656 4000 Julii.
1576 3994 1585 4020 ,

582 4038 705 4093 llam
732 4045 851 4092 acta
886 4045 1011 4091 sunt
1057 4037 1124 4090 ab
1170 4034 1432 4089 haereticis
1470 4033 1701 4104 septimo
1747 4032 2095 4088 calendar-um

507 4128 651 4182 Junii
687 4136 742 4183 et
770 4129 822 4181 in
866 4128 981 4197 ipso
1020 4142 1162 4180 anno
1190 4125 1381 4179 beatus
1408 4123 1748 4181 Eleutherius
1774 4124 2099 4179 obdormivit

420 4243 437 4259 -
507 4224 561 4276 in
592 4237 743 4292 pace,
792 4229 1050 4288 regnante
1093 4219 1319 4273 Domino
1362 4228 1547 4273 nostro
1576 4216 1704 4273 Jesu
1733 4218 1968 4281 Christo,
2008 4219 2096 4273 cui

506 4319 589 4371 eSt
617 4317 790 4370 honor
830 4324 884 4369 et
913 4322 1150 4385 potestas
1193 4329 1291 4384 per
1316 4312 1497 4369 omnia
1527 4313 1719 4368 saecula
1749 4313 2090 4367 saeculorum.

506 4405 702 4458 Amen.

699 4514 931 4571 SERMO
966 4513 1051 4569 DE
1090 4512 1890 4571 INCARNATIONEDOMINI.

577 4630 804 4686 Paterna
830 4628 1119 4685 auctoritas
1147 4627 1435 4683 fraternam
1474 4628 1792 4684 charitatem
1833 4628 2087 4684 cohorta-

504 4739 591 4782 tur
617 4736 673 4781 ut
699 4724 901 4789 credat,
949 4731 1004 4778 et
1051 4731 1166 4777 uta
1198 4721 1351 4776 malis
1398 4728 1573 4776 cesset
1601 4720 1894 4776 clementer
1922 4736 2090 4789 expo-

502 4823 686 4873 stulat.
717 4819 1043 4880 Clamamus,
1076 4829 1233 4869 nemo
1267 4813 1509 4868 mortalis
1538 4811 1779 4867 obaudit.
1812 4812 2087 4866 Christum

503 4910 835 4970 invocamus,
882 4906 1123 4961 Christus
1151 4904 1387 4959 ccelestis
1419 4904 1655 4959 exaudit.
1700 4903 2086 4959 Verumtamen

501 4999 742 5054 inﬁdeles
765 4998 989 5053 ﬁdeliter
1017 4998 1258 5061 audiant,
1287 4995 1599 5066 insipientes
1626 4997 1898 5065 sapienter
1926 4996 2086 5049 intel-

501 5092 685 5159 ligant.
716 5088 994 5143 Crelimus
1026 5089 1186 5143 Deum
1220 5088 1433 5142 Patrem
1464 5089 1887 5156 omnipotentem
1908 5128 1923 5152 ,
1954 5089 2085 5143 visi-

498 5182 685 5235 bilium
707 5189 761 5235 et
782 5179 1121 5233 invisibiiium
1146 5188 1468 5234 creatorem.
1489 5177 1790 5231 Adoramus
1813 5177 2087 5231 Christum

498 5273 795 5345 perfectum
825 5273 1044 5344 perfecti
1074 5272 1257 5325 ﬁlium.
1293 5271 1622 5327 Venerantur
1663 5270 1986 5325 Paraclitum
2017 5273 2085 5327 ab

498 5334 1133 5437 iitroquroccdentem
1162 5360 1442 5430 Spiritum.
1487 5361 1946 5428 Quemadmodum
1981 5361 2083 5415 Pa-

498 5467 581 5511 ter
610 5458 808 5527 absque
855 5456 1007 5511 initio
1048 5462 1156 5518 est,
1208 5453 1285 5506 sic
1315 5453 1474 5506 etiam
1504 5452 1689 5519 Filius,
1740 5451 1891 5520 cujus
1923 5451 2083 5506 Pater

500 5546 638 5602 Deus
667 5558 765 5612 est,
816 5548 932 5601 sine
962 5544 1225 5616 principio
1274 5552 1571 5612 permanet.
1609 5541 1920 5612 Unigcnitus
1958 5559 2083 5597 eum

497 5639 565 5690 ab
598 5639 832 5707 ingenito
860 5635 1209 5701 descendens,
1260 5649 1472 5704 semper
1498 5632 1640 5687 Deus
1671 5636 1784 5699 fuit,
1816 5636 1908 5703 qui
1936 5650 2080 5689 sem-

495 5744 594 5797 per
624 5728 780 5788 Illius,
811 5727 961 5797 cujus
992 5726 1203 5780 Patrem
1234 5723 1401 5778 Deum
1431 5739 1549 5779 esse
1576 5725 1914 5792 confitemur,
1954 5740 2081 5795 per-

497 5820 710 5874 uiansit.
762 5819 1059 5887 Antequam
1089 5817 1316 5873 mundus
1347 5814 1497 5874 ﬁeret
1538 5816 1770 5873 Verbum
1802 5817 1961 5874 Pater
1988 5818 2082 5874 ha-

1264 6038 1279 6065 \

2208 3321 2295 3375 tite
2323 3319 2517 3385 aulam,
2572 3320 2731 3373 talem
2760 3316 3050 3384 Christum,
3095 3319 3367 3373 hominem
3413 3318 3608 3374 factum
3639 3335 3701 3374 ex
3726 3335 3788 3375 ea

2205 3410 2332 3465 fecit
2361 3411 2674 3480 procelere,
2714 3409 2805 3480 qui
2835 3409 3042 3479 perdita
3073 3418 3421 3474 restauraret,
3467 3419 3523 3464 et
3551 3412 3807 3466 omnium.

2206 3504 2398 3557 delicta
2414 3503 2699 3565 relaxaret,
2725 3503 2816 3572 qui
2836 3501 3095 3557 innocens
3117 3502 3458 3557 innocentem
3479 3504 3807 3571 sanguinem.

2204 3610 2357 3652 suum
2389 3611 2488 3665 pro
2518 3592 2890 3665 redemptione
2919 3595 3163 3648 humana:
3202 3594 3501 3662 fragilitatis
3547 3595 3791 3651 eﬁunde»

2204 3696 2308 3749 ret,
2340 3695 2395 3740 et
2423 3702 2520 3756 per
2540 3686 2808 3740 hominem
2840 3685 3102 3740 visibilem
3134 3685 3274 3740 Deus
3302 3686 3577 3740 invisibilis
3606 3687 3789 3754 unige—

2203 3781 2371 3831 nitum
2403 3793 2557 3832 suum
2590 3776 2848 3831 visibilem
2871 3777 3176 3831 hominibus
3208 3785 3569 3846 prmsentaret.
3604 3775 3789 3848 itaque

2201 3866 2356 3921 .lcsus
2383 3866 2627 3921 Christus
2652 3866 2944 3921 secundum
2975 3881 3193 3920 carnem
3223 3875 3377 3919 natus
3403 3874 3459 3920 et
3487 3876 3673 3921 octava
3700 3867 3787 3922 die

2200 3957 2545 4012 circumcisus
2590 3965 2689 4010 est.
2716 3956 2771 4009 ln
2794 3956 2945 4024 cujus
2965 3957 3370 4010 circumcisione
3389 3959 3586 4022 carnis,
3607 3974 3791 4027 quem-

2201 4046 2486 4102 admodum
2513 4046 2846 4101 circumcisio
2869 4045 3027 4099 ﬁnem
3061 4045 3227 4109 dedit,
3253 4046 3323 4098 ita
3349 4060 3446 4115 per
3465 4046 3785 4115 baptismum
3830 4101 3843 4113 ,

2200 4138 2399 4195 Christi
2450 4137 2787 4192 consecratio
2838 4136 3175 4205 baptismatis
3240 4137 3519 4191 exordium
3574 4137 3784 4194 habuit.

2197 4233 2375 4302 Ipsum
2397 4231 2539 4286 enim
2572 4243 2705 4299 aqua
2733 4228 2982 4283 Jordanis
3003 4228 3267 4283 abluendo
3284 4244 3390 4284 non
3410 4231 3791 4296 sanctiﬁcavit,

2197 4326 2289 4380 se.l
2320 4324 2534 4379 easdem
2567 4337 2732 4391 aquas
2762 4320 2927 4377 Filius
2955 4321 3050 4377 Dei
3079 4320 3430 4391 ingrediendo
3457 4320 3779 4393 puriﬁcavit.

2196 4416 2364 4484 Igitur
2391 4421 2447 4468 ut
2476 4411 2635 4468 Pater
2657 4425 2754 4484 per
2781 4413 3071 4484 prophetas
3098 4428 3224 4467 suos
3251 4413 3591 4483 prmdixerat,
3631 4416 3781 4482 virgo

2197 4508 2467 4579 concepit,
2518 4516 2573 4563 et
2618 4516 2864 4562 creatura
2895 4514 3195 4562 creatorem
3224 4523 3376 4561 suum
3407 4508 3564 4563 terris
3590 4507 3783 4563 edidit.

2125 4611 2177 4672 υ
2202 4600 2375 4671 Ipsum
2407 4602 2562 4656 tertia
2593 4600 2679 4655 die
2704 4609 2824 4669 post
2855 4601 3155 4671 passionem
3199 4603 3574 4666 resurrexisse,
3626 4610 3681 4655 ct
3725 4603 3779 4655 in

2193 4695 2358 4750 melos
2382 4694 2705 4756 ascendisse,
2736 4693 3037 4747 videntibus
3065 4694 3342 4763 apostolis,
3367 4694 3671 4764 perhibens.
3702 4693 3780 4749 De

2193 4791 2345 4858 cujus
2372 4788 2602 4856 gloriosa
2646 4787 2892 4856 passione
2922 4784 3117 4842 Paulus
3164 4788 3439 4855 apostolus
3477 4788 3543 4842 ad
3573 4787 3777 4858 Philip-

2190 4895 2385 4950 penses
2410 4879 2651 4932 scribens
2680 4879 2757 4931 ait
2781 4896 2792 4930 :
2822 4876 2920 4941 Qui
2950 4893 3063 4930 cum
3092 4878 3146 4931 in
3177 4878 3344 4949 {arma
3370 4877 3466 4930 Dei
3492 4888 3644 4942 esset,
3675 4895 3781 4932 non

2189 4973 2431 5041 rapinam
2458 4968 2738 5022 arbitratus
2758 4977 2832 5021 est
2858 4984 2968 5022 esse
2990 4984 3045 5021 se
3070 4969 3320 5039 a'qualem
3339 4968 3464 5032 Deo,
3487 4968 3578 5021 sed
3604 4979 3786 5021 semct-

2189 5063 2357 5133 ipsum
2386 5062 2670 5115 erinanivit
2698 5064 2921 5133 formam
2971 5062 3102 5114 servi
3128 5062 3405 5131 accipiens,
3447 5063 3501 5114 in
3532 5062 3775 5115 similitu-

2189 5155 2362 5208 dinem
2390 5154 2651 5207 hominum
2693 5156 2877 5224 [σεται.
2927 5160 2978 5206 et
3023 5151 3197 5205 habitu
3225 5153 3461 5205 inventus
3498 5163 3556 5205 ut
3583 5152 3772 5207 homo:

2190 5243 2476 5297 humiliavit
2500 5244 2827 5312 semetipsum
2849 5242 3090 5296 obediens
3117 5259 3274 5314 usque
3298 5243 3367 5295 ad
3386 5253 3622 5308 mortem,
3648 5260 3780 5297 mor-

2188 5345 2288 5388 tem
2304 5344 2473 5386 antem
2489 5335 2653 5386 crucis
2667 5331 2886 5400 (Philip.
2904 5331 2965 5397 ι).
2988 5330 3095 5385 Nos
3113 5346 3240 5399 ergo
3255 5333 3321 5385 de
3342 5332 3452 5386 Deo
3471 5333 3521 5387 id
3547 5333 3783 5387 sentien-

2187 5433 2271 5479 tes
2292 5440 2395 5477 non
2419 5423 2644 5477 dicimus
2661 5437 2849 5490 purum
2868 5421 3161 5483 hominem,
3180 5424 3269 5489 qui
3290 5422 3357 5476 de
3378 5422 3593 5492 Virgine
3609 5423 3776 5477 Maria

2187 5522 2346 5567 natus
2366 5522 2466 5574 est,
2485 5528 2585 5567 nec
2604 5513 2891 5581 separatim
2923 5511 3150 5565 alterum
3182 5513 3346 5567 tilium
3368 5514 3620 5581 homins,
3648 5514 3779 5569 alte-

2185 5633 2304 5672 rum
2318 5615 2507 5669 Filium
2522 5615 2615 5668 Dei
2633 5613 2995 5683 praedicamus,
3012 5629 3079 5669 ne
3095 5615 3251 5668 aliam
3270 5631 3554 5685 personam
3571 5617 3776 5682 carnis,

2186 5715 2346 5769 aliam
2379 5715 2598 5768 Deitatis
2620 5712 2896 5781 faciamus,
2918 5713 3010 5769 sed
3041 5714 3094 5769 in
3115 5714 3294 5771 Verbo
3316 5714 3410 5771 Dei
3441 5726 3498 5771 et
3526 5717 3583 5771 iri
3606 5731 3775 5772 carne

2186 5832 2350 5872 unum
2374 5814 2643 5872 Christum
2674 5812 2990 5885 proﬁtemur
3004 5824 3059 5872 et
3079 5815 3365 5883 credimus,
3382 5816 3637 5874 etFilium
3660 5816 3779 5871 uni-
