4068 6342
271 430 340 485 93
1719 417 2082 505 SENIONLS
2948 494 2965 511 .
3466 420 3540 477 es

268 543 508 613 genitum
528 540 822 597 secundum
846 547 1089 595 naturam
1110 554 1228 594 esse
1251 545 1510 593 testamur
1529 542 1583 591 et
1605 536 1848 591 colimus.
1881 538 1933 596 Α
1954 531 2164 585 dixerat
2192 544 2252 585 se
2277 528 2509 587 similem
2532 529 2829 599 Altissimo,
2852 545 2950 601 per
2970 530 3275 601 superbiam
3300 531 3538 603 elapsus,

268 637 323 691 Id
343 635 511 691 etiam
533 634 711 705 palam
734 634 1023 703 aperimus,
1051 632 1297 705 similiter
1315 630 1405 685 Dei
1428 630 1663 685 Verbum
1685 629 1861 684 carnis

268 735 322 780 et
347 694 630 792 sanguinis
669 694 949 779 exordium
995 694 1269 790 habuisse,
1308 730 1364 776 et
1389 729 1634 776 nostrum
1663 734 1860 790 corpus

264 836 421 874 suum
463 806 1002 889 specialiter'lecisse,
1050 823 1106 870 et
1150 814 1445 885 perlectum
1484 813 1757 867 hominem
1788 811 1857 866 de

264 909 474 977 virgine
504 907 852 979 processisse,
899 922 1006 961 non
1037 914 1213 960 tamen
1260 904 1467 974 abjecta
1498 902 1701 958 cmlesti
1732 902 1860 957 Dci-

267 1009 401 1063 tate,
432 1008 493 1054 ut
518 1001 664 1054 illam
690 998 1089 1067 generationem
1129 997 1399 1051 amitteret
1425 1010 1585 1066 quam
1628 993 1860 1049 habebat

265 1105 329 1144 ex
357 1097 570 1145 aeterno
612 1087 790 1142 Patre.
843 1086 957 1142 Hoc
1000 1086 1184 1155 utique
1227 1084 1365 1140 ratio
1412 1083 1690 1139 catholicae
1737 1082 1861 1137 ﬁdei

264 1188 521 1234 testatur.
552 1178 611 1239 In
632 1180 734 1234 hac
756 1178 1017 1246 religione
1042 1184 1258 1232 sanctos
1281 1175 1490 1240 Patres,
1536 1183 1593 1229 et
1620 1173 1715 1228 Dei
1743 1174 1858 1229 ele—

265 1283 385 1328 etos
412 1272 616 1326 milites
644 1285 908 1340 verosque
937 1271 1209 1339 agonistas
1235 1268 1397 1324 fuisse
1424 1268 1725 1329 didicimus,
1767 1266 1860 1334 qui

265 1346 539 1421 veraciter
586 1373 812 1419 matrem
842 1363 1050 1417 Domini
1093 1362 1261 1417 nostri
1306 1360 1433 1417 Jesu
1462 1359 1661 1416 Christi
1691 1359 1858 1427 virgi-

267 1471 393 1510 nem
432 1454 819 1510 crediderunt:
846 1468 953 1507 non
991 1453 1115 1523 quia
1148 1452 1329 1506 Deitas
1367 1458 1669 1518 naturaque
1701 1448 1859 1504 Verbi

268 1548 320 1600 in
355 1547 474 1615 ipsa
505 1544 787 1599 exordium
813 1545 1102 1613 acceperit,
1131 1543 1225 1597 sed
1252 1543 1393 1611 quod
1424 1542 1601 1596 anima
1622 1541 1859 1595 rationa-

268 1640 355 1694 bili
387 1654 458 1693 ex
487 1637 729 1706 ejusdem
761 1636 980 1704 virginis
1009 1636 1287 1705 impolluta
1332 1635 1453 1688 alvo
1500 1632 1632 1687 illud
1679 1646 1862 1687 sacra-

270 1732 538 1786 tissimum
561 1745 756 1798 corpus
784 1728 980 1784 Christi
1012 1729 1307 1782 animatum
1333 1735 1517 1781 natum
1539 1725 1630 1790 sit,
1657 1725 1744 1780 cui
1766 1724 1859 1779 Dei

269 1821 505 1875 Verbum
536 1819 828 1873 adunatum
858 1818 1279 1872 substantialiter
1303 1817 1502 1872 scimus
1529 1829 1648 1871 esse
1676 1822 1860 1869 natum

1963 623 2180 691 rugiens
2207 629 2266 675 ut
2291 620 2400 690 leo,
2422 622 2613 691 quaerit
2637 636 2799 691 quem
2827 620 3072 678 devoret.
3102 622 3219 678 Non
3244 624 3437 693 qnmrit
3457 626 3548 681 ho-

1962 711 2162 765 minem
2192 708 2482 778 inﬁdelem,
2516 727 2621 765 non
2646 712 2977 778 iracundum,
3012 729 3119 768 non
3148 713 3269 769 illos
3296 714 3390 784 qui
3418 713 3549 772 foris

1960 809 2108 865 sunt,
2139 799 2232 855 sed
2260 801 2453 871 quaerit
2480 801 2757 868 humilem,
2788 803 3115 870 modestum,
3147 805 3547 876 rationabilem,

1962 891 2046 946 vel
2077 892 2308 960 aliquem
2337 891 2404 947 de
2430 890 2671 948 Ecclesia
2699 892 2900 949 Christi
2925 896 3158 966 dejicere
3187 899 3393 953 nititur.
3440 897 3551 957 Iste

1962 984 2173 1039 invidus
2208 984 2479 1040 hominem
2524 983 2592 1040 de
2628 986 2878 1056 paradiso
2907 986 3001 1042 Dei
3038 987 3268 1058 ejectum
3315 991 3367 1045 in
3409 990 3550 1046 hanc

1962 1078 2235 1133 miseriam
2263 1085 2319 1134 et
2346 1079 2646 1133 convallem
2674 1079 3029 1151 Iacrymarnm
3060 1082 3222 1146 misit,
3255 1090 3311 1137 et
3332 1084 3548 1137 beatum

1960 1168 2064 1225 Job
2088 1184 2120 1223 a
2150 1168 2262 1224 Deo
2298 1169 2456 1238 longe
2484 1168 2664 1225 facere
2689 1170 2879 1238 voluit,
2903 1186 3005 1227 nec
3024 1172 3222 1241 potuit.
3270 1173 3377 1243 lpsi
3405 1174 3550 1228 enim

1964 1259 2306 1315 immaculato
2352 1267 2408 1315 et
2453 1259 2683 1330 simplici
2723 1261 2841 1316 viro
2885 1262 3120 1317 dicitur:
3156 1262 3326 1318 Virtus
3354 1266 3466 1335 ejus
3495 1266 3550 1320 in

1962 1352 2147 1408 lumbis
2187 1352 2320 1422 ejus,
2368 1360 2418 1405 et
2444 1360 2672 1422 potestas
2697 1353 2752 1406 in
2786 1352 3028 1407 umbilico
3055 1355 3189 1425 ejus.
3238 1354 3404 1425 Igitur
3452 1371 3552 1427 per

1963 1443 2119 1515 primi
2155 1443 2389 1497 hominis
2434 1442 2874 1509 inobedientiatn,
2924 1444 2977 1497 in
3025 1445 3282 1499 mundum
3331 1446 3552 1502 intravit
3598 1498 3601 1499 ν

1963 1553 2109 1593 mors
2128 1546 2182 1593 et
2210 1537 2425 1591 miseria
2451 1555 2462 1590 :
2490 1551 2586 1605 per
2627 1537 2860 1592 natalem
2890 1552 3021 1593 vero
3067 1541 3286 1594 secundi
3316 1541 3550 1598 hominis

1964 1631 2203 1699 ingressa
2228 1636 2310 1683 est
2338 1628 2482 1683 salus
2507 1636 2560 1683 et
2588 1628 2792 1683 lmtitia.
2822 1628 2987 1683 Stella
3019 1629 3190 1684 solem
3218 1630 3364 1686 dedit
3387 1650 3400 1684 :
3424 1632 3549 1688 Vir—

1963 1735 2032 1789 go
2078 1720 2248 1775 Deum
2297 1721 2569 1775 hominem
2614 1721 2817 1789 absque
2866 1721 3112 1786 homine;
3164 1723 3312 1792 virga
3360 1723 3550 1780 liorem

1966 1812 2268 1883 parturivit.
2298 1812 2354 1866 Si
2381 1811 2541 1867 Maria
2570 1813 2719 1882 virgo
2749 1828 2857 1868 non
2885 1815 3287 1883 permansisset,
3317 1832 3425 1872 non
3447 1819 3552 1872 uti-

269 1912 584 1967 carnaliter.
633 1911 768 1966 Hinc
792 1910 862 1965 de
902 1925 968 1964 eo
998 1909 1193 1966 Paulus
1221 1908 1497 1979 apostolus
1525 1906 1592 1961 ad
1631 1905 1862 1962 Thessa-
1892 1937 1934 1995 Β
1964 1918 2069 1995 que
2097 1902 2287 1995 Filium
2316 1902 2411 1995 Dei
2440 1907 2730 1995 genuisset.
2780 1901 3010 1995 Oiquam
3040 1904 3300 1960 laudanda
3331 1908 3551 1976 virgini-

270 2003 578 2057 Iouicenses
622 2000 860 2055 scribens
907 2000 1018 2052 ait:
1048 1998 1160 2069 Ipsi
1204 2000 1338 2052 enim
1368 1998 1430 2052 de
1477 1997 1617 2053 vobis
1646 2013 1857 2052 annun-

272 2097 422 2157 tiant,
447 2095 655 2165 qualem
684 2094 951 2148 introitum
980 2092 1302 2146 habuerimus
1326 2091 1465 2162 apud
1506 2108 1615 2160 vos,
1655 2102 1704 2146 et
1732 2107 1861 2163 quo-

272 2185 424 2239 modo
449 2184 686 2239 conversi
705 2185 826 2237 estis
850 2182 917 2235 ad
940 2180 1105 2236 Deum
1135 2199 1167 2235 a
1194 2182 1507 2243 simulacris,
1539 2183 1730 2236 servire
1752 2180 1863 2235 Deo

272 2278 376 2329 sieo
406 2284 459 2329 et
487 2291 629 2340 vero,
678 2284 728 2327 et
757 2281 1053 2343 exspectare
1073 2272 1272 2327 Filium
1299 2272 1411 2342 ejus
1449 2272 1512 2325 de
1538 2272 1692 2335 caelis,
1716 2288 1864 2343 quem

272 2367 563 2430 suscitavit,
611 2364 810 2432 Jesum,
857 2365 942 2436 qui
980 2366 1169 2435 eripuit
1195 2380 1288 2417 nos
1312 2380 1344 2416 a
1371 2372 1583 2416 ventura
1621 2364 1723 2416 ira.
1756 2361 1866 2416 Nos

273 2472 404 2525 ergo
431 2465 636 2511 sancta:
668 2456 826 2525 hujus
856 2454 977 2510 lidei
1005 2454 1261 2519 cultores,
1287 2469 1349 2508 ac
1378 2454 1696 2509 Christiana:
1734 2453 1866 2522 legis

275 2557 574 2602 sectatores
599 2545 911 2616 proﬁtemur
927 2536 1220 2600 secundum
1243 2544 1593 2599 substantiam
1617 2544 1709 2598 Dei
1734 2542 1867 2597 Ver-

276 2638 400 2692 bum
421 2637 575 2693 carni
622 2636 847 2702 unitum,
895 2650 1165 2705 unumque
1195 2635 1465 2691 Christum
1491 2633 1683 2703 Deum,
1712 2649 1866 2688 eum-

278 2729 516 2797 demque
553 2727 829 2781 hominem
875 2741 997 2782 cum
1043 2726 1259 2796 propria
1306 2741 1466 2780 carne
1511 2724 1863 2778 adorandum.

279 2821 566 2875 Testamur
587 2835 717 2874 vero
749 2820 930 2885 corde,
958 2820 1301 2890 perhibemus
1324 2834 1452 2889 pura
1482 2826 1686 2885 mente,
1704 2817 1870 2872 conﬁ-

281 2922 455 2965 temur
497 2910 747 2965 modesto
795 2926 907 2976 ore,
957 2910 1148 2964 Filium
1190 2909 1284 2965 Dei
1309 2910 1635 2965 .crucilixum
1682 2923 1866 2974 carne,

282 3009 514 3056 mortem
539 3000 825 3071 pertulisse
854 3016 1035 3065 carne,
1077 3000 1384 3069 factumque
1412 3014 1475 3054 ex
1508 2999 1733 3053 mortuis
1759 2998 1871 3068 pri-

279 3093 635 3161 mogenitum,
687 3090 979 3145 secundum
1023 3090 1168 3159 quod
1198 3091 1249 3143 in
1280 3090 1397 3159 ipso
1438 3097 1716 3159 permanet
1745 3103 1868 3158 per-

281 3182 417 3239 lecta
447 3185 559 3239 vita
596 3181 946 3247 credentium,
994 3181 1087 3251 qui
1116 3190 1174 3235 ut
1204 3180 1365 3242 Deus,
1416 3180 1654 3234 omnium
1695 3176 1870 3232 viviﬁ-

281 3285 435 3330 cator
463 3284 549 3330 est
569 3272 827 3328 ﬁdelium.

350 3365 502 3429 Ihec,
534 3364 886 3427 dilectissimi,
916 3364 1115 3431 scribo,
1149 3371 1207 3419 ut
1236 3380 1345 3435 pax
1365 3372 1420 3419 et
1447 3362 1736 3419 concordia
1766 3360 1869 3417 Ec-

284 3457 573 3511 clesiarum
594 3464 960 3521 conservetur,
988 3464 1043 3510 et
1070 3455 1439 3511 indissolubile
1458 3455 1735 3510 charitatis
1754 3454 1871 3508 vin-

283 3547 462 3602 culum
514 3554 867 3617 permaneat,
927 3544 1176 3614 donaque
1220 3546 1415 3600 divina:
1462 3546 1723 3615 largitatis
1762 3561 1871 3600 non

284 3639 615 3692 minuantur.
665 3633 982 3691 Trinitatem
1011 3636 1064 3690 in
1095 3637 1298 3693 unitate
1328 3652 1649 3692 veneramur
1673 3646 1729 3692 et
1755 3653 1873 3691 cre-

285 3729 459 3782 dimus
481 3725 698 3782 Patrem
726 3726 1026 3796 Filiumque
1055 3728 1131 3784 sic
1161 3727 1312 3783 initio
1342 3725 1527 3792 fuisse,
1579 3736 1638 3782 ut
1678 3744 1870 3799 proce-
1912 3761 1918 3769 -

288 3821 504 3874 dentem
551 3819 620 3873 ab
666 3827 896 3888 utroque
923 3817 1259 3874 Paracletum
1290 3820 1611 3875 conﬁtemur
1638 3828 1695 3874 et
1740 3820 1872 3875 coli-

289 3930 404 3967 mus
423 3955 440 3981 ,
476 3928 584 3966 non
615 3919 726 3966 tres
748 3911 898 3977 deos,
948 3911 1042 3965 sed
1073 3927 1236 3965 unum
1269 3912 1640 3967 tantummodo
1661 3912 1827 3966 Deum
1856 3930 1869 3964 :

289 4007 372 4060 cui
414 4004 649 4059 lidcliter
677 4003 1046 4073 persolvamus
1074 4002 1271 4068 debita,
1324 4011 1383 4057 ut
1429 4003 1584 4058 nobis
1627 4003 1875 4057 relaxare

290 4103 472 4147 nostra
519 4107 627 4147 non
663 4092 980 4160 dedignetur
1001 4092 1223 4146 crimina
1254 4092 1509 4147 Dominus
1546 4108 1608 4148 ac
1635 4091 1871 4148 ReJem-

290 4194 410 4253 ptor
436 4190 641 4246 noster,
693 4182 785 4250 qui
817 4189 961 4234 tanta
992 4181 1042 4235 in
1074 4183 1243 4237 servis
1269 4183 1381 4237 suis
1426 4184 1684 4239 miracula
1714 4184 1875 4238 mira—

290 4275 408 4328 bilis
427 4282 703 4344 operatur,
729 4282 783 4328 et
807 4272 1011 4340 majora
1034 4273 1222 4327 horum
1246 4274 1562 4340 videbimus,
1587 4275 1877 4344 adjuvante

292 4368 380 4420 illo
425 4366 583 4434 cujus
620 4365 871 4433 majestas
913 4372 967 4418 et
1013 4366 1373 4435 pulchritudo,
1420 4367 1879 4423 immarcescibilis

290 4458 481 4526 gloria,
528 4457 700 4509 virtus
739 4463 794 4509 et
844 4455 1021 4509 honor
1061 4456 1446 4513 inaestimabilis
1485 4468 1769 4528 permanet
1822 4459 1877 4513 in

291 4546 486 4601 saecula
512 4544 849 4599 smculorum.
885 4543 1076 4599 Amen.

612 4669 841 4725 SERMO
876 4668 961 4723 DE
1000 4669 1250 4725 NATALI
1292 4669 1543 4728 DOMlNl.

361 4781 501 4838 Ecce
529 4798 669 4835 nunc
701 4790 912 4849 tempus
941 4781 1293 4850 acceptabile,
1323 4798 1449 4837 ecce
1478 4798 1619 4838 nunc
1646 4783 1763 4838 dies
1792 4798 1880 4839 sa-

294 4872 433 4926 lutis.
482 4870 623 4926 Ecce
671 4871 723 4923 in
772 4870 852 4923 his
880 4870 1067 4924 diebus
1114 4871 1391 4941 impletum
1438 4873 1706 4929 cernimus
1731 4875 1878 4945 quod

297 4979 423 5017 voce
464 4961 616 5016 Isaia:
643 4962 917 5031 prnphetze
956 4960 1151 5015 dicitur
1175 4981 1187 5015 :
1215 4962 1348 5016 Ecce
1377 4966 1517 5034 virgo
1548 4968 1801 5037 concipiet
1830 4978 1880 5021 et

295 5052 457 5122 pariet
486 5052 739 5120 ﬁlium,et
766 5049 1024 5104 vocabitur
1047 5067 1231 5105 nomen
1262 5055 1370 5123 ejus
1388 5052 1713 5109 Emmanuel.
1741 5055 1881 5112 Ecce

297 5145 444 5213 virgo
475 5144 727 5213 concepit
752 5144 952 5212 absque
980 5145 1120 5198 virili
1148 5147 1374 5209 semine,
1417 5148 1570 5216 virgo
1597 5149 1884 5217 parturivit

299 5236 502 5304 absque
527 5234 704 5304 aliqua
735 5237 913 5290 carnis
942 5235 1301 5292 infestatione.
1336 5236 1585 5307 Ejusdem
1615 5240 1758 5294 enim
1786 5240 1881 5295 ﬁlii

300 5328 582 5380 uativitate
612 5328 858 5381 humana:
886 5328 1055 5397 plebis
1082 5329 1261 5383 laetitia
1293 5340 1668 5398 augmentatur
1696 5352 1707 5386 :
1733 5334 1884 5404 cujus

300 5428 420 5472 ortu
444 5419 693 5473 inimicus
715 5428 911 5474 nostra:
934 5422 1243 5476 substantia:
1264 5439 1497 5479 mmrore
1519 5426 1880 5482 confunditur.

300 5509 391 5564 Ille
412 5512 614 5564 etenim
643 5511 979 5567 adversarius
1001 5523 1200 5582 noster,
1225 5518 1315 5586 qui
1339 5518 1571 5573 diluculo
1594 5528 1652 5573 ut
1673 5518 1886 5575 Luciler

302 5604 597 5667 oriebatur,
626 5605 716 5671 qui
749 5602 801 5656 in
830 5605 1078 5674 paradiso
1106 5607 1201 5662 Dei
1230 5609 1539 5664 deliciarum
1577 5611 1710 5665 cibis
1731 5610 1880 5666 dele-

303 5694 572 5761 clalmtur,
601 5695 795 5772 cecidit
817 5694 884 5749 de
911 5697 1050 5751 cmlo
1080 5705 1135 5752 et
1161 5700 1345 5755 audire
1375 5702 1672 5769 promeruit
1698 5720 1710 5753 :
1736 5701 1799 5757 Si
1827 5710 1883 5756 ut

303 5785 477 5854 aquila
502 5785 762 5839 exaltatus
792 5788 971 5857 fueris,
994 5788 1115 5842 inde
1146 5806 1177 5842 a
1224 5788 1446 5846 Domino
1477 5792 1692 5863 turpiter
1717 5792 1883 5847 detra-

311 5875 462 5931 ‘ieris.
500 5875 594 5930 Ille
622 5877 836 5947 quidem
867 5878 880 5932 i
926 5879 1112 5933 imicus
1140 5880 1383 5936 humana:
1413 5883 1742 5952 substantias,
1789 5884 1878 5953 qui

1908 4676 1955 4734 D

1965 1994 2073 2049 tas!
2104 1993 2192 2048 Ait
2218 1994 2557 2049 beatissimus
2588 1992 2750 2049 Isaias
2776 2013 2789 2048 :
2815 1992 2962 2049 Εἶτίῆ
2991 1998 3134 2068 virgo
3159 1998 3221 2052 de
3242 1998 3418 2053 radice
3439 2000 3552 2056 les-

1962 2102 2036 2151 se,
2068 2093 2117 2139 et
2144 2086 2242 2155 [los
2268 2084 2333 2138 de
2361 2084 2536 2139 radice
2563 2085 2674 2156 ejus
2704 2084 2944 2139 ascendet
2975 2084 3132 2155 (Isai.
3167 2101 3239 2150 tu,
3280 2087 3356 2158 I).
3389 2088 3550 2157 Virgo

1963 2186 2137 2232 mater
2163 2184 2246 2231 est
2276 2175 2496 2243 Christi,
2547 2176 2798 2247 simplex,
2830 2177 3046 2232 humilis
3087 2184 3143 2233 et
3189 2178 3550 2245 immaculata,

1964 2266 2111 2319 nullo
2140 2265 2379 2334 germine
2408 2267 2744 2321 extrinsecus
2771 2267 3096 2334 cohaerente,
3129 2277 3184 2324 et
3211 2269 3279 2324 ad
3311 2269 3401 2324 Dei
3425 2270 3554 2325 ima-

1964 2358 2143 2426 ginem
2185 2356 2413 2412 l'ecunda
2438 2358 2658 2413 unione.
2690 2357 3062 2416 Necessarium
3089 2376 3280 2417 revera
3305 2370 3423 2418 erat
3450 2364 3551 2419 ho-

1967 2449 2222 2513 minibus,
2251 2457 2308 2503 ut
2333 2450 2485 2518 virgo
2507 2449 2600 2503 Dei
2632 2448 2823 2505 Filium
2846 2452 3177 2522 conciperet,
3208 2452 3422 2508 Satanas
3441 2456 3554 2523 qui-

1967 2537 2088 2592 dem
2119 2538 2428 2604 molestum,
2452 2538 2606 2592 nobis
2626 2545 2806 2593 autem
2837 2537 3187 2596 fructuosum.
3214 2543 3287 2597 De
3311 2543 3400 2598 illo
3420 2541 3556 2600 ﬂore

1967 2644 2127 2697 quem
2176 2630 2323 2695 virga
2369 2627 2520 2683 Jesse
2562 2629 2807 2697 protulit.
2855 2631 3114 2699 scriptum
3157 2632 3414 2704 est:Ego
3455 2635 3555 2704 [los

1969 2720 2139 2788 campi
2164 2727 2214 2771 et
2242 2718 2407 2771 lilium
2436 2717 2765 2772 convallium.
2816 2718 2873 2774 Si
2919 2721 3198 2789 virginitas
3224 2723 3416 2791 virgini
3445 2739 3554 2779 non

1968 2806 2272 2875 prodesset,
2298 2806 2560 2875 pr0pheta
2589 2805 2861 2877 Virginem
2892 2807 2962 2864 de
2985 2809 3201 2880 Virgine
3225 2814 3553 2870 nasciturum

1970 2913 2078 2952 non
2117 2896 2488 2966 signiﬁcasset.
2532 2895 2744 2968 Optima
2786 2908 2965 2954 tamen
2994 2910 3078 2956 est
3111 2904 3442 2959 continentia
3469 2906 3555 2961 vi-

1971 2987 2166 3054 dualis,
2192 2987 2383 3042 melior
2404 2996 2582 3043 autem
2607 2990 2826 3045 castitas
2854 2992 3147 3060 virginalis.
3175 2994 3345 3050 Aliter
3374 3005 3555 3052 autem

1971 3076 2058 3131 lex
2089 3076 2256 3149 Moysi
2300 3078 2423 3132 data
2454 3087 2590 3134 erat.
2622 3078 2890 3150 Scriptum
2928 3090 3011 3137 est
3040 3084 3183 3138 enim
3212 3103 3225 3136 :
3252 3084 3444 3141 Beatus
3472 3106 3557 3160 qus

1973 3168 2125 3222 Iubet
2152 3186 2321 3223 semen
2368 3170 2423 3222 in
2454 3168 2605 3223 Sion.
2657 3168 2723 3224 Et
2750 3168 3035 3225 Maledicta
3081 3175 3272 3229 sterilis
3311 3164 3425 3247 qua;
3453 3195 3559 3232 non

1898 3303 1942 3365 Ε
1974 3262 2216 3330 parturit.
2251 3259 2314 3312 Et
2342 3260 2466 3314 alibi
2494 3278 2505 3312 :
2534 3258 2657 3314 Non
2686 3270 2798 3315 erat
2827 3262 2880 3315 in
2908 3261 3137 3318 tribubus
3184 3282 3368 3347 eorum,
3401 3267 3559 3337 inﬁr-

1972 3366 2105 3403 mus.
2131 3348 2186 3402 In
2218 3348 2334 3417 lege
2362 3363 2491 3403 vero
2522 3347 2733 3403 Domini
2757 3350 2925 3404 nostri
2950 3348 3078 3404 Iesu
3098 3348 3297 3408 Christi
3321 3342 3555 3408 dicitur:

1973 3437 2180 3494 Ltetare
2219 3440 2407 3493 sterilis
2448 3457 2464 3493 :
2511 3454 2611 3495 nec
2666 3448 2718 3494 te
2765 3440 2963 3508 lignum
3009 3441 3287 3498 arbitreris
3329 3445 3556 3501 aridum.

1973 3532 2206 3588 Habebis
2251 3533 2427 3587 locum
2459 3548 2557 3601 pro
2588 3532 2707 3586 ﬁliis
2736 3542 2792 3586 et
2821 3530 3028 3587 ﬁliabus
3054 3534 3160 3589 tuis
3193 3535 3244 3589 in
3274 3546 3556 3592 aeternum.

1973 3625 2123 3680 Nune
2148 3625 2309 3679 etiam
2336 3625 2427 3693 qui
2453 3623 2692 3678 infernus
2712 3633 2814 3686 est,
2841 3622 3029 3679 fortior
3053 3623 3302 3690 elﬁcitur,
3331 3635 3561 3683 testante

1973 3716 2254 3786 Apostolo,
2286 3717 2377 3784 qui
2403 3715 2477 3768 ait
2501 3733 2514 3767 :
2539 3712 2779 3768 Libenter
2806 3714 3068 3786 gloriabor
3091 3716 3145 3770 in
3167 3717 3560 3787 inﬁrmitatibus

1975 3810 2123 3873 meis,
2146 3816 2217 3863 ,ιιι
2255 3806 2504 3861 inhabitet
2550 3807 2603 3860 in
2652 3823 2732 3860 me
2778 3808 2937 3861 virtus
2963 3805 3176 3863 Christi.
3227 3806 3393 3876 Igitur
3435 3808 3561 3877 quia

1971 3901 2218 3958 Christus
2243 3908 2369 3956 ante
2395 3900 2575 3954 omnia
2605 3899 2817 3964 szecula,
2848 3915 2915 3954 ex
2943 3905 3148 3954 :ctcriro
3174 3898 3331 3954 Patre
3352 3901 3565 3970 genitus

1975 4001 2080 4060 est,
2096 3992 2289 4047 divina:
2312 3991 2524 4046 virtutis
2553 3989 2820 4044 inellabile
2842 3998 3236 4044 sacramentum
3258 3987 3373 4044 fuit.
3392 3987 3562 4055 Quam

1973 4100 2106 4143 vero
2134 4100 2204 4140 ex
2230 4083 2435 4152 virgine
2470 4081 2626 4136 nobis
2672 4080 2914 4143 visibilis,
2967 4086 3023 4133 ut
3053 4079 3236 4145 homo,
3279 4079 3564 4149 apparuit,

1976 4174 2228 4230 humana:
2267 4173 2439 4241 gratia
2479 4171 2669 4227 salutis
2714 4160 2941 4226 exstitit.
2990 4168 3135 4225 Mors
3178 4170 3434 4225 mundum
3478 4170 3563 4225 in-

1979 4282 2162 4336 gressa
2207 4274 2289 4321 est
2326 4281 2423 4334 per
2454 4262 2647 4329 Evam;
2688 4263 2794 4316 vita
2825 4277 2955 4316 vero
2984 4260 3192 4331 perdita
3232 4270 3566 4317 restauratur

1980 4371 2075 4424 per
2101 4353 2343 4407 Mariam.
2372 4351 2663 4421 Postquam
2697 4366 2821 4406 eum
2846 4349 3009 4417 Virgo
3035 4350 3087 4403 in
3115 4359 3268 4405 utero
3292 4352 3565 4421 concepit,

1981 4443 2141 4512 Virgo
2162 4444 2342 4498 lumen
2365 4441 2506 4512 quod
2532 4442 2795 4495 illuminat
2816 4456 3033 4496 omnem
3056 4441 3327 4496 hominem
3349 4442 3566 4497 venien-

1981 4542 2089 4589 tcm
2120 4535 2171 4588 in
2201 4534 2343 4589 hunc
2391 4532 2643 4586 mundum
2676 4532 2958 4602 parturivit
3001 4550 3013 4585 :
3055 4531 3217 4603 Cujus
3244 4535 3567 4604 principatus

1982 4643 2134 4696 super
2161 4618 2423 4678 humerum
2448 4628 2576 4694 ejus,
2618 4623 2704 4694 qui
2741 4633 2816 4677 est
2833 4622 2974 4677 Deus
3016 4625 3185 4694 fortis,
3216 4632 3365 4693 pater
3402 4624 3565 4694 futuri

1983 4715 2157 4769 saeculi
2187 4711 2341 4783 (Isai.
2376 4729 2449 4776 ιχ,
2481 4713 2557 4781 7).
2586 4711 2886 4766 Maledictio
2915 4712 3170 4767 adversus
3206 4728 3366 4766 omne
3394 4726 3566 4780 genus

1986 4807 2274 4859 lmmanum
2305 4803 2512 4872 prolata
2543 4802 2716 4856 soluta
2746 4800 2863 4855 fuit.
2910 4802 3039 4868 Quis
3063 4810 3241 4856 autem
3270 4801 3373 4857 hoc
3399 4801 3565 4858 divini

1985 4892 2193 4948 consilii
2237 4898 2422 4960 posset
2467 4889 2733 4945 aestimare
2780 4899 3070 4955 secretum,
3121 4890 3262 4960 quod
3308 4890 3471 4960 Virgo
3513 4892 3568 4947 in

1983 4991 2138 5037 utero
2185 4981 2487 5051 acciperet,
2538 4979 2698 5047 Virgo
2747 4978 2915 5034 Deum
2962 4987 3087 5034 ante
3135 4981 3315 5035 omnia
3344 4997 3375 5036 a
3404 4980 3565 5038 Patre

1987 5073 2224 5142 genitum
2261 5072 2379 5127 sine
2429 5079 2603 5126 matre
2646 5070 2968 5149 parturiret?
2997 5070 3243 5139 Deusque
3292 5073 3571 5129 invisibilis

1986 5181 2083 5236 per
2112 5165 2385 5220 hominem
2411 5164 2672 5219 visibilem
2697 5172 2997 5233 appareret,
3047 5173 3103 5219 et
3130 5163 3438 5220 conditione
3468 5166 3569 5220 hu-

1986 5272 2157 5309 mana:
2186 5255 2526 5310 mortalitatis
2556 5261 2783 5308 mortem
2829 5254 3143 5324 suscipiens,
3195 5255 3337 5308 nulla
3367 5270 3564 5324 corpo-

1986 5362 2092 5401 reae
2121 5345 2482 5415 generationis
2519 5344 2635 5412 lege
2664 5352 2956 5414 conceptus
3002 5344 3069 5399 de
3116 5344 3360 5411 originali
3411 5352 3566 5397 utero

1990 5438 2220 5491 humana
2248 5436 2347 5491 sub
2395 5436 2512 5503 lege
2542 5435 2802 5505 prodiret,
2852 5436 3073 5507 ipsaque
3117 5434 3355 5504 ejusdem
3398 5435 3568 5490 Mater

1990 5529 2140 5596 virgo
2162 5528 2468 5606 incorrupta
2492 5531 2863 5597 permaneret?
2895 5528 3075 5598 Itaque
3097 5528 3340 5582 Christus
3366 5528 3569 5598 absque

1990 5626 2162 5674 matre
2192 5626 2316 5673 ante
2343 5619 2535 5673 smcula
2569 5628 2724 5673 natus
2747 5619 2815 5674 de
2845 5618 3090 5673 invisibili
3115 5627 3286 5687 patre,
3315 5634 3413 5673 nec
3441 5619 3567 5686 sibi,

1989 5709 2082 5764 sed
2113 5709 2350 5764 humano
2378 5709 2558 5776 generi
2607 5710 2981 5775 necessarium,
3025 5709 3141 5763 sine
3168 5710 3367 5763 carnali
3415 5718 3568 5779 patre

1988 5799 2224 5854 secundo
2254 5801 2491 5856 nascitur
2512 5815 2578 5855 ex
2609 5801 2798 5855 visibili
2822 5811 3011 5855 matre.
3042 5799 3107 5854 Et
3133 5802 3257 5871 quia
3294 5801 3568 5871 periclita-

1990 5893 2178 5946 bamur
2208 5906 2303 5961 per
2331 5891 2513 5962 primae
2543 5893 2779 5949 mulieris
2810 5892 3241 5959 iuobedient‘am,
3285 5892 3571 5963 oportebat
