4122 6330
487 421 571 479 ’95
1456 415 1511 470 S.
1555 412 1918 469 LEUTIIERII
1954 412 2420 469 TORNACENSlS
2458 413 2762 470 EPISCOPI

3682 412 3762 465 θῦν

500 543 559 588 ut
585 532 915 589 salvaremur
957 542 1052 598 per
1081 526 1348 581 feminam.
1401 522 1639 578 Gaudeat
1682 537 1848 592 genus
1882 521 2070 576 huma-
2099 526 2147 583 Α
2175 523 2361 591 possit,
2388 511 2650 594 pauperes
2674 524 2890 588 nutriat,
2924 523 3341 603 hospitalitatem
3362 531 3619 590 sectetur,
3651 540 3753 577 nu-

482 641 651 691 .num,
678 623 923 678 Christus
952 620 1094 677 enim
1127 618 1380 683 nascitur,
1411 628 1469 671 et
1493 615 1685 670 vilibus
1712 615 1903 685 pannis
1930 613 2074 668 obsi-

500 725 586 773 tus
632 716 685 771 in
732 715 955 786 prmsepi
995 711 1303 767 animalium
1342 709 1580 779 ponitur.
1625 707 1824 762 Vilitas
1858 706 2071 778 quidem

498 823 797 880 pannorum
820 821 1066 876 magnum
1095 811 1151 857 et
1180 801 1535 857 inenarrabile
1556 808 1638 855 est
1656 796 2068 855 sacramentum.

498 898 592 951 Illa
621 899 761 951 enim
791 896 966 950 vilitas
991 906 1293 963 pannorum
1321 905 1350 943 a
1380 890 1549 958 magis
1568 890 2073 963 adoratur,ipsique

498 1004 668 1060 puero
698 988 751 1041 in
781 987 1042 1057 przesepio
1066 984 1289 1060 jacen_ti,
1330 990 1385 1037 et
1412 997 1575 1052 super
1601 982 1890 1049 angelicam
1918 996 2071 1036 crea-

499 1052 674 1135 turam
694 1052 1174 1147 reg-nanti,_aurum,
1192 1052 1306 1129 titus
1325 1083 1373 1128 et
1387 1074 1597 1145 myrrha
1619 1071 1855 1129 offertur.
1872 1073 2074 1127 Aurum

498 1176 653 1230 decet
698 1186 908 1241 regem,
951 1171 1124 1225 thuris
1162 1166 1366 1224 oblatio
1412 1180 1665 1236 magnum
1703 1164 2069 1229 sacerdotem,

498 1265 711 1336 myrrha
738 1278 868 1318 vero
897 1269 1229 1316 mortuorum
1255 1259 1603 1330 sepulturam.
1627 1259 1829 1312 Aurum
1857 1256 2074 1326 quidem

497 1355 761 1427 significat
791 1354 981 1408 Filium
1008 1353 1195 1407 Deiex
1223 1351 1442 1420 Virgine
1471 1358 1685 1423 natum,
1709 1348 1821 1417 jam
1850 1350 1904 1403 in
1934 1356 2076 1404 terra

392 1483 396 1487 ~
432 1430 439 1493 ί
496 1441 740 1515 regnare.
757 1445 903 1499 Thus
921 1459 1051 1499 vero
1072 1457 1339 1497 summum
1367 1440 1705 1496 sacerdotem
1735 1455 1797 1494 se
1809 1455 1909 1511 pro
1923 1440 2077 1495 nobis

495 1538 728 1594 hostiam
756 1536 901 1590 Patri
928 1535 1134 1590 caelesti
1162 1533 1375 1589 offerre.
1426 1532 1639 1604 Myrrha
1668 1548 1798 1587 vero
1827 1532 2074 1587 eumdem

497 1629 729 1696 Virginis
757 1626 946 1681 Filium
977 1640 1075 1696 pro
1101 1624 1272 1681 salute
1305 1623 1527 1678 humani
1548 1622 1761 1692 generis
1783 1623 1995 1693 sepeliri
2023 1630 2077 1676 et

495 1732 798 1787 resurgere.
813 1717 983 1772 Panni
994 1730 1122 1785 ergo
1138 1716 1329 1786 quibus
1339 1715 1500 1784 Virgo
1516 1723 1688 1769 mater
1710 1713 1965 1769 infantem
1980 1715 2079 1770 cir-

496 1812 773 1881 cumligat,
796 1818 979 1864 nostra
1006 1810 1204 1862 scimus
1231 1796 1349 1862 esse
1379 1805 2077 1876 peccamina,dicentepro-

2172 613 2297 669 dum
2354 615 2435 669 vel
2493 610 2595 668 vili
2643 616 2966 699 vestimqito
3023 616 3318 685 cooperiat.
3388 614 3520 670 Cum
3570 622 3748 669 autem

2171 704 2415 760 Christus
2441 705 2511 760 de
2539 706 2696 760 terris
2720 705 2786 760 ad
2814 706 2980 761 coelos
3008 705 3316 770 ascendere,
3349 705 3416 761 de
3445 703 3653 760 inferno
3683 705 3750 760 ad

2173 798 2451 867 superiora
2477 798 2704 853 transire
2732 798 2913 864 vellet,
2945 806 3005 853 ut
3024 797 3295 868 discipulis
3316 797 3426 852 suis
3447 798 3604 866 longe
3628 804 3766 852 ante.

2172 888 2495 958 praedixerat
2515 929 2530 953 ,
2563 896 2789 951 mortem
2811 889 3069 958 pertulit,
3093 894 3152 943 ut
3175 896 3417 942 mortuos
3446 896 3667 958 peccato
3689 888 3752 941 li-

2172 977 2404 1032 beraret.
2434 977 2766 1047 Prtedicavit,
2790 986 2847 1033 ut
2867 979 3009 1033 viam
3032 979 3220 1034 salutis
3240 978 3395 1033 nobis
3416 978 3748 1033 ostenderet.

2174 1062 2489 1123 Resurrexit
2515 1110 2529 1134 ,
2603 1077 2669 1123 ut'
2708 1068 3008 1125 vivificatos
3055 1069 3234 1124 vivere
3280 1069 3500 1123 faceret.
3565 1069 3751 1137 Cujus,

2175 1159 2475 1223 carissimi,
2528 1176 2629 1215 nos
2679 1169 2968 1231 sequentes
3013 1161 3237 1230 vestigia
3292 1176 3401 1215 non
3448 1162 3755 1231 placeamus

2176 1240 2610 1320 nobismetipsis,
2643 1250 2736 1306 sed
2764 1252 2874 1307 Deo
2914 1258 2968 1305 et
2996 1253 3262 1322 proximo.
3304 1251 3394 1305 Sic
3429 1251 3569 1305 enim
3601 1250 3756 1306 Jesus

2175 1354 2297 1395 cum
2318 1355 2506 1409 pacem
2533 1342 2875 1396 annuntiaret
2899 1344 3099 1414 popqu
3124 1385 3139 1409 ,
3181 1341 3455 1412 discipulis
3484 1342 3596 1396 ait“:
3632 1340 3753 1396 Non

2174 1432 2287 1487 veni
2329 1434 2498 1504 facere
2539 1435 2847 1490 voluntatem
2889 1454 3053 1491 meam
3078 1480 3095 1506 ,
3155 1437 3264 1490 sed'
3293 1437 3438 1490 illius
3485 1436 3593 1506 qui'
3618 1437 3758 1489 misit

2176 1539 2276 1577 me.
2312 1521 2445 1578 Cum
2473 1525 2614 1579 enim
2645 1525 2810 1581 Filius
2838 1528 3071 1583 hominis
3103 1516 3434 1582 voluntatem
3465 1525 3559 1581 Dei
3590 1526 3755 1579 adim-

2175 1614 2349 1684 pleret
2369 1657 2383 1681 ,
2416 1614 2582 1670 Judzei
2611 1616 2859 1672 dicebant
2900 1618 3048 1672 illum
3099 1632 3326 1688 peccare
3355 1618 3406 1672 in
3438 1616 3636 1683 Deum,
3666 1616 3758 1685 qui

2178 1706 2357 1774 potius
2387 1705 2577 1760 Filium
2608 1724 2714 1762 non
2743 1709 3052 1779 recipiendo
3082 1725 3239 1779 quem
3275 1710 3511 1775 miserat,
3542 1710 3755 1764 Patrem

2178 1799 2668 1866 exprobraverunt,
2719 1810 2773 1856 et
2812 1802 2933 1857 ideo
2962 1802 3153 1857 Filium
3185 1803 3276 1857 Dei
3307 1803 3397 1871 qui
3428 1802 3752 1857 nil’commié

496 1902 660 1973 pheta
688 1918 700 1952 :
758 1899 885 1952 Vere
924 1899 1253 1968 infirmitates
1304 1904 1529 1951 nostras
1553 1897 1670 1949 tulit
1705 1937 1719 1961 ,
1770 1905 1822 1949 et
1864 1904 2075 1960 peccata
2110 1883 2151 1943 Β
2177 1896 2340 1952 serat,
2365 1891 2539 1944 crucis
2573 1892 2814 1961 patibulo
2840 1893 2956 1947 sine
2991 1909 3151 1948 causa
3181 1892 3483 1948 aflixernnt.
3527 1891 3774 1947 Peccatar

497 2002 676 2048 nostra
698 1994 810 2063 ipse
837 1991 1076 2061 portavit.
1108 1973 1213 2043 Per
1239 1988 1338 2043 hos
1358 1988 1490 2043 viles
1510 2002 1717 2058 pannos
1736 1985 2073 2041 manifestum

496 2094 581 2141 est
610 2084 781 2154 ipsum
810 2089 993 2136 nostra
1018 2079 1315 2148 suscepisse
1339 2078 1552 2133 delicta.
1594 2076 1747 2143 Quod
1778 2086 1954 2131 autem
1981 2092 2076 2147 po-

490 2175 645 2230 nitur
672 2174 731 2227 in
752 2171 931 2227 medio
952 2171 1177 2226 duorum
1202 2169 1512 2223 animalium
1531 2210 1550 2236 ,
1598 2166 1971 2223 inaestimabile
1997 2176 2078 2221 est

498 2265 596 2320 Dei
623 2263 951 2335 mysterium.
995 2259 1133 2316 Ecce
1161 2260 1436 2330 impletum
1477 2266 1558 2315 est
1586 2259 1733 2329 quod
1763 2275 1895 2315 voce
1938 2259 2079 2314 Aba-

497 2370 599 2412 cuc
619 2353 892 2425 propheta:
913 2351 1141 2406 dicitur:
1177 2350 1428 2415 Domine,
1462 2350 1635 2404 audivi
1664 2350 1895 2405 auditum
1918 2358 2075 2415 tuum,

500 2456 550 2503 et
579 2447 763 2512 timui;
815 2442 1136 2499 considerari
1174 2459 1330 2514 opera
1357 2451 1443 2495 tua
1471 2450 1519 2495 et
1546 2442 1727 2512 επραυὶ
1749 2458 1767 2495 :
1814 2442 1867 2495 in
1911 2441 2079 2495 medio

500 2539 719 2594 duorum
745 2539 1067 2592 animalium.
1109 2535 1255 2590 Bene
1279 2542 1459 2589 autem
1488 2532 1665 2609 Filius,
1682 2533 1914 2588 hominis
1942 2534 2082 2587 inter

499 2629 625 2684 vilia
656 2629 872 2699 ponitur
898 2627 1168 2681 animalia.
1210 2624 1329 2696 Ipse
1358 2633 1441 2680 est
1467 2625 1611 2680 enim
1642 2625 1748 2678 vita
1779 2624 2077 2687 hominum,

502 2728 691 2791 pastus
714 2718 1048 2788 angelorum,
1073 2725 1129 2773 et
1147 2717 1403 2788 pabulum
1426 2715 1815 2785 jumentorum.
1854 2715 2083 2786 Oporte-

501 2811 597 2867 bat
621 2824 750 2879 ergo
780 2818 839 2863 ut
867 2809 956 2863 ille
984 2809 1076 2878 qui
1099 2815 1218 2863 erat
1238 2806 1393 2879 panis
1425 2806 1598 2874 vivus,
1645 2806 1792 2860 inter
1815 2806 1923 2861 duo
1965 2805 2081 2859 ani-

504 2901 664 2958 malia
693 2902 746 2955 in
771 2901 924 2957 cunis
950 2900 1171 2969 vagiens
1200 2901 1522 2955 mitteretur.
1563 2898 1680 2968 Ipse
1709 2906 1791 2953 est
1819 2899 1962 2952 enim
1992 2898 2083 2967 qui

509 2994 587 3049 ait
613 3011 625 3046 :
657 2993 768 3065 Ego
796 3010 908 3047 sum
935 2994 1088 3063 panis
1111 2993 1281 3058 rivus,
1324 2992 1408 3062 qui
1438 2990 1502 3044 de
1529 2992 1652 3045 creto
1674 2991 1936 3044 descendi.
1969 2990 2085 3060 Ipse

506 3091 590 3138 est
618 3083 799 3163 dgnus
825 3081 1052 3137 mundus
1069 3122 1084 3147 ,
1116 3081 1269 3151 cujus
1297 3081 1558 3155 illibatum
1585 3095 1780 3150 corpus
1801 3089 2085 3150 postquam

2178 1991 2305 2047 ergo
2333 1981 2667 2048 peccantium
2697 1983 3006 2037 ceciderunt
3035 1999 3195 2053 super
3219 1983 3490 2055 Christum
3514 2026 3527 2050 ,
3561 1983 3650 2051 qui
3685 1983 3759 2035 in-

2178 2085 2381 2125 nocens
2404 2071 2648 2126 inventus
2668 2073 2821 2142 quasi
2849 2074 3191 2144 blasphemus
3219 2074 3430 2130 occisus
3453 2082 3552 2127 est.
3595 2072 3757 2128 Dein-

2178 2162 2244 2219 de
2272 2164 2444 2218 victor
2459 2164 2716 2220 Dominus
2736 2166 2891 2222 Jesus
2911 2168 3220 2238 exspolians
3242 2169 3359 2223 loca
3386 2169 3770 2234 tenebrarum,_

2181 2257 2336 2310 tertia
2367 2258 2454 2312 die
2484 2261 2816 2326 resurrexit,
2849 2271 2905 2316 et
2941 2262 2992 2315 in
3027 2262 3192 2317 cmlos
3239 2261 3378 2316 unde
3407 2260 3760 2316 descenderat

2179 2344 2406 2402 feliciter
2434 2351 2692 2405 ascendit.
2734 2352 3014 2418 Quomodo
3044 2361 3222 2408 autem
3254 2353 3556 2408 humanitas
3579 2366 3761 2406 ascen-

2182 2438 2304 2504 dit,
2361 2440 2462 2495 nisi
2509 2441 2854 2509 quia.Deitas
2894 2444 3042 2513 prius
3079 2444 3355 2499 descendit
3395 2444 3450 2498 in
3481 2442 3759 2497 inferiores

2180 2538 2360 2600 partes
2389 2539 2563 2597 teme,
2596 2542 2654 2586 ut
2683 2534 2925 2589 humana:
2946 2520 3188 2590 nniretur
3217 2536 3452 2589 natum?
3476 2534 3768 2588 Descendit;

2181 2621 2322 2674 enim
2352 2622 2583 2677 caelestis
2608 2622 2808 2692 Deitas,
2832 2633 2889 2678 ut
2918 2625 3228 2679 ascenderet
3258 2624 3629 2694 Redemptoris
3654 2625 3758 2679 hu»

2183 2713 2432 2767 manitas.
2488 2714 2605 2784 Ipse
2634 2723 2716 2770 est
2752 2732 2856 2770 una
2885 2717 2984 2771 ead
3018 2732 3178 2786 mque
3226 2728 3475 2789 persona.
3535 2718 3759 2789 Semper
3798 2741 3802 2745 ·

2182 2804 2325 2858 enim
2348 2805 2401 2858 in
2428 2800 2601 2868 Patre,
2632 2821 2847 2876 semper
2866 2823 2914 2876 a.
2936 2808 3004 2862 ud
3034 2808 3266 2875 Patrem,
3290 2824 3503 2878 semper
3523 2807 3620 2862 fuit
3642 2809 3765 2863 cum

2186 2895 2369 2953 Patre.
2407 2896 2535 2953 Post
2564 2898 2932 2953 ascensionem
2969 2914 3183 2968 quoque
3210 2898 3559 2953 humanitatis
3596 2898 3762 2969 Spiri-

2185 2994 2297 3040 tum
2324 2995 2569 3042 sanctum
2602 2988 2653 3041 in
2694 2988 2864 3056 igneis
2902 2986 3093 3056 linguis
3119 2997 3465 3059 apparentem
3493 2988 3762 3059 discipulis

2185 3078 2346 3132 misit.
2404 3076 2634 3148 Spiritus
2673 3079 2890 3149 quidem
2921 3079 3039 3134 Filii
3074 3082 3243 3136 virtus
3272 3090 3353 3136 est
3376 3122 3389 3146 ,
3423 3096 3541 3149 quae
3569 3079 3634 3135 de
3672 3070 3763 3134 illo

508 3190 541 3229 a
566 3175 848 3230 sacerdote
877 3173 1037 3228 fuerit
1066 3180 1429 3237 attrectatum,
1462 3180 1516 3227 et
1543 3174 1610 3227 ab
1639 3175 1783 3227 omni
1822 3171 1963 3227 fideli
1993 3189 2092 3243 po-
2187 3169 2389 3233 exibat,
2419 3178 2474 3224 et
2499 3171 2723 3225 sanabat
2747 3186 2952 3226 omnes.
2997 3171 3198 3227 Dicitur
3219 3181 3395 3226 tamen
3418 3187 3448 3226 a
3473 3173 3628 3225 Patre
3650 3187 3767 3241 pro-

507 3268 636 3339 pulo
666 3276 981 3333 comestum,
1011 3273 1293 3336 permanet
1320 3266 1539 3320 illaesum
1560 3276 1614 3321 et
1637 3267 2086 3336 inconsumptum.
2116 3244 2161 3305 (ἶ
2192 3259 2404 3324 cedere,
2428 3268 2481 3315 et
2502 3261 2567 3314 ad
2592 3263 2762 3331 ipsum
2790 3263 2977 3317 referri
3006 3264 3182 3322 solet:
3213 3263 3279 3317 de
3301 3279 3408 3332 quo
3438 3271 3493 3318 et
3522 3265 3634 3333 ipse
3661 3250 3766 3325 est,

511 3360 798 3426 Postquam
827 3370 956 3425 ergo
984 3356 1261 3426 impletum
1290 3365 1371 3412 est
1396 3356 1539 3426 quod
1569 3356 1634 3411 de
1671 3366 1827 3426 partu
1855 3357 2090 3426 Virginis

509 3448 790 3519 propheta:
808 3445 1179 3516 prodiderunt,
1213 3453 1267 3500 et
1290 3445 1611 3515 patriarcha:
1639 3448 1925 3516 pncconati
1947 3455 2084 3513 sunt,

511 3537 797 3605 omniaque
840 3536 1106 3605 completa
1135 3551 1256 3605 quae
1284 3552 1379 3606 per
1413 3536 1718 3592 Gabrielem
1744 3539 1993 3606 angelum
2022 3538 2089 3593 de

512 3627 730 3683 Christo
771 3627 1056 3698 oportebat
1097 3624 1261 3695 ﬁeri,
1302 3637 1618 3697 competens
1672 3629 1768 3683 fuit
1818 3637 1874 3683 ut
1923 3645 2091 3685 novus

510 3718 673 3775 homo
701 3719 997 3790 procedens
1017 3718 1083 3773 de
1106 3719 1322 3774 homine
1350 3719 1597 3781 mundus,
1629 3720 1777 3787 virgo
1805 3729 1995 3775 exutus
2023 3721 2090 3776 de

512 3810 718 3878 virgine
741 3849 755 3873 ,
798 3824 992 3863 novam
1021 3810 1122 3863 sibi
1152 3809 1455 3878 acquireret
1483 3808 1737 3862 familiam
1764 3827 1775 3862 :
1829 3816 1886 3864 ut
1914 3812 2004 3879 qui
2036 3813 2088 3865 in

512 3901 651 3958 caelo
678 3900 1004 3954 adorabatur
1028 3900 1095 3953 ab
1124 3899 1343 3967 angelis,
1377 3899 1595 3965 angelos
1624 3900 1787 3953 etiam
1817 3901 1916 3953 sibi
1941 3901 2090 3954 insti-

514 3997 692 4045 tueret
740 3990 791 4043 in
836 3990 1011 4043 terris.
1075 3988 1274 4043 Deinde
1322 3989 1581 4057 baptizari
1608 3989 1830 4044 voluita
1862 3989 2087 4057 Joanne,

506 4102 612 4141 rex
651 4101 682 4140 a
723 4085 891 4139 milite
915 4125 929 4150 ,
983 4084 1240 4139 Dominus
1281 4101 1310 4137 a
1340 4099 1517 4139 servo.
1559 4083 1676 4140 Non
1725 4086 1881 4156 quod
1913 4086 2090 4156 aliqua

514 4177 874 4232 commisisset
923 4174 1157 4231 facinora
1184 4214 1200 4240 ,
1261 4174 1355 4228 sed
1404 4182 1462 4228 ut
1501 4183 1684 4228 nostra
1727 4190 1823 4244 per
1855 4176 1969 4243 ejus
1992 4176 2088 4229 ba-

514 4269 766 4339 ptismum
787 4265 1094 4322 delerentur
1114 4266 1443 4336 peccamina.
1469 4264 1642 4335 Ipsum
1666 4267 1805 4320 enim
1827 4282 1961 4335 aqua
1985 4283 2091 4322 non

517 4359 813 4423 mundavit,
860 4357 955 4412 sed
996 4371 1113 4410 eam
1144 4358 1384 4425 ingressu
1412 4370 1534 4423 suo,
1587 4356 2009 4426 qui'baptizabat
2038 4358 2091 4411 in

518 4450 720 4521 Spiritu
745 4458 800 4504 et
822 4448 1065 4513 veritate,
1097 4447 1389 4502 benedixit.
1434 4447 1634 4502 Deinde
1656 4448 1852 4518 populo
1878 4464 2089 4502 annun-

518 4543 658 4596 tians
685 4539 902 4595 verhun
943 4539 1065 4593 vita:
1088 4546 1142 4592 et
1178 4538 1419 4591 veritatis
1446 4536 1706 4606 quosdam
1737 4536 1837 4591 fert
1866 4554 1984 4593 esse
2011 4537 2091 4592 di-‘

520 4632 754 4702 scipulos
776 4673 790 4696 ,
841 4631 978 4684 alios
1004 4638 1182 4683 autem
1211 4627 1584 4696 evangelistas.
1625 4626 1834 4682 Gemini
1867 4643 2095 4697 namque
2125 4616 2174 4676 D

449 4748 452 4754 λ
518 4726 734 4791 fratres,
765 4722 814 4777 id
843 4731 923 4776 est
950 4720 1181 4776 Jacobus
1206 4728 1260 4775 et
1282 4718 1517 4775 Joannes
1536 4761 1552 4786 ,
1602 4719 1790 4775 relicto
1820 4730 1970 4791 patre
1999 4737 2096 4775 suo

520 4815 780 4870 Zebedzeo
805 4821 861 4867 et
889 4811 1029 4878 navi,
1051 4810 1386 4866 Salvatorem
1415 4817 1703 4880 sequentes
1730 4826 1913 4865 curam
1942 4809 2096 4864 fami-

520 4907 603 4962 liae
648 4914 702 4960 et
741 4904 987 4959 affectum
1018 4903 1308 4972 sanguinis
1357 4904 1682 4958 unanimiter
1712 4910 2096 4973 postponentes

521 4997 873 5063 reliquerunt.
919 4993 1047 5049 Post
1073 4993 1188 5048 hmc
1217 4993 1368 5047 multi
1393 4993 1481 5046 alii
1506 4992 1789 5062 discipuli,
1839 4993 2032 5062 quibus
2065 5008 2095 5047 a

520 5087 748 5141 Domino
777 5087 899 5141 .lesu
922 5087 1121 5142 dictum
1158 5095 1239 5142 est
1265 5104 1279 5141 :
1320 5086 1383 5142 Si
1409 5088 1520 5158 quis
1549 5087 1652 5139 vult
1681 5094 1795 5156 post
1820 5103 1898 5140 me
1930 5088 2099 5141 venire

510 5178 735 5249 abneget
754 5179 1098 5247 semetipsum,
1125 5187 1175 5230 et
1199 5178 1346 5232 tollat
1366 5193 1563 5231 crucem
1588 5193 1752 5240 suam,
1784 5185 1830 5229 et
1855 5187 2098 5248 sequatur

521 5283 619 5320 me.
661 5266 749 5320 Sic
779 5265 920 5320 enim
947 5264 1221 5335 Scriptura
1249 5267 1491 5321 continet
1511 5267 1709 5320 divina.
1754 5265 1921 5320 Nemo
1945 5266 2097 5321 miles

522 5373 642 5411 cum
674 5371 841 5410 uxore
871 5356 1044 5426 pergit
1070 5356 1135 5409 ad
1160 5357 1417 5425 praelium.
1457 5355 1513 5412 Si
1541 5356 1661 5426 quis
1688 5356 1798 5410 vult
1825 5356 1975 5424 sequi
2007 5372 2098 5411 ve-

523 5448 677 5516 stigia
709 5448 1121 5519 Redemptoris,
1172 5450 1352 5503 omnia
1399 5451 1703 5519 relinquat,
1760 5465 1931 5520 neque
1978 5459 2099 5520 post

528 5549 730 5609 tergum
750 5583 764 5605 ,
795 5541 1240 5610 quemadmodum
1268 5557 1403 5596 uxor
1432 5540 1567 5596 Loth
1595 5544 1900 5613 perspexit-t
1930 5543 2100 5613 respi-

527 5631 633 5687 ciat
656 5649 669 5684 z
694 5629 860 5686 Nemo
884 5633 1016 5686 enim
1041 5632 1243 5685 mittens
1284 5648 1490 5685 manum
1535 5633 1602 5685 ad
1647 5644 1911 5698 aratrum,
1943 5643 1991 5687 et
2020 5650 2099 5687 re-

526 5724 744 5792 spiciens
772 5732 906 5779 retro
927 5767 941 5791 ,
979 5733 1126 5794 aptus
1158 5734 1233 5778 est
1262 5741 1417 5796 regno
1451 5724 1564 5778 Dei.
1607 5725 1662 5780 Si
1694 5727 1812 5794 quis
1844 5744 1969 5781 vero
2000 5720 2105 5780 ha;

524 5813 616 5867 ιλιι
664 5813 803 5868 unde
848 5815 1076 5869 animam
1120 5831 1268 5874 suam
1317 5832 1346 5870 a
1379 5814 1559 5871 fraude
1599 5817 1792 5871 inimici
1840 5816 2099 5873 redimere

2192 3360 2248 3406 et
2283 3352 2423 3420 quod
2466 3352 2632 3422 ipsius
2667 3362 2767 3409 est.
2809 3353 2927 3424 Ipse
2956 3370 3186 3424 namque
3212 3353 3456 3408 Christus
3500 3353 3765 3423 perhibet,

2191 3443 2410 3500 dicens:
2454 3443 2574 3499 Mea
2594 3446 2837 3513 doctrina
2867 3463 2969 3500 non
2998 3454 3074 3500 est
3104 3463 3237 3514 mea,
3266 3445 3354 3499 sed
3382 3447 3492 3517 ejus
3515 3447 3598 3513 qui
3628 3447 3764 3498 misit

2191 3553 2290 3591 me.
2316 3536 2358 3589 A
2383 3537 2537 3592 Patre
2558 3536 2698 3591 enim
2721 3537 3056 3593 habetFilius
3080 3546 3136 3591 ut
3156 3539 3222 3593 sit
3237 3537 3394 3592 Deus.
3420 3537 3512 3590 Est
3533 3532 3673 3591 enim
3699 3536 3763 3590 de

2191 3627 2321 3695 Deo,
2348 3629 2506 3684 Deus.
2532 3622 2612 3684 Ab
2634 3630 2724 3686 illo
2746 3631 2907 3685 habet
2934 3639 2993 3689 ut
3012 3630 3078 3685 de
3100 3631 3217 3700 ipso
3251 3631 3506 3700 procedat
3531 3627 3770 3698 Spiritus

2190 3730 2426 3778 sanctus.
2457 3722 2648 3793 Igitur,
2678 3722 2868 3779 fratres
2894 3724 3179 3787 carissimi,
3212 3724 3389 3779 debita
3422 3724 3779 3797 veneratione-

2191 3814 2591 3883 frequentemus
2620 3815 2903 3870 adventum
2937 3815 3148 3870 Domini
3184 3816 3354 3870 nostri
3388 3814 3515 3870 Jesu
3544 3813 3771 3870 Christi-

2190 3903 2477 3971 Fugiamus
2506 3905 2839 3975 superbiam,
2869 3921 2935 3960 ne
2965 3907 3017 3960 in
3049 3907 3310 3961 infernum
3340 3909 3630 3969 obruamur
3652 3948 3666 3972 ,
3711 3896 3777 3987 ut}

2192 3994 2317 4047 mali
2348 3994 2541 4062 angeli.
2603 3992 2862 4064 Superbia
2892 3995 3033 4050 enim
3064 3994 3227 4050 homo
3257 3996 3472 4051 inflatur
3494 4038 3508 4062 ,
3542 3996 3765 4050 avaritia

2191 4086 2470 4153 quatitur,
2528 4086 2821 4140 ambitione
2850 4086 3164 4141 delectatur.
3237 4087 3412 4141 Nolite
3454 4086 3522 4141 de
3568 4078 3773 4141 divitiis

2191 4175 2529 4230 saecularibus
2555 4176 2774 4244 gloriari
2799 4194 2812 4243 ;
2845 4178 3010 4233 nolite
3040 4178 3158 4233 aliis
3185 4178 3439 4248 praeferri,
3466 4194 3532 4232 ne
3562 4179 3773 4247 cogita-

2192 4266 2267 4319 tio
2295 4266 2434 4321 mala
2456 4267 2744 4337 subrepat;
2798 4278 2851 4324 et
2878 4270 2968 4340 qui
3011 4285 3153 4324 nunc
3178 4279 3393 4324 auratas
3435 4263 3609 4324 vestes
3635 4286 3768 4324 con-

2192 4356 2462 4425 cupiscitis
2490 4358 2748 4413 hactenus
2768 4359 2956 4414 sedere
2984 4362 3035 4414 in
3064 4360 3310 4415 sordibus
3330 4361 3541 4430 placeat
3563 4401 3577 4423 ,
3631 4369 3687 4414 ut
3715 4368 3770 4414 et

2192 4461 2288 4501 vos
2315 4446 2528 4502 Christo
2557 4448 2810 4518 placeatis
2838 4468 2849 4501 :
2878 4450 2964 4504 cui
2993 4457 3075 4505 est
3103 4451 3277 4504 honor
3303 4466 3425 4504 cum
3455 4452 3610 4505 i‘atre
3635 4452 3773 4505 invi-

2192 4536 2330 4590 sibili
2360 4552 2456 4607 per
2480 4540 2660 4593 omnia
2685 4540 2875 4594 saecula
2896 4541 3233 4595 saeculorum.
3270 4540 3457 4596 Amen.

2340 4629 2569 4684 SERMO
2605 4631 2671 4685 IN
2710 4630 3280 4699 ANNUNTIATIONIS
3322 4632 3614 4688 FESTUM.

2272 4721 2346 4775 De
2376 4723 2643 4792 tripartita
2682 4723 3023 4777 solemnitate
3057 4724 3379 4779 beatissima:
3401 4724 3631 4793 Virginis
3658 4724 3781 4778 Ma—

2200 4806 2291 4865 ria:
2317 4853 2332 4879 ,
2381 4812 2568 4868 fratres
2605 4814 2906 4879 carissimi,
2958 4814 3012 4867 in
3051 4829 3156 4883 qua
3209 4815 3430 4884 angelus
3470 4816 3770 4879 annuntiat,

2200 4901 2363 4969 Virgo
2385 4904 2634 4973 concipit,
2668 4904 3207 4974 unigenitusingeniti
3232 4905 3396 4959 Filius
3418 4922 3580 4960 carne
3608 4910 3779 4961 vesti-

2199 5003 2304 5059 tur,
2337 5008 2507 5063 pauca
2535 4993 2758 5051 dicenda
2780 5004 2943 5061 sunt,
2987 4996 3234 5064 quamvis
3261 4996 3574 5050 multimoda
3619 4997 3777 5051 laude

2198 5084 2390 5153 dignus
2418 5087 2487 5140 sit
2514 5087 2603 5154 qui
2633 5088 2861 5152 nuntiat,
2883 5087 3095 5156 dignior
3116 5102 3234 5155 qua:
3257 5103 3354 5157 per
3375 5103 3560 5142 aurem
3591 5089 3777 5142 conci-

2200 5176 2279 5246 pit
2305 5195 2316 5229 :
2349 5176 2690 5247 dignissimus
2715 5186 2893 5243 autem
2924 5178 3012 5245 qui
3043 5178 3268 5241 nuntiat,
3299 5178 3509 5247 dignior
3539 5194 3657 5247 qua:
3683 5194 3779 5247 per

2200 5282 2383 5323 aurem
2413 5268 2645 5337 concipit
2671 5287 2685 5334 ;
2726 5269 3066 5338 dignissimus
3103 5279 3281 5323 autem
3311 5269 3399 5323 ille
3422 5270 3512 5337 qui
3543 5270 3787 5341 concipi-

2200 5366 2306 5412 tur.
2338 5359 2460 5414 liaec
2482 5369 2557 5414 est
2582 5360 2697 5416 dies
2718 5361 3011 5425 salutifera,
3041 5361 3220 5414 debita
3250 5361 3595 5415 veneratione
3614 5377 3643 5414 a
3675 5377 3777 5415 no-

2200 5449 2283 5505 bis
2309 5452 2666 5516 celebranda,
2716 5469 2832 5522 qua:
2881 5463 3091 5506 terrena
3137 5454 3445 5508 caelestibus
3489 5455 3786 5515 conciliat;

2204 5543 2258 5596 in
2286 5558 2391 5611 qua
2415 5543 2478 5597 ad
2508 5560 2606 5598 nos
2634 5544 3008 5613 Redemptoris
3037 5544 3288 5603 divinitas
3317 5543 3609 5609 descendit,
3638 5553 3696 5597 ut
3716 5544 3789 5597 ad-

2205 5634 2376 5688 caalos
2408 5644 2585 5689 nostra
2625 5633 3006 5688 conscenderet
3036 5635 3355 5687 humanitas.
3410 5632 3538 5701 Haec
3575 5641 3658 5687 est
3698 5633 3790 5685 illa

2206 5724 2460 5778 solemnis
2489 5725 2605 5780 dies
2644 5740 2762 5793 qua:
2792 5725 2859 5777 ab
2890 5724 3082 5792 angelo
3112 5725 3275 5778 sumit
3301 5723 3582 5777 exordium
3603 5766 3616 5789 ,
3653 5739 3788 5791 qua-

2209 5817 2327 5887 liter
2359 5815 2624 5885 \'irgincm
2650 5815 2715 5869 de
2738 5814 2954 5884 Virgine
2980 5816 3302 5870 nasciturum
3346 5814 3628 5881 nttntiavit,
3657 5830 3785 5883 qua-
