4068 6342
280 421 350 475 97

1728 419 2101 477 SERMONES.

3459 419 3529 476 98

286 535 404 588 liter
434 533 704 602 Virginem
728 535 899 591 virtus
924 535 1180 592 Altissimi
1217 538 1587 603 obumbravit,
1632 538 1862 608 qualiter
1891 537 1939 596 Α
1965 537 2054 588 tris
2077 536 2170 587 tui.
2201 535 2244 588 0
2274 550 2459 590 vocem
2488 535 2781 603 angelicam
2812 534 3025 604 plenam
3053 533 3331 588 suavitatis
3354 540 3410 587 et
3438 532 3530 586 kn-

286 627 741 682 incontrectahilis
779 627 918 683 Deus
960 628 1208 696 dignatus
1235 639 1318 684 est
1348 629 1709 693 contrectari,
1766 628 1859 696 qui

285 727 365 772 est
381 728 646 773 aeternum
676 720 852 774 lumen
880 720 1021 789 quod
1058 721 1321 774 illuminat
1347 724 1559 776 omnem
1588 720 1858 773 hominem

285 810 591 863 venientem
622 811 674 863 in
715 811 855 864 hunc
888 809 1162 864 mundum.
1190 809 1335 885 Haec
1359 817 1443 865 est
1469 810 1582 865 dies
1608 808 1861 864 solemnis

284 915 401 968 qua:
441 915 545 953 nos
572 900 639 952 de
666 901 819 953 terris
847 898 916 952 ad
942 915 1167 969 superna
1213 900 1421 961 extollit
1465 908 1521 954 et
1552 900 1769 979 elevata
1797 913 1861 952 ac

284 1005 447 1059 super
473 990 643 1058 melos
670 990 927 1044 caalorum
950 988 1247 1045 honoriﬁce
1269 989 1523 1045 sublimat
1546 1030 1561 1055 ,
1625 997 1684 1043 ut
1708 988 1861 1043 vobis

283 1094 521 1148 przesens
560 1093 736 1132 sermo
777 1078 1092 1134 declarabit.
1159 1078 1343 1148 Ejecto
1381 1079 1643 1149 siquidem
1686 1080 1860 1148 primo

286 1171 506 1225 homine
554 1187 653 1240 per
694 1171 893 1238 lignum
934 1172 1171 1225 scientia:
1213 1186 1243 1225 a
1274 1171 1499 1226 Domino
1542 1172 1764 1226 vetitum
1806 1180 1862 1228 et

286 1265 582 1330 incongrue
610 1270 897 1329 gustatum,
929 1262 1133 1316 fallacia
1164 1262 1462 1316 daemonum
1494 1263 1741 1317 homines
1767 1276 1864 1332 per

288 1355 572 1408 illecebras
595 1354 846 1406 vitiorum
878 1362 1121 1407 errantes
1146 1352 1354 1423 decepit
1378 1393 1392 1416 ,
1435 1344 1750 1423 decipiendo
1768 1369 1863 1408 Vca-

287 1445 532 1515 ptivavit,
559 1451 613 1497 et
642 1442 962 1513 captivando
993 1444 1042 1497 in
1071 1442 1318 1497 tenebras
1339 1446 1633 1498 exteriores
1651 1443 1861 1498 demer-

287 1537 368 1591 sit.
426 1536 505 1590 lbi
544 1537 700 1590 ﬂetus
740 1544 796 1590 et
834 1534 1031 1590 stridor
1060 1535 1299 1589 dentium
1329 1536 1580 1604 auditur,
1630 1544 1860 1591 testante

287 1627 536 1680 Domino.
604 1626 735 1680 Cum
772 1626 913 1679 enim
942 1625 1109 1693 gloria
1141 1625 1337 1680 diaboli
1380 1626 1665 1681 excitasset
1701 1627 1864 1680 ambi-

289 1720 513 1786 tionem,
543 1718 765 1772 ambitio
795 1726 1138 1787 provocasset
1166 1717 1414 1771 invidiam
1435 1759 1449 1782 ,
1480 1731 1645 1785 genus
1671 1717 1861 1771 huma-

287 1826 410 1865 num
436 1809 506 1864 de
536 1810 694 1863 terris
721 1808 787 1862 ad
816 1809 982 1863 caelos
1010 1807 1280 1863 transferri
1310 1809 1546 1863 dolebat.
1577 1808 1709 1863 Nam
1736 1808 1860 1878 quia

1960 627 2125 681 tiliae!
2177 627 2308 682 Cum
2340 629 2480 683 enim
2504 628 2670 692 dixit,
2703 629 2803 682 Are
2824 669 2838 692 ,
2892 627 3064 681 Maria
3091 665 3106 689 ,
3154 627 3533 704 salutationem

1959 707 2231 771 ctelestem
2260 717 2463 785 Virgini
2490 718 2749 773 exhibuit.
2787 717 2919 771 Cum
2954 724 3131 771 autem
3163 715 3315 775 dixit.
3348 714 3535 769 Gratia

1959 809 2108 881 plena
2127 847 2140 870 ,
2174 808 2406 863 ostendit
2435 810 2704 863 exclusam
2727 824 2846 864 esse
2876 810 3018 865 illam
3045 809 3367 863 sententiam
3388 847 3401 870 ,
3434 823 3534 877 per

1959 914 2119 968 quam
2147 900 2302 968 primi
2335 909 2581 970 parentes
2606 901 2763 968 longe
2792 916 2820 954 a
2844 900 2954 955 Deo
2979 900 3105 955 facti
3132 907 3273 965 sunt,
3298 907 3353 954 et
3378 899 3535 953 resti-

1962 996 2139 1043 tutam
2173 1005 2417 1059 supernae
2449 991 2836 1052 benedictionis
2864 991 3120 1059 gratiam,
3162 1006 3259 1060 per
3281 1005 3441 1058 quam
3471 990 3535 1043 li-
3578 1022 3582 1026 Α

1961 1078 2134 1132 herati
2172 1094 2200 1132 a
2245 1081 2503 1134 servitute
2543 1080 2679 1133 intra
2718 1081 3022 1150 paradisum
3065 1081 3349 1135 introducti
3388 1087 3530 1134 sunt.

1960 1165 2096 1221 Cum
2131 1177 2308 1222 autem
2348 1170 2609 1239 protulit:
2664 1169 2936 1224 Benedicta
2966 1180 3018 1225 tu
3040 1172 3093 1224 in
3122 1171 3415 1225 mulieribus
3439 1210 3453 1232 ,
3485 1178 3536 1224 et

1962 1257 2250 1312 benedictus
2292 1262 2486 1331 {melus
2505 1262 2715 1314 wentris
2757 1261 2868 1325 tui,
2916 1279 3024 1316 non
3072 1272 3275 1317 tantum
3305 1262 3535 1317 fructum

1964 1349 2163 1403 ventris
2192 1349 2305 1417 ejus
2332 1349 2670 1404 benedictum
2701 1352 2983 1420 expressit,
3015 1352 3109 1407 sed
3132 1352 3368 1406 omnium
3399 1366 3538 1421 qum-

1960 1453 2174 1506 cunque
2219 1447 2504 1509 sequentes
2545 1440 2766 1495 Mariam
2810 1441 3082 1510 Virginem
3128 1442 3180 1495 in
3227 1442 3538 1510 virginitate

1963 1532 2371 1598 permanserint.
2406 1529 2447 1584 0
2476 1532 2638 1601 Virgo
2675 1532 2952 1588 benedicta
2975 1575 2989 1600 ,
3021 1548 3054 1587 ο
3083 1532 3244 1603 Virgo
3273 1549 3302 1586 a
3332 1532 3538 1591 {Condi-

1965 1628 2081 1673 tore
2112 1621 2292 1674 mundi
2322 1622 2587 1690 perelecta
2615 1624 2626 1674 !
2671 1624 2821 1677 illum
2857 1623 2948 1691 qui
2978 1631 3101 1677 ante
3128 1623 3303 1678 omnia
3346 1624 3538 1677 secula

1962 1709 2173 1777 genitus
2201 1718 2301 1773 est,
2327 1712 2527 1779 absque
2549 1720 2717 1767 matre
2737 1714 2805 1768 ab
2823 1722 3024 1767 aeterno
3048 1714 3221 1776 Patre,
3245 1713 3536 1782 concipies,

1967 1811 2141 1855 mater
2184 1800 2373 1857 effecta
2412 1803 2614 1873 absque
2652 1804 2876 1873 alicujus
2911 1805 3012 1859 viri
3050 1805 3411 1874 cepulatione.
3462 1804 3541 1860 lbi

287 1901 665 1956 miserabiliter
688 1899 1004 1964 deciderat;
1054 1901 1305 1955 solatium
1347 1916 1455 1955 sua:
1496 1902 1722 1957 miseriae
1762 1902 1862 1956 sibi
1893 1887 1940 1947 Β
1970 1898 2111 1952 enim
2141 1899 2379 1953 auricula
2412 1916 2545 1953 uxor
2564 1899 2689 1961 fuit,
2724 1900 2993 1968 angelicus
3029 1908 3204 1954 autem
3230 1915 3407 1953 sermo
3435 1913 3544 1952 ma-

287 2006 383 2061 per
410 1991 518 2044 hoc
546 1987 828 2043 inferebat.
858 1988 1214 2043 Considerans
1245 1989 1405 2058 igitur
1427 1990 1586 2044 Pater
1606 1990 1863 2060 perditio-

287 2096 406 2136 nem
428 2080 650 2134 hnmani
672 2080 880 2148 generis
899 2096 997 2149 per
1015 2080 1278 2149 serpentis
1298 2080 1578 2143 fallaciam,
1611 2081 1866 2135 mundum

287 2170 517 2225 liberare
549 2170 798 2239 dignatus
824 2178 908 2225 est
938 2186 1034 2238 per
1057 2170 1313 2238 unigeniti
1343 2170 1460 2225 Filii
1489 2171 1572 2226 sui
1616 2172 1865 2227 incarna-

288 2259 514 2327 tionem,
544 2269 604 2313 ut
621 2260 873 2329 quoniam
897 2259 1089 2314 femina
1110 2276 1204 2330 per
1222 2263 1652 2319 exhortationem
1667 2263 1867 2319 daemo-

289 2350 369 2404 nis
395 2350 573 2417 ejecta
599 2359 715 2426 era‘t
743 2350 808 2405 de
836 2350 1048 2406 sedibus
1074 2351 1333 2421 paradisi,
1365 2368 1461 2423 per
1488 2354 1866 2409 salutationem

287 2441 463 2509 angeli
507 2441 733 2510 gloriam
778 2450 1077 2496 mereretur
1119 2444 1368 2514 excipere
1428 2445 1861 2500 immortalitatis.

288 2532 511 2601 Decepit
532 2530 699 2585 Evam
727 2532 1030 2587 exhortatio
1051 2532 1269 2599 inimici,
1301 2524 1622 2590 confortavit
1644 2536 1866 2591 Mariam

289 2625 542 2679 salutatio
590 2623 872 2679 Gabrielis.
924 2624 1144 2680 Nuntiat
1185 2627 1403 2694 angelus
1442 2636 1501 2681 ut
1528 2627 1731 2684 fallacia
1762 2630 1871 2685 dia-

290 2714 396 2770 boli
425 2714 737 2769 destruatur
765 2733 778 2767 :
808 2715 1157 2770 obumbratur
1182 2715 1344 2786 Virgo
1372 2718 1566 2773 virtute
1588 2719 1866 2786 Altissimi,

291 2805 574 2859 nuntiante
600 2806 792 2873 angelo
817 2844 835 2869 ,
880 2815 939 2860 ut
981 2807 1175 2861 femina
1220 2816 1498 2876 reparetur
1534 2807 1645 2875 jam
1673 2809 1869 2863 dudum

291 2895 517 2965 decepta
546 2911 577 2949 a
598 2896 812 2950 Satanae
842 2898 1049 2951 nuntio.
1090 2897 1510 2968 lncorruptibilis
1542 2899 1681 2954 Deus
1709 2916 1870 2956 carne

294 3002 383 3040 ves
406 2988 519 3040 itur
567 2994 622 3040 et
651 2986 927 3041 descendit
952 3028 966 3051 ,
1008 2993 1069 3040 ut
1096 3002 1193 3056 per
1220 2987 1355 3041 hanc
1383 2988 1673 3043 secundum
1704 2990 1871 3044 homi-

293 3093 413 3132 nem
427 3076 1108 3135 .Icsumasccnderetvetus
1135 3078 1320 3145 homo,
1342 3080 1451 3147 qui,
1482 3079 1656 3135 fructu
1687 3081 1871 3135 incon-

291 3181 420 3237 grue
449 3176 667 3236 gustato
691 3206 706 3229 ,
737 3171 802 3220 ad
832 3168 969 3222 hanc
996 3167 1265 3222 miseriam
1293 3176 1347 3224 et
1373 3170 1673 3224 convallem
1704 3170 1871 3242 lacry-

1967 1987 2102 2041 ritus
2129 1988 2350 2042 exstitit.
2393 1988 2555 2056 Virgo
2584 1988 2853 2058 concipies
2875 2028 2889 2052 ,
2921 2000 2978 2043 et
3004 1996 3126 2059 post
3152 1996 3363 2058 partum
3391 1988 3542 2056 virgo
3584 2024 3587 2025 ν

1968 2078 2309 2149 permanebis
2334 2120 2347 2145 ,
2397 2088 2450 2135 et
2478 2080 2643 2135 Filius
2679 2080 2773 2135 Dei
2808 2080 2858 2134 in
2895 2089 2947 2135 te
2983 2079 3314 2148 descendet,
3362 2087 3422 2134 ut
3449 2080 3542 2147 qui

1950 2189 2285 2228 ascensurus
2312 2182 2428 2228 erat
2452 2190 2571 2229 cum
2594 2173 2946 2228 sublimitatis
2974 2172 3214 2243 potentia
3242 2180 3296 2227 et
3322 2172 3541 2227 clarita-

1969 2264 2037 2319 tis
2065 2279 2175 2329 sua:
2203 2264 2370 2332 gloria
2398 2264 2463 2319 ad
2494 2262 2797 2327 Orientem,
2830 2272 3107 2319 convertat
3134 2264 3357 2333 gratiam
3384 2262 3544 2331 maje-

1968 2354 2122 2408 statis
2141 2369 2250 2408 sua:
2278 2354 2344 2409 ad
2372 2352 2733 2409 Occidentem.
2774 2354 2888 2408 Non
2919 2365 2971 2408 te
3001 2353 3289 2409 confundat
3310 2354 3542 2420 auditus,

1970 2461 2076 2499 non
2100 2447 2373 2516 perturbet
2394 2453 2703 2515 conceptus.
2728 2444 2842 2499 Non
2864 2454 2945 2501 est
2964 2446 3104 2499 enim
3132 2446 3232 2501 iste
3256 2452 3545 2514 conceptus

1969 2536 2282 2601 necessitas,
2313 2536 2406 2591 sed
2428 2535 2523 2590 Dei
2554 2536 2939 2590 inmstimabilis
2968 2544 3224 2605 potestas.
3274 2534 3545 2589 Vestietur

1969 2642 2150 2690 carne,
2181 2627 2315 2681 etin
2345 2636 2437 2680 tuo
2465 2626 2707 2694 virginali
2737 2634 2891 2680 utero
2920 2640 2978 2680 se
2998 2625 3271 2691 recondet,
3299 2634 3353 2679 et
3379 2624 3545 2679 Filius

1970 2715 2064 2770 Dei
2097 2716 2233 2770 illius
2261 2716 2491 2770 hominis
2519 2730 2638 2770 esse
2683 2716 2925 2785 incipiet,
2972 2729 3292 2785 permanens
3332 2716 3546 2785 semper

1968 2805 2111 2876 quod
2141 2813 2275 2859 erat.
2317 2804 2807 2860 lncommutahilem
2837 2820 3065 2873 namque
3086 2804 3231 2859 illum
3253 2804 3542 2869 credimus,

1968 2895 2064 2952 sed
2090 2896 2506 2951 misericorditer
2535 2907 2813 2950 assumens
2839 2894 2983 2965 quod
3012 2911 3117 2950 non
3144 2903 3287 2956 erat,
3321 2903 3380 2948 ut
3410 2895 3461 2948 in
3491 2903 3548 2950 te

1970 2988 2351 3059 comprehendi
2379 2988 2586 3058 possit,
2633 3002 2792 3055 quem
2822 2994 2967 3043 totus
3001 2987 3145 3042 orbis
3172 2986 3410 3055 bajulare
3438 3001 3549 3043 non

1971 3082 2166 3151 potuit.
2215 3078 2317 3134 Per
2337 3079 2482 3133 hunc
2504 3087 2823 3149 conceptum
2861 3093 2967 3134 non
3000 3078 3354 3132 minor'abitur
3383 3077 3548 3145 virgi~

1973 3174 2108 3227 nalis
2136 3173 2352 3227 castitas
2375 3211 2390 3236 ,
2432 3170 2525 3225 sed
2554 3171 2722 3238 magis
2750 3171 2801 3224 in
2838 3178 2890 3225 te
2918 3170 3259 3240 ampliabitur
3285 3168 3546 3224 castitatis

293 3274 501 3313 marum
545 3258 780 3318 devenit.
823 3257 1037 3326 Legitur
1075 3274 1307 3328 namque
1345 3261 1488 3330 quod
1517 3277 1637 3317 cum
1676 3264 1867 3317 mulier
1893 3254 1938 3315 C
1973 3263 2267 3331 integritas.
2295 3261 2465 3316 Mater
2496 3260 2801 3316 Conditoris
2826 3260 2963 3316 facta
2992 3277 3069 3326 es,
3100 3276 3221 3315 cum
3260 3262 3372 3331 ipse
3404 3269 3548 3317 esset

296 3348 597 3417 decepisset
626 3348 796 3401 virum
824 3364 1007 3412 suum,
1036 3348 1234 3404 dictum
1257 3350 1326 3405 sit
1353 3350 1403 3404 ei
1431 3366 1460 3404 a
1488 3350 1750 3406 Domino:
1800 3350 1868 3405 In

299 3440 471 3492 dolore
491 3440 661 3509 paries
688 3439 845 3508 ﬁlios,
878 3450 927 3493 et
954 3438 1023 3492 ad
1049 3440 1211 3493 virum
1243 3442 1507 3495 conversio
1528 3449 1615 3495 tua
1639 3482 1654 3507 ,
1685 3452 1733 3495 et
1761 3445 1871 3512 ipse

300 3530 646 3585 dominabitur
692 3532 783 3584 tui.
849 3530 973 3586 llaec
1032 3532 1132 3585 tria
1191 3531 1530 3587 incommoda
1574 3533 1868 3603 patiuntur,

300 3635 629 3691 quaecunque
651 3620 827 3675 Mari-.1:
857 3621 1213 3687 virginitatem
1242 3638 1347 3676 non
1376 3622 1686 3677 imitantur:
1729 3640 1793 3679 ac
1826 3624 1872 3678 si

300 3714 350 3766 ei
379 3712 637 3767 Dominus
658 3712 887 3765 diceret:
919 3709 1145 3777 Quando
1172 3712 1242 3791 ad
1272 3712 1441 3765 virum
1471 3713 1750 3768 conversio
1781 3722 1871 3767 tua

304 3807 419 3873 erit,
450 3806 695 3861 servituti
723 3806 864 3860 illius
886 3804 1205 3873 subjicieris;
1236 3820 1357 3859 cum
1389 3813 1565 3859 autem
1584 3807 1872 3879 parturies,

306 3895 499 3950 doloris
528 3904 585 3951 et
613 3896 840 3952 tristitia:
880 3892 1201 3951 detrimenta
1228 3896 1466 3967 patieris.
1518 3894 1642 3952 Haec
1691 3903 1873 3951 autem

307 3990 398 4042 tria
427 3989 785 4043 excluduntur
806 4005 836 4044 a
873 3990 1126 4045 felicitate
1150 3988 1382 4058 Virginis
1408 3988 1587 4045 Maria:
1611 4031 1626 4057 ,
1677 3998 1733 4045 et
1766 4006 1873 4046 non

306 4087 504 4134 tantum
537 4080 609 4142 ab
639 4081 752 4149 ipsa
782 4081 999 4151 Virgine
1017 4123 1033 4149 ,
1061 4080 1153 4138 sed
1179 4081 1246 4136 ab
1271 4082 1520 4137 omnibus
1545 4096 1876 4150 quaicunque

306 4186 449 4225 suam
481 4170 697 4226 Christo
724 4171 1033 4227 devoverint
1061 4172 1439 4240 virginitatem.
1470 4171 1661 4228 Venite
1688 4173 1870 4240 igitur,

308 4261 569 4329 virgines,
610 4278 730 4332 qua:
768 4261 970 4330 Virgini
997 4250 1355 4330 virginitatem
1391 4263 1600 4317 vovetis
1622 4300 1637 4324 ν
1682 4272 1872 4317 vovete
1902 4296 1906 4300 -

310 4349 502 4419 Virgini
522 4353 768 4422 corporis
791 4353 1147 4421 integritatem
1166 4394 1181 4416 ,
1213 4369 1331 4423 quae
1361 4353 1586 4408 Domino
1614 4353 1869 4408 illibatam

307 4443 541 4497 exhibuit
569 4444 888 4497 castitatem.
922 4444 1117 4510 Quanti
1140 4458 1266 4511 ergo
1292 4445 1466 4499 meriti
1495 4445 1686 4499 eadem
1713 4445 1875 4514 Virgo

307 4532 481 4602 fuerit,
520 4534 724 4588 audite.
768 4534 885 4589 Non
915 4536 1056 4589 enim
1089 4543 1294 4589 tantum
1332 4537 1524 4590 meruit
1552 4537 1874 4592 allocutione

1973 3354 2110 3424 apud
2138 3353 2350 3409 Patrem
2377 3372 2389 3405 :
2416 3362 2471 3408 et
2498 3369 2618 3408 cum
2646 3363 2957 3408 nasceretur
2988 3368 3053 3406 ex
3078 3361 3129 3407 te
3157 3349 3325 3406 Matre
3352 3352 3549 3406 mansit

1973 3448 2112 3517 apud
2146 3448 2373 3501 l‘atrem.
2414 3445 2638 3516 Semper
2665 3447 2805 3501 enim
2830 3456 2959 3500 cum
2982 3446 3156 3509 Patre,
3188 3447 3310 3514 quia
3343 3446 3547 3514 absque

1972 3537 2270 3607 principio,
2333 3548 2439 3590 non
2477 3536 2639 3590 habet
2687 3537 2894 3590 initium
2945 3538 3260 3604 temporale.
3322 3536 3549 3607 Semper

1974 3630 2116 3683 enim
2147 3642 2264 3683 cum
2295 3626 2475 3695 Patre,
2503 3628 2592 3696 qui
2618 3636 2894 3697 permanet
2924 3629 3124 3697 absque
3155 3628 3304 3681 initio
3334 3637 3389 3682 ct
3418 3629 3542 3695 fine.

1974 3716 2140 3772 Facta
2185 3732 2244 3772 es
2282 3716 2425 3771 scala
2472 3715 2743 3779 cmlestis,
2794 3715 2941 3785 virga
2969 3715 3149 3770 Aaron
3195 3730 3304 3785 prze
3337 3718 3547 3772 caeteris

1973 3805 2197 3861 ﬂoruisti
2220 3830 2241 3868 ,-
2278 3805 2332 3860 id
2361 3813 2443 3860 est
2472 3821 2580 3874 pra:
2607 3805 2815 3860 caeteris
2840 3805 3144 3874 virginitate
3179 3805 3336 3873 digna
3364 3805 3547 3875 splen-

1973 3896 2359 3952 duisti.»Facta
2389 3911 2447 3951 es
2490 3896 2632 3952 scala
2677 3897 2730 3951 in
2772 3910 2932 3965 quam
2961 3896 3129 3965 gloria
3169 3896 3403 3952 caelestis
3444 3896 3545 3953 de-

1974 3987 2181 4044 scendit
2206 3987 2274 4043 ad
2301 3987 2570 4051 inferiora,
2595 3994 2860 4057 quatenus
2880 3988 3151 4041 humilitas
3178 3987 3245 4042 ad
3269 3987 3389 4042 οωιί
3416 3987 3548 4042 sub-
3591 4019 3595 4023 -

1973 4081 2260 4136 veheretur
2297 4077 2508 4133 altiora.
2556 4076 2601 4132 Ο
2640 4093 2778 4134 nova
2820 4087 2875 4133 et
2915 4079 3149 4132 inaudita
3196 4076 3542 4147 conjunctio!

1958 4171 2019 4225 ,Ο
2046 4170 2329 4240 ineﬂ'abilis
2352 4178 2407 4225 et
2438 4171 2675 4225 miranda
2706 4170 2981 4241 permistio
3008 4170 3021 4223 l
3071 4169 3172 4236 Qui
3201 4170 3342 4223 enim
3368 4170 3549 4224 omnia

1975 4279 2043 4319 ex
2073 4264 2240 4318 nihilo
2264 4271 2580 4330 creaverat,
2613 4272 2861 4328 creatur;
2910 4263 2999 4330 qui
3030 4262 3149 4331 capi
3178 4277 3283 4315 non
3315 4268 3547 4331 poterat,

1975 4353 2480 4424 comprehenditur;
2517 4354 2605 4423 qui
2637 4367 2824 4407 omnes
2857 4352 3056 4405 divitiis
3093 4350 3370 4405 afﬂuentes
3401 4349 3547 4415 facit,

1975 4460 2182 4516 pauper
2210 4443 2480 4508 efficitur;
2525 4441 2770 4498 Christus
2792 4483 2807 4507 ,
2856 4443 2947 4512 qui
2975 4442 3243 4512 perfectus
3274 4449 3392 4506 est,
3425 4454 3553 4496 eva—

1976 4536 2126 4592 cuari
2165 4536 2433 4605 dignatur.
2491 4535 2696 4589 Dicitur
2723 4535 2864 4589 enim
2903 4548 2963 4587 se
2988 4548 3280 4589 evacuasse
3308 4548 3339 4586 a
3380 4532 3550 4586 forma

308 4626 539 4693 angelica
570 4626 771 4680 visitari
797 4667 812 4693 ,
863 4626 958 4680 sed
994 4626 1131 4679 intra
1169 4626 1403 4680 claustra
1441 4627 1711 4694 virginalis
1740 4628 1875 4682 uteri
1908 4613 1956 4671 Ι)
1982 4626 2204 4681 Deitatis
2238 4627 2291 4680 in
2323 4635 2564 4696 tempore
2589 4669 2604 4693 ,
2653 4635 2712 4680 ut
2738 4626 3033 4680 ditaremur
3076 4625 3315 4693 ejusdem
3345 4624 3552 4679 caelesti

310 4718 451 4773 illum
491 4718 949 4788 comprehendere
982 4719 1074 4788 qui
1119 4719 1267 4773 nullo
1295 4719 1456 4775 modo
1483 4727 1698 4789 poterat
1722 4735 1872 4776 com-

304 4811 577 4878 prehendi.
620 4809 788 4864 Mater
815 4818 998 4864 nostra
1022 4809 1132 4863 Eva
1164 4810 1329 4865 tribus
1354 4811 1510 4866 malis
1537 4820 1872 4879 aggravatur,

303 4894 467 4973 beata,
485 4916 615 4957 vero
643 4900 808 4955 Maria
839 4901 913 4956 ab
937 4900 1021 4955 his
1047 4900 1378 4965 excluditur,-
1419 4910 1474 4955 et
1501 4902 1764 4971 tripartita
1792 4901 1875 4958 fe-

304 4996 502 5051 licitate
530 4995 760 5048 laetatur.
791 4992 1128 5047 Salutatione
1162 4992 1359 5046 etenim
1390 4992 1628 5060 angelica
1657 4990 1876 5047 confor—

306 5095 446 5140 tatur
469 5127 484 5150 ,
518 5086 818 5141 confortata
843 5081 1176 5138 benedicitur
1198 5123 1212 5147 ,
1245 5093 1300 5136 et
1328 5082 1658 5152 plenitudine
1695 5084 1877 5151 gratia:

304 5176 527 5234 fecunda
549 5192 668 5232 esse
696 5176 991 5231 nuntiatur.
1022 5174 1113 5230 Sic
1139 5175 1279 5228 enim
1306 5175 1562 5245 scriptum
1586 5184 1667 5231 est
1692 5194 1703 5228 :
1747 5176 1878 5230 Mis-

302 5288 385 5325 sus
406 5280 485 5325 est
509 5270 725 5341 angelus
751 5270 821 5322 ad
840 5270 1104 5340 virginem.
1148 5266 1296 5322 Hanc
1319 5282 1439 5323 esse
1461 5268 1721 5336 virginem
1749 5283 1878 5323 con-

302 5360 532 5426 ﬁtemur,
566 5361 631 5414 de
653 5375 757 5429 qua
788 5360 839 5413 in
868 5358 1001 5413 Isaia
1024 5359 1216 5427 legitur
1240 5377 1251 5411 :
1286 5357 1440 5411 Exiet
1460 5360 1600 5429 virga
1621 5358 1684 5413 de
1707 5360 1882 5414 radice

301 5455 445 5511 Iesse
490 5452 582 5527 (id
616 5463 735 5520 est,
764 5452 950 5522 Virgo
984 5450 1180 5521 Maria)
1206 5491 1220 5515 ,
1270 5461 1319 5504 et
1347 5452 1443 5518 ﬂos
1471 5451 1535 5505 de
1564 5452 1740 5505 radice
1767 5453 1879 5522 ejus

301 5547 561 5619 ascendet,
587 5546 637 5599 id
668 5554 749 5598 est
778 5543 1039 5599 Christus.
1066 5543 1184 5613 Ipse
1213 5544 1356 5598 enim
1388 5542 1441 5597 in
1474 5542 1709 5597 Canticis
1741 5542 1879 5597 Can-

304 5638 529 5692 ticorum
561 5637 805 5709 perhibet
831 5635 1049 5691 dicens:
1083 5634 1194 5706 Ego
1228 5636 1324 5703 ﬂos
1353 5634 1539 5705 campi.
1584 5633 1652 5687 Et
1691 5636 1883 5706 ingres-

300 5745 386 5782 sus
409 5730 479 5782 ad
506 5746 623 5783 eam
655 5729 788 5782 dixit
812 5744 829 5781 :
858 5727 980 5792 Ave,
1014 5728 1183 5797 gratia
1206 5727 1381 5796 plena,
1411 5723 1660 5781 Dominus
1694 5735 1876 5780 tecum.

305 5822 357 5877 Β.
374 5823 528 5884 taedio
550 5843 580 5885 ,ι
598 5831 659 5881 .tu
687 5823 738 5876 in
769 5819 1063 5875 mulieribus
1088 5861 1104 5888 ,
1146 5830 1194 5873 et
1220 5819 1510 5874 benedictus
1542 5819 1738 5890 {ructus
1763 5833 1877 5873 tien-

1954 4716 2325 4790 perfectione.
2367 4716 2541 4787 Ergo,
2568 4717 2757 4772 fratres
2798 4716 3093 4780 carissimi,
3143 4716 3413 4782 Virginem
3457 4713 3555 4768 de-

1977 4824 2262 4881 precemur
2299 4816 2361 4863 ut
2393 4807 2699 4862 hominibus
2736 4806 2903 4860 Deum
2933 4805 3221 4872 conciliet,
3256 4812 3311 4858 et
3340 4813 3552 4859 terrena
3621 4855 3631 4866 ,

1976 4901 2282 4959 cmlestibus
2308 4898 2619 4955 concordet.
2654 4896 2976 4952 Interveniat
2997 4911 3096 4966 pro
3124 4897 3434 4965 praeteritis,
3467 4912 3558 4951 ex-

1977 5011 2138 5051 orans
2165 4993 2354 5049 Filium
2385 5007 2484 5063 pro
2511 4991 2719 5045 futuris.
2750 4990 2795 5044 0
2817 4988 2999 5055 Virgo,
3027 4987 3093 5040 da
3120 5002 3226 5041 non
3249 4994 3451 5041 tantum
3477 4989 3556 5043 ci-

1980 5085 2109 5139 bum
2130 5082 2589 5154 corporalem,sed
2611 5081 2917 5149 angelorum
2940 5093 3140 5146 panem
3158 5077 3294 5131 intra
3324 5078 3400 5131 tui
3417 5079 3556 5133 uteri

1982 5176 2213 5231 claustra
2238 5174 2648 5232 descendentem
2669 5210 2683 5233 ,
2709 5171 2793 5225 fac
2820 5178 2880 5223 ut
2908 5169 3187 5224 timeamus
3218 5169 3406 5222 Filium
3435 5168 3591 5223 Dei.“
3658 5198 3663 5207 ι

1987 5264 2204 5319 Initium
2241 5266 2377 5319 enim
2408 5263 2675 5333 sapientia:
2714 5262 2865 5315 timor
2904 5257 3133 5315 Domini.
3178 5259 3235 5314 Si
3264 5260 3405 5314 enim
3435 5261 3585 5328 quis

1985 5361 2138 5415 timet
2174 5360 2454 5415 Dominum
2476 5397 2492 5422 ,
2532 5356 2784 5411 mandata
2823 5357 2988 5426 ipsius
3014 5354 3316 5411 custodiet:
3364 5353 3558 5408 deinde

1986 5450 2216 5505 carnalis
2240 5449 2488 5520 purgatio
2525 5455 2779 5517 sequetur
2799 5487 2814 5512 ,
2863 5454 2923 5502 ut
2947 5444 3350 5501 diviniluminis
3377 5443 3561 5498 radios

1972 5539 2326 5594 considerare
2354 5532 2647 5593 valeamus.
2687 5536 2977 5607 Postquam
3005 5536 3144 5590 enim
3171 5534 3400 5589 carnalis
3426 5548 3559 5604 pur-

1986 5632 2131 5700 gatio
2171 5632 2326 5775 nugis
2365 5631 2632 5698 dabitur,
2677 5629 2995 5686 illuminatio
3043 5627 3426 5683 cordisnostri
3471 5641 3558 5682 se-

1987 5732 2198 5775 quetur.
2298 5722 2384 5775 udi
2432 5722 2646 5775 itaque.
2699 5730 2752 5775 et
2794 5721 2987 5775 inclina
3033 5733 3214 5773 aurem
3260 5718 3329 5772 ad
3370 5732 3558 5775 preces

1987 5732 2198 5793 quetur.
2236 5718 2384 5777 Ἅυόἰ
2432 5722 2646 5791 itaque,
2699 5730 2752 5777 et
2794 5721 2987 5776 inclina
3033 5733 3214 5773 aurem
3260 5718 3329 5772 ad
3370 5732 3559 5788 preces

1988 5821 2215 5868 nostras.
2249 5809 2293 5866 Ο
2316 5811 2497 5883 Virgo,
2528 5826 2648 5882 quae
2675 5812 2867 5868 merito
2897 5825 2927 5865 a
2955 5810 3110 5865 nobis
3136 5808 3368 5864 laudaris
3392 5850 3406 5875 ,
3438 5814 3559 5878 qute
