4122 6330
492 401 560 455 99
814 363 825 375 ’
1441 390 1499 446 s.
1538 382 1960 443 susurnam
2002 366 2466 434 TORSACENSIS
2503 379 2805 436 EPISL‘UPI

3642 384 3744 441 I00

490 528 613 593 post
641 524 850 589 partum
873 513 1020 581 virgo
1045 522 1365 582 permanens
1391 522 1422 561 a
1451 506 1606 561 nobis
1641 501 1931 567 veneraris,
1967 514 2061 553 ora
2092 498 2139 558 A
2166 498 2254 593 qui
2293 506 2512 567 propter
2557 498 2780 555 salutem
2811 499 3054 593 humana:
3084 497 3381 565 fragilitatis
3406 498 3472 552 ad
3499 499 3743 556 exinanic

472 629 592 683 pro
622 609 775 665 nobis
800 606 1005 668 Deum,
1041 612 1096 657 ut
1123 601 1357 673 pnebeat
1379 597 1734 653 constantiam
1762 635 1777 662 ,
1808 594 2064 660 largiatur

492 701 804 774 patientiam
829 716 842 751 :
877 707 931 753 ut
953 693 1238 751 concordia
1269 692 1534 751 firmetur,
1562 688 1842 742 tolerantia
1869 700 2067 753 augea-

492 802 602 856 tur,
634 799 693 844 ut
722 804 841 843 cum
872 786 1078 841 venerit
1104 783 1260 838 dolor
1280 779 1523 836 maeroris
1550 788 1606 833 et
1627 777 1881 837 miseriae.
1918 775 2066 830 cala-

490 883 694 940 mitatis
728 890 785 935 et
821 878 1045 933 tristitia:
1063 915 1080 942 ,
1130 890 1226 928 nos
1254 872 1387 926 Filio
1414 879 1505 925 tuo
1530 868 1802 936 unigenito
1830 865 2065 934 digneris

492 981 815 1044 praesentare
837 1010 851 1033 ,
882 968 974 1037 qui
998 974 1079 1020 est
1108 980 1244 1018 unus
1274 963 1413 1016 Deus
1438 978 1451 1013 :
1498 975 1657 1030 quem
1681 960 1733 1013 in
1762 956 2060 1012 substantia

492 1081 676 1129 unum,
707 1064 759 1117 in
790 1060 1030 1132 personis
1058 1058 1252 1110 trinum
1274 1050 1591 1108 conﬁtemur
1615 1067 1628 1113 ;
1658 1048 1747 1117 qui
1773 1048 1826 1101 in
1855 1060 2063 1109 omnes,

492 1168 547 1212 et
572 1170 733 1225 super
761 1166 948 1206 omnes
970 1188 985 1213 ,
1013 1157 1069 1202 et
1106 1148 1160 1201 in
1189 1144 1436 1200 erunibus
1460 1141 1645 1204 nobis;
1694 1138 1787 1206 qui
1815 1153 1882 1191 ex
1914 1146 2065 1225 parte

492 1222 808 1314 exquiritur,
834 1254 899 1294 ex
924 1246 1075 1308 parte
1096 1243 1273 1288 autem
1302 1230 1642 1299 cognoscitur
1666 1245 1678 1279 :
1704 1226 1789 1294 qui
1820 1241 1925 1278 non
1956 1222 2070 1276 vult

494 1343 722 1390 mortem
748 1329 1077 1401 peccatoris,
1108 1325 1204 1380 sed
1236 1333 1292 1378 ut
1321 1339 1351 1377 a
1376 1323 1459 1375 via
1486 1336 1581 1375 sua
1610 1319 1749 1373 mala
1779 1324 2067 1371 converta-

495 1436 599 1480 tur.
636 1424 765 1490 Ora,
800 1430 858 1476 ut
885 1419 1181 1492 perfectum
1212 1418 1388 1471 lumen
1413 1412 1744 1474 efl'tciamur;
1780 1420 1835 1464 ut
1865 1409 2068 1464 collau-

494 1516 688 1572 demus
733 1524 785 1567 te
834 1514 884 1567 in
932 1511 1099 1579 gloria
1131 1508 1248 1562 Filii
1297 1506 1410 1561 tui:
1455 1504 1539 1559 cui
1581 1513 1663 1557 est
1690 1502 1863 1556 honor
1896 1508 2071 1568 etpo-

497 1616 683 1672 testas,
716 1621 809 1676 per
836 1604 1013 1656 omnia
1036 1601 1228 1656 sateula
1256 1598 1591 1654 sazculorum.
1628 1593 1818 1648 Amen.

809 1711 1061 1769 OIIA'I‘IO
1099 1709 1300 1765 BEATI
1336 1703 1749 1761 ELEUTHERII

608 1824 812 1864 -ΔΝΙΙΛΙ
842 1820 1061 1862 ΑΟΕΝΤΙΞ
1088 1819 1156 1857 AD
1186 1816 1327 1855 υεωι
1350 1813 1447 1853 PRO
1476 1814 1596 1853 FIDE
1625 1813 1693 1851 ΕΤ
1723 1810 1971 1851 εεοωτδιλ

1106 1884 1429 1927 τοιιιυεεκει
1438 1907 1453 1922 ο

571 1970 844 2026 Catholica
896 1965 1025 2020 lides
1068 1979 1174 2018 non
1226 1970 1334 2017 tres
1373 1961 1525 2028 deos,
1567 1957 1661 2014 sed
1710 1973 1872 2011 unum
1902 1956 2067 2009 Deum

482 2060 672 2131 ,tredit
717 2068 771 2113 et
808 2056 1121 2119 confitetur,
1170 2052 1359 2108 adorat
1418 2059 1473 2105 et
1530 2055 1834 2103 veneratur.
1888 2045 2073 2100 Unilas

498 2160 779 2228 permanet
805 2153 858 2206 in
888 2148 1150 2203 Trinitate
1182 2164 1194 2199 :
1226 2145 1461 2216 perfecta
1491 2141 1720 2196 Trinitas
1748 2138 1991 2195 consistit
2019 2139 2074 2191 in

500 2248 724 2303 unitate.
774 2244 914 2299 Deus
963 2257 1158 2306 verus,
1211 2239 1349 2292 idem
1404 2235 1466 2289 D.
1506 2234 1568 2288 N.
1599 2232 1755 2288 Jesus
1807 2231 2071 2294 t.hristus,

500 2339 568 2393 de
615 2336 772 2390 Patre
828 2348 957 2388 vero
1006 2330 1299 2386 secundum
1358 2326 1687 2381 divinitatem
1748 2331 1907 2377 natus
1953 2330 2073 2387 est;

498 2428 650 2500 juxta
689 2425 1075 2480 humanitatem
1107 2437 1234 2476 vero
1278 2418 1345 2473 de
1386 2417 1589 2485 virgine
1629 2415 1829 2470 illibata
1867 2414 2080 2481 genitus

502 2527 609 2574 est.
650 2517 731 2571 Ab
761 2524 987 2584 utroque
1014 2512 1243 2582 Spiritus
1269 2517 1506 2573 sanctus,
1534 2507 1626 2575 qui
1652 2504 1815 2561 corda
1841 2503 2083 2559 incredu-

502 2608 677 2663 lurum
698 2607 761 2660 ad
778 2605 1101 2674 agnitionem
1116 2601 1353 2657 veritatis
1364 2599 1602 2654 converti
1615 2597 1794 2663 faciat,
1816 2594 2076 2667 procedit.

504 2701 671 2756 Filius
690 2715 786 2769 par
803 2697 944 2751 Patri
966 2695 1223 2766 ingenito,
1235 2693 1466 2763 Spiritus
1483 2700 1700 2748 sanctus
1712 2688 1929 2759 :equalis
1951 2686 2084 2742 Filio

488 2789 746 2863 ejusdem
762 2787 1033 2856 unigenito
1058 2802 1073 2852 ;
1097 2784 1135 2838 Ρ
1139 2786 1259 2839 ilius
1294 2792 1554 2838 aeternqu
1591 2782 1771 2836 lumen
1798 2779 1865 2834 de
1883 2788 2084 2833 :etemo

505 2882 706 2937 lumine
725 2880 1015 2950 processit:
1049 2878 1266 2962 lucerna
1294 2873 1602 2928 indeticiens
1623 2872 1690 2925 ab
1718 2872 1807 2925 illa
1838 2869 2086 2924 invisibili

488 2972 754 3044 _claritate
777 2969 988 3034 etfulsit,
1017 2959 1327 3034 cum'Virgo
1356 2964 1520 3018 Maria
1536 2962 1722 3018 aeterni
1748 2960 1949 3016 ludicis
1973 2959 2086 3013 Ma-

510 3075 595 3122 ter
621 3063 971 3134 praenuntiata
1000 3061 1066 3115 de
1094 3058 1297 3129 Spiritu
1330 3065 1518 3112 sancto
1546 3055 1810 3123 concepit,
1843 3061 1898 3107 et
1924 3052 2086 3120 Virgo

512 3158 567 3212 iu
593 3155 839 3211 castitate
867 3166 1188 3223 permanens
1217 3149 1309 3203 Dei
1352 3147 1541 3202 Filium
1573 3146 1731 3201 terris
1779 3144 1983 3210 edidit,
2030 3151 2087 3197 et

2169 587 2368 643 tionem
2391 597 2743 658 spontaneam
2774 605 2831 642 se
2856 589 3149 657 inclinavit,
3173 590 3366 644 obtulit
3388 591 3602 661 quidem
3620 609 3745 663 pro-

2166 679 2340 749 prium
2381 694 2577 749 corpus
2600 718 2616 744 ,
2666 694 2773 733 non
2804 694 2901 748 pro
2929 695 3019 743 se,
3064 680 3158 734 sed
3186 696 3282 749 pro
3322 690 3503 736 nostra
3530 682 3743 739 redem-

2166 771 2350 841 ptione
2371 811 2386 835 ,
2429 780 2632 825 teteruo
2673 769 2819 825 Patri
2849 771 3077 825 hostiam
3106 786 3287 825 veram
3309 813 3326 839 ,
3375 772 3604 827 hostiam
3636 775 3745 830 Deo

2165 862 2467 933 placentem
2501 863 2554 916 in
2582 862 2800 917 odorem
2830 862 3125 917 suavitatis.
3168 861 3287 928 Quo
3317 864 3458 917 enim
3481 863 3745 921 sacrificio

2166 953 2253 1007 vel
2281 954 2554 1008 oblatione
2582 962 2789 1022 egeret,
2819 969 2940 1009 cum
2970 954 3103 1009 liber
3130 956 3198 1010 ab
3226 956 3372 1010 omni
3411 966 3655 1026 peccato,
3688 967 3747 1012 ut

2168 1042 2329 1105 Deus,
2362 1044 2635 1098 existeret.
2678 1043 2832 1111 Quod
2859 1046 2904 1098 si
2933 1061 3107 1099 omnes
3129 1055 3490 1115 peccaverunt,
3522 1058 3570 1100 et
3598 1059 3747 1119 egent

2167 1135 2339 1205 gratia
2364 1133 2482 1199 Dei,
2513 1137 2750 1203 peccatis
2776 1151 3006 1205 namque
3030 1144 3083 1191 et
3111 1137 3266 1191 malis
3287 1137 3613 1193 facinoribus
3640 1139 3744 1193 hu-

2169 1239 2326 1278 mana
2354 1225 2633 1291 :egrotavit
2679 1234 2911 1280 natura:
2963 1226 3077 1295 ipse
3121 1224 3249 1281 vero
3301 1243 3407 1282 non
3455 1228 3565 1293 ita,
3620 1228 3745 1285 licet

2168 1314 2308 1370 servi
2342 1315 2624 1384 imaginem
2655 1317 2950 1385 acceperit,
2983 1327 3037 1373 et
3066 1329 3293 1373 mortem
3322 1328 3619 1388 spontanea
3642 1336 3741 1376 vo-

2169 1404 2375 1460 luntate
2409 1422 2469 1460 su
2502 1408 2723 1475 ceperit.
2763 1407 2838 1462 De
2872 1409 3029 1464 Patre
3052 1409 3113 1463 D.
3144 1409 3207 1465 N.
3231 1408 3358 1465 Jesu
3387 1410 3580 1465 Christi
3617 1428 3743 1468 sen-

2172 1495 2338 1549 tiebat
2367 1493 2531 1550 David
2560 1498 2818 1567 propheta
2844 1514 2963 1553 cum
2987 1499 3231 1555 dicebat:
3268 1500 3444 1555 Redde
3470 1503 3593 1556 milii
3613 1502 3746 1557 lcti-

2170 1586 2297 1640 tiam
2325 1588 2570 1640 salutaris
2612 1588 2722 1652 tui,
2770 1599 2817 1642 et
2864 1591 3047 1659 spiritu
3074 1592 3346 1660 principali
3390 1593 3638 1662 conﬁrma
3666 1611 3747 1647 me

2172 1677 2344 1748 (Psal.
2377 1677 2453 1746 L).
2502 1676 2663 1732 Pater
2689 1680 2830 1733 enim
2861 1681 3178 1751 principium
3217 1682 3454 1736 omnium
3481 1693 3582 1748 est,
3623 1700 3744 1738 cum

2171 1781 2279 1836 quo
2307 1769 2486 1823 omnia
2517 1768 2683 1824 Filius
2713 1771 2836 1825 fecit
2856 1814 2870 1839 ,
2914 1771 3025 1826 Rex
3054 1788 3275 1842 regum,
3306 1782 3457 1843 pater
3486 1775 3745 1829 universi-

2100 1863 2146 1924 B
2175 1860 2319 1926 tatis,
2351 1868 2406 1915 et
2436 1860 2757 1918 reformator
2784 1864 2961 1918 s:eculi
2995 1865 3238 1920 labentis.
3278 1866 3421 1920 Inter
3450 1866 3560 1921 h:ec
3579 1867 3744 1921 verba

2171 1952 2343 2005 sancti
2375 1952 2471 2005 viri
2500 1953 2655 2007 dolor
2682 1954 2961 2012 vulnerum
2982 1965 3144 2025 atque
3166 1958 3326 2012 animi
3349 1959 3522 2028 ipsum
3545 1960 3747 2016 duriter

2173 2043 2499 2098 coarctabat.
2541 2043 2676 2111 Quid
2704 2044 2946 2102 faceret?
2982 2048 3265 2103 Imminere
3289 2050 3466 2105 obitus
3494 2051 3574 2106 sui
3605 2053 3744 2106 diem

2175 2133 2410 2200 videbat,
2443 2144 2497 2189 et
2526 2136 2782 2193 ecclesias
2805 2152 2938 2206 quas
2976 2139 3113 2193 intra
3151 2156 3334 2195 muros
3370 2150 3747 2197 construxerat

2176 2222 2418 2293 lapsuras
2467 2241 2585 2280 esse
2627 2227 2847 2281 sciebat.
2907 2227 3091 2299 Itaque
3134 2244 3255 2284 cum
3296 2227 3427 2285 ﬂetu
3456 2247 3747 2287 conversus

2179 2318 2352 2372 oravit
2379 2317 2562 2373 dicens
2589 2337 2601 2371 :
2696 2343 2707 2351 -

2248 2410 2634 2480 Omnipotens,
2672 2411 3086 2467 clementissime
3127 2412 3300 2480 Deus,
3347 2415 3439 2485 qui
3489 2414 3541 2469 in
3585 2414 3752 2470 tribus

2180 2505 2379 2559 sanctis
2421 2504 2738 2573 patriarchis
2766 2505 2888 2569 tuis,
2922 2504 3187 2559 Abraham
3217 2508 3491 2571 videlicet,
3522 2505 3669 2563 Isaac
3694 2516 3753 2564 et

2180 2592 2364 2661 Jacob,
2406 2595 2621 2650 voluisti
2671 2596 2809 2649 trina
2855 2596 3192 2651 invocatione
3239 2597 3528 2666 gloriosum
3555 2614 3751 2655 nomen

2183 2695 2333 2742 tuum
2363 2687 2620 2751 invocari,
2642 2695 2700 2742 ut
2726 2703 2822 2757 per
2846 2688 3172 2756 unigenitum
3191 2688 3380 2743 Filium
3408 2698 3552 2743 tuum
3571 2688 3752 2745 Iesum

2183 2778 2461 2834 catholicae
2500 2778 2616 2833 lidei
2647 2779 2881 2835 cultores
2920 2780 3100 2835 eximii
3145 2790 3513 2848 agnoscerent,
3553 2792 3608 2836 et
3630 2798 3754 2852 per-

2183 2868 2324 2924 ferte
2351 2869 2657 2936 crederent,
2688 2871 2831 2940 quod
2877 2871 2930 2924 in
2958 2871 3215 2926 Trinitate
3252 2872 3487 2941 perfecta
3517 2870 3656 2929 Deus
3684 2875 3757 2929 sis

2185 2958 2346 3014 Pater
2374 2961 2655 3029 ingenitus,
2685 2962 2903 3029 :equalis
2930 2960 3065 3017 FIIIO
3096 2964 3386 3032 unigenito,
3417 2974 3578 3034 atque
3606 2981 3755 3021 cum-

2186 3068 2284 3123 par
2312 3052 2366 3122 S,
2389 3053 2532 3106 iritui
2569 3062 2759 3107 sancto
2787 3071 2800 3105 :
2842 3051 3001 3108 Pater
3026 3071 3204 3120 verus,
3236 3055 3324 3123 qui
3354 3056 3543 3110 Filium
3572 3072 3755 3112 verum

2187 3154 2312 3200 ante
2347 3146 2529 3200 mundi
2560 3147 2994 3201 constitutionem
3022 3154 3079 3202 et
3125 3156 3250 3203 ante
3288 3165 3465 3204 rerum
3495 3151 3755 3205 stabilita-

512 3256 636 3320 post
673 3215 1039 3302 admirabilem
1077 3251 1285 3312 partum
1331 3241 1385 3295 in
1435 3239 1738 3307 virginitate
1784 3236 2085 3291 consistens
2112 3215 2158 3279 C
2190 3244 2296 3291 tem
2324 3238 2571 3304 genuisti,
2602 3239 2691 3307 qui
2725 3237 2979 3308 Spiritum
3010 3249 3252 3294 sanctum
3282 3256 3348 3295 ex
3380 3249 3433 3296 te
3456 3242 3758 3311 proceden-

513 3340 785 3399 Christum
816 3335 999 3391 Iesum
1024 3335 1205 3390 divino
1243 3334 1381 3387 lacte
1411 3331 1649 3386 nutrivit.
1708 3330 1752 3383 Ο
1779 3336 1963 3383 sancta
1996 3328 2084 3380 illa

515 3431 881 3505 pronuntiatio
928 3426 1205 3495 angelica!
1252 3424 1479 3479 Mittitur
1519 3423 1739 3491 angelus
1766 3420 1982 3478 Gabriel
2019 3418 2088 3474 ad

517 3521 789 3589 Virginem
815 3518 1052 3590 mystica:
1081 3515 1158 3569 rei
1189 3514 1445 3569 nesciam.
1497 3512 1667 3567 Mater
1709 3511 2087 3581 Redemptoris

518 3612 725 3671 ancilla:
753 3610 1094 3675 assimilatur,
1128 3625 1247 3665 cum
1270 3608 1337 3663 ab
1362 3609 1449 3663 illa
1479 3609 1669 3677 angelo
1696 3606 2050 3677 respondetur
2073 3624 2087 3674 ;

520 3691 599 3762 ait
625 3706 805 3762 enim:
854 3703 989 3758 Ecce
1026 3702 1217 3757 ancilla
1252 3702 1495 3767 Domini,
1539 3703 1635 3773 ﬁat
1661 3702 1783 3756 mihi
1813 3702 2091 3755 secundum

496 3798 725 3856 .oerbum
751 3806 912 3851 tuum.
951 3794 1114 3861 Igitur
1136 3792 1301 3848 Filius
1328 3793 1422 3848 Dei
1449 3809 1575 3847 caro
1599 3794 1768 3847 factus
1785 3831 1801 3858 ,
1832 3802 1889 3846 ut
1914 3807 2092 3846 sermo

522 3891 699 3958 angeli
743 3888 1162 3958 adimpleretur,
1207 3884 1276 3941 de
1324 3885 1552 3954 gloriosa
1597 3884 1811 3953 V.rgiue
1858 3885 2094 3939 nascitur

524 3980 701 4034 divina
732 3977 1117 4048 inspiratione:
1163 3976 1214 4029 in
1245 3990 1483 4045 przesepe
1506 3975 1731 4043 jacitur,
1777 3974 1973 4029 deinde
2003 3990 2096 4045 pa-

525 4069 760 4125 storibus
795 4069 861 4123 ab
899 4067 1088 4135 angelo
1137 4067 1425 4121 nuntiatur.
1483 4064 1671 4119 Omnia
1700 4066 1840 4134 regit
1866 4080 2097 4135 regnans

527 4161 580 4215 in
610 4160 748 4216 ctelo
772 4199 787 4224 ,
836 4157 1192 4228 parvulusque
1221 4155 1314 4212 Dei
1345 4156 1509 4211 Filius
1542 4156 1685 4225 jacet
1726 4157 1779 4211 in
1807 4158 2091 4228 praesepio.

527 4250 572 4302 Δ
600 4258 768 4302 matre
794 4248 997 4314 virgine
1023 4248 1271 4312 nutritur,
1304 4256 1361 4301 et
1387 4262 1418 4301 a
1443 4249 1611 4315 magis
1637 4263 1756 4303 cum
1788 4249 2099 4303 muneribus

504 4340 802 4403 aduratur.
851 4336 950 4404 Qui
982 4346 1042 4392 ut
1065 4338 1415 4392 humilitatem
1445 4340 1697 4408 potentiae
1719 4379 1736 4405 ,
1785 4347 1840 4394 et
1865 4338 2103 4408 magniti—

528 4430 759 4487 centiam
788 4429 1077 4485 divinitatis
1104 4445 1213 4485 sua:
1244 4432 1399 4485 nobis
1426 4432 1759 4498 ostenderet,
1791 4434 1969 4489 omnia
1991 4473 2006 4487 .
2045 4442 2103 4489 ut

529 4520 693 4575 homo
720 4520 920 4589 absque
947 4520 1169 4574 crimine
1186 4561 1201 4585 ,
1241 4520 1488 4589 dignatus
1514 4530 1599 4576 est
1627 4524 1917 4592 possidere.
1967 4523 2100 4579 Pec-

528 4621 707 4667 catum
737 4627 845 4666 non
873 4611 1091 4679 habuit,
1121 4620 1350 4667 mortem
1380 4582 1642 4681 pertulit;
1662 4623 1719 4668 et
1747 4615 1900 4669 nobis
1929 4626 2101 4671 morte
2128 4582 2182 4645 θ
2205 4612 2444 4667 exhibuit

530 4718 627 4757 sua
659 4703 818 4757 vitam
848 4702 1161 4759 immortalis
1189 4703 1449 4757 exhibuit.
1488 4701 1533 4757 0
1559 4705 1693 4757 mira
1724 4704 1976 4773 unigeniti
2005 4706 2102 4760 Dei

534 4795 818 4850 nativitas!
852 4792 896 4849 Ο
924 4795 1166 4850 miranda
1196 4795 1286 4848 lilii
1315 4794 1549 4850 hominis
1570 4797 1877 4866 prmdicatio
1903 4799 1915 4851 !
1948 4798 1992 4852 Ο
2021 4800 2103 4852 in-

532 4886 712 4940 audita
744 4887 873 4939 tanti
900 4885 1109 4955 juvenis
1141 4886 1439 4955 sapientia!
1483 4885 1763 4943 Prodierat
1791 4890 1843 4942 in
1872 4903 2101 4960 synago-

533 4977 613 5042 gis
651 4975 817 5031 Filius
844 4975 977 5040 Dei,
1029 4990 1327 5044 omnesque
1356 4976 1561 5031 scribas
1602 4988 1656 5032 et
1689 4978 1821 5045 legis
1854 4979 2103 5033 doctores

533 5083 629 5137 per
655 5066 909 5137 Spiritum
933 5076 1178 5122 sanctum
1215 5068 1520 5123 convincit:
1567 5085 1676 5125 non
1718 5078 1894 5124 tamen
1923 5071 1973 5124 ei
2000 5072 2101 5123 ali-

508 5175 694 5228 quam
722 5158 1014 5215 secundum
1042 5159 1185 5227 quod
1220 5159 1381 5215 Filius
1410 5160 1503 5214 Dei
1533 5166 1647 5225 est,
1686 5160 1874 5215 eodem
1899 5159 2101 5230 Spiritu

535 5248 795 5304 inferente
841 5249 1113 5305 virtutem.
1168 5249 1329 5307 Filius
1375 5253 1516 5307 enim
1560 5252 1652 5323 qui
1699 5261 1903 5308 aeterno
1952 5251 2098 5307 Patri

532 5349 830 5394 comternus
850 5346 932 5392 est
952 5379 966 5403 ,
996 5354 1268 5407 nunquam
1295 5342 1514 5398 alterius
1542 5342 1742 5397 auxilio
1769 5344 1948 5411 eguit,
1975 5344 2100 5413 quia

533 5430 798 5499 perfectus
822 5438 944 5495 est,
990 5438 1047 5483 et
1091 5430 1144 5483 in
1183 5432 1376 5487 secula
1419 5434 1734 5489 seculorum
1761 5433 2093 5489 benedictus.

533 5517 815 5588 Sapientes
839 5518 1155 5587 sapientiam
1182 5519 1383 5575 mundo
1418 5521 1712 5577 inauditam
1743 5523 2093 5578 admirantur.

533 5606 705 5673 Quam
752 5608 822 5662 ob
867 5623 1081 5664 causam
1109 5607 1551 5681 Filiumjhominis
1578 5610 1747 5668 Judaai
1775 5629 1804 5668 a
1844 5612 1977 5668 Juda
2006 5614 2107 5668 im-

535 5698 625 5768 pio
651 5706 708 5753 et
744 5699 1155 5757 sceleratissimo
1206 5702 1461 5757 traditore
1509 5704 1763 5761 traditum
1796 5705 2100 5773 ﬂagellant,

535 5798 589 5842 et
631 5790 931 5860 opprobriis
977 5792 1343 5862 insequuntur.
1414 5793 1597 5866 Itaque
1643 5795 1885 5853 Christus
1928 5794 2103 5866 Jesus,

2190 3336 2295 3382 tem
2325 3328 2394 3383 de
2435 3329 2587 3383 cmlis
2627 3337 2685 3382 ut
2712 3330 2873 3384 corda
2919 3329 3299 3401 discipulorum
3336 3340 3548 3388 tuorum
3578 3349 3761 3388 corro-

2187 3421 2434 3486 boraret,
2482 3430 2537 3476 et
2576 3438 2773 3477 nomen
2817 3423 3011 3478 Christi
3055 3424 3357 3481 hominibus
3406 3424 3758 3491 clarificaret,

2192 3514 2527 3567 transmisisti
2555 3532 2567 3566 :
2600 3512 2750 3581 cujus
2775 3530 2898 3568 vera
2923 3514 3154 3570 Trinitas
3190 3515 3431 3570 consistit
3460 3516 3511 3569 in
3536 3516 3757 3583 unitate,

2192 3621 2296 3659 una
2328 3605 2506 3660 Deitas
2534 3615 2813 3676 permanet
2842 3610 2892 3661 in
2923 3607 3204 3677 Trinitate,
3238 3625 3336 3680 par
3363 3608 3516 3675 Filio,
3545 3610 3765 3679 :equalis

2193 3696 2413 3769 Spiritui
2443 3707 2648 3754 sancto.
2682 3700 2818 3754 Nihil
2833 3701 2979 3765 ,enim
3010 3702 3181 3770 majus
3204 3702 3317 3767 tibi,
3347 3704 3476 3757 nihil
3505 3703 3677 3757 minus
3697 3703 3768 3757 al-

2194 3790 2315 3845 teri.
2343 3790 2413 3845 Es
2433 3793 2574 3846 enim
2601 3792 2740 3846 idem
2763 3793 2958 3872 ubique
2976 3792 3133 3861 Deas,
3158 3794 3352 3864 ubique
3380 3803 3467 3848 tua
3494 3793 3761 3863 majestas,

2196 3891 2344 3936 tuum
2380 3883 2688 3952 imperium,
2744 3894 2830 3936 tua
2873 3885 3131 3952 potentia,
3163 3884 3251 3953 qui
3296 3886 3474 3939 omnia
3504 3900 3569 3939 ex
3601 3884 3768 3938 nihilo

2198 3987 2293 4042 per
2312 3971 2648 4041 Unigenitum
2669 3982 2815 4027 tuum
2843 3973 3112 4027 formasti:
3132 3976 3221 4043 qui
3245 3975 3571 4029 descendens
3592 3975 3643 4028 in
3660 3983 3770 4028 ute-

2198 4080 2317 4119 rum
2344 4065 2775 4118 incontaminatze
2789 4064 3021 4133 Virginis
3042 4063 3264 4119 formam
3286 4066 3558 4120 servitutis
3574 4073 3770 4119 nostra:

2198 4156 2446 4223 dignatus
2494 4170 2554 4210 es
2594 4155 2857 4225 accipere,
2898 4163 2953 4210 et
2983 4155 3248 4226 perfectus
3292 4154 3433 4211 Deus
3476 4154 3770 4226 perfectum

2199 4246 2469 4300 hominem
2500 4244 2753 4310 induere,
2800 4254 2857 4299 ut
2904 4245 3209 4301 hominibus
3245 4247 3555 4302 subveniret
3601 4246 3770 4302 factus

2200 4354 2351 4405 caro,
2373 4349 2428 4395 et
2449 4356 2555 4395 non
2584 4341 2865 4397 credentes
2885 4342 2950 4396 ad
2981 4342 3117 4396 viam
3140 4342 3381 4396 veritatis
3409 4350 3772 4405 converteret,

2203 4432 2509 4486 incarnatus
2536 4431 2717 4484 homo.
2748 4430 2848 4495 Qui
2874 4437 2993 4500 post
3019 4438 3228 4499 partum
3262 4429 3488 4497 Virginis
3509 4444 3640 4499 puer
3660 4427 3775 4482 col-

2203 4523 2411 4577 locatus
2432 4521 2488 4574 iu
2527 4520 2806 4576 cunabulis
2827 4520 3177 4576 humilitatem
3211 4520 3535 4575 conditionis
3565 4519 3778 4574 sibimet

2491 4630 2503 4664 :
2563 4610 2653 4681 qui
2709 4611 3011 4680 pastoribus
3063 4610 3403 4678 vigilantibus
3433 4650 3448 4675 ,
3503 4609 3778 4678 magisque

2209 4704 2498 4775 A‘Jthiopia:
2518 4704 2669 4759 stella
2694 4712 2963 4774 praeeunte
2983 4712 3229 4759 ostensus
3250 4712 3331 4758 est
3349 4704 3416 4757 ab
3433 4702 3634 4771 angelis
3654 4714 3780 4768 gan-

2208 4796 2489 4852 dcntibus:
2516 4796 2608 4865 qui
2632 4796 2954 4849 tentationes
2981 4793 3180 4849 diaboli
3201 4802 3255 4849 et
3279 4809 3376 4863 pro
3405 4793 3561 4847 nobis
3581 4806 3779 4862 oppro-

2208 4886 2321 4941 bria
2345 4894 2642 4954 crcteraque
2667 4893 2931 4940 tormenta
2965 4885 3233 4949 sustinuit,
3266 4893 3325 4938 ut
3363 4900 3463 4939 nos
3504 4899 3534 4938 a
3577 4884 3782 4954 laqueis

2210 4978 2495 5033 visibilium
2524 4987 2580 5033 et
2609 4978 2945 5033 invisibilium
2986 4978 3216 5032 hostium
3265 4978 3534 5042 liberaret,
3567 4985 3780 5031 nostro-

2207 5088 2432 5143 rumque
2453 5073 2734 5128 criminum
2765 5073 3000 5127 maculas
3022 5073 3344 5139 detergeret,
3370 5071 3547 5126 crucis
3567 5069 3781 5140 patibu-

2209 5162 2318 5218 lum
2349 5163 2585 5232 pertulit,
2610 5172 2669 5218 ut
2689 5180 2787 5221 nos
2815 5163 2880 5218 ad
2908 5164 3130 5231 gloriam
3159 5162 3391 5219 cmlestis
3419 5162 3597 5226 curize,
3620 5176 3781 5231 quam

2210 5267 2307 5323 per
2336 5252 2502 5307 Adam
2530 5254 2881 5324 perdidimus.
2927 5262 3247 5320 renovaret;
3292 5260 3347 5309 et
3388 5253 3523 5308 filius
3554 5252 3787 5307 hominis

2212 5343 2519 5399 incarnatus
2539 5354 2639 5410 est,
2666 5354 2722 5399 ut
2745 5343 2881 5399 ﬁlios
2901 5345 3174 5399 hominum
3199 5344 3334 5398 Illius
3351 5343 3443 5398 Dei
3466 5344 3790 5399 caelestium-

2212 5450 2319 5503 que
2359 5437 2621 5491 bonorum
2669 5437 2952 5506 participes
2983 5435 3180 5492 faceret
3212 5454 3223 5488 :
3257 5434 3373 5491 Tibi
3402 5436 3666 5507 supplico,
3695 5433 3792 5505 qui

2215 5536 2402 5583 auctor
2430 5536 2627 5584 nostra:
2669 5528 3078 5583 resurrectionis
3121 5527 3391 5592 exstitisti,
3435 5535 3493 5581 ut
3523 5526 3675 5581 nobis
3701 5525 3781 5578 in-

2216 5621 2433 5672 troitum
2461 5619 2729 5675 cmlestem
2760 5619 3014 5688 aperires,
3045 5628 3099 5676 et
3128 5621 3407 5692 imperium
3439 5619 3633 5674 diaboli
3663 5632 3795 5686 cap-

2216 5706 2434 5771 tivares,
2456 5717 2513 5763 et
2532 5708 2826 5763 ascendens
2847 5709 2898 5763 iu
2927 5710 3120 5766 emlum
3148 5710 3443 5765 admirabili
3469 5710 3668 5764 virtute
3698 5715 3794 5761 tua

2215 5796 2580 5867 captivitatem
2626 5805 2863 5854 nostram
2892 5800 3118 5855 duceres
3146 5802 3409 5869 captivam
3440 5817 3452 5852 :
3485 5799 3575 5868 qui
3618 5805 3800 5853 morte
