4122 6330
380 337 487 396 1191

1839 334 2222 393 SERMONES.

3574 337 3680 398 10‘!

382 462 481 520 tua
512 450 741 506 mortuis
769 449 953 515 vitam,
985 456 1043 504 et
1062 448 1348 519 oaptivatis
1376 446 1658 502 reddidisti
1695 446 1979 502 medelam.
2019 456 2062 506 Α
2091 445 2369 500 mandavit
2387 444 2653 516 leprosos,
2684 447 2895 502 curavit
2936 448 3284 521 paralyticos,
3312 456 3556 506 mortuos
3582 468 3679 520 sn.-

384 544 467 601 Te
506 544 802 601 clementer
837 544 1060 610 invoco,
1108 551 1160 596 te
1204 541 1626 597 misericorditer
1649 542 1887 612 appello,
1920 550 1982 598 ut

381 637 762 693 Tornacenses
787 634 1073 697 Ecclesias,
1098 642 1357 702 quantum
1389 633 1536 704 potui
1567 649 1684 688 mea
1712 634 1979 703 parvitate

379 728 727 788 sublimatas.
755 738 811 782 et
839 726 1018 781 omnia
1057 725 1361 781 habitacula
1401 733 1710 780 sanctorum
1741 725 1809 779 ab
1833 726 1979 781 omni

377 818 782 890 inquietatione
811 817 1114 872 dmmonum
1152 831 1445 872 conserves
1472 824 1529 872 et
1563 814 1841 880 defendas,
1888 833 1983 873 su-

378 912 582 966 blimes
626 920 682 965 et
727 910 977 965 extollas.
1021 900 1162 965 Oves
1208 925 1357 965 meas
1395 910 1649 980 pauculas
1694 919 1985 980 prmsentes

379 1011 440 1056 et
469 1002 872 1066 subsecuturas,
906 1016 1075 1072 usque
1113 1002 1165 1056 in
1196 1002 1440 1056 ultimam
1458 1002 1865 1070 generationem
1889 1018 1984 1058 cu-

378 1093 631 1149 stodias:
661 1100 722 1147 ut
758 1094 934 1148 sciant
958 1093 1083 1163 quia
1114 1093 1258 1148 mitis
1287 1108 1364 1159 es,
1393 1091 1554 1148 Pater
1599 1093 1983 1150 misericordiae

379 1195 443 1244 et
469 1187 721 1258 pietatis;
742 1186 901 1240 dator
919 1185 1159 1259 scientiae
1187 1192 1242 1240 et
1268 1184 1534 1240 veritatis.
1558 1183 1668 1240 Illis
1692 1193 1872 1240 autem
1891 1185 1983 1256 qui

379 1295 476 1335 me
506 1278 782 1347 indignum
805 1276 1059 1331 famulum
1082 1284 1234 1331 tuum
1257 1290 1427 1345 usque
1449 1275 1517 1331 ad
1543 1283 1773 1332 mortem
1794 1276 1984 1344 gladiis

381 1380 443 1426 et
465 1369 697 1425 fustibus
716 1368 945 1424 insecuti
966 1376 1107 1432 sunt,
1131 1368 1363 1437 benigne
1384 1367 1618 1438 indulge,
1641 1383 1837 1438 meque
1860 1384 1982 1424 cum

380 1460 595 1517 sanctis
625 1460 728 1515 tuis
770 1459 825 1514 in
855 1460 1110 1514 horreum
1150 1466 1301 1513 tuum
1345 1458 1583 1527 digneris
1628 1473 1978 1528 congregare.

380 1551 495 1606 Illis
526 1552 713 1619 etiam,
755 1551 994 1622 piissime
1021 1550 1182 1615 Deus,
1213 1550 1306 1621 qui
1336 1551 1651 1606 memoriam
1681 1567 1857 1608 meam
1888 1552 1983 1608 de-

378 1654 516 1700 vote
542 1642 831 1708 coluerint,
864 1642 1060 1713 largire
1089 1642 1270 1706 fidem,
1304 1641 1490 1698 confer
1516 1643 1828 1708 amicitiam,
1871 1644 1982 1699 cle-

381 1737 723 1794 mentissime
750 1736 911 1801 Deus,
933 1736 1168 1806 qualiter
1192 1751 1290 1806 pro
1324 1735 1426 1791 fide
1456 1723 1748 1801 catholica,
1768 1752 1868 1806 pro
1895 1751 1982 1791 re-

2089 539 2321 603 scitavit,
2349 536 2655 609 Judaeisqne
2682 538 2897 594 dicebat
2926 540 3214 596 incredulis
3240 560 3253 595 :
3285 542 3345 597 Si
3366 543 3531 597 verbis
3552 546 3681 597 meis

2088 648 2193 685 non
2234 630 2464 698 creditis,
2500 632 2690 685 saltem
2721 632 3012 688 virtutibus
3050 642 3106 687 et
3139 634 3415 689 miraculis
3453 633 3681 691 credere

2086 724 2316 779 debetis.
2351 722 2500 779 Unus
2529 732 2612 780 est
2651 724 2703 779 in
2733 724 2949 781 Christo
2986 724 3150 780 Filius
3179 725 3297 791 Dei,
3332 725 3424 796 qui
3462 730 3604 781 sicut
3625 726 3680 781 in

2086 816 2316 871 veritate
2338 816 2504 871 Filius
2530 817 2623 871 Dei
2654 825 2737 872 est
2761 817 3062 883 invisibilis,
3089 818 3160 871 ita
3187 818 3240 870 in
3267 817 3497 872 veritate
3524 816 3681 872 Chri-

2087 915 2203 962 stus
2228 916 2311 963 est
2334 909 2578 964 visibilis.
2610 909 2789 965 Induit
2829 911 3028 965 etenim
3069 911 3342 965 hominem
3377 910 3680 981 perfectum

2086 994 2231 1052 Deus
2260 998 2553 1068 perfectus,
2587 1006 2646 1053 ut
2680 999 2964 1055 exhiberet
2990 999 3286 1070 perfectam
3317 1000 3545 1055 salutem
3575 1002 3678 1055 hoc

2087 1089 2338 1145 minibus.
2373 1089 2441 1144 Et
2482 1090 2548 1145 de
2591 1089 2794 1161 Spiritu
2823 1102 3012 1148 saneto
3043 1093 3323 1148 audiamus
3351 1094 3677 1164 prophetam

2087 1189 2331 1236 orantem
2380 1164 2436 1235 ei
2486 1181 2806 1237 dicentem:
2847 1183 3105 1253 Spiritum
3144 1193 3380 1238 sanctum
3425 1193 3567 1239 tuum
3614 1202 3680 1240 ne

2087 1273 2298 1343 auferas
2327 1290 2357 1325 a
2388 1290 2487 1327 me.
2520 1272 2865 1329 Temeritatis
2908 1275 3128 1345 quidem
3170 1291 3376 1345 magna:
3405 1286 3488 1332 est
3515 1293 3676 1348 sepa-

2086 1380 2207 1419 rare
2235 1364 2427 1420 Filium
2461 1383 2489 1420 a
2519 1366 2702 1434 Patre,
2734 1361 3012 1424 Patren'ia
3048 1370 3184 1425 Filio
3212 1390 3224 1424 :
3257 1371 3516 1442 Spiritum
3552 1388 3680 1427 san-

2086 1467 2230 1512 etum
2259 1459 2410 1527 quasi
2449 1476 2554 1513 non
2601 1458 2984 1528 procedentem
3015 1463 3085 1517 ab
3113 1471 3363 1533 utroque.
3391 1464 3676 1534 lnsepara-

2085 1548 2208 1603 bilis
2235 1550 2377 1603 enim
2416 1549 2556 1604 Deus
2586 1560 2640 1605 et
2669 1551 3091 1611 inconvertibilis
3120 1563 3174 1610 et
3197 1557 3542 1625 impassibilis
3571 1565 3674 1612 est.

2088 1638 2271 1705 Filius,
2304 1649 2361 1695 ut
2398 1657 2558 1711 supra
2590 1642 2792 1698 dictum
2832 1653 2932 1709 est,
2970 1646 3191 1714 mqualis
3222 1645 3366 1701 Patri
3401 1665 3413 1700 :
3446 1646 3680 1717 Spiritus

2087 1742 2306 1788 sanctus
2353 1749 2454 1790 nec
2502 1737 2769 1805 superior,
2812 1752 2912 1792 nec
2950 1738 3142 1793 melior
3165 1739 3281 1809 ipso
3310 1748 3415 1807 est,
3458 1739 3553 1794 sed
3581 1756 3682 1811 par

379 1830 586 1899 ligione
609 1827 912 1883 Christiana
940 1825 1216 1893 delectari,
1262 1826 1547 1882 clementia
1576 1836 1667 1881 tua
1690 1842 1797 1882 non
1826 1827 1981 1896 igno-
2020 1841 2061 1899 Β
2088 1825 2254 1894 Patri,
2286 1828 2506 1898 aequalis
2528 1827 2683 1889 Filio.
2710 1829 3007 1899 procedens
3030 1831 3098 1885 ab
3128 1840 3356 1903 utroque
3383 1850 3396 1886 :
3421 1831 3680 1903 Spiritum

374 1931 488 1976 rat.
524 1919 716 1974 Omnia
744 1918 995 1990 siquidem
1023 1919 1165 1973 nuda
1209 1926 1261 1972 et
1299 1925 1479 1986 aperta
1518 1925 1637 1971 sunt
1664 1917 1826 1971 oculis
1858 1918 1975 1971 tuis.

368 2008 527 2065 Ecce
565 2025 712 2065 nunc
740 2018 955 2079 tempus
998 2008 1345 2063 resolutionis
1384 2022 1521 2063 mea:
1564 2007 1978 2078 appropinquat.

378 2100 616 2158 λειω-ηε
645 2100 812 2167 Deus,
837 2100 966 2170 quid
994 2099 1231 2156 faciam?
1262 2100 1414 2156 Mitte
1441 2115 1527 2156 me
1566 2108 1626 2155 ut
1652 2115 1851 2169 sequar
1883 2101 1983 2155 Da-

377 2195 473 2251 vid
498 2194 770 2250 dicentem
801 2212 813 2243 :
847 2191 995 2249 Sicut
1024 2209 1199 2247 cervus
1233 2192 1497 2247 desiderat
1525 2192 1596 2246 ad
1622 2195 1791 2266 fontes
1818 2210 1982 2265 aqua-

378 2302 522 2351 rum,
551 2287 628 2340 ita
666 2284 928 2339 desiderat
949 2285 1125 2339 anima
1148 2302 1261 2338 mea
1302 2284 1372 2338 ad
1402 2294 1467 2350 te,
1497 2283 1658 2340 Deus.
1693 2284 1759 2340 Et
1782 2286 1981 2341 iterum

358 2378 458 2443 _ait
485 2396 499 2431 :
530 2375 707 2433 Sitivit
741 2378 921 2431 anima
954 2394 1069 2430 mea
1098 2377 1168 2430 ad
1196 2376 1363 2431 Deum
1403 2379 1567 2431 vivum
1597 2395 1615 2432 :
1645 2378 1851 2449 quando
1899 2396 1984 2432 re-

381 2472 547 2535 niam,
594 2479 643 2524 et
687 2468 948 2541 apparebo
979 2478 1101 2523 ante
1135 2471 1322 2539 facient
1352 2469 1449 2524 Dei
1477 2471 1500 2523 ?
1527 2469 1585 2526 Si
1629 2480 1809 2542 potest
1843 2470 1979 2528 ﬁeri.

383 2565 638 2636 permitte
674 2580 761 2618 me
790 2563 1076 2619 assimilari
1116 2562 1177 2617 Β.
1206 2562 1329 2631 Job,
1361 2564 1562 2620 dicenti
1589 2582 1601 2617 :
1635 2562 1980 2636 Comparatas

391 2674 508 2710 sum
548 2658 650 2710 luto
696 2665 743 2710 et
790 2657 1110 2710 assimilatas
1139 2672 1253 2709 sum
1296 2655 1491 2727 favilla:
1528 2665 1577 2710 et
1623 2658 1805 2711 cineri.
1838 2657 1895 2711 In
1930 2667 1981 2712 te

393 2746 633 2812 confido,
675 2746 817 2802 Deus
844 2762 1016 2810 meus,
1050 2755 1102 2801 te
1129 2761 1344 2816 quaero,
1398 2755 1452 2802 te
1495 2748 1679 2802 videre
1708 2747 1977 2814 desidero,

370 2848 557 2910 'qnem
585 2855 791 2911 semper
819 2841 872 2895 in
904 2840 1063 2895 terris
1092 2839 1299 2911 positus
1326 2840 1471 2895 colui
1497 2857 1510 2893 ε
1534 2841 1621 2895 cui
1650 2856 1737 2896 me
1757 2849 1869 2896 tota
1900 2842 1982 2896 di-

364 2930 625 2986 lectione
642 2931 857 2999 devovi,
875 2930 1042 2986 libera
1065 2946 1173 2999 me,
1196 2929 1687 3001 quiesbenedictus
1708 2932 1760 2987 in
1784 2933 1981 2989 smcula

360 3022 729 3078 saeculorum.

440 3115 524 3171 Et
550 3133 700 3181 mox,
751 3116 947 3172 iterum
977 3131 1335 3188 prorumpens
1378 3115 1431 3170 in
1482 3116 1671 3172 laudes
1701 3116 1817 3181 Dei,
1865 3119 1977 3172 ait:

2086 1926 2332 1974 sanctum
2362 1911 2709 1989 omni'potens
2738 1920 2881 1975 Deus
2919 1921 3066 1975 misit
3107 1922 3158 1976 in
3191 1923 3469 1988 nmndum,
3499 1931 3557 1977 ut
3586 1922 3679 1977 Fi-

2083 2009 2216 2064 lium
2267 2026 2423 2065 suum
2471 2011 2792 2068 clarificaret
2840 2013 3109 2081 ingenitus
3153 2014 3506 2083 unigenitum.
3540 2015 3679 2081 Quia

2084 2117 2217 2158 vero
2247 2102 2493 2159 Christus
2522 2104 2688 2159 Filius
2733 2104 2828 2159 Dei
2873 2105 3108 2160 humana
3136 2106 3393 2171 miracula
3425 2105 3678 2171 faciebat,

2084 2193 2332 2266 leprosos
2393 2196 2647 2261 curabat,
2700 2207 2944 2252 mortuos
2991 2193 3317 2265 suscitabat,
3377 2207 3434 2254 et
3480 2207 3682 2254 cmtera

2086 2287 2286 2342 mundo
2332 2287 2594 2356 inaudita,
2650 2297 2706 2342 et
2760 2287 2826 2343 ad
2870 2288 3391 2345 demonstrationem
3429 2289 3680 2358 Deitatis,

2083 2380 2281 2434 virtute
2329 2381 2531 2450 proprii
2573 2381 2807 2450 Spiritus
2845 2382 3117 2447 utebatur,
3142 2382 3211 2437 ab
3241 2384 3361 2452 ipso
3391 2382 3682 2454 gloriﬁcari

2086 2470 2387 2527 dicebatur.
2415 2472 2799 2528 Verumtamen
2828 2490 2935 2528 non
2981 2483 3064 2528 est
3093 2474 3347 2529 idoneum
3388 2473 3678 2540 affirmare,

2085 2563 2229 2633 quod
2261 2563 2322 2618 D.
2346 2563 2408 2618 N.
2435 2563 2589 2618 Jesus
2613 2564 2857 2620 Christus
2882 2565 2952 2620 sit
2981 2581 3011 2619 a
3033 2564 3238 2636 Spiritu
3262 2573 3452 2625 sancto
3479 2565 3679 2620 clariﬁ-

2085 2660 2259 2716 eatus,
2292 2661 2349 2707 ut
2372 2662 2500 2723 pote
2529 2654 2620 2722 qui
2647 2670 2745 2724 per
2767 2670 2888 2708 eum
2919 2656 3098 2710 aliena
3119 2656 3316 2710 virtute
3343 2654 3471 2712 us'us
3497 2656 3677 2722 fuerit,

2085 2753 2141 2798 et
2167 2759 2264 2814 per
2286 2743 2534 2798 eumdem
2565 2743 2825 2815 Spiritum
2854 2746 3105 2800 virtutem
3145 2754 3335 2801 contra
3372 2747 3681 2803 immundos

2085 2836 2724 2905 spiritus‘assumpserit;
2754 2835 2849 2891 sed
2898 2838 3079 2907 potius
3123 2836 3385 2893 debemus
3431 2837 3682 2893 confiteri

2084 2928 2323 2999 ejusdem
2363 2927 2622 2999 Spiritum
2652 2944 2752 3000 per
2781 2944 2944 2999 quem
2976 2939 3082 2983 tam
3115 2930 3373 3000 pricelara
3416 2930 3679 2987 miracula

2085 3021 2230 3077 fecit.
2266 3019 2549 3076 Affirmare
2575 3022 2739 3075 etiam
2778 3021 3035 3077 convenit
3063 3021 3211 3075 omni
3241 3020 3501 3084 credenti,
3527 3020 3681 3077 illum

2087 3119 2420 3175 oblationem
2467 3118 2554 3173 vel
2596 3114 2919 3173 sacrificium
2963 3132 3068 3171 non
3111 3131 3212 3187 pro
3240 3131 3319 3180 se,
3354 3114 3449 3171 sed
3471 3130 3571 3185 pro
3593 3130 3684 3168 re-

358 3211 420 3278 ,Γ
427 3212 580 3266 ilium
621 3209 772 3264 illum
810 3225 933 3268 esse
981 3210 1232 3279 perhibet
1284 3210 1413 3265 fides
1442 3212 1736 3281 catholica,
1767 3212 1852 3268 cui
1883 3228 1982 3282 per
2010 3226 2054 3286 (ς
2085 3212 2398 3282 demptione
2427 3211 2645 3266 humani
2664 3210 2877 3281 generis
2900 3210 3160 3265 obtulisse
3188 3207 3356 3275 Patri,
3383 3222 3504 3265 eum
3534 3208 3682 3264 nulla

381 3304 707 3374 prophetam
737 3304 936 3358 clamat
962 3300 1143 3368 Pater;
1168 3312 1223 3357 et
1251 3302 1383 3358 dicit
1409 3322 1422 3356 :
1456 3301 1502 3355 F
1508 3303 1627 3359 ilius
1656 3321 1799 3359 meus
1827 3322 1882 3360 es
1907 3315 1977 3368 tu,

380 3414 478 3466 ego
510 3397 662 3449 hodie
699 3393 851 3467 genui
889 3407 954 3448 te.
971 3393 1036 3446 Et
1066 3395 1257 3449 iterum
1290 3412 1302 3447 :
1350 3394 1539 3449 Tecum
1566 3397 1880 3467 principium
1928 3398 1981 3450 in

381 3487 469 3539 die
500 3487 701 3540 virtutis
743 3496 845 3540 tua:
885 3488 939 3539 in
968 3485 1326 3556 splendoribas
1367 3500 1697 3557 sanctorum,
1726 3506 1791 3543 ea:
1835 3500 1982 3543 utero

381 3587 511 3632 ante
538 3578 811 3649 luciferum
839 3580 991 3650 genui
1016 3586 1081 3632 te.
1105 3576 1224 3648 Ipse
1248 3585 1332 3632 est
1352 3577 1509 3633 Jesus
1530 3578 1773 3634 Christus
1799 3579 1980 3635 Domi-

385 3687 490 3726 nus
511 3678 697 3726 noster
720 3669 865 3724 Patri
893 3670 1114 3740 aequalis
1144 3670 1445 3736 invisibilis,
1477 3671 1776 3741 procedens
1806 3671 1873 3727 de
1897 3672 1981 3726 in-

382 3762 611 3829 visibili,
634 3761 855 3816 alterius
877 3761 943 3816 de
964 3770 1193 3830 :eterno,
1211 3760 1532 3817 immortalis
1551 3761 1620 3817 de
1650 3763 1941 3818 immortali
1966 3782 1978 3816 :

383 3854 477 3924 qui
512 3861 758 3907 naturam
789 3852 1139 3908 humanitatis
1178 3860 1376 3908 nostrae
1399 3852 1553 3922 juxta
1581 3854 1981 3910 subsistentiam

384 3948 607 4002 sibimet
627 3946 818 4000 aniens
844 3961 912 4001 ex
959 3947 1072 4016 ipsa
1103 3961 1365 4016 corporea
1394 3954 1450 4001 et
1472 3946 1717 4015 virginali
1744 3947 1867 4003 alvo
1892 3964 1985 4003 su-

382 4038 579 4093 stinuit
607 4038 966 4092 nativitatem.
987 4037 1105 4092 Non
1127 4039 1271 4107 quod
1294 4039 1603 4095 necessario
1631 4039 1867 4110 gloriosa
1890 4040 1983 4094 illa

385 4132 675 4186 nativitate
722 4131 955 4200 eguerit,
986 4129 1086 4189 sed
1126 4140 1184 4187 ut
1229 4132 1376 4203 ipsas
1427 4140 1624 4190 nostra:
1671 4134 1985 4189 substantia:

383 4221 756 4280 sanctificaret
783 4223 1079 4294 primitias:
1111 4232 1379 4292 quatenus
1400 4225 1562 4279 etiam
1586 4224 1711 4279 dum
1738 4225 1986 4281 Christus

383 4333 553 4373 carne
584 4317 768 4372 unitus
796 4333 826 4372 a
848 4316 1131 4373 benedicta
1157 4316 1377 4387 Virgine
1406 4317 1571 4372 Maria
1594 4319 1981 4388 processisset;

387 4411 481 4465 illa
520 4418 630 4464 tam
660 4410 858 4465 misera
903 4410 1230 4474 maledictio,
1262 4424 1382 4479 qua:
1421 4409 1679 4466 adversus
1705 4426 1866 4465 omne
1892 4425 1988 4480 ge-

387 4519 491 4555 nus
520 4502 817 4558 humanum
866 4503 1074 4573 prolata
1122 4501 1317 4567 fuerat,
1349 4510 1608 4564 cessaret,
1640 4516 1740 4557 nec
1765 4503 1986 4557 ulterius

385 4593 598 4646 animas
638 4598 694 4646 et
722 4591 970 4645 mortalia
999 4606 1228 4660 corpora
1260 4592 1423 4645 morti
1471 4590 1791 4654 destinaret,
1825 4597 1986 4658 atque

388 4694 447 4739 ut
471 4699 660 4741 verum
693 4697 811 4738 esse
842 4692 1187 4745 monstraret,
1212 4682 1355 4753 quod
1386 4697 1519 4738 voce
1550 4683 1828 4755 propheta:
1850 4698 1988 4753 pra:-

384 4777 636 4831 dixerat:
669 4773 926 4846 Absorpta
957 4784 1033 4829 est
1055 4791 1194 4828 mors
1229 4776 1281 4829 in
1306 4775 1540 4829 victoria.
1584 4773 1652 4827 Et
1689 4773 1854 4828 alibi:
1881 4773 1985 4826 Ab-

385 4868 535 4922 stulit
570 4867 707 4922 Deus
736 4882 940 4921 omnem
962 4866 1250 4937 lucrymam
1277 4864 1340 4918 ab
1366 4866 1506 4919 omni
1536 4866 1671 4935 [acie
1700 4880 1718 4918 :
1761 4865 1876 4935 ipse
1903 4872 1988 4920 est

385 4959 638 5015 Christus
677 4957 817 5015 illius
856 4957 1091 5027 Virginis
1134 4957 1333 5025 Mariae,
1359 4959 1453 5027 qni
1494 4957 1671 5014 surdis
1719 4958 1984 5025 auditum,

385 5053 550 5108 etscis
579 5053 753 5107 visum
778 5052 1045 5118 restituit;
1074 5051 1234 5107 siccis
1261 5050 1486 5121 pedibus
1513 5066 1663 5107 mare
1683 5050 1988 5106 deambula-

387 5146 504 5210 vit,
541 5144 809 5200 daemonia
856 5142 1143 5215 etl‘ugavit,
1185 5151 1375 5199 ventos
1417 5149 1471 5199 et
1507 5143 1677 5199 maria
1722 5142 1985 5214 placavit,

2086 3304 2360 3360 oblatione
2381 3304 2613 3374 eguerit,
2635 3303 2726 3374 qui
2772 3310 3052 3373 peccatum
3097 3301 3551 3357 incontaminatus
3581 3316 3681 3355 ne-

2087 3396 2289 3452 Seierit.
2340 3393 2635 3466 Propterea
2681 3393 2870 3449 credat
2904 3403 2959 3448 et
2991 3391 3221 3447 affirmet
3254 3390 3385 3449 fides
3413 3391 3683 3448 catholica

2086 3485 2491 3543 viviﬁcatricem
2513 3495 2567 3542 et
2591 3486 2869 3556 propriam
2912 3484 3079 3554 ipsius
3118 3483 3281 3538 Verbi
3312 3499 3530 3540 carnem
3560 3498 3683 3539 esse

2084 3584 2299 3640 factam.
2334 3582 2454 3638 Vita
2478 3582 2620 3636 enim
2649 3580 2987 3644 naturaliter,
3011 3590 3071 3633 ut
3097 3578 3239 3633 Deus
3264 3579 3523 3640 existens,
3554 3578 3683 3647 quia

2085 3674 2303 3746 proprie
2323 3674 2472 3728 carni
2495 3672 2680 3727 unitas
2702 3678 2805 3738 est,
2829 3669 3226 3725 vivificatricem
3255 3684 3373 3723 eam
3403 3667 3684 3740 professus

2086 3773 2187 3820 est.
2220 3764 2356 3833 Quia
2370 3779 2502 3818 vero
2524 3762 2654 3818 dicit
2678 3780 2690 3815 :
2718 3762 2880 3815 Amen
2903 3776 3052 3814 amen
3076 3761 3192 3814 dico
3215 3757 3376 3825 vobis,
3409 3759 3511 3813 nisi
3532 3774 3681 3812 man-

2087 3856 2395 3911 ducaveritis
2422 3870 2631 3908 car-item
2658 3851 2783 3907 Filii
2808 3852 3057 3918 hominis,
3082 3861 3131 3905 et
3160 3849 3387 3905 biberitis
3415 3850 3526 3922 ejus
3552 3865 3681 3904 san—

2088 3950 2317 4021 guinem,
2344 3963 2450 4001 non
2473 3945 2721 3999 habebitis
2742 3946 2897 3999 vitam
2920 3953 3167 3997 (etei-nam
3191 3959 3208 3995 :
3232 3957 3338 3997 non
3360 3950 3535 3997 tamen
3559 3956 3683 3998 eam

2088 4048 2149 4095 ut
2178 4040 2339 4094 unius
2360 4037 2592 4093 hominis
2613 4037 2872 4093 debemus
2892 4035 3223 4090 existimare.
3252 4033 3412 4088 Juxta
3434 4041 3684 4089 naturam

2087 4129 2231 4186 enim
2283 4144 2438 4185 suam
2478 4126 2753 4198 quomodo
2782 4133 2970 4196 posset
3024 4140 3143 4180 esse
3193 4123 3514 4179 vivificatrix
3548 4139 3683 4179 caro

2088 4223 2247 4279 unius
2265 4222 2536 4278 hominis?
2556 4220 2752 4290 Fugiat
2773 4218 2956 4275 infelix
2985 4217 3201 4274 Judazus
3220 4237 3231 4271 :
3253 4218 3562 4274 destruatur
3589 4218 3682 4288 qui

2089 4316 2427 4372 nativitatem
2476 4314 2677 4370 Christi
2722 4313 2956 4384 denegat
3006 4314 3312 4368 hzeretieus.
3365 4310 3683 4368 Collaudant

2090 4408 2257 4465 Deum
2290 4409 2344 4463 in
2369 4408 2616 4479 personis
2645 4408 2866 4474 trinum,
2897 4407 2950 4461 in
2981 4406 3333 4461 subsistentia
3358 4420 3487 4460 vero
3518 4420 3683 4459 unum

2091 4500 2258 4555 Deum
2300 4501 2523 4556 ﬁdeles:
2555 4516 2715 4571 quem
2760 4499 2943 4555 miseri
2972 4499 3025 4553 in
3057 4498 3135 4552 ira
3165 4492 3481 4567 exspectant
3508 4497 3683 4567 poenis

2020 4632 2066 4690 υ
2090 4593 2442 4649 infernalibus
2462 4592 2595 4658 dati,
2621 4608 2852 4662 quorum
2877 4590 3152 4647 consortio
3174 4589 3410 4657 gaudent
3433 4588 3560 4642 mali
3586 4603 3683 4642 an-

2093 4688 2217 4758 geli,
2230 4687 2359 4757 justi
2391 4697 2573 4743 autem
2599 4695 2915 4758 exspectant
2935 4702 3035 4757 pro
3064 4682 3501 4739 remuneratione
3527 4681 3678 4735 labo-

2094 4796 2232 4845 rum,
2266 4796 2495 4849 quorum
2524 4780 2755 4848 collegio
2797 4779 2891 4833 Dei
2917 4777 3252 4847 gratulantur
3298 4775 3495 4844 angeli,
3526 4773 3682 4843 adju-

2094 4878 2254 4925 vante
2266 4870 2356 4925 illo
2369 4869 2520 4939 cujus
2535 4868 2792 4924 beneficia
2814 4876 3139 4938 pnestantur
3156 4865 3398 4930 infirmis,
3413 4879 3511 4935 per
3521 4877 3684 4934 quem

2094 4961 2345 5032 gaudium
2370 4960 2528 5015 datur
2548 4960 2763 5015 afllietis
2793 4978 2800 5010 :
2832 4960 2917 5013 cui
2947 4960 3017 5014 sit
3043 4958 3230 5023 decus,
3255 4957 3562 5028 imperium,
3593 4971 3685 5027 po-

2096 5055 2282 5121 tentia,
2305 5070 2427 5111 cum
2459 5051 2621 5109 Patre
2641 5052 2882 5121 ingenito
2920 5058 2976 5105 et
2995 5047 3198 5121 Spiritu
3224 5056 3412 5106 sancto
3439 5064 3537 5122 per
3563 5045 3683 5104 intl-

2095 5145 2206 5200 nita
2235 5146 2429 5202 szrcula
2459 5144 2796 5201 saeculorum.
2830 5142 3019 5197 Amen.
