4122 6330
459 348 564 403 ωδ
1159 337 1215 393 S.
1256 334 1686 393 FULGENTIUS
1724 332 2115 393 RUSPENSIS.
2158 332 2490 391 EPISTOLA
2522 330 2998 389 DEDICATORIA.
3643 316 3744 378 1οι

465 439 3729 488 Η
1372 474 3729 488 M

1990 476 2165 483 ...ν-...-

1650 478 1847 486 ..._—__.

2183 474 3371 485 ._._w—~———-——-—-—————-—_—
3384 474 3733 492 ξ...-

1731 552 1897 597 ANNO
1926 552 2157 596 DOMINI
2185 550 2472 595 DXXXIII.

750 679 1839 847 SANCTUS
1935 672 3472 881 FULGENTIUS

1503 938 2053 1020 RUSPENSIS
2106 937 2682 1017 EPISCOPUS.

462 490 811 501 .—___—-——-

1376 1176 1986 1353 QE-pistola
2026 1177 2837 1322 behicatoria.

548 1464 984 1524 Iilustrissimo
1026 1462 1316 1524 Ecclesiae
1340 1462 1625 1541 principi
1652 1464 1718 1522 D.
1737 1463 2420 1526 D.CABOLOMAURITIO
2439 1464 2524 1522 LE
2542 1464 2845 1536 TELLIER,
2873 1464 3257 1524 Remensium
3285 1459 3752 1538 archiepiscopo

470 1580 544 1620 ac
580 1562 747 1627 duci.
784 1569 1010 1622 sancta:
1037 1560 1196 1622 sedis
1228 1561 1590 1639 apostolica:
1619 1560 1821 1640 legato
1860 1573 2008 1624 nato
2033 1610 2050 1640 ,
2085 1565 2356 1643 Belgica:
2389 1565 2672 1625 secunda:
2697 1565 2997 1643 primati,
3031 1566 3237 1645 primo
3270 1563 3557 1624 Francitc
3583 1558 3753 1639 pari,

399 1719 401 1721 .
474 1664 721 1743 capellae
747 1664 911 1743 regis
932 1667 1260 1746 prxfecto,
1296 1673 1412 1725 etc.

551 1768 635 1829 Ut
669 1768 830 1828 ratio
853 1767 1288 1847 beneﬁciorum
1320 1777 1530 1844 cesset,
1564 1785 1831 1849 quorum
1858 1766 2263 1828 nobilissima:
2290 1776 2408 1827 tua:
2442 1767 2615 1846 genti
2641 1765 2884 1828 debitor
2906 1786 3063 1841 sum,
3097 1787 3165 1828 ea
3194 1772 3342 1827 sunt
3382 1767 3449 1827 in
3499 1772 3580 1837 te,
3608 1762 3756 1824 illu-

471 1874 770 1935 strissime
811 1871 1242 1952 archiprtesul,
1278 1885 1541 1952 propter
1565 1890 1698 1952 qua:
1726 1872 1887 1934 hanc
1919 1891 2171 1952 operum
2199 1873 2404 1934 sancti
2435 1874 2759 1952 Fulgentii
2789 1892 3012 1935 novam
3045 1873 3375 1934 editionem
3403 1869 3523 1933 tibi,
3553 1865 3758 1930 dicari

475 1973 788 2050 oportuit.
816 1971 975 2034 Nam
1004 1990 1140 2032 cum
1176 1969 1478 2033 doctrina:
1508 1982 1869 2032 sanctorum
1905 1973 2171 2033 Patrum
2215 1974 2522 2033 universa:
2553 1983 2609 2033 te
2649 1975 2958 2051 fautorem
3007 1974 3302 2033 eximium
3341 1970 3540 2031 adhuc
3590 1967 3761 2029 exhi-

474 2069 693 2147 buisti,
732 2081 857 2132 tum
893 2073 1238 2163 prwsertim
1267 2092 1474 2134 eorum
1512 2074 1770 2152 scriptis
1797 2074 2123 2152 indulgere
2166 2076 2395 2136 studio'
2424 2087 2567 2152 tuo,
2609 2076 3089 2156 patrocinioque
3118 2076 3288 2136 visus
3318 2093 3399 2141 es.
3448 2073 3513 2134 in
3541 2057 3762 2152 quibus

473 2183 729 2235 exstant
762 2175 1112 2253 disciplinae
1136 2177 1359 2236 veteris
1392 2187 1820 2237 monumenta.
1848 2177 2046 2257 quue
2069 2176 2219 2238 adeo
2243 2194 2369 2237 non
2406 2196 2675 2257 usurpas
2712 2179 2805 2239 vel
2836 2178 3156 2257 captandas
3178 2174 3633 2244 oblectationis,
3671 2172 3764 2234 vel

473 2276 684 2337 inanis
734 2274 1022 2353 gloriolre
1060 2277 1465 2356 aucupandis.
1491 2278 1730 2349 studio,
1768 2288 1836 2338 ut
1872 2297 1948 2339 ex
1979 2299 2045 2340 eo
2093 2280 2377 2342 maximce
2407 2280 2716 2342 utilitates
2775 2281 2845 2341 in
2880 2279 3298 2342 Christianam
3329 2274 3766 2356 rempublicam

472 2375 915 2438 redundarint.
955 2378 1116 2442 Nam
1144 2378 1421 2455 exemplo
1454 2387 1561 2438 tuo
1596 2390 1649 2439 et
1683 2398 2004 2442 sacrarum
2041 2383 2415 2445 Litterarum
2446 2392 2751 2444 amatores
2807 2381 3171 2444 excitavisti
3214 2380 3296 2441 ad
3347 2378 3772 2441 ecclesiastica!

475 2474 876 2554 antiquitatis
922 2478 1275 2538 memoriam
1330 2478 1751 2556 vestigandam
1806 2483 2138 2557 attentius,
2189 2491 2241 2543 et
2291 2493 2575 2561 pastores
2625 2484 2973 2544 animarum
3010 2480 3341 2551 induxisti
3369 2479 3450 2541 ad
3480 2479 3773 2559 priorum

476 2575 781 2637 Ecclesiae
804 2575 1174 2656 saeculorum
1211 2579 1686 2639 consuetudines
1720 2580 2032 2642 curiosius
2058 2581 2499 2645 observandas.
2530 2583 2743 2665 Neque
2783 2584 2943 2645 enim
2968 2586 3122 2645 satis
3155 2581 3503 2663 episcopali
3526 2578 3773 2641 muneri

475 2683 691 2763 fecisse
718 2680 1067 2742 arbitratus
1098 2702 1179 2755 es,
1218 2702 1331 2776 nec
1355 2669 1702 2762 provinciis
1732 2694 1852 2748 tute
1896 2688 2074 2764 vicis,
2103 2690 2283 2768 pagis
2308 2735 2325 2765 ,
2365 2687 2650 2764 urbibus,
2685 2689 2842 2751 locis
2878 2687 3161 2750 omnibus
3193 2687 3375 2748 toties
3411 2685 3774 2766 perlustra-

482 2783 588 2852 tis,
635 2791 689 2843 et
740 2784 1103 2863 pastoribus
1135 2774 1469 2866 avibusque
1498 2787 1580 2849 ad
1609 2790 1991 2869 exsequenda
2040 2791 2162 2851 rite
2207 2791 2579 2856 Christiana:
2623 2791 2886 2871 pietatis
2918 2774 3129 2871 ofﬁcia
3173 2808 3295 2870 qua
3332 2786 3770 2850 commonendo

479 2883 781 2954 suaviter,
811 2902 934 2964 qua
964 2886 1340 2948 vehementer
1372 2888 1763 2951 exhortando
1797 2892 2177 2971 compulsis;
2208 2912 2318 2956 nec
2354 2895 2650 2956 instituto
2681 2892 2850 2973 apud
2868 2893 3084 2954 Remos
3115 2893 3485 2954 clericorum
3509 2889 3775 2950 semina-

480 2985 611 3061 rio,
641 3003 796 3065 quos
822 2986 1018 3047 aleres
1052 2988 1124 3048 de
1159 2997 1268 3048 tuo
1296 2988 1628 3051 maximam
1654 3000 1936 3071 partem,
1968 3003 2023 3054 et
2060 2993 2141 3055 ad
2183 2994 2276 3055 rei
2307 3013 2500 3056 sacris
2554 2995 2968 3055 ministerium
3003 3012 3117 3073 per
3147 2995 3319 3055 viros
3361 2991 3620 3069 idoneos
3650 3009 3776 3052 cu-

455 3102 656 3147 ‘rares
690 3087 1029 3165 informari
1054 3111 1073 3159 ;
1108 3108 1218 3150 nec
1252 3108 1575 3152 sacrarum
1607 3092 1827 3153 xdium
1858 3097 2297 3167 exornatione,
2335 3096 2693 3173 refectione,
2723 3104 3049 3155 structura
3080 3115 3100 3161 :
3139 3111 3251 3156 nec
3278 3092 3595 3154 sublevata
3616 3109 3774 3171 pas-

483 3192 602 3251 sim
649 3192 1032 3270 familiarum
1079 3195 1385 3271 egentium
1435 3193 1835 3264 calamitate;
1897 3215 2007 3258 nec
2056 3197 2366 3260 subuersis
2400 3197 2837 3258 haereticorum
2881 3196 3329 3259 Sedanensium
3382 3193 3655 3266 scholis,
3714 3199 3773 3253 et

485 3292 934 3369 magistrorum
981 3294 1049 3354 in
1087 3296 1172 3356 eis
1207 3296 1561 3358 docentium
1598 3299 1799 3378 regali
1841 3300 2154 3378 stipendio
2184 3346 2198 3375 ,
2257 3301 2329 3363 de
2384 3302 2582 3380 ipsius
2627 3303 2790 3380 regis
2844 3282 3266 3371 concessione,
3306 3299 3391 3370 ,in
3447 3285 3777 3360 doctorum

488 3395 941 3458 catholicorum
963 3398 1256 3461 alimenta
1289 3420 1582 3463 converso
1608 3424 1628 3473 ;
1663 3422 1773 3463 nec
1802 3403 2060 3484 denique
2091 3404 2375 3465 omnibus
2408 3404 2633 3483 ofﬁciis
2658 3401 3208 3483 archiepiscopalis
3239 3418 3401 3463 cura:
3422 3398 3779 3479 plenissime

488 3494 898 3589 defungendis
932 3519 953 3559 :
984 3498 1111 3559 nisi
1141 3508 1307 3560 tuam
1334 3519 1456 3581 pro
1499 3503 1815 3564 commisso
1859 3520 2040 3582 grege
2088 3503 2575 3565 sollicitudinem
2621 3505 2853 3580 faceres
2890 3500 3340 3587 quodammodo
3385 3507 3774 3580 perpetuam,

488 3610 542 3660 et
588 3600 669 3660 ad
701 3608 841 3661 tuos
868 3600 1248 3664 successores
1276 3604 1641 3667 imitandam
1679 3606 2162 3678 transmitteres,
2220 3604 2552 3683 descriptis
2577 3613 2628 3664 et
2660 3603 2997 3683 compactis
3026 3601 3093 3663 in
3121 3615 3599 3676 unumcorpus,
3642 3616 3778 3676 qua:

487 3700 876 3765 Remensium
905 3704 1149 3767 dioecesi
1173 3723 1250 3766 ex
1283 3706 1575 3767 instituto
1604 3708 1881 3786 apprime
1903 3705 2271 3768 Christiano
2309 3704 2590 3789 regenda:
2619 3705 2961 3765 necessaria
2983 3700 3317 3783 judicasti.
3339 3699 3501 3762 Nam
3529 3705 3774 3768 extera,

491 3819 627 3882 qua:
658 3805 726 3866 in
757 3805 892 3866 luce
923 3807 1119 3867 totius
1146 3807 1328 3884 regni
1356 3793 1635 3885 quotidie
1667 3808 1933 3886 suscipis
1986 3806 2158 3886 apud
2202 3825 2399 3884 regem
2437 3806 3065 3877 Christianissimum,
3108 3819 3220 3881 per
3260 3820 3389 3886 eam
3415 3817 3538 3878 qua
3578 3795 3779 3876 polles

490 3922 923 3985 usquequaque
950 3908 1201 3985 gratia;
1246 3906 1423 3986 apud
1443 3907 1760 3968 hominum
1787 3907 2181 3968 eruditorum
2211 3916 2574 3981 conventus,
2624 3915 2780 3986 quos
2826 3905 3161 3984 saepissime
3205 3884 3511 3964 convocas
3537 3917 3557 3966 ;
3610 3893 3781 3975 apud

491 4003 646 4067 cieri
674 4004 989 4068 Gallicani
1018 4008 1270 4069 comitia
1297 4025 1415 4086 pro
1446 4006 1806 4070 divinarum
1833 4026 2044 4068 rerum
2074 4008 2300 4068 tuenda
2330 4008 2646 4088 majestate
2673 4053 2689 4080 ,
2725 4024 2843 4087 pro
2874 4003 3221 4067 asserendis
3251 4001 3544 4063 Ecclesia
3568 3996 3782 4060 Galli-

491 4122 661 4168 canx
679 4105 942 4185 juribus
967 4152 982 4177 ,
1017 4125 1135 4185 pro
1169 4106 1472 4172 doctrinae
1517 4109 1802 4187 purioris
1845 4107 2221 4189 defensione,
2269 4110 2424 4188 quid
2474 4109 2699 4170 attinet
2736 4123 3241 4177 commemorare,
3298 4121 3436 4165 cum
3464 4103 3533 4162 in
3568 4100 3775 4163 oculis

494 4207 769 4267 omnium
803 4220 1124 4269 versentur
1152 4210 1183 4269 ἵ
1234 4210 1456 4290 Itaque
1488 4210 1634 4271 dum
1669 4211 2134 4272 illustrissimus
2175 4209 2529 4272 Galliarum
2578 4210 2991 4272 cancellarius
3036 4226 3261 4288 parens
3287 4215 3432 4274 tuus
3463 4207 3531 4267 in
3565 4202 3781 4264 mode-

491 4308 712 4369 randis
752 4327 868 4388 per
900 4312 1257 4371 universum
1301 4329 1556 4389 regnum
1572 4311 1876 4391 judiciis,
1900 4312 2188 4391 principi
2216 4331 2287 4373 ac
2314 4312 2557 4373 civibus
2590 4295 2770 4393 fidem
2796 4309 3105 4391 approbat
3141 4327 3338 4379 suam,
3370 4324 3554 4387 quam
3582 4303 3780 4365 variis

494 4409 900 4492 maximisque
919 4411 1186 4491 publicw
1204 4415 1297 4474 rei
1326 4415 1687 4475 ministeriis
1716 4422 1847 4475 toto
1890 4415 2031 4475 vitte
2066 4414 2333 4474 decursu
2363 4414 2701 4475 exercitum
2731 4414 2952 4474 retinet
2980 4412 3312 4472 etiamnum
3340 4409 3563 4487 plenus
3584 4405 3782 4465 animi

493 4508 860 4599 roborisque
891 4512 957 4571 in
987 4519 1296 4572 senectute
1326 4531 1559 4573 summa
1579 4533 1600 4581 ;
1645 4513 1793 4573 dum
1840 4514 2305 4575 illustrissimus
2358 4514 2630 4578 marchia
2662 4516 2862 4594 frater
2895 4521 3039 4573 tuus
3077 4495 3227 4575 belli
3250 4509 3555 4590 pacisque
3574 4508 3781 4569 adrni-

490 4611 842 4673 nistrundis
870 4611 1399 4691 rebuspalernum
1420 4604 1488 4674 in
1514 4615 1865 4693 principem
1893 4612 2249 4693 obsequium
2275 4616 2604 4678 aemulatur
2629 4659 2645 4689 ,
2698 4623 2767 4674 tu
2792 4630 3119 4675 sacrorum
3148 4605 3546 4674 continendis
3575 4610 3779 4693 ratio-

493 4708 688 4779 nibus
706 4711 1026 4790 invigilas,
1057 4733 1128 4773 ac
1155 4712 1546 4790 potissimum
1572 4713 1887 4775 institutis
1901 4714 2197 4775 Ecclesia:
2218 4713 2298 4773 ad
2329 4715 2599 4794 antiques
2624 4713 2877 4795 pietatis
2910 4709 3189 4791 exempla
3219 4708 3610 4771 revocandis.
3638 4706 3777 4767 Hoc

494 4818 715 4895 agebas
745 4832 948 4893 nuper
975 4813 1042 4873 in
1068 4812 1398 4883 Gallicano
1431 4813 1865 4892 episcoporum
1898 4827 2204 4876 conventu
2222 4816 2382 4876 alter
2407 4835 2629 4895 praeses
2660 4814 3219 4889 constitutus,cum
3243 4811 3524 4890 politiore
3551 4818 3781 4871 aucto-

493 4920 725 4979 ritatis.
728 4919 885 4997 jura
912 4915 993 4977 ad
1023 4914 1446 4977 ecclesiasticis
1469 4914 1802 4993 potestatis
1832 4926 2136 4977 momenta
2159 4937 2223 4978 eo
2258 4923 2731 4994 temperamento
2768 4911 3077 4992 dirigebas
3105 4912 3502 4992 aptabasque.
3536 4918 3628 4978 ut,
3659 4909 3782 4975 ad-

495 5018 709 5099 hibitis
746 5017 1166 5090 cautionibus,
1197 5035 1350 5097 quas
1380 5035 1518 5076 cum
1546 5036 1783 5077 summa
1813 5016 2061 5093 dicendi
2088 5021 2398 5097 gravitate
2426 5015 2748 5097 afferebas,
2785 5029 3008 5078 neutra
3037 5015 3373 5096 quidquam
3402 5013 3591 5075 alteri
3640 5013 3779 5091 offi-

497 5137 655 5195 cere,
698 5120 884 5181 amba:
919 5128 1132 5179 mutuo
1154 5128 1405 5199 possent
1435 5119 1734 5198 adjuvare
1760 5120 2286 5198 quamplurimum
2318 5143 2337 5182 :
2372 5120 2439 5183 in
2469 5137 2653 5198 eoque
2690 5128 2748 5179 et
2772 5120 2893 5197 ﬁlii
2922 5118 3256 5179 reverentis
3284 5117 3351 5177 in
3377 5115 3574 5175 sedem
3598 5131 3778 5193 pon-

501 5222 779 5299 tiﬁcium,
836 5227 890 5279 et
928 5217 1166 5280 subditi
1203 5218 1585 5299 obsequentis
1622 5218 1687 5278 in
1715 5234 1914 5296 regem
1956 5220 2229 5279 animum
2270 5221 2651 5298 praestitisti.
2704 5220 2760 5280 F
2767 5239 2877 5280 ave
2921 5219 3149 5297 igitur,
3201 5217 3530 5279 illustriss.
3565 5215 3781 5277 archi—

498 5323 751 5402 priesul,
782 5321 990 5385 labori
1022 5328 1268 5396 nostro,
1318 5332 1377 5383 et
1402 5321 1525 5382 haec
1554 5338 1740 5400 opera
1774 5322 1975 5381 sancti
2004 5320 2325 5401 Fulgentii
2371 5321 2686 5382 emendata
2720 5340 2929 5383 recens
2986 5328 3167 5400 atque
3218 5321 3285 5381 in
3338 5319 3534 5381 lucem
3573 5317 3776 5377 denuo

502 5423 879 5501 prodeuntia
909 5421 1176 5482 nominis
1206 5422 1302 5481 tui
1328 5421 1690 5498 patrocinio
1725 5430 1915 5491 tuere,
1949 5419 2065 5481 hoc
2096 5431 2208 5494 est,
2241 5439 2438 5481 assere
2468 5424 2563 5483 tui
2587 5421 3041 5502 suffragatione
3057 5419 3327 5499 judicii,
3358 5420 3488 5499 ejus
3523 5416 3780 5478 doctri-

505 5546 648 5588 nam
689 5526 986 5604 episcopi,
1020 5524 1199 5601 cujus
1229 5524 1645 5601 apostolicum
1678 5524 1955 5587 studium
1986 5522 2323 5602 religionis
2357 5524 2683 5603 augenda,
2720 5521 3058 5601 ﬁrmanda,
3091 5520 3463 5599 excolendte,
3512 5517 3778 5599 agendo,

507 5627 942 5705 sentiendoque
977 5627 1215 5689 imitari
1243 5624 1587 5687 contendis.

2222 5722 2365 5787 Tibi
2400 5723 2860 5785 addictissimus
2886 5729 2938 5779 et
2971 5719 3579 5798 obsequentissimus,

2519 5826 2925 5887 GUILLELMUS
2960 5824 3264 5883 Despnez.
