4068 6342
260 403 351 464 105

271 498 3418 529 ww

1094 407 1148 464 S.
1182 403 1619 463 FULGENTIUS
1659 403 2055 461 RUSPENSIS.
2101 403 2630 464 PROLEGOMENA.

1453 606 2312 714 PBOLEGOMENA.

1655 824 2106 888 PREFATIO.

307 954 557 1010 Omnibus
607 952 824 1022 quidem
866 950 1090 1005 Patrum
1118 949 1335 1019 scriptis
1361 964 1426 1004 ea
1449 947 1549 1004 dos
1578 947 1739 1015 inest,
1764 955 1826 1002 ut
1850 950 1908 1012 Α
1930 965 2028 1004 nos
2050 950 2181 1005 liber
2202 968 2334 1006 unus
2350 953 2419 1007 ad
2443 955 2616 1008 decem
2643 954 2957 1025 objectiones
2971 955 3143 1010 decem
3165 956 3523 1025 responsiones

247 1065 338 1104 non
364 1047 482 1104 solo
523 1053 736 1101 mentes
762 1043 1008 1099 veritatis
1034 1041 1244 1112 fulgore
1299 1042 1684 1112 perstringaut,
1729 1041 1827 1097 sed

243 1137 385 1192 simul
432 1136 678 1190 intimum
734 1133 1024 1204 quemdam
1070 1132 1290 1202 pietatis
1324 1147 1542 1187 sensum
1569 1130 1827 1187 cordibus

242 1227 519 1297 legentium
541 1227 800 1282 inserant.
832 1225 991 1282 llaud
1038 1225 1152 1281 scio
1179 1233 1360 1280 tamen
1389 1240 1460 1279 an
1500 1224 1660 1280 ullius
1698 1240 1826 1295 pro-

241 1323 344 1393 pria
377 1321 548 1392 magis
577 1321 700 1376 laus
728 1320 822 1376 illa
853 1318 1016 1376 fuerit
1035 1334 1198 1389 quam
1222 1316 1514 1389 Fulgentii,
1546 1316 1703 1387 cujus
1755 1332 1827 1372 ex

238 1414 442 1486 scriptis
465 1414 515 1470 is
542 1413 785 1470 caritatis
811 1413 984 1484 spirat
1021 1411 1204 1480 ardor,
1245 1425 1310 1466 ea
1360 1410 1580 1481 spiritus
1609 1411 1828 1465 ubertas

238 1503 488 1572 exundat,
519 1513 578 1561 ut
601 1515 793 1578 pectus
813 1504 926 1560 Deo
953 1503 1173 1575 plenum
1209 1518 1319 1559 non
1345 1502 1614 1572 intelligas
1639 1502 1824 1570 modo,

235 1597 320 1655 sed
338 1599 566 1656 sentias.
1798 1591 1816 1630 ι

297 1689 587 1760 Augustini
616 1688 940 1761 discipulum
963 1688 1122 1755 scias,
1152 1703 1263 1743 non
1291 1686 1463 1758 magis
1489 1701 1556 1742 ex
1597 1699 1826 1741 consen-

233 1782 384 1837 sione
411 1780 728 1851 dogmatum
753 1795 918 1851 quam
947 1794 1015 1836 ex
1040 1778 1392 1836 similitudine
1415 1779 1694 1844 virtutum,
1726 1792 1825 1831 va-

233 1875 434 1944 riisque
453 1874 655 1944 ingenii
687 1889 752 1929 ac
779 1889 990 1929 morum
1011 1873 1345 1930 ornamentis
1383 1872 1580 1943 quibus
1623 1871 1714 1928 ille
1741 1881 1828 1928 to-

235 1975 343 2022 tum
365 1965 728 2036 Augustinum
748 1965 1034 2036 expressit.

299 2056 400 2113 Est
448 2056 670 2128 quidem
717 2056 999 2127 Augustini
1025 2056 1197 2128 stylus
1223 2056 1501 2127 aliquanto
1525 2055 1743 2120 cultior,
1774 2063 1832 2111 et

236 2168 265 2207 a
291 2150 476 2208 saeculi
509 2150 592 2206 sui
619 2151 763 2206 vitiis
793 2151 1063 2218 intactior,
1089 2167 1211 2208 cum
1230 2151 1514 2220 Fulgentio
1556 2165 1830 2220 nunquam

237 2258 380 2300 cum
408 2241 573 2298 fuerit
621 2241 932 2312 abstergere
980 2242 1162 2298 saeculi
1189 2242 1272 2296 sui
1305 2242 1489 2309 situm,
1519 2250 1577 2296 at
1606 2230 1749 2297 idem
1776 2241 1831 2296 in

1932 1045 2225 1098 continens.
2258 1045 2335 1098 Ac
2363 1044 2730 1112 objectiouum
2760 1046 2978 1115 quidem
3004 1045 3140 1100 mira
3167 1055 3276 1099 tum
3331 1043 3524 1099 barba—

1930 1135 2062 1202 ries,
2091 1144 2203 1190 tum
2233 1138 2564 1203 obscuritas;
2590 1138 2972 1208 responsiones
3000 1137 3344 1192 nihilominus
3368 1135 3526 1190 lucu-

1931 1225 2110 1290 lenue,
2164 1234 2220 1281 et
2255 1227 2323 1282 ad
2352 1226 2569 1282 Patrum
2599 1229 2939 1298 superiorum
2967 1228 3269 1284 doctrinam
3298 1235 3529 1283 exacue.

1931 1320 2070 1375 Hinc
2090 1330 2174 1376 est
2191 1321 2336 1390 quod
2358 1321 2508 1376 illum
2532 1320 2823 1392 Scriptura:
2853 1321 3051 1384 locum,
3081 1318 3337 1374 Dominus
3377 1333 3529 1371 crca--
3567 1343 3570 1346 ~

1930 1417 2002 1470 ait
2023 1433 2104 1470 me
2131 1416 2339 1470 initium
2361 1416 2563 1470 viarum
2583 1431 2818 1481 suarum,
2845 1429 2957 1469 non
2984 1413 3052 1468 de
3092 1420 3314 1476 aeterna,
3340 1410 3436 1466 sed
3463 1409 3534 1465 de

1931 1508 2219 1579 temporali
2247 1507 2448 1565 Christi
2477 1507 2830 1575 generatione
2875 1503 3285 1573 intelligendum
3331 1501 3525 1566 docet;

1931 1616 2096 1670 quem
2125 1609 2306 1656 tamen
2335 1614 2444 1655 non
2465 1597 2809 1654 incommode
2830 1596 3163 1669 posteriores
3187 1593 3255 1650 ad
3273 1602 3534 1650 aztemam

1932 1693 2100 1750 Verbi
2121 1693 2530 1764 generationem
2558 1689 2819 1754 referunt,
2851 1689 3072 1747 creandi
3100 1688 3270 1743 verbo
3298 1701 3408 1742 non
3434 1685 3532 1742 de-

1931 1788 2131 1856 territi,
2180 1803 2300 1843 eum
2328 1785 2554 1842 Hebraea
2575 1785 2756 1856 potius
2777 1793 2974 1841 sonent
2999 1783 3145 1856 quod
3171 1783 3336 1838 habet
3364 1781 3534 1838 editio

1930 1877 2184 1950 Vulgata,
2213 1876 2466 1932 Dominus
2489 1876 2720 1948 possedit
2747 1893 2828 1930 me
2853 1877 3059 1930 initium
3083 1875 3284 1930 viarum
3299 1890 3531 1929 suarum.

2009 1969 2146 2025 Huic
2171 1970 2308 2025 libro
2338 1968 2697 2039 subiungendi
2726 1977 2850 2025 sunt
2870 1976 2982 2023 tres
3000 1965 3069 2022 ad
3096 1965 3534 2030 Trasimundum,

1932 2077 2166 2132 quorum
2195 2061 2542 2117 occasionem
2594 2061 2711 2132 ipse
2757 2059 2981 2130 exponit
3032 2059 3087 2113 in
3137 2057 3342 2113 limine.
3385 2055 3537 2111 Felix

1935 2153 2158 2225 quidam
2186 2154 2328 2221 regis
2351 2152 2598 2208 minister
2619 2151 2804 2207 nescio
2844 2149 2991 2220 quod
3017 2150 3276 2220 scriptum
3315 2147 3385 2202 ad
3409 2147 3537 2203 Ful-

1936 2245 2176 2316 gentium
2204 2259 2234 2298 a
2263 2258 2391 2314 rege
2415 2242 2684 2298 detulerat
2710 2242 2906 2314 raptim
2935 2257 2998 2296 ac
3021 2239 3337 2296 festinanter
3356 2239 3539 2308 legeno

239 2338 478 2406 utrisque
497 2334 699 2392 mentis
723 2334 896 2404 vigor,
925 2334 1068 2390 idem
1096 2348 1345 2399 acumen,
1372 2332 1512 2389 idem
1533 2333 1833 2388 sententia-
1859 2331 1910 2394 Β
1938 2337 2090 2408 dum,
2132 2348 2230 2394 seu
2271 2334 2545 2391 libandum
2588 2334 2789 2404 potius,
2839 2333 3132 2402 statimque
3183 2337 3490 2387 extorserat
3519 2347 3536 2382 :

239 2447 351 2486 rum
380 2430 618 2502 pondus,
651 2429 840 2485 eadem
892 2427 1091 2499 ingenii
1114 2426 1363 2492 felicitas,
1391 2426 1582 2482 eadem
1613 2427 1666 2481 in
1692 2434 1834 2481 trac-

240 2520 414 2578 tandis
440 2520 739 2592 Scripturis
765 2519 1062 2589 diligentia,
1085 2518 1397 2583 dexteritas,
1423 2515 1715 2585 afﬂuentia,
1740 2533 1835 2572 ea-

240 2614 357 2671 dem
411 2629 629 2670 morum
677 2613 925 2684 aequitas,
982 2611 1239 2676 suavitas,
1286 2607 1660 2672 mansuetudo,
1692 2607 1834 2663 idem

239 2708 479 2763 caritatis
516 2707 678 2763 ardor
714 2723 783 2762 ex
824 2705 1039 2777 scriptis
1069 2705 1329 2771 emicans,
1354 2703 1496 2758 idem
1541 2719 1640 2774 pro
1686 2702 1832 2758 veri-

241 2809 343 2856 tate
374 2800 547 2857 zelus.
580 2799 693 2854 Nec
723 2799 965 2870 dispar‘es
992 2799 1209 2868 utrique
1237 2797 1440 2852 hostes.
1475 2794 1607 2850 Nam
1629 2803 1684 2850 et
1724 2795 1834 2849 An-

239 2894 449 2964 gustino
509 2891 767 2963 frequens
823 2908 945 2948 cum
990 2891 1206 2946 Arianis
1234 2890 1462 2945 luctatio
1483 2887 1601 2955 fuit,
1626 2897 1682 2943 et
1709 2887 1835 2943 Ful-

237 2985 474 3054 gentium
507 2985 624 3039 haec
652 2983 872 3039 haeresis
898 2997 996 3053 per
1024 2989 1193 3038 totam
1222 2982 1386 3035 vitam
1409 2979 1685 3044 exercuit;
1709 2995 1833 3034 cum

239 3073 686 3145 Semipelagianis
712 3073 1011 3128 orientibus
1050 3069 1332 3127 conflictus
1361 3069 1658 3138 Augustino
1693 3068 1831 3134 ’fuit,

239 3183 358 3223 etim
376 3167 569 3223 iisdem
617 3165 819 3221 adultis
844 3165 1148 3234 Fulgentio,
1175 3163 1292 3235 pari
1315 3161 1600 3233 utrobique
1619 3175 1836 3217 succes-

237 3278 321 3317 su.
356 3262 407 3316 Α
424 3269 621 3316 neutro
643 3260 786 3317 enim
814 3260 902 3315 hic
929 3275 1082 3315 error
1110 3260 1162 3314 in
1184 3266 1358 3314 totum
1378 3272 1718 3328 compressus
1729 3265 1834 3323 est,

242 3356 324 3411 sic
352 3364 528 3410 tamen
555 3355 626 3410 ab
652 3362 883 3424 utroque
910 3353 1145 3408 revictus
1188 3360 1243 3407 et
1289 3351 1576 3421 depressus
1630 3357 1731 3414 est,
1777 3359 1838 3404 ut

246 3447 461 3518 utrique
490 3454 602 3502 tota
623 3461 684 3502 se
712 3444 1027 3501 Latinorum
1057 3443 1434 3513 theologorum
1463 3442 1661 3499 cohors
1689 3455 1834 3515 senio

247 3555 341 3611 per
359 3538 696 3609 adjunxerit.

312 3631 448 3687 Eum
505 3632 671 3702 igitur
711 3645 832 3686 cum
882 3630 1024 3685 inter
1050 3626 1303 3684 Ecclesiae
1330 3627 1626 3697 scriptores
1653 3625 1834 3681 locum

1940 2429 2068 2486 huic
2089 2436 2273 2485 tamen
2293 2435 2358 2484 ut
2374 2441 2538 2498 quam
2567 2427 2798 2498 primum
2825 2441 2856 2479 a
2884 2425 3169 2493 Fulgentio
3190 2422 3538 2495 respondew

1943 2533 2031 2579 tur
2057 2538 2156 2579 rex
2184 2521 2536 2578 nihilominus
2562 2505 2904 2593 perurgebat.
2935 2518 3216 2588 Nunquam
3244 2525 3392 2574 certe
3429 2504 3537 2572 ini-

1939 2614 2099 2684 quius
2120 2619 2432 2684 comparata
2459 2610 2795 2667 concertatio
2823 2608 2943 2664 fuit.
2967 2608 3098 2676 Quis
3125 2609 3268 2664 enim
3300 2623 3535 2678 unquam

1939 2707 2079 2762 libro
2106 2704 2436 2777 respondere
2459 2702 2643 2772 jussus
2671 2710 2756 2757 est
2782 2700 2936 2769 cujus
2960 2700 3192 2755 lectione
3219 2700 3535 2770 prohibere-

1938 2800 2062 2855 tur?
2101 2797 2298 2868 Pugna:
2341 2804 2523 2851 tamen
2569 2793 2934 2850 conditionem
2962 2791 3172 2863 accepit
3199 2791 3534 2862 Fulgentius,

1938 2908 2030 2958 ne,
2059 2899 2115 2946 ut
2145 2891 2260 2962 ipse
2289 2888 2546 2959 loquitur,
2575 2895 2666 2941 aut
2687 2886 2898 2960 fastidio
2921 2886 3180 2954 tumidus,
3208 2894 3299 2940 aut
3320 2887 3536 2940 tacitur-

1939 2987 2121 3041 nitatis
2161 2985 2313 3052 culpa
2352 2981 2629 3038 obstrictus
2675 2988 2961 3051 putaretur.
3012 2977 3080 3033 Et
3107 2993 3441 3050 quaecunque
3467 2994 3538 3035 ex

1935 3077 2196 3134 subitaria
2226 3076 2316 3131 illa
2361 3074 2595 3130 lectione
2641 3072 2694 3127 in
2726 3071 3045 3128 memoriam
3071 3070 3339 3128 haeserant
3365 3070 3537 3129 tribus

1937 3171 2090 3228 libris
2140 3170 2403 3225 acerrime
2425 3165 2654 3240 repulit.

2013 3264 2124 3320 llos
2155 3264 2374 3334 quidam
2411 3262 2734 3318 Arianorum
2780 3260 3067 3332 episcopus
3119 3259 3338 3315 nomine
3382 3257 3538 3314 Pinta

1937 3356 2187 3413 refellere
2229 3370 2498 3424 agressus,
2527 3370 2559 3408 a
2580 3353 2866 3422 Fulgentio
2894 3353 3023 3408 item
3053 3352 3270 3423 egregie
3292 3350 3539 3408 confuta-

1938 3458 2029 3504 tus
2049 3457 2151 3504 est.
2183 3447 2452 3503 Caeterum
2473 3446 2762 3518 quominus
2801 3445 2934 3500 illud
2979 3445 3237 3516 scriptum
3279 3459 3399 3500 esse
3420 3459 3539 3500 cre-

1939 3543 2064 3598 dam
2094 3541 2239 3610 quod
2269 3540 2430 3608 hujus
2454 3537 2714 3594 editionis
2741 3554 2794 3609 p.
2840 3536 2946 3591 555
2976 3538 3118 3592 hunc
3146 3536 3361 3591 titulum
3395 3551 3537 3607 prte-

1940 3633 2048 3688 fert
2079 3651 2091 3686 :
2124 3633 2232 3686 Pro
2273 3631 2378 3702 ﬁde
2417 3630 2673 3685 catholica
2715 3629 2962 3683 adversus
3008 3627 3225 3682 Pintam
3244 3627 3536 3694 Arianum,

254 3728 433 3782 merito
453 3722 773 3795 Fulgentius
802 3721 1064 3787 obtineat,
1115 3719 1297 3775 multis
1349 3718 1835 3774 ecclesiasticarum
1861 3714 1911 3780 C
1939 3727 2112 3783 multa
2139 3739 2230 3781 me
2257 3722 2547 3779 deducunt.
2584 3720 2821 3776 Primum
2850 3719 2994 3791 quod
3023 3719 3167 3774 nulla
3215 3719 3302 3774 hic
3346 3717 3537 3787 Pium,

261 3817 546 3871 litterarum
575 3813 884 3868 amantibus
909 3826 1052 3881 aegre
1077 3820 1197 3867 erat
1224 3809 1342 3880 ejus
1370 3825 1538 3880 opera
1593 3818 1703 3864 tam
1753 3811 1837 3864 inv

273 3908 451 3962 curiose
475 3903 664 3961 adhuc
681 3903 887 3968 habita,
905 3913 968 3957 ut
988 3903 1286 3958 alienorum
1313 3900 1494 3971 potius
1513 3901 1838 3972 scriptorum

273 4000 488 4055 accessio
509 3997 716 4053 fuerint
735 4010 896 4068 quam
925 3996 980 4049 in
1008 3993 1286 4066 proprium
1315 3992 1542 4048 collecta
1581 3993 1838 4048 volumen

263 4107 351 4146 suo
389 4091 514 4159 jure
566 4087 838 4144 steterint.
887 4084 1043 4153 Quod
1089 4100 1211 4140 cum
1240 4082 1586 4138 emendatum
1613 4089 1842 4152 cuperet

258 4183 330 4237 vir
352 4180 707 4246 clarissimus,
734 4178 802 4234 de
827 4186 944 4233 tota
986 4175 1158 4232 Gallia
1185 4190 1251 4231 ac
1278 4174 1346 4230 de
1373 4173 1568 4230 litteris
1609 4189 1840 4244 prmser-

247 4276 340 4329 tim
361 4274 504 4330 bene
526 4273 770 4338 meritus,
802 4284 999 4325 novam
1029 4267 1293 4336 Fulgentii
1316 4265 1632 4332 editionem,
1660 4281 1760 4337 pro
1775 4280 1841 4320 ea

244 4383 349 4438 qua
377 4367 621 4438 pollebat
645 4363 988 4427 auctoritate,
1012 4358 1409 4430 quamprimum
1437 4358 1692 4413 adornari
1711 4373 1845 4429 prae-

242 4461 413 4532 cepit.
433 4459 560 4515 llaec
581 4458 672 4514 illa
692 4465 776 4512 est
793 4469 915 4526 quae
933 4467 1078 4509 nunc
1098 4451 1152 4506 in
1174 4452 1347 4506 lucem
1367 4449 1550 4522 prodit
1569 4467 1582 4503 :
1607 4450 1662 4505 in
1678 4464 1843 4520 quam

236 4557 388 4614 mihi
434 4569 618 4610 eorum
669 4553 762 4622 qui
805 4550 1032 4608 editioni
1060 4545 1391 4618 praafuorunt
1417 4553 1610 4613 rogatu
1637 4544 1842 4612 aliquid

238 4645 550 4722 praefatum
564 4645 697 4701 nihil
718 4643 900 4716 potius
920 4641 1096 4696 visum
1117 4647 1219 4703 est,
1245 4653 1407 4709 quam
1431 4644 1493 4692 ut
1512 4651 1701 4692 eorum
1720 4650 1842 4705 quae

237 4750 541 4814 supersunt
567 4738 834 4810 Fulgentii
856 4751 1081 4808 aperum
1094 4735 1314 4790 brevem
1334 4730 1626 4803 quamdam
1646 4729 1842 4786 seriem

240 4835 923 4906 instituerem,eorumque
943 4827 1253 4884 occasiones
1275 4833 1331 4881 et
1351 4829 1668 4893 argumenta
1689 4820 1847 4878 stric-

240 4927 347 4981 tim
375 4935 727 4994 exponerem.

316 5014 638 5084 Fulgentius
664 5013 826 5082 igitur
849 5025 918 5067 ex
939 5008 1090 5080 regio
1117 5015 1473 5080 procuratore
1522 5005 1839 5073 monachus,

239 5124 366 5170 tum
398 5106 713 5165 monasterii
741 5104 1078 5177 prmpositus,
1106 5101 1300 5158 deinde
1355 5101 1658 5172 presbyter,
1716 5115 1850 5156 mox

1954 5114 2076 5170 loca
2106 5110 2428 5182 torquebat;
2459 5106 2553 5164 sed
2600 5103 2884 5173 Fulgentio
2930 5102 3052 5174 plus
3100 5117 3260 5172 quam
3289 5105 3390 5160 sibi
3419 5121 3541 5162 cre-
3641 5133 3649 5147 ι

1951 5203 2104 5269 dens,
2155 5217 2272 5256 rem
2304 5209 2473 5255 totam
2501 5197 2620 5269 ejus
2643 5193 2850 5266 judicio
2885 5193 3236 5265 permiserat;
3265 5196 3424 5251 enixe
3453 5213 3542 5252 ro-
3636 5192 3643 5233 ὲ

243 5209 564 5279 episcopus,
593 5216 658 5256 ac
685 5199 943 5255 continuo
970 5209 1093 5253 cum
1121 5195 1242 5250 aliis
1269 5191 1466 5248 Africae
1493 5193 1766 5264 episcopis
1791 5193 1846 5248 in

239 5299 554 5360 Sardiniam
585 5297 890 5364 relegatus;
919 5302 1083 5364 atque
1112 5291 1236 5348 inde
1263 5306 1294 5346 a
1323 5289 1699 5356 Trasimundo,
1727 5304 1852 5345 nes-'

242 5397 333 5451 cio
359 5406 528 5463 quem
552 5390 853 5463 litterarum
879 5400 1121 5442 amorem
1149 5399 1260 5456 pne
1286 5399 1348 5439 se
1375 5381 1599 5448 ferente,
1637 5382 1707 5437 ob
1738 5381 1848 5437 sin-

241 5461 498 5557 gularem
529 5461 731 5552 ingenii
759 5489 817 5536 et
841 5477 1160 5535 eruditionis
1203 5477 1401 5532 famam
1455 5483 1739 5532 revocatus
1794 5474 1847 5530 in

244 5583 488 5637 Africam
517 5595 530 5631 :
561 5581 686 5649 post
705 5575 935 5646 primum
959 5573 1109 5628 illum
1135 5587 1167 5628 e
1192 5570 1438 5627 Sardinia
1465 5569 1716 5635 reditum,
1746 5584 1846 5638 pro

243 5672 516 5731 Ecclesia:
573 5678 687 5725 tum
743 5665 1084 5732 defensione,
1135 5672 1249 5720 tum
1303 5657 1642 5722 institutione
1697 5663 1844 5719 varia

244 5768 492 5838 scripsit.
1481 5805 1486 5812 .

322 5861 509 5916 Prima
537 5858 652 5930 ejus
679 5853 981 5912 lucubratio
1001 5868 1067 5910 ea
1091 5853 1300 5912 videtur
1326 5868 1447 5910 esse
1485 5853 1637 5924 cujus
1657 5853 1708 5910 in
1742 5854 1848 5912 hac

249 5956 500 6013 editione
527 5951 614 6008 hic
643 5948 832 6004 titulus
849 5955 970 6003 est:
1003 5947 1187 6004 Sancti
1209 5947 1475 6020 Fulgentii
1499 5955 1679 6004 contra
1701 5945 1848 6003 Aria-

542 6043 817 6104 Pnnon.
864 6039 1056 6102 LXV.

1943 3835 2046 3876 nec
2066 3819 2328 3874 librorum
2354 3815 2422 3870 ad
2443 3812 2879 3880 Trasimundum,
2903 3828 3004 3869 nec
3031 3813 3197 3878 totius
3224 3811 3382 3883 hujus
3408 3828 3538 3868 eon-

1943 3909 2258 3968 certationis
2304 3907 2526 3963 mentio.
2585 3904 2788 3960 Deinde
2835 3903 2980 3974 quod
3030 3904 3118 3958 illa
3173 3918 3336 3973 quam
3384 3901 3539 3959 all‘ert

1945 4004 2196 4074 ὀμουσίου
2240 3995 2618 4068 interpretatio
2661 3994 2942 4064 Fulgentio
2970 3993 3154 4048 Graece
3200 4008 3307 4048 non
3349 3992 3541 4048 leviter

1944 4093 2156 4150 erudito
2186 4105 2295 4146 non
2323 4087 2458 4144 satis
2483 4085 2758 4144 convenit.
2796 4084 2981 4155 Itaque
3026 4084 3186 4153 longe
3210 4081 3541 4152 probabilius

1947 4193 2064 4240 tum
2082 4181 2406 4240 Sirmundus
2435 4189 2548 4234 tum
2571 4178 2660 4233 alii
2703 4177 2809 4233 hoc
2848 4192 2983 4246 opus
3022 4174 3305 4246 Fulgentio
3333 4172 3540 4245 abjudi-

1945 4287 2094 4346 cant,
2123 4275 2340 4332 tametsi
2368 4272 2504 4329 illud
2554 4280 2612 4328 et
2665 4271 2718 4326 in
2766 4269 2944 4325 Africa
2987 4275 3042 4322 et
3079 4266 3134 4321 in
3162 4266 3540 4338 persecutione

1946 4369 2240 4427 Vandalica
2267 4365 2526 4437 scriptum
2553 4369 2786 4420 constet.

2022 4462 2140 4519 Non
2164 4459 2336 4516 multo
2381 4465 2506 4530 post
2532 4454 2856 4512 Arianorum
2893 4450 3094 4508 invidia
3139 4451 3195 4506 in
3236 4450 3542 4511 Sardiniam

1949 4556 2149 4612 iterum
2175 4553 2392 4626 pulsus,
2423 4549 2592 4605 libros
2637 4547 2706 4603 ad
2759 4545 3055 4602 Monimum
3104 4542 3386 4614 aggressus
3435 4551 3542 4602 est.

1949 4647 2084 4703 Erat
2117 4647 2164 4702 is
2191 4661 2260 4702 ex
2288 4641 2576 4716 praecipuis
2602 4639 2721 4710 ejus
2767 4638 2976 4701 amicis,
3004 4637 3220 4693 virtutis
3270 4637 3434 4692 etiam
3474 4651 3542 4693 ac

1949 4739 2268 4800 eruditionis
2293 4737 2452 4794 laude
2496 4741 2776 4807 praestans.
2810 4732 2882 4787 At
2907 4747 3029 4788 cum
3059 4730 3112 4784 in
3157 4738 3331 4786 sancti
3354 4729 3540 4799 Augu-

1950 4835 2079 4894 stini
2102 4831 2344 4890 doctrina
2364 4829 2552 4886 rudior
2570 4835 2732 4894 esset,
2752 4826 2806 4882 in
2825 4841 2948 4881 eam
2962 4831 3185 4879 venerat
3205 4824 3539 4894 opinionem,

1951 4937 2012 4983 ut
2039 4925 2107 4982 ad
2133 4926 2358 4990 bonum,
2383 4921 2470 4994 sic
2504 4919 2574 4976 ad
2619 4917 2821 4974 malum
2847 4915 3094 4972 homines
3127 4930 3158 4968 a
3187 4914 3299 4971 Deo
3330 4917 3542 4987 praede-

1951 5020 2160 5088 stinari,
2188 5019 2242 5075 in
2297 5030 2527 5087 eamque
2577 5011 2900 5082 sententiam
2955 5009 3204 5081 quaedam
3259 5011 3541 5081 Augustini

1951 5308 2084 5364 gans
2112 5301 2170 5347 ut
2189 5292 2318 5362 quid
2346 5290 2413 5346 de
2448 5305 2512 5345 ea
2540 5303 2600 5344 re
2646 5284 2982 5342 sentiendum
3025 5293 3170 5340 esset
3196 5287 3543 5356 pmscrihcro

1956 5403 2065 5442 non
2099 5394 2432 5455 gravaretur.
2464 5381 2522 5437 ld
2542 5378 2855 5450 Fulgentius
2881 5378 3056 5449 primo
3082 5379 3218 5434 libro
3245 5379 3542 5434 luculenter

1953 5477 2282 5547 exsequitur.
2324 5475 2491 5546 Negat
2543 5488 2610 5528 ex
2667 5469 2964 5538 Augustino
3005 5469 3251 5525 homines
3301 5469 3369 5524 ad
3436 5485 3542 5524 ωδε

1952 5572 2064 5626 lum
2107 5568 2494 5641 praedestinari,
2551 5581 2673 5621 cum
2741 5565 2882 5623 Deus
2929 5562 3043 5618 haec
3077 5571 3284 5618 tantum
3336 5562 3542 5632 praede-

1949 5665 2115 5719 stinet
2161 5676 2282 5733 quat
2336 5662 2451 5732 ipse
2500 5659 2736 5717 facturus
2763 5661 2865 5729 sit;
2906 5676 2976 5718 ex
3031 5673 3140 5729 quo
3187 5655 3247 5711 fit
3299 5665 3361 5712 ut
3403 5657 3541 5714 sicut

1952 5754 2096 5812 mala
2143 5754 2322 5810 facere
2350 5767 2382 5808 a
2405 5753 2518 5810 Deo
2546 5753 2778 5809 alienum
2824 5760 2926 5821 est,
2954 5752 3188 5828 sie‘item
3235 5748 3304 5804 ad
3341 5749 3541 5806 malum

1951 5847 2364 5921 prredestinare;
2395 5847 2488 5904 sed
2514 5847 2642 5918 quia
2689 5847 2958 5904 malorum
2983 5860 3145 5918 paena
3181 5845 3380 5900 malum
3432 5858 3541 5902 nou

1953 5950 2055 6014 est,
2083 5941 2180 6002 sed
2203 5942 2331 6001 mali
2359 5942 2540 6001 notius
2578 5941 2864 6008 medicina,
2896 5941 2962 5996 ad
2993 5955 3208 6014 pmnam
3249 5945 3401 5997 recte
3441 5937 3537 5997 ho-

2822 6031 2863 6096 ι
