4122 6330
569 356 669 414 107

1707 358 1764 415 S.
1804 353 2147 416 FULGENTI
2155 353 2236 413 US
2273 352 2664 414 BUSPENSIS.

3716 359 3816 418 £06

563 471 735 527 mines
762 466 868 527 dici
894 466 1301 542 praedestinatos
1315 467 1491 535 docet,
1519 466 1645 524 licet
1671 465 1813 523 Deus
1842 468 1908 523 ad
1928 467 2140 538 culpam
2163 469 2218 529 Α
2242 482 2347 522 non
2395 470 2604 535 teneris,
2649 474 2702 524 et
2741 468 2987 524 mundum
3032 468 3400 547 contemnendo
3441 468 3630 540 calcas,
3661 487 3696 526 α
3720 491 3819 548 quo

564 562 833 617 neminem
857 560 1217 633 praedestinet.
1235 560 1408 628 Atque
1427 558 1530 614 hoc
1550 558 1850 630 primi‘libri
1863 572 2143 629 argumeu-
2168 581 2180 593 -

564 659 678 706 tum
702 662 801 717 est,
830 666 990 721 quem
1019 650 1086 705 de
1113 648 1592 705 Praidestinatione
1619 648 1811 704 librum
1838 648 2026 703 Florus
2048 664 2143 719 ap-

563 743 750 814 pellat.
784 741 1035 798 Secundo
1078 748 1277 812 praeter
1304 741 1409 795 alia
1457 740 1731 809 nonnulla,
1760 741 1859 796 toti
1898 739 2145 795 Trinitati

564 832 892 890 sacriﬁcium
918 832 1078 887 docet
1103 830 1303 897 oﬂ'erri,
1328 846 1429 887 nec
1448 846 1633 886 verum
1654 846 1774 889 esse
1798 831 1941 902 quod
1961 830 2145 886 Ariani

564 923 957 997 pertendebant
984 923 1087 980 soli
1114 922 1265 979 Patri
1305 921 1615 980 sacriﬁcari.
1642 923 1827 979 Tertio
1848 923 2025 978 varias
2052 937 2147 977 eoo

565 1018 811 1076 rumdem
829 1017 1152 1075 Arianorum
1171 1015 1367 1072 refellit
1385 1016 1642 1087 argutias.

636 1110 714 1165 De
733 1107 1074 1165 Remissione
1114 1114 1463 1178 peccatorum
1488 1105 1609 1161 libri
1633 1104 1764 1173 duo,
1785 1104 1871 1160 his
1889 1105 1956 1158 ad
1985 1104 2150 1159 Moni-

565 1216 714 1258 mum
733 1197 1086 1269 subiungendi
1113 1206 1258 1266 sunt,
1275 1213 1412 1270 quos
1434 1198 1489 1253 in
1508 1196 1699 1254 exsilio
1725 1195 1956 1267 scriptos
1981 1195 2150 1251 claret

567 1307 637 1350 ex
663 1289 781 1363 ejus
805 1290 949 1349 Vita.
976 1289 1038 1347 In
1082 1291 1167 1348 his
1201 1288 1514 1360 Fulgentius
1555 1290 1765 1346 veniam
1806 1296 2149 1359 peccatorum

566 1400 669 1442 nec
697 1391 852 1443 extra
875 1383 1172 1443 Ecclesiam
1199 1399 1231 1439 a
1268 1384 1381 1441 Deo
1406 1383 1631 1441 concedi
1658 1381 1836 1448 docet,
1868 1397 1971 1439 nec
1995 1390 2149 1439 extra

567 1477 764 1544 vitam;
789 1476 964 1533 solum
989 1475 1134 1533 enim
1174 1475 1301 1532 vitae
1322 1475 1555 1546 spatium
1583 1474 1800 1545 agendas
1826 1488 1950 1533 cum
1975 1472 2151 1531 fructu

567 1569 899 1640 poenitentiae
918 1584 951 1625 a
977 1567 1089 1624 Deo
1109 1568 1485 1638 przestitutum.
1688 1628 1691 1631 _

642 1661 719 1718 De
737 1675 804 1717 ea
819 1667 999 1721 autem
1015 1660 1174 1716 venia
1195 1659 1345 1731 loqui
1362 1658 1698 1729 Fulgentium
1724 1666 1877 1729 patet
1899 1674 2004 1729 qua
2030 1658 2153 1731 quis

569 1767 639 1808 ex
665 1749 864 1822 iniusto
889 1749 949 1806 fit
971 1750 1169 1820 justus,
1216 1765 1282 1806 ex
1312 1750 1478 1821 impio
1506 1751 1644 1821 pius.
1676 1749 1941 1807 Caeterum
1972 1758 2151 1807 utrum

2242 576 2356 614 cum
2376 560 2617 633 diligeres
2639 559 2945 615 calcabaris.
2971 560 3212 628 Quamvis
3225 562 3365 616 enim
3392 560 3623 617 Christus
3647 577 3822 636 agita-

2242 650 2361 704 liter
2388 650 2455 703 sit
2481 666 2575 720 pro
2602 651 2795 704 cunctis
2827 649 3064 720 ﬁdelibus
3092 658 3344 719 mortuus,
3373 660 3424 706 et
3450 653 3647 723 (equale
3664 670 3821 710 cunc-

2247 743 2311 796 tis
2340 741 2637 813 beneﬁcium
2674 741 3038 812 redemptionis
3077 742 3399 812 impenderit,
3445 742 3644 797 dicente
3683 744 3825 816 Apo-

2246 833 2397 898 stolo,
2425 830 2725 904 Quicunque
2749 832 2885 886 enim
2906 833 2961 886 in
2983 829 3186 887 Christo
3225 831 3473 904 baptizati
3498 834 3640 900 estis,
3667 833 3824 889 Chri-

2246 931 2383 978 stum
2409 923 2672 991 induistis,
2702 939 2807 979 non
2844 932 2921 977 est
2937 922 3153 979 Judwus
3181 940 3341 996 neque
3362 922 3593 994 Graecus,
3621 942 3725 981 non
3748 935 3827 982 est

2248 1031 2420 1069 seruus
2460 1029 2619 1086 neque
2659 1012 2806 1076 liber,
2852 1030 2959 1068 non
3007 1023 3084 1069 est
3128 1013 3386 1069 masculus
3414 1032 3575 1087 neque
3601 1018 3827 1088 femina;

2249 1122 2424 1161 omnes
2450 1109 2585 1160 enim
2612 1122 2701 1161 vos
2740 1122 2899 1160 unum
2945 1107 3069 1161 estis
3106 1108 3164 1161 in
3210 1106 3414 1163 Christo
3460 1106 3583 1163 Jesu
3606 1126 3624 1162 :
3657 1119 3828 1164 tamen

2251 1200 2508 1253 conversio
2529 1200 2811 1269 potentium
2830 1199 3007 1254 steculi
3026 1204 3242 1255 multum
3263 1201 3449 1254 militat
3476 1202 3830 1273 acquisitioni—

2252 1287 2343 1343 bus
2367 1289 2576 1343 Christi.
2621 1289 2770 1344 Sicut
2815 1291 2953 1344 enim
2979 1289 3128 1344 multi
3155 1291 3375 1361 fratres,’
3391 1291 3566 1358 amici,
3597 1292 3827 1355 clientes,
3922 1304 3929 1311 '

2252 1395 2313 1432 ac
2343 1376 2551 1445 subditi,
2580 1381 2690 1433 noti
2711 1381 2909 1451 pariter
2931 1389 2980 1434 et
3006 1381 3187 1452 ignoti,
3219 1381 3403 1436 talium
3430 1378 3735 1437 aucforitate
3763 1385 3833 1438 ad

2251 1471 2532 1526 mandante
2558 1471 2844 1526 dilectionis
2879 1474 3172 1527 excitantur
3211 1474 3469 1539 ardorem,
3507 1482 3639 1529 eteo
3666 1477 3833 1547 magis

2236 1564 2371 1634 'igne
2388 1563 2655 1618 saecularis
2682 1565 3104 1635 concupiscentia:
3128 1564 3522 1631 succenduntur,
3551 1583 3649 1638 quo
3674 1568 3835 1622 subli-

2253 1670 2361 1709 mes
2388 1654 2564 1708 saeculi
2592 1652 2865 1709 dilectione
2889 1654 3157 1709 mundana
3185 1655 3400 1710 libenter
3426 1659 3651 1728 captivos
3672 1661 3835 1713 teneri

2256 1746 2600 1815 conspiciunt,
2638 1746 2712 1799 ita
2738 1747 2934 1817 quoties
2954 1745 3041 1800 ille
3068 1747 3154 1818 qui
3173 1748 3381 1819 respicit
3406 1756 3612 1815 terram,
3637 1758 3689 1804 et
3710 1752 3837 1822 facit

569 1845 727 1916 iustis
771 1854 895 1916 post
938 1844 1080 1907 hanc
1104 1844 1269 1900 vitam
1310 1858 1481 1914 poenae
1523 1844 1770 1915 quaedam
1811 1844 2154 1914 temporaria:
2181 1835 2235 1897 B
2257 1852 2370 1890 eam
2399 1844 2630 1902 tremere,
2660 1838 2745 1909 qui
2770 1838 2938 1908 tangit
2977 1844 3195 1901 montes,
3240 1846 3292 1893 et
3337 1838 3679 1912 fumigabunt,
3712 1842 3838 1896 dum

570 1935 912 1999 exsolveudre
936 1936 1223 2008 supersint,
1254 1950 1479 2005 quarum
1520 1935 1768 1991 liberatio
1807 1935 2054 2006 precibus
2092 1943 2149 1991 et

569 2024 727 2082 bonis
753 2027 1007 2098 operibus
1034 2027 1368 2098 impetretur,
1402 2026 1457 2084 id
1481 2024 1792 2096 Fulgentius
1821 2034 2069 2084 neutram
2094 2027 2151 2083 in

571 2126 782 2188 partem
810 2118 1043 2188 attingit.

643 2209 726 2264 Ad
753 2210 894 2266 idem
921 2211 1137 2275 secundi
1165 2213 1340 2270 exsilii
1366 2221 1577 2284 tempus
1604 2211 1794 2269 referri
1838 2211 2035 2269 debent
2056 2227 2150 2267 va-

572 2300 668 2359 rize
687 2300 951 2372 epistolae,
976 2317 1098 2373 quae
1116 2303 1221 2359 hoc
1247 2304 1435 2360 ordine
1462 2305 1675 2375 scriptae
1703 2304 1971 2381 videntur.

646 2390 825 2449 Primo
870 2393 991 2450 loco
1020 2394 1338 2450 collocanda
1366 2402 1451 2451 est
1477 2411 1641 2466 quam
1684 2396 1751 2449 ad
1780 2393 2009 2453 Probam
2037 2392 2151 2448 Ro-

571 2499 787 2541 manam
814 2485 1075 2555 virginem
1117 2486 1282 2550 dedit,
1309 2495 1364 2542 et
1388 2500 1589 2555 genere
1613 2495 1671 2542 et
1716 2486 1996 2543 virtutibus
2037 2486 2151 2541 cla-

573 2589 708 2630 ram.
740 2572 869 2630 Erat
900 2575 991 2630 illa
1019 2590 1087 2631 ex
1115 2574 1427 2639 Aniciorum
1446 2576 1665 2642 familia,
1691 2578 1745 2632 in
1771 2592 1876 2646 qua
1899 2584 2007 2656 tam
2030 2575 2157 2631 Pro-

571 2667 655 2725 bac
695 2683 896 2725 nomen
942 2669 1194 2740 frequens
1233 2684 1396 2740 quam
1451 2670 1760 2729 consulatus
1792 2688 1807 2723 :
1850 2670 2153 2739 spretisque

571 2759 765 2829 quibus
792 2760 1050 2816 innutrita
1078 2752 1507 2827 fuerat'deliciis,
1537 2763 1899 2829 virginitatem
1927 2760 2038 2817 Deo
2067 2777 2155 2816 sa-

571 2858 770 2917 crarat,
793 2850 1155 2922 Romanisque
1181 2854 1373 2923 puellis
1396 2869 1502 2909 non
1529 2854 1790 2910 castitatis
1814 2853 1975 2909 modo
1998 2852 2154 2907 laude

572 2940 919 3011 prmlucebat,
949 2941 1046 2998 sed
1071 2942 1235 2998 etiam
1273 2943 1590 2999 humilitatis
1617 2944 1886 3013 exemplo,
1927 2957 2153 3012 quarum

573 3028 832 3085 virtutum
886 3032 1085 3098 studio,
1137 3047 1278 3103 saepe
1332 3047 1457 3088 cum
1511 3032 1793 3102 Fulgentio
1848 3042 2031 3103 egerat
2056 3048 2154 3103 per

573 3121 860 3191 quemdam
886 3124 981 3178 Dei
1009 3110 1227 3179 servum.
1244 3132 1304 3180 ut
1328 3124 1527 3195 aliquid
1562 3124 1663 3181 sibi
1693 3134 1804 3180 tum
1832 3124 1900 3179 de
1926 3124 2148 3191 virgini-

2257 1930 2474 1983 terrenis
2499 1929 2647 1985 rebus
2683 1932 2883 1985 intenta
2910 1930 3080 1987 corda
3107 1934 3511 1990 misericorditer
3534 1936 3757 2007 respicit,
3787 1947 3837 1992 et

2252 2021 2666 2076 consideratione
2678 2024 2867 2093 judicii
2893 2025 2973 2078 sui
3000 2032 3215 2080 tremere
3244 2026 3636 2098 compellit......
3668 2030 3721 2084 in
3752 2040 3837 2084 ta-

2253 2112 2379 2167 lium
2408 2121 2627 2168 tremore
2655 2114 2866 2184 plurimi
2894 2116 3315 2186 contremiscunt,
3335 2125 3386 2172 et
3411 2119 3469 2173 in
3497 2121 3678 2174 talium
3702 2137 3837 2177 con-

2251 2204 2484 2258 versione
2505 2205 2652 2260 multi
2677 2206 2747 2259 ad
2764 2206 3047 2261 subsidium
3070 2208 3420 2265 miserationis
3444 2210 3631 2267 diuina
3656 2216 3838 2285 confu-

2253 2294 2418 2363 giunt.
2449 2293 2536 2348 Ita
2562 2295 2624 2365 fit
2642 2304 2700 2349 ut
2720 2297 2807 2368 qui
2833 2305 2954 2351 sunt
2975 2298 3033 2351 in
3054 2297 3275 2354 culmine
3302 2301 3586 2367 constituti,
3608 2313 3699 2357 aut
3717 2304 3839 2375 plri-

2253 2385 2412 2438 rimos
2438 2400 2609 2439 secum
2634 2386 2873 2455 perdant,
2913 2396 3004 2442 aut
3042 2403 3213 2443 secum
3246 2396 3433 2445 multos
3458 2393 3515 2446 in
3539 2394 3621 2447 via
3647 2394 3836 2449 salutis

2253 2476 2539 2546 acquirunt.
2564 2476 2762 2548 Magna
2790 2479 2918 2533 tales
2945 2484 3022 2535 uel
3044 2496 3197 2550 paena
3219 2489 3411 2552 manet,
3437 2485 3483 2539 si
3511 2484 3686 2539 multis
3704 2503 3837 2556 pro-

2253 2567 2407 2621 beant
2444 2570 2595 2624 mala:
2620 2571 2921 2625 imitationis
2950 2572 3220 2643 laqueum,
3247 2582 3337 2628 aut
3363 2575 3549 2646 gloria,
3582 2577 3629 2631 si
3655 2578 3834 2635 multis

2253 2660 2527 2714 ostendant
2549 2670 2741 2717 sanctae
2755 2666 3152 2720 conversationis
3181 2666 3486 2738 exemplum.
3517 2667 3628 2725 Nec
3654 2670 3833 2726 minus

2253 2750 2548 2805 notandum
2574 2752 2719 2824 quod
2735 2753 2875 2808 idem
2896 2755 3059 2811 habet
3071 2759 3138 2812 de
3152 2756 3349 2827 duplici
3371 2758 3640 2829 superbia.
3665 2756 3830 2815 Dam-

2235 2844 2443 2900 nabilis
2471 2854 2566 2911 est,
2598 2847 2789 2915 inquit,
2820 2849 2990 2903 cordis
3028 2848 3241 2904 humani
3277 2851 3517 2922 superbia
3561 2869 3663 2925 qua
3702 2856 3828 2926 facit

2254 2934 2405 2989 homo
2434 2935 2569 3005 quod
2596 2935 2736 2991 Deus
2758 2937 2815 2991 in
2839 2938 3131 2993 hominibus
3159 2939 3402 3006 damnat;
3433 2942 3523 2996 sed
3560 2942 3658 2998 illa
3684 2944 3821 3000 dete-

2253 3023 2491 3079 stabilior
2517 3042 2619 3095 qua
2644 3027 2743 3081 sibi
2773 3026 2949 3082 tribuit
2988 3028 3140 3084 homo
3179 3030 3315 3101 quod
3361 3030 3502 3088 Deus
3539 3032 3818 3093 hominibus

2258 3117 2455 3182 donat;
2485 3118 2795 3173 damnabilis
2824 3121 2910 3191 qui
2936 3117 3228 3176 substantia
3251 3123 3429 3178 swculi
3467 3124 3603 3180 male
3644 3127 3820 3194 utitur,

574 3222 707 3281 tate,
739 3223 852 3273 tum
1000 3216 1301 3291 humilitate
1328 3217 1564 3289 scribere
1609 3218 1936 3286 dignaretur.
1968 3215 2153 3272 Paruit
2178 3201 2225 3265 C
2256 3212 2347 3266 sed
2374 3210 2720 3268 damnabilior
2756 3216 2841 3285 qui
2876 3214 3230 3285 spiritualibus
3274 3217 3425 3272 donis
3469 3218 3720 3290 superbus
3753 3219 3828 3290 ef.

575 3307 908 3387 Fulgentius,
939 3307 1153 3383 Christo
1179 3310 1235 3365 in
1254 3309 1506 3368 fratribus
1531 3310 1754 3380 obsequi
1774 3310 1981 3375 solitus,
2006 3316 2062 3362 et
2085 3308 2153 3363 de

576 3400 680 3455 isto
702 3409 1020 3472 argumento
1044 3409 1326 3457 tractatum
1350 3401 1416 3456 ad
1440 3401 1670 3457 Probum
1697 3401 1945 3469 instituit,
1974 3402 2029 3456 in
2050 3401 2157 3471 epi-

577 3491 835 3547 stolarum
879 3491 1094 3563 quidem
1123 3508 1342 3548 censum
1380 3493 1631 3562 relatum,
1657 3493 1752 3550 sed
1777 3508 1937 3565 quem
1976 3500 2156 3549 tamen

579 3583 692 3654 ipse
720 3583 956 3639 libellum
982 3585 1237 3656 appellat.

648 3696 898 3767 Ejusdem
920 3696 1049 3753 item
1071 3699 1289 3755 hortatu
1316 3698 1451 3755 duos
1478 3699 1545 3755 de
1564 3697 1776 3769 Jejunio
1802 3710 1859 3755 et
1902 3698 2160 3754 Oratione

579 3790 745 3847 libros
770 3790 1058 3860 scripserat
1081 3808 1095 3855 ς
1122 3805 1258 3859 quos
1278 3791 1496 3859 quidam
1517 3792 1648 3846 nihil
1668 3791 1812 3847 aliud
1826 3807 1945 3847 esse
1970 3799 2163 3862 putant

581 3896 742 3952 quam
769 3889 1016 3949 quartam
1048 3881 1357 3951 epistolam,
1389 3897 1508 3951 qua:
1538 3883 1601 3937 de
1629 3882 1879 3937 Oratione
1925 3892 1975 3938 et
2010 3881 2163 3937 Com-

581 3975 858 4045 punctione
883 3973 1055 4029 cordis
1093 3974 1163 4026 ad
1193 3973 1423 4028 Probum
1465 3975 1789 4030 inscribitur.
1820 3976 1890 4028 At
1918 3975 2007 4029 illa
2039 3990 2162 4029 cum

583 4065 640 4119 in
672 4063 985 4134 explicanda
1023 4063 1225 4119 Christi
1264 4066 1457 4132 gratia,
1484 4066 1788 4120 humilitate
1815 4074 1872 4120 et
1897 4081 2161 4135 compun-

586 4156 768 4212 ctione
778 4154 958 4211 cordis
978 4161 1094 4210 tota
1116 4163 1386 4227 versetur.
1412 4170 1511 4211 nec
1526 4154 1596 4211 de
1607 4157 1852 4215 oratione
1872 4155 2165 4226 quidquam

584 4245 875 4315 separatim
900 4244 1115 4311 habeat,
1138 4245 1331 4303 horum
1360 4246 1619 4301 librorum
1660 4247 1816 4304 titulo
1859 4247 1924 4301 de
1958 4248 2165 4318 Jejunio

586 4336 792 4391 scilicet
816 4344 866 4389 et
898 4334 1148 4390 Oratione
1176 4350 1285 4390 non
1305 4328 1439 4392 satis
1465 4343 1592 4407 apte
1606 4337 1917 4410 respondet.

658 4427 776 4486 Non
803 4429 981 4485 minus
1017 4415 1223 4485 illustre
1245 4428 1413 4485 Gallae
1440 4445 1658 4497 nomen,
1689 4446 1852 4500 quam
1879 4441 1939 4488 ut
1981 4448 2013 4488 a
2040 4433 2168 4488 Ful-

556 4524 772 4593 ,gcntin
797 4523 992 4580 litteris
1031 4522 1430 4594 compellatam,
1475 4526 1554 4581 sic
1595 4541 1627 4580 a
1667 4536 1855 4583 sancto
1907 4524 2167 4598 Gregorio

2255 3307 2438 3377 fertur.

2266 3468 2267 3471 η
2330 3399 2675 3464 Reliquarum
2711 3398 2976 3467 Fulgentii
3018 3402 3365 3470 epistularum
3401 3409 3614 3472 tempus
3655 3403 3835 3458 incer-

2259 3501 2391 3553 tum,
2426 3489 2672 3558 illiusque
2711 3491 3007 3559 praesertim
3027 3508 3145 3560 qua:
3171 3494 3343 3562 prima
3372 3502 3641 3549 censetur.
3675 3493 3844 3563 Cujus

2260 3590 2653 3649 argumentum,
2702 3583 2832 3638 satis
2870 3583 3202 3653 perplexum.
3251 3584 3426 3654 Nupta
3471 3586 3682 3640 cuidam
3722 3588 3847 3643 viro

2260 3673 2454 3728 mulier
2481 3682 2723 3743 accepta,
2766 3674 2939 3744 inquit
2980 3674 3312 3743 Fulgentius,
3358 3676 3411 3730 in
3451 3676 3602 3744 gravi
3649 3678 3850 3732 morbo

2263 3780 2454 3820 manus
2481 3750 2841 3835 impositioue,
2886 3767 3253 3835 pmuitentiam
3301 3767 3593 3823 secundum
3634 3784 3851 3828 morem

2263 3874 2424 3927 quem
2451 3858 2616 3913 habet
2643 3857 2947 3914 Christiana
2983 3861 3169 3929 religio
3199 3870 3499 3931 peregerat,
3541 3863 3628 3917 cui
3666 3864 3853 3932 paeni-

2267 3949 2446 4006 tentia:
2495 3965 2766 4006 annexum
2813 3960 2932 4005 erat
2977 3952 3317 4007 continentiae
3354 3963 3568 4016 votum,
3600 3968 3632 4007 a
3662 3954 3853 4012 mariti

2267 4051 2445 4094 tamen
2488 4041 2764 4096 voluntate
2810 4056 3143 4110 suspensum.
3185 4041 3253 4096 Id.
3287 4043 3407 4097 viro
3447 4043 3621 4099 adhuc
3659 4043 3855 4112 juveni

2268 4131 2575 4200 scrupulum
2607 4129 2878 4198 injecerat,
2911 4130 2978 4185 de
3004 4146 3113 4199 quo
3159 4131 3227 4185 ad
3262 4130 3598 4200 Fulgentium
3635 4134 3855 4191 retulit.

2267 4221 2476 4277 Nodum
2498 4235 2627 4289 ergo
2657 4220 2966 4289 Fulgentius
3005 4223 3241 4293 generali
3278 4222 3523 4279 doctrina
3562 4225 3814 4281 dissolvit
3839 4267 3857 4280 .

2270 4314 2381 4370 Nec
2404 4330 2434 4369 a
2462 4315 2658 4371 marito
2685 4331 2784 4371 nec
2812 4317 2879 4372 ab
2903 4331 3072 4370 uxore
3096 4316 3230 4371 citra
3260 4325 3501 4371 mutuum
3523 4333 3863 4389 consensum

2270 4406 2654 4463 continentiam
2683 4408 2786 4462 rite
2812 4408 2996 4462 voveri
3025 4423 3200 4476 posse.
3234 4406 3498 4462 Czeterum
3526 4409 3570 4461 si
3599 4409 3721 4477 quis
3753 4427 3828 4465 vo

2271 4497 2417 4555 venti
2438 4498 2794 4567 consenserit,
2825 4498 2875 4553 ei
2903 4499 3142 4560 mutandi
3170 4499 3431 4568 propositi
3457 4498 3545 4567 jus
3573 4514 3680 4554 non
3704 4516 3867 4573 esse,

589 4581 859 4669 laudatam
910 4628 1020 4674 non
1074 4581 1502 4683 improbabiliter
1554 4581 1841 4672 Baroniusv
1873 4581 2165 4674 cristiinat.
2190 4581 3207 4683 9'P‘écsmdtllnquél’wrsus'cuique
3244 4604 3365 4646 ⁸⁵⁵⁸
3394 4588 3536 4683 θυοδ
3579 4589 3688 4646 Deo
3720 4598 3863 4661 υτο-

591 4705 719 4763 Haec
761 4705 1072 4780 Symmachi
1097 4706 1332 4765 consulis
1351 4694 1487 4770 lilia,
1515 4716 1572 4765 et
1598 4708 1803 4765 consuli
1824 4716 2171 4779 nuptarmox

591 4801 732 4855 intra
757 4814 959 4855 annum
988 4797 1167 4865 vidua,
1196 4799 1382 4859 mundi
1428 4798 1706 4857 illecebras
1731 4801 1899 4858 semel
1938 4803 2169 4872 experiri

590 4891 723 4945 satis
753 4889 960 4956 habuit,
991 4904 1057 4946 ac
1095 4889 1529 4951 dissuadentibus
1574 4889 1702 4947 licet
1748 4891 1990 4959 medicis,
2040 4899 2098 4946 et
2123 4892 2168 4946 si

564 4980 979 5036 continentiam
1031 4988 1368 5050 sequeretur,
1399 4979 1471 5036 ob
1498 4980 1720 5036 nimium
1760 4982 2014 5045 calorem,
2044 4981 2169 5039 bar-

592 5070 718 5123 bam
745 5083 854 5123 non
879 5068 1080 5125 frustra
1106 5069 1455 5137 minantibus,
1484 5056 1668 5127 statim
1695 5085 1727 5125 a
1759 5070 1859 5124 viri
1888 5077 2063 5126 morte
2112 5071 2165 5125 in

593 5156 977 5212 monasterium
1004 5173 1062 5214 se
1086 5154 1290 5215 abdidit
1337 5176 1351 5213 :
1397 5172 1504 5230 quo
1553 5167 1831 5229 comperto
1861 5158 2170 5228 Fulgentius

592 5246 805 5317 scriptis
843 5245 913 5301 ad
941 5260 1061 5300 eam
1090 5247 1285 5305 litteris
1326 5249 1472 5306 etde
1512 5248 1614 5303 viri
1660 5256 1833 5304 morte
1861 5249 2169 5306 consolatus

592 5344 693 5402 est,
727 5341 784 5390 et
808 5333 876 5391 de
899 5333 1174 5392 viduitatis
1200 5344 1344 5392 statu
1369 5344 1425 5392 et
1451 5335 1642 5393 officiis
1671 5337 1883 5392 erudiit.

664 5427 837 5507 Simili
876 5426 1115 5483 caritatis
1155 5426 1349 5484 ardore
1378 5411 1721 5485 Theodorum
1757 5429 2053 5499 Romanum
2081 5445 2166 5486 se-

592 5528 837 5578 natorem
865 5530 922 5578 et
939 5519 1236 5587 consulem,
1259 5519 1352 5589 qui
1370 5520 1549 5577 seaculi
1566 5520 1758 5578 fastum
1787 5520 2000 5579 Christo
2020 5534 2168 5593 post-

593 5613 875 5681 habuerat,
901 5614 957 5669 in
982 5620 1168 5669 sancto
1191 5612 1470 5683 proposito
1498 5614 1680 5670 multis
1712 5616 1930 5675 monitis
1967 5615 2165 5681 contir-

593 5704 779 5760 mavit.
809 5704 889 5760 Ex
908 5704 1100 5774 quibus
1119 5703 1261 5763 istud
1281 5704 1475 5760 merito
1503 5706 1843 5763 commendat
1870 5706 2163 5777 Baronius:

2270 4681 2498 4749 miserit,
2528 4681 2703 4749 aliqua
2729 4681 2854 4736 licet
2874 4682 3189 4738 necessitate
3217 4682 3522 4751 compulsus
3547 4698 3561 4735 :
3585 4697 3684 4736 nec
3704 4683 3872 4743 aliud

2271 4780 2400 4827 tunc
2425 4780 2614 4829 contra
2640 4772 2816 4828 carnis
2844 4772 3166 4828 tentationcs
3195 4771 3507 4837 remedium,
3538 4789 3699 4841 quam
3723 4790 3872 4843 pre-

2272 4878 2414 4928 cum,
2445 4871 2501 4918 et
2527 4873 2758 4919 strenua:
2792 4874 2980 4919 contra
3008 4865 3497 4936 concupiscentiam
3530 4866 3708 4925 lucue.
3742 4860 3901 4925 Nec

2272 4950 2579 5007 defuturum
2606 4952 2864 5009 divinitus
2892 4955 3148 5011 auxilium
3170 4956 3258 5011 ubi
3280 4957 3437 5026 plena
3482 4956 3642 5012 fuerit
3671 4960 3875 5015 conti-

2272 5046 2468 5100 nentiae
2493 5045 2761 5115 voluntas,
2789 5056 2845 5103 et
2872 5050 2939 5105 ab
2968 5052 3213 5107 oratione
3234 5060 3396 5120 atque
3424 5053 3675 5122 operibus
3691 5053 3876 5114 bonis

2272 5152 2381 5192 non
2409 5137 2673 5195 destiterit
2695 5156 2822 5197 vera
2840 5143 3017 5201 cordis
3045 5126 3334 5203 humilitas.

2343 5252 2681 5323 Subjicienda
2728 5257 2851 5312 huic
2893 5257 3104 5312 videtur
3143 5258 3371 5329 epistola
3396 5258 3471 5314 ad
3512 5257 3877 5329 Eugyppium

2270 5344 2383 5399 sive
2408 5342 2704 5416 Egyppium
2733 5348 2982 5401 abbatem
3022 5349 3178 5403 simul
3210 5358 3266 5403 et
3291 5350 3661 5421 presbyterum
3703 5365 3874 5406 non-

2272 5435 2431 5491 nullis
2453 5436 2905 5492 lucubrationibus
2928 5438 3150 5493 clarum.
3174 5439 3255 5494 Ab
3277 5440 3385 5507 hoc
3411 5450 3673 5511 acceptam
3700 5440 3877 5498 bene-

2270 5526 2562 5594 dictionem,
2588 5529 2691 5583 hoc
2711 5536 2810 5593 est,
2842 5529 3292 5598 quemadmodum
3330 5532 3673 5602 interpretor,
3721 5547 3875 5588 mu-

2270 5620 2574 5688 nusculum,
2603 5620 2764 5675 multa
2791 5618 3099 5690 Fulgentius
3125 5623 3264 5692 grati
3285 5625 3445 5678 animi
3467 5624 3878 5684 testiﬁcatione

2269 5720 2667 5777 remuneratur;
2709 5724 2763 5768 et
2800 5715 2968 5770 multo
2997 5716 3238 5772 caritatis
3262 5716 3453 5774 ardore
3473 5733 3761 5776 succensus
3790 5719 3874 5776 in

592 5795 646 5852 Μ
654 5797 815 5854 ultum
838 5799 1037 5866 gaudeo
1065 5799 1200 5867 q'uod
1228 5799 1335 5862 iam
1354 5798 1618 5879 secuturis
1645 5799 1934 5859 dilectionis
1954 5803 2167 5860 nexibus
2264 5804 2693 5863 commendanda
2719 5807 2941 5864 caritate
2963 5815 3107 5865 totus
3134 5816 3236 5866 est.
