4068 6342
247 355 363 451 ’κω

1649 373 2174 465 PROLEGOMENA.

3450 431 3555 490 “0

324 512 558 585 Epistola
588 514 657 570 ad
682 515 1005 575 Venantiam
1033 527 1314 578 externam
1359 528 1416 578 et
1449 523 1692 592 ignotam
1719 523 1844 578 Ful—
1869 522 1928 588 Δ
1951 530 2246 597 exagitata,
2294 540 2610 608 tantumque
2653 557 2761 597 non
2791 543 3064 601 haereseos
3091 545 3376 615 damnata;
3409 559 3556 622 post,

263 608 428 678 gentio
457 607 716 688 feminam
739 611 1024 680 cujusdam
1046 612 1231 669 Juniiii
1259 613 1539 671 familiaris
1559 616 1644 686 sui
1673 618 1848 686 preci-

263 701 348 755 bus
373 709 634 755 concessa
664 711 765 757 est.
791 703 904 759 Hac
939 714 1160 775 peccata
1187 715 1311 776 post
1332 707 1659 778 baptismum
1691 724 1844 764 com-

265 793 406 846 missa
437 793 755 861 pmnitentia
785 794 953 850 deleri
986 813 1144 868 posse
1171 798 1347 865 docet,
1376 799 1624 870 adfspem
1655 802 1844 866 veniae,

263 884 338 938 sed
368 885 702 952 paenitentiae
732 887 1080 956 conjunctam
1121 890 1392 957 hortatur,
1432 893 1703 963 variisque
1746 912 1848 952 nos

262 975 419 1030 modis
447 976 518 1030 ad
538 978 914 1047 paenitentiam
940 984 1124 1038 vocari
1151 991 1205 1037 et
1224 985 1384 1049 allici,
1418 986 1472 1040 in
1501 987 1695 1056 quibus
1723 1004 1846 1044 cor-

259 1070 391 1141 poris
419 1068 766 1125 inﬁrmitates
810 1089 920 1127 non
963 1085 1238 1144 postremo
1277 1078 1404 1133 loco
1433 1093 1575 1147 esse,
1624 1088 1683 1134 ut
1727 1082 1842 1151 qui,

255 1158 501 1213 ebutendo
549 1163 773 1216 sanitate
817 1163 1175 1233 inﬁrmitatem
1221 1168 1369 1223 nobis
1411 1171 1720 1238 peperimus,
1753 1189 1847 1242 per

256 1252 601 1319 inﬁrmitatem
631 1255 878 1307 sanitatis
908 1255 1164 1327 beneﬁcia
1191 1275 1505 1329 reparemus.

312 1340 566 1411 Epistolis
594 1353 914 1400 accensetur
941 1351 1293 1406 tractatusad
1324 1352 1588 1408 Donatum
1610 1354 1678 1410 de
1689 1355 1838 1411 Fide.

251 1434 406 1503 Cujus
433 1437 655 1492 occasio
685 1436 785 1492 fuit
811 1440 1152 1510 propositum
1192 1443 1268 1497 illi
1308 1431 1375 1498 ab
1424 1445 1637 1502 Arianis
1680 1462 1842 1516 argu-

251 1536 484 1582 mentum
513 1544 624 1598 quo
651 1527 866 1586 Patrem
895 1531 1176 1601 majorem,
1209 1535 1404 1590 Filium
1431 1538 1695 1594 minorem
1720 1538 1842 1594 effi-

247 1635 361 1672 cere
385 1620 702 1676 tendebant.
729 1620 787 1676 In
809 1622 920 1678 hoc
935 1625 1170 1695 primum
1196 1627 1382 1682 laudat
1401 1630 1704 1702 probatque
1727 1630 1845 1686 Ful-

244 1714 449 1780 yntius
475 1714 645 1783 quod,
677 1715 776 1770 etsi
811 1717 862 1771 ei
896 1731 1002 1772 non
1027 1719 1185 1790 fuerit
1211 1720 1562 1791 respondendi
1594 1721 1836 1794 facultas,

243 1806 468 1858 veritatis
515 1816 687 1860 tamen
717 1809 872 1878 firma
917 1810 1198 1865 credulitas
1253 1813 1308 1865 in
1349 1813 1506 1866 corde
1532 1814 1694 1882 ipsius
1723 1833 1842 1887 per-

1953 620 2056 675 sub
2078 620 2285 678 Joanne
2307 622 2351 678 ll
2376 628 2651 698 pontifice,
2684 632 2966 702 ipsiusmet
2990 634 3215 692 Joannis
3235 646 3290 693 et
3321 620 3558 710 impera;

1954 712 2089 767 toris
2113 728 2358 782 assensu,
2396 719 2672 790 totiusque.
2704 722 2960 782 Ecclesia:
2989 728 3393 806 conspiratione
3424 748 3556 802 pro-

1951 801 2077 857 hata
2108 805 2198 861 sit.
2232 806 2364 862 lllud
2407 819 2614 868 tantum
2647 815 2940 874 observare
2969 801 3143 877 nostri
3177 829 3261 877 est
3303 801 3555 892 instituti,

1952 894 2185 968 Scythas
2213 905 2506 959 monachos
2533 909 2716 964 omnia
2745 910 2847 965 sibi
2891 911 3080 969 Romae
3117 914 3316 976 infesta
3344 926 3554 986 nactos,

1951 988 2330 1061 episcoporum
2355 994 2545 1052 Africae
2561 997 2614 1054 in
2643 997 2891 1057 Sardinia
2915 1003 3277 1064 exsulantium
3303 1008 3558 1078 suffragia

1950 1077 2053 1134 sibi
2084 1082 2373 1140 conciliare
2401 1086 2694 1144 studuisse.

2021 1169 2210 1242 Itaque
2243 1185 2491 1257 vertente
2512 1195 2655 1236 anno
2679 1181 2785 1238 520
2812 1193 2907 1240 aut
2929 1184 3027 1240 521
3064 1184 3273 1245 reddita
3294 1199 3378 1246 est
3408 1190 3556 1249 Petri

1949 1261 2163 1318 diaconi
2184 1273 2240 1320 et
2265 1265 2689 1342 sociorum‘ejus
2716 1277 2952 1343 nomine,
2984 1279 3233 1347 Datiano,
3264 1282 3576 1354 Fulgentio,

1949 1355 2266 1425 exterisque
2303 1360 2706 1419 confessoribus
2755 1366 2810 1421 in
2861 1367 3112 1425 Sardinia
3157 1373 3556 1446 exsulantibus,

1947 1444 2192 1511 quaedam
2222 1449 2490 1517 expositio
2523 1449 2646 1506 fidei
2688 1455 2757 1509 ad
2787 1456 3032 1525 epistola:
3071 1461 3292 1517 modum
3333 1444 3554 1521 concin-i

1948 1541 2093 1600 nata,
2125 1535 2320 1593 additis
2345 1541 2617 1610 precibus,
2651 1551 2710 1598 ut
2731 1544 2968 1601 Africani
2987 1535 3175 1606 Patres
3201 1553 3329 1622 quid
3349 1553 3416 1609 de
3437 1563 3553 1611 tota

1945 1625 2048 1681 hac
2088 1632 2457 1686 controversia
2508 1635 2775 1690 sentirent
2823 1641 3128 1699 rescribere
3175 1644 3554 1714 dignarentur.

1946 1717 2123 1789 Atque
2152 1730 2209 1776 ut
2240 1738 2344 1793 qua
2377 1723 2447 1782 de
2470 1741 2529 1782 re
2558 1738 2813 1797 ageretur
2851 1733 3066 1804 plenius
3110 1747 3351 1808 nossent,
3399 1721 3572 1797 suam

1945 1811 2046 1881 ipsi
2077 1817 2400 1872 sententiam
2427 1818 2495 1874 de
2532 1818 2734 1878 Christi
2764 1833 2878 1881 tum
2924 1843 3158 1898 persona
3178 1873 3194 1900 ,
3224 1841 3337 1887 tum
3376 1835 3554 1904 gratia

243 1900 508 1954 manserit.
541 1898 664 1954 Mox
689 1900 849 1955 fidem
881 1903 1204 1959 catholicam
1232 1903 1298 1959 de
1322 1921 1426 1959 una
1449 1906 1503 1960 in
1527 1907 1696 1962 tribus
1721 1925 1841 1979 per-
1867 1902 1927 1964 Β,
1944 1916 2197 1962 accurate
2218 1918 2521 1979 exponunt,
2540 1913 2826 1972 formulam
2846 1935 2982 1974 unus
3003 1921 3068 1975 de
3093 1898 3348 1978 Trinitate
3365 1898 3556 1997 passus

243 1993 382 2048 sonis
410 2000 632 2056 natura,
667 1992 858 2047 deinde
888 1993 1276 2052 lncarnationis
1295 1995 1596 2053 doctrinam
1621 1999 1840 2068 rejectis

243 2086 512 2141 erroribus
541 2085 846 2141 luculenter
866 2089 1107 2158 exponit.

305 2179 387 2232 Nil
417 2179 754 2234 commodius
798 2179 880 2234 his
925 2181 1168 2250 epistolis
1208 2181 1399 2252 subjici
1445 2190 1625 2253 potest
1673 2200 1838 2255 quam

247 2279 499 2326 tractatus
528 2285 558 2322 a
584 2268 869 2339 Fulgentio
897 2271 948 2324 in
973 2287 1134 2326 causa
1158 2271 1498 2329 Maxentiana
1529 2274 1792 2331 elaborati
1817 2294 1832 2330 :

245 2381 343 2420 non
372 2364 446 2418 illi
476 2363 699 2434 quidem
720 2379 828 2418 uno
858 2372 1105 2435 tempore
1127 2382 1230 2421 nec
1256 2369 1598 2424 continenter
1623 2370 1831 2440 scripti,

247 2457 328 2512 sed
368 2460 596 2526 propter
637 2455 879 2509 materia:
929 2456 1366 2526 conjunctionem
1408 2461 1631 2516 minime
1672 2477 1834 2534 sepa-

248 2551 406 2605 randi.
463 2549 670 2605 Horum
717 2561 1092 2618 argumentum
1135 2568 1202 2608 ex
1251 2553 1402 2609 istius
1450 2559 1834 2612 controversiae

247 2644 457 2698 historia
486 2642 796 2713 petendum,
831 2659 862 2698 e
889 2659 994 2713 qua
1025 2645 1114 2699 hic
1142 2662 1316 2716 pauca
1345 2648 1651 2704 libabimus.

301 2735 433 2802 Quis
462 2735 568 2791 iste
597 2736 897 2790 Maxentius
938 2745 992 2791 et
1037 2741 1187 2806 cnjas
1226 2738 1387 2794 fuerit
1421 2740 1564 2810 apud
1593 2741 1835 2798 eruditos

245 2843 338 2882 non
379 2827 517 2881 satis
545 2834 780 2881 constat.
814 2826 998 2899 Neque
1042 2829 1185 2883 enim
1223 2830 1519 2888 audiendus
1559 2830 1828 2900 Usserius,

243 2920 321 2990 qui
351 2920 506 2974 illum
536 2920 786 2976 eumdem
817 2936 940 2984 esse
967 2921 1083 2976 vult
1107 2939 1229 2978 cum
1257 2924 1598 2982 Antiocheno
1621 2925 1834 2986 Joanne

242 3013 380 3081 cujus
403 3011 724 3068 Gennadius
755 3013 804 3067 in
827 3013 1088 3083 Catalogo
1115 3016 1387 3082 meminit,
1421 3033 1543 3074 cum
1566 3035 1668 3076 nec
1701 3030 1832 3078 tetas

243 3105 512 3176 utriusque
533 3121 637 3160 nec
663 3108 929 3162 sententia
956 3109 1261 3164 conveniat.
1276 3110 1660 3169 Monachorum
1680 3126 1832 3172 certe

241 3200 464 3272 Scythiae
493 3200 600 3255 dux
625 3199 724 3256 fuit
751 3202 863 3256 sive
882 3203 1152 3266 defensor,
1183 3205 1369 3261 iisdem
1399 3207 1594 3277 quibus
1615 3209 1690 3264 illi
1713 3227 1830 3266 sen-

240 3292 383 3346 sibus
409 3291 732 3362 implicatus,
764 3310 870 3350 non
901 3304 1078 3350 tamen
1127 3295 1326 3367 Scytha
1354 3317 1366 3354 :
1399 3314 1520 3355 eam
1549 3302 1693 3357 enim
1715 3320 1744 3357 a
1771 3319 1831 3361 se

242 3382 542 3453 Opinionem
573 3383 803 3452 ipsemet
831 3384 1039 3439 amoliri
1067 3385 1290 3441 studuit.
1324 3387 1550 3446 Abbatis
1595 3391 1695 3446 sibi
1727 3409 1830 3449 no-

241 3488 354 3529 men
385 3483 440 3529 et
468 3474 685 3528 titulum
730 3476 974 3545 sumpsit,
1009 3484 1066 3530 at
1111 3477 1161 3532 id
1208 3478 1531 3536 adversariis
1569 3484 1680 3538 suis
1721 3502 1831 3542 non

242 3563 519 3634 persuasit,
555 3567 649 3636 qui
679 3567 898 3622 tacitum
930 3569 997 3622 ab
1022 3569 1138 3638 ipso
1166 3573 1482 3627 monasterii
1516 3575 1600 3629 sui
1629 3591 1830 3633 nomen

244 3660 467 3730 itemque
497 3660 711 3715 abbatis
734 3660 833 3716 sub
859 3676 968 3730 quo
998 3661 1391 3732 professionem
1434 3668 1703 3724 emisisset
1744 3671 1828 3725 in-

251 3753 433 3808 vidiose
463 3752 894 3823 objectaverunt.
928 3752 986 3808 In
1015 3753 1310 3811 Occidente
1346 3767 1496 3812 certe
1527 3768 1709 3815 natum
1736 3773 1830 3818 aut

260 3846 516 3901 educatum
540 3845 711 3916 stylus
739 3846 914 3914 arguit
944 3861 1050 3901 non
1082 3847 1242 3917 plane
1262 3848 1430 3914 rudis,
1464 3856 1519 3904 et
1539 3853 1828 3920 genuinam

404 3939 510 3994 aevi
541 3937 887 3995 Latinitatem
918 3941 1178 3996 referens.

315 4030 630 4087 Induxerant
668 4038 846 4086 autem
909 4032 1011 4087 sibi
1058 4034 1111 4087 in
1160 4032 1397 4088 animum
1451 4035 1528 4090 illi
1575 4038 1829 4093 monachi

254 4125 440 4197 Scythae
471 4141 773 4196 eorumque
797 4124 974 4182 fautor
1004 4125 1324 4195 Maxentius,
1358 4129 1606 4185 hmresim
1635 4130 1830 4188 Nesto-

249 4221 434 4273 rianam
459 4227 517 4274 et
546 4218 934 4291 Eutychianam
975 4237 1083 4276 non
1112 4223 1243 4277 satis
1273 4223 1484 4279 excludi
1519 4241 1697 4295 posse,
1726 4227 1826 4283 nisi

244 4328 366 4366 unus
411 4330 439 4367 e
482 4312 740 4367 Trinitate
781 4330 968 4385 passus
1007 4325 1360 4372 assereretur.
1407 4317 1606 4374 Multos
1648 4328 1830 4376 tamen

242 4406 456 4460 oﬂ‘endit
487 4406 645 4475 hujus
691 4407 981 4463 locutionis
1018 4411 1248 4476 novitas,
1300 4426 1401 4467 nec
1450 4414 1825 4481 conciliorum,

237 4515 336 4559 nec
364 4500 560 4557 Leonis
598 4501 796 4570 Magni,
838 4518 940 4558 nec
973 4503 1322 4560 ecclesiastici
1347 4522 1474 4561 usus
1504 4509 1830 4564 auctoritate

235 4593 401 4665 nsze.
429 4593 692 4664 Brevique
722 4603 869 4652 totus
896 4594 1087 4652 Oriens
1127 4598 1180 4652 in
1227 4607 1410 4669 partes
1436 4601 1654 4670 scissus,
1687 4602 1829 4659 hanc

1942 2006 2020 2050 est
2048 2014 2077 2052 a
2101 1999 2386 2056 calumniis
2414 2003 2720 2073 vindicant;
2754 2019 3032 2080 postremo
3055 2013 3350 2087 Pelagium,
3375 2017 3558 2077 Coele-

1941 2089 2104 2144 stium
2133 2098 2190 2146 et
2217 2090 2492 2150 Julianum
2517 2097 2786 2170 simulque
2811 2101 2993 2160 Fausti
3011 2105 3179 2163 libros
3202 2111 3570 2178 anathemate.

1939 2184 2265 2252 percellunt.

2012 2275 2130 2331 Non
2153 2277 2476 2348 defugerunt
2511 2282 2746 2339 Africani
2773 2283 2964 2344 Patres
2993 2290 3060 2346 de
3087 2291 3191 2348 fide
3230 2294 3550 2367 interrogati

1939 2367 2009 2422 de
2029 2368 2134 2425 fide
2156 2373 2508 2441 respondere,
2534 2391 2802 2447 suumque
2824 2380 2894 2436 de
2921 2384 3216 2454 propositis
3236 2389 3552 2458 quaestioni.

1935 2457 2039 2514 bus
2063 2475 2281 2516 sensum
2310 2479 2648 2535 expromere.
2682 2468 2760 2524 Ac
2787 2469 2854 2526 de
2911 2457 3290 2534 Incarnatione
3329 2480 3547 2549 quidem

1937 2553 2197 2621 prteclare
2242 2557 2618 2629 subtiliterque
2646 2561 3013 2632 disputarunt,
3047 2567 3114 2622 de
3155 2570 3241 2624 illa
3273 2586 3401 2627 vero
3433 2573 3549 2630 for-

1934 2645 2103 2711 mula,
2127 2663 2262 2702 unus
2291 2649 2356 2702 de
2386 2649 2640 2708 Trinitate
2666 2671 2853 2724 passus
2880 2666 2980 2726 est,
3001 2659 3178 2716 minus
3206 2670 3382 2729 acute,
3417 2663 3548 2724 eum

1936 2735 2057 2805 ejus
2100 2737 2240 2805 loco,
2281 2741 2436 2809 quasi
2473 2743 2722 2812 ejusdem
2761 2763 2973 2816 sensus,
3019 2750 3159 2807 hanc
3210 2755 3544 2820 locutionem

1897 2843 1899 2846 ‘
1935 2839 2216 2898 usurpem,
2233 2847 2338 2885 una
2353 2832 2418 2886 de
2439 2833 2694 2890 Trinitate
2721 2854 2948 2909 persona
2968 2845 3222 2916 cruci/ima
3241 2859 3350 2916 est;
3377 2866 3544 2922 quam

1935 2926 2117 2976 tamen
2147 2921 2221 2976 ita
2251 2938 2417 2980 sensu
2443 2925 2712 2984 diversam
2741 2930 3126 2992 existimabant
3158 2939 3252 3008 qui
3277 2921 3540 2999 huicifor-

1935 3009 2096 3066 mulze
2121 3028 2256 3068 unus
2293 3013 2356 3069 de
2399 3014 2656 3072 Trinitate
2686 3037 2873 3090 passus
2915 3035 2993 3079 est
3022 3025 3320 3097 iniquiores
3361 3043 3538 3105 erant,

1935 3110 1994 3156 ut
2037 3118 2158 3159 cum
2209 3106 2353 3161 illam
2401 3107 2776 3181 admitterent,
2820 3115 2960 3172 hanc
3002 3117 3243 3181 funditus
3282 3125 3539 3195 repudia-

1931 3200 2070 3248 rent.

1857 3277 1916 3352 Cf
2010 3285 2186 3356 Atque
2225 3296 2284 3342 ut
2317 3291 2710 3349 monachorum
2739 3297 2962 3368 scriptio
2983 3313 3176 3370 magna
3206 3317 3274 3358 ex
3300 3313 3454 3374 parte
3482 3305 3550 3370 in,

1938 3377 2258 3448 explicando
2287 3383 2476 3449 gratim
2492 3384 3091 3462 prmdestinationisque
3123 3396 3384 3465 mysterio
3411 3413 3536 3454 ver-

1935 3471 2175 3536 sabatur,
2205 3473 2283 3528 sic
2303 3471 2677 3531 Africanorum
2708 3477 2927 3535 Palmm
2951 3486 3231 3554 responsio
3259 3488 3314 3542 in
3344 3490 3536 3548 iisdem

1935 3563 2204 3633 capitibus
2231 3564 2614 3624 conﬁrmandis
2634 3572 3050 3644 muniendisque
3072 3578 3239 3634 multa
3256 3591 3360 3637 est.
3379 3582 3536 3649 Quod

1937 3655 2150 3722 utrique
2177 3670 2241 3710 ea
2269 3656 2336 3712 de
2364 3673 2526 3716 causa
2551 3671 2915 3730 opportunum
2941 3670 3412 3741 necessariumque
3435 3691 3536 3744 pu-

1936 3755 1991 3800 ta
2000 3756 2205 3814 verunt,
2223 3748 2372 3818 quia,
2396 3750 2590 3808 delatis
2605 3751 3136 3828 Constantinopolim
3154 3759 3336 3818 Fausti
3360 3764 3542 3842 libris;

1936 3854 2144 3909 magnae
2169 3840 2294 3898 hinc
2317 3843 2460 3899 inter
2485 3845 2685 3904 multos
2707 3858 2909 3905 exorta:
2940 3851 3060 3908 lites
3080 3863 3264 3922 erant;
3295 3857 3420 3912 dum
3442 3840 3537 3916 alii

1939 3932 2218 4000 Augustini
2248 3934 2554 3992 doctrinam
2581 3941 2734 4009 quasi
2777 3957 2972 3999 novam
3012 3944 3418 4019 inauditamque
3445 3967 3536 4008 re-

1935 4035 2212 4094 spuerent,
2254 4027 2366 4094 alii,
2412 4030 2466 4084 in
2514 4032 2710 4100 quibus
2756 4036 3010 4092 monachi
3047 4038 3284 4110 Scythre,
3313 4051 3540 4104 strenue.

1935 4114 2082 4170 illam
2103 4116 2474 4187 defenderent,
2499 4121 2864 4197 Faustumque
2892 4129 3241 4187 vehementer
3257 4149 3538 4205 oppugna-

1936 4216 2077 4262 rent.
2106 4206 2183 4264 Ea
2222 4225 2355 4268 vero
2383 4213 2634 4283 dogmata
2672 4232 2782 4286 quo
2821 4219 2942 4276 loco
2982 4221 3272 4280 habuerint
3298 4231 3540 4295 ostendit;

1934 4300 2100 4355 totius
2128 4304 2500 4373 responsionis
2547 4307 2808 4379 clausula,
2852 4311 2917 4366 in
2962 4329 3070 4384 qua
3116 4315 3196 4372 sic
3241 4317 3538 4388 loquuntur

1935 4392 2212 4473 episcopi:
2245 4394 2421 4467 Hujus
2464 4399 2938 4468 praedestinationis
2981 4407 3247 4464 veritatem
3290 4428 3392 4482 qua
3440 4430 3540 4480 nos

1936 4495 2056 4540 ante
2093 4489 2272 4543 mundi
2323 4494 2740 4548 constitutionem
2787 4497 3184 4566 prwdestinatos
3233 4501 3288 4560 in
3328 4502 3538 4570 Christe

1937 4586 2154 4632 testatur
2191 4581 2494 4651 Apostolus,
2529 4585 2578 4638 si
2603 4585 2719 4655 quis
2762 4586 3012 4644 detrectat
3034 4591 3206 4649 cordis
3231 4593 3536 4654 credulitate

233 4687 520 4743 formulam
566 4689 922 4758 probantibus
966 4692 1103 4757 aliis,
1157 4693 1276 4749 aliis
1320 4669 1719 4753 damnantibus.
1763 4701 1834 4755 At

1942 4671 2183 4740 recipere,
2210 4673 2288 4728 vel
2315 4674 2426 4729 oris
2446 4678 2772 4747 conﬁssione
2799 4682 3054 4750 proferre,
3085 4684 3130 4736 si
3157 4692 3279 4738 ante
3297 4685 3536 4752 ultimum

233 4780 407 4836 nihilo
431 4783 646 4850 segnius
674 4782 886 4855 Scythae
915 4785 1188 4853 monachi,
1221 4787 1351 4842 nihil
1390 4788 1459 4844 de
1488 4791 1832 4850 vehementia

231 4876 532 4941 remittere,
549 4875 835 4944 instigante
846 4875 1137 4943 Maxentio,
1154 4877 1458 4947 praefervidi
1476 4880 1674 4949 ingenii
1695 4883 1829 4951 viro,

232 4978 283 5022 et
316 4955 509 5037 iri-quo
547 4967 972 5044 moderationem
1009 4968 1252 5023 nonnulli
1286 4969 1679 5037 desiderarunt,
1708 4973 1833 5044 jure

229 5077 295 5116 an
332 5060 549 5129 injuria,
576 5059 704 5115 nihil
729 5060 946 5116 definio.

298 5154 493 5222 Itaque
519 5154 751 5224 primum
782 5153 850 5209 ad
879 5155 1087 5223 legatos
1112 5155 1212 5210 sub
1239 5156 1292 5210 id
1323 5165 1533 5228 tempus
1561 5157 1836 5216 Constan-

229 5246 516 5316 tinopolim
542 5245 609 5300 ab
637 5245 922 5301 llormisda
948 5245 1195 5302 Romano
1220 5246 1476 5316 pontiﬁce
1502 5250 1697 5305 missos
1717 5252 1831 5307 haec

229 5353 396 5390 causa
426 5337 633 5404 delata,
671 5353 798 5392 mox
828 5352 858 5392 a
897 5339 1178 5394 monachis
1204 5338 1326 5394 illos
1370 5354 1546 5396 causae
1588 5358 1698 5398 suae
1727 5344 1831 5399 ini-

231 5430 454 5498 quiores
488 5429 723 5499 expertis
752 5428 979 5484 Romam
1003 5428 1070 5484 ad
1092 5430 1265 5499 ipsum
1282 5427 1622 5486 Hormisdam
1650 5441 1829 5490 trans-

231 5519 339 5574 lata
373 5529 476 5585 est,
517 5521 774 5591 missique
815 5536 878 5576 ea
931 5520 999 5576 de
1029 5537 1088 5576 re
1118 5520 1346 5577 Romam
1375 5539 1405 5576 a
1441 5525 1718 5603 monachis
1750 5527 1827 5582 le-

232 5613 361 5677 geli,
387 5628 615 5682 quorum
645 5611 838 5668 Petrus
865 5611 1124 5669 diaconus
1145 5630 1281 5670 unus
1307 5614 1422 5669 fuit.

299 5703 420 5758 Non
455 5713 534 5759 est
557 5705 715 5776 hujus
741 5705 848 5761 loci
873 5705 1075 5762 referre
1099 5723 1257 5776 quem
1289 5709 1489 5764 exitum
1508 5708 1691 5766 Romae
1711 5729 1828 5769 mo-

234 5794 533 5850 nachorum
559 5795 757 5866 legatio
788 5796 1058 5863 habuerit,
1095 5813 1270 5867 quove
1292 5808 1449 5868 pacto
1480 5800 1693 5856 illorum
1733 5803 1829 5860 do-

238 5885 410 5940 ctrina
442 5894 495 5941 et
538 5885 766 5947 formula
817 5887 884 5942 ab
912 5886 1196 5944 Hormisda
1232 5890 1464 5961 primum
1501 5908 1608 5948 non
1639 5895 1829 5953 leviter

1941 4763 2077 4817 diem
2100 4764 2215 4820 vitae
2235 4768 2506 4835 praesentis
2543 4769 2822 4840 impietatis
2859 4788 2968 4828 sua!
3005 4777 3402 4841 contumaciam,
3433 4797 3535 4850 qua

1941 4855 2052 4911 Deo
2077 4858 2184 4912 vivo
2213 4867 2263 4912 et
2285 4876 2402 4914 vero
2424 4859 2628 4916 rebellis
2666 4861 2890 4929 obsistit,
2920 4879 3026 4919 non
3054 4865 3318 4937 abjecerit,
3363 4873 3534 4932 mani-

1942 4950 2127 5020 festum
2153 4959 2230 5005 est
2247 4966 2362 5005 eum
2389 4967 2495 5006 non
2530 4952 2785 5023 pertinere
2809 4953 2878 5008 ad
2905 4970 3086 5012 eorum
3111 4972 3381 5014 numerum
3407 4978 3534 5033 quos

1942 5039 2082 5096 Deus
2108 5040 2165 5094 in
2195 5039 2404 5098 Christo
2432 5054 2553 5098 ante
2577 5044 2758 5098 mundi
2786 5045 3204 5104 constitutionem
3233 5053 3397 5122 gratis
3423 5053 3532 5115 ele-

1939 5133 2016 5202 git
2040 5147 2103 5186 ac
2121 5134 2506 5203 praedestinavit
2535 5136 2604 5188 ad
2631 5151 2845 5206 regnum

2008 5244 2119 5300 Nec
2145 5246 2278 5303 satis
2303 5246 2402 5302 fuit
2425 5245 2637 5318 Scythis
2677 5249 2956 5305 monachis
2989 5252 3129 5308 hanc
3157 5254 3225 5308 ab
3264 5254 3529 5316 Africanis

1938 5339 2212 5410 episcopis
2237 5341 2583 5410 scriptionem
2615 5341 2881 5410 elicuisse,
2906 5346 3000 5401 sed
3033 5364 3156 5403 cum
3181 5350 3528 5411 nihilominus

1934 5433 2403 5503 Constantinopoli
2429 5433 2512 5487 ha:
2535 5436 2910 5494 contentiones
2929 5439 3354 5508 eli'ervescerent,
3381 5446 3528 5514 ipsos

1940 5524 2126 5578 Fausti
2170 5523 2335 5578 libros
2375 5523 2443 5578 ad
2487 5540 2580 5580 eos
2626 5527 2914 5584 mittendos
2954 5541 3293 5588 curaverunt.
3322 5534 3528 5602 Quibus

1939 5615 2251 5684 Fulgentius
2279 5616 2546 5685 egregiam
2576 5621 2983 5690 responsionem
3029 5624 3282 5693 opposuit
3315 5638 3526 5698 septem

1938 5708 2088 5763 libris
2116 5708 2581 5778 comprehensam,
2614 5711 2666 5764 in
2711 5713 2904 5780 quibus
2933 5714 3252 5783 profundam
3279 5719 3378 5774 viri
3408 5721 3521 5776 cal-

1937 5802 2198 5856 liditatem
2227 5801 2803 5872 detegebat,etinfesta
2819 5806 3097 5863 catholica:
3124 5806 3245 5864 fidei
3270 5810 3522 5881 dogmata

1937 5894 2175 5962 pondere
2203 5895 2598 5966 Scripturarum
2645 5915 2709 5955 ac
2753 5898 2971 5956 Patrum
2999 5901 3249 5960 elidebat.
3276 5904 3343 5960 At
3363 5904 3522 5975 hujus
