4068 6342
491 416 585 474 m
975 367 979 372 ’
1015 337 1062 364 ”
1634 391 1691 448 s.
1735 378 2164 444 FULGENTlIlS
2202 373 2590 435 RUSPENSIS.

487 527 917 606 prmstautissimi
943 522 1142 593 operis,
1171 528 1228 575 et
1263 519 1402 573 inter
1422 510 1688 582 Fulgentii
1717 509 1882 606 libros
1906 505 2065 571 longe
2092 503 2141 559 A

485 601 740 697 ξπ·ωυίρυί
764 618 1031 688 jacturam
1052 612 1235 667 tandiu
1257 607 1513 663 dolebunt
1539 601 1916 660 ecclesiasticae
1945 613 2068 697 eru-

486 691 707 769 ditionis
753 715 1014 772 amantes,
1061 702 1298 776 quandiu
1340 707 1490 754 tanto
1522 705 1578 752 et
1626 691 2074 762 tamexoetendo,

487 805 742 860 thesauro
771 811 1070 872 temporum
1100 795 1293 864 injuria
1319 790 1723 848 fraudabuntur.

563 896 661 952 Vix
714 896 818 950 hoc
863 893 1048 947 labore
1085 885 1369 943 defunctus
1415 889 1531 938 erat
1576 879 1910 949 Fulgentius,
1944 891 2067 931 cum

487 986 828 1044 Trasimundi
855 989 1046 1047 morte,
1077 994 1194 1049 qua:
1217 992 1358 1032 anno
1385 974 1492 1030 525
1519 973 1761 1042 contigit,
1789 971 2070 1042 episcopo-

483 1094 607 1136 rum
636 1077 1008 1133 Africanorum
1035 1079 1240 1126 mutata
1279 1083 1399 1124 sors
1434 1076 1535 1121 est.
1565 1063 1672 1118 Eos
1711 1062 1854 1118 enim
1883 1057 2067 1114 Hilde-

487 1169 633 1226 ricus
654 1170 706 1223 in
734 1165 1054 1222 catholicam
1081 1149 1240 1217 (idem
1257 1157 1577 1230 propensior
1603 1155 1671 1209 ab
1700 1152 1888 1210 exsilio
1909 1167 2068 1204 revo-

487 1271 640 1319 catos
667 1261 881 1317 sedibus
908 1257 1019 1312 suis
1046 1253 1297 1316 restituit,
1329 1265 1395 1305 ac
1422 1262 1684 1304 novorum
1705 1246 1834 1314 ipsis
1860 1243 2070 1314 episco-

488 1368 683 1425 porum
703 1352 755 1406 in
784 1350 1186 1406 demortuorum
1218 1344 1396 1399 locum
1429 1336 1869 1395 suﬂiciendorum
1899 1333 2070 1390 facul-

489 1453 655 1499 tatem
684 1441 971 1498 concessit.

524 1539 527 1544 '
562 1533 660 1588 Hic
675 1532 877 1588 reditus
896 1531 1055 1585 aliam
1073 1525 1354 1596 Fulgentio
1379 1523 1566 1588 vitam,
1585 1519 1809 1576 aliorum
1827 1517 2069 1572 laborum

488 1624 803 1681 occasiones
830 1621 1026 1677 attulit.

562 1717 620 1771 In
649 1717 732 1771 his
768 1715 998 1786 primum
1039 1711 1284 1766 obtinent
1333 1707 1509 1762 locum
1564 1713 1674 1758 tres
1723 1703 1792 1758 de
1835 1700 2072 1756 Veritate

487 1803 979 1881 prmdestinationis
1005 1810 1060 1856 et
1087 1799 1270 1876 grati-.13
1308 1796 1431 1852 libri
1473 1794 1541 1849 ad
1572 1793 1856 1857 Joannem,
1883 1791 2066 1854 credo,

3646 367 3751 424 ΗΞ

2169 494 2293 567 quid
2349 495 2532 548 similis
2587 491 2712 547 mihi
2774 491 2898 545 data
2951 496 3027 543 est
3092 469 3371 542 auctoritas
3432 485 3698 558 dignitatis
3723 487 3749 537 ἱ)

2170 590 2272 641 Aut
2296 587 2374 641 vel
2409 588 2522 655 ipsa
2548 585 2731 640 saltem
2771 582 3169 639 conversationis
3208 579 3499 634 innocentia
3531 578 3646 631 talis
3673 587 3750 630 est

2170 678 2298 732 mihi
2309 680 2333 732 ?

2241 767 2555 839 Superiores
2604 765 2866 836 Fulgentii
2917 766 3314 821 lucubrationes
3369 771 3427 816 ut
3475 759 3752 831 potuimus

2171 862 2335 918 certis
2365 862 2694 931 temporibus
2722 861 3121 929 assignavimus.
3153 857 3292 912 Sunt
3319 855 3436 910 alia:
3473 854 3528 908 in
3553 853 3749 921 quibus

2170 954 2313 1009 idem
2341 961 2596 1024 praestare
2628 968 2733 1006 non
2762 951 2929 1015 licuit,
2964 951 3016 1004 in
3044 949 3236 1019 quibus
3264 947 3492 1018 primum
3518 945 3753 999 occurrit
3797 995 3806 1000 -

2171 1046 2417 1115 egregius
2445 1033 2700 1099 tractatus
2737 1043 2802 1099 de
2853 1042 2988 1098 Fide
3027 1042 3092 1097 ad
3134 1040 3369 1095 Petrum.
3413 1037 3544 1092 Erat
3571 1045 3750 1090 autem

2172 1132 2366 1189 Petrus
2395 1151 2501 1189 non
2529 1134 2803 1195 diaconus,
2827 1141 2886 1187 ut
2912 1147 3193 1202 perperam
3226 1131 3279 1184 in
3310 1129 3462 1184 titulo
3492 1129 3753 1182 hactenus

2114 1252 2116 1256 τ
2172 1223 2346 1280 dictus
2366 1233 2467 1290 est,
2493 1240 2600 1279 non
2621 1225 2933 1287 monachus,
2960 1233 3018 1277 ut
3042 1238 3072 1276 a
3098 1220 3374 1276 Blondello
3397 1219 3500 1290 (De
3517 1217 3750 1272 Primatu

2171 1333 2226 1383 ρ.
2257 1314 2382 1388 412)
2404 1317 2657 1386 primum,
2696 1326 2820 1386 post
2845 1315 3058 1370 incaute
3086 1330 3116 1368 a
3145 1312 3360 1368 Noricio
3387 1311 3622 1366 creditus
3648 1317 3749 1374 est,

2171 1407 2269 1463 sed
2296 1408 2379 1462 vir
2405 1409 2668 1475 militaris,
2697 1409 2788 1478 qui
2837 1407 3264 1478 Hierosolymam
3311 1403 3667 1475 profecturus,
3699 1414 3755 1457 et

2172 1514 2242 1554 ne
2265 1499 2392 1569 quid
2417 1500 2517 1556 sibi
2547 1499 2812 1555 haeretica:
2837 1499 3120 1570 pravitatis
3143 1499 3457 1568 subreperet
3484 1503 3751 1561 metuens,

2173 1591 2297 1646 ﬁdei
2325 1590 2564 1660 regulam
2593 1605 2624 1644 a
2670 1589 2951 1659 Fulgentio
2978 1589 3262 1658 ﬂagitarat.
3295 1588 3462 1657 Hujus
3490 1601 3618 1654 ergo
3640 1586 3754 1656 pie~

2172 1681 2272 1735 tati
2301 1696 2505 1736 morem
2530 1689 2778 1751 gesturus
2817 1680 3144 1748 Fulgentius,
3169 1679 3264 1735 sed
3294 1679 3549 1748 temporis
3575 1677 3756 1732 exclu-

2173 1787 2265 1827 sus
2292 1772 2570 1840 angustiis,
2601 1779 2723 1842 post
2749 1772 3052 1827 uberiorem
3078 1770 3146 1824 de
3191 1767 3471 1834 Trinitate,
3511 1765 3756 1822 lncarna-

487 1863 819 1954 iiaxentium
874 1903 928 1948 et
975 1873 1264 1948 Venerium
1312 1883 1833 1954 Constantinopolim
1880 1881 2065 1944 missi,

2177 1867 2341 1932 tione,
2367 1865 2677 1934 angelorum
2698 1872 2755 1920 et
2781 1864 3058 1920 hominum
3083 1863 3355 1919 creatione
3384 1863 3659 1932 lapsuque,
3691 1875 3755 1916 ac

489 1999 720 2061 quorum
749 1987 966 2041 tertium
995 1981 1293 2040 Chiﬂlctius
1322 1979 1543 2042 .l‘esuita,
1590 1977 1673 2030 vir
1700 1975 1765 2030 de
1790 1974 1979 2028 litteris
2007 1988 2070 2027 ac

490 2081 558 2137 de
581 2078 862 2148 Fulgentio
889 2076 1186 2147 praesertim
1215 2073 1353 2126 bene
1378 2070 1620 2132 meritus,
1649 2067 1850 2137 primus
1874 2063 2071 2136 publici

488 2169 622 2241 juris
652 2168 794 2224 fecit.

566 2259 896 2316 Addiderunt
923 2257 1160 2328 episcopi
1187 2263 1311 2308 ante
1340 2253 1568 2320 exsules,
1595 2260 1707 2305 tum
1734 2263 1866 2304 vero
1895 2247 1948 2302 in
1977 2261 2074 2317 pa-

491 2353 650 2409 triam
678 2350 926 2417 reduces,
955 2348 1223 2416 egregiam
1254 2343 1537 2414 epistolam
1568 2340 1635 2395 ad
1663 2339 1881 2395 eosdem
1908 2337 2074 2391 Joan-

491 2461 616 2504 nem
636 2453 690 2499 et
716 2441 1026 2504 Venerium,
1058 2439 1110 2493 in
1134 2455 1236 2508 qua
1262 2435 1527 2506 praecipua
1558 2433 1870 2488 Christiame
1889 2431 2075 2500 gratias

493 2538 744 2610 dogmata
770 2534 837 2590 ad
876 2530 1158 2602 Augustini
1197 2535 1430 2583 mentem
1471 2534 1527 2580 et
1557 2525 1751 2596 placita
1792 2523 2077 2591 diligenter

491 2635 808 2700 exponunt;
855 2625 958 2680 hos
994 2631 1174 2678 autem
1214 2621 1378 2674 libros
1425 2619 1478 2672 in
1527 2617 1750 2672 concilio
1789 2613 2077 2670 Parisiensi

491 2721 622 2778 anni
661 2718 766 2775 825
811 2723 868 2772 et
911 2711 1326 2785 Aquisgranensi
1383 2709 1506 2764 anni
1549 2705 1653 2762 856
1699 2705 1947 2761 laudatos
1990 2719 2078 2760 re-

491 2814 692 2886 peries.

565 2905 647 2960 Ex
689 2901 900 2974 prolixo
943 2899 999 2954 in
1047 2897 1346 2951 Fabianum
1388 2907 1554 2964 opere
1593 2890 1874 2946 duodecim
1913 2889 2080 2944 libros

494 2996 778 3066 oomplexo
808 2990 1062 3047 nonnulla
1088 2988 1303 3042 demum
1324 2991 1603 3054 excerpta,
1632 2981 1728 3037 sed
1750 2979 2078 3048 longiuscula

496 3089 794 3148 Cbiflletius
818 3085 1002 3142 edidit.
1033 3082 1164 3136 Erat
1205 3087 1383 3135 autem
1409 3077 1678 3132 Fabianus
1725 3090 1831 3130 non
1869 3072 2078 3139 medio-

498 3184 606 3242 cris
653 3178 888 3237 nominis
933 3176 1184 3241 Arianus,
1237 3172 1330 3242 qui
1378 3186 1500 3226 cum
1551 3168 1831 3237 Fulgentio
1885 3164 2080 3219 alicubi

2174 1960 2338 2014 variis
2373 1959 2492 2013 aliis
2537 1957 2803 2028 capitibus
2844 1955 3297 2027 disputationem;
3340 1955 3405 2010 ad
3451 1964 3752 2009 extremum

2175 2049 2299 2106 fidei
2336 2051 2587 2120 dogmata
2626 2048 2978 2120 quadraginta
3006 2048 3244 2104 articulis
3273 2047 3536 2116 astringit,
3567 2046 3754 2115 quibus

2174 2146 2415 2217 quisquis
2459 2143 2678 2213 obloqui
2724 2157 2887 2198 ausus
2935 2143 3123 2208 fuerit,
3177 2157 3299 2196 eum
3351 2155 3450 2211 pro
3503 2139 3756 2194 haeretico

2176 2234 2482 2292 habendum
2526 2234 2824 2289 denuntiat.
2862 2231 2988 2288 Haec
3015 2232 3104 2286 illa
3132 2240 3234 2299 est,
3277 2231 3487 2301 opinor,
3521 2227 3642 2284 ﬁdei
3670 2245 3756 2284 re-

2177 2325 2302 2394 gula
2329 2339 2491 2394 quam
2516 2323 2618 2380 'sibi
2656 2339 2688 2378 a
2714 2322 2994 2391 Fulgentio
3023 2322 3161 2376 mitti
3191 2319 3491 2376 Ferrandus
3519 2319 3756 2390 postula-

2154 2425 2350 2483 .verat,
2381 2425 2438 2472 et
2465 2430 2623 2485 quam
2653 2413 2843 2470 eodem
2868 2413 3084 2468 nomine
3110 2413 3352 2481 designat
3375 2411 3622 2468 Isidorus.
3656 2409 3754 2465 Diu

2177 2515 2359 2563 tamen
2387 2509 2476 2563 ille
2497 2515 2756 2564 tractatus
2777 2507 3055 2575 Augustini
3081 2505 3331 2576 operibus
3353 2505 3617 2559 admixtus
3641 2513 3753 2568 est;

2180 2607 2237 2654 at
2263 2598 2607 2670 postmodum
2635 2599 2795 2652 variis
2832 2597 3180 2665 argumentis,
3221 2611 3285 2650 ac
3319 2595 3611 2666 praesertim
3637 2594 3756 2666 styli

2180 2692 2364 2747 colore
2415 2690 2696 2759 Fulgentio
2749 2691 3082 2746 eruditorum
3125 2703 3389 2744 consensu
3439 2687 3756 2756 restitutus,

2182 2785 2291 2840 imo
2341 2784 2440 2839 sub
2480 2784 2597 2854 ejus
2643 2784 2860 2839 nomine
2906 2783 3103 2838 dudum
3141 2798 3174 2838 a
3200 2781 3477 2837 Bertramo
3514 2780 3756 2836 laudatus

2183 2865 2294 2931 est.
2333 2875 2392 2930 In
2439 2874 2687 2932 Sardinia
2731 2877 2988 2946 scriptum
3028 2883 3184 2946 putat
3227 2874 3491 2938 Noricius,
3539 2880 3756 2944 propter

2182 2980 2303 3021 eam
2333 2982 2493 3036 quam
2519 2967 2574 3021 in
2603 2967 2782 3036 operis
2801 2967 2948 3022 calce
2972 2967 3136 3021 habet
3160 2966 3590 3043 persecutionum
3610 2979 3756 3020 men-

2185 3059 2386 3114 tionem
2413 3077 2426 3124 ;
2455 3059 2549 3114 sed
2578 3075 2686 3114 non
2715 3060 2844 3116 satis
2871 3060 3021 3114 tirma
3049 3059 3379 3128 conjectura.
3410 3058 3592 3114 Potuit
3615 3059 3756 3115 enim

2186 3157 2240 3204 ct
2277 3151 2665 3220 prmteritarum
2693 3151 3019 3214 meminisse,
3065 3158 3120 3205 et
3165 3150 3372 3204 futuras
3412 3149 3590 3204 animo
3619 3165 3759 3220 pra:-

497 3288 818 3345 congressus
837 3309 852 3334 ,
883 3268 1083 3342 sparsis
1111 3281 1274 3336 super
1299 3279 1366 3319 eo
1404 3261 1674 3330 colloquio
1720 3259 1864 3313 falsis
1894 3273 2081 3312 rumo-
2106 3245 2164 3316 ε’
2186 3244 2379 3345 δείξετε·

497 3369 684 3435 ribus,
733 3378 920 3420 eorum
966 3358 1378 3417 refellendorum
1424 3355 1527 3426 ipsi
1572 3352 1951 3408 necessitatem
1993 3359 2079 3404 at-

497 3465 638 3520 tulit.

571 3553 651 3609 Ad
681 3550 820 3606 idem
866 3559 1078 3618 tempus
1115 3542 1306 3600 referri
1347 3541 1508 3597 debet
1543 3538 1772 3608 scriptus
1800 3534 1868 3591 ad
1892 3534 2079 3590 Victo-

496 3661 612 3702 rem
640 3645 773 3700 liber
818 3641 1070 3696 adversus
1117 3635 1491 3692 Fastidiosum.
1536 3630 1636 3685 Hic
1675 3628 1944 3700 quondam
1985 3641 2079 3681 ca-

498 3739 749 3799 tholicus,
781 3735 890 3789 imo
918 3730 1236 3792 monachus,
1258 3734 1313 3782 et
1332 3726 1387 3780 in
1414 3721 1742 3779 monasterio
1762 3717 2079 3791 presbyterii

498 3827 810 3897 dignitatem
859 3823 1100 3893 adeptus,
1145 3817 1324 3874 carnis
1368 3813 1634 3870 illecebris
1661 3813 1967 3882 turpissime
1996 3810 2077 3863 vi-

499 3928 638 3982 ctus,
668 3916 1054 3987 professionem
1099 3912 1348 3982 primum,
1382 3923 1508 3963 mox
1547 3905 1704 3961 (idem
1739 3917 1958 3974 quoque
1983 3917 2080 3971 pe-

497 4010 644 4065 nitus
671 4005 960 4075 abiecerat,
993 4011 1050 4058 et
1075 4002 1142 4057 ad
1168 4002 1395 4055 Arianos
1438 3996 1728 4052 deiecerat.
1760 3993 1930 4064 Hujus
1948 4005 2078 4060 ergo

498 4113 801 4157 sermonem
847 4097 947 4151 sibi
975 4111 1005 4149 a
1041 4095 1257 4150 Victore
1294 4093 1514 4148 missum
1552 4089 1801 4144 refellens
1844 4085 2072 4154 Fulgen-

499 4187 940 4256 tiusoneutiquam
970 4198 1306 4254 consequens
1351 4196 1469 4236 esse
1508 4179 1666 4235 docet
1703 4195 1770 4233 ex
1807 4175 2078 4232 essentiali

498 4280 674 4338 Patris
700 4286 756 4334 et
783 4277 902 4332 Filii
932 4284 988 4332 et
1023 4275 1253 4345 Spiritus
1281 4273 1452 4328 sancti
1491 4271 1888 4341 conjunctione,
1919 4279 1978 4324 ut
2005 4270 2080 4324 si-

498 4372 611 4428 mul
651 4384 773 4427 cum
801 4366 939 4423 Filio
968 4365 1129 4426 Pater
1155 4375 1210 4420 et
1249 4364 1478 4435 Spiritus
1505 4370 1719 4419 sanctus
1746 4362 1992 4417 humana:
2019 4376 2079 4418 se

501 4471 708 4519 natura:
735 4459 1065 4532 copularint-

571 4552 882 4609 Postremus
916 4547 1182 4617 Fulgentii
1222 4547 1375 4602 labor
1403 4546 1492 4601 ille
1520 4554 1602 4602 est
1627 4562 1734 4617 quo
1773 4545 1962 4614 Regini
1987 4560 2080 4601 co-

2257 3334 2450 3390 Incerti
2480 3335 2737 3406 temporis
2767 3334 3077 3390 tractatibus
3120 3335 3390 3390 accenseri
3428 3333 3621 3390 debent
3649 3343 3758 3393 tum

2184 3428 2396 3484 libellus
2438 3427 2504 3482 de
2539 3427 2799 3482 Trinitate
2831 3427 2900 3481 ad
2937 3427 3166 3482 Felicem
3215 3428 3502 3492 notarium,
3553 3435 3662 3482 tum
3693 3427 3760 3484 de

2182 3519 2556 3574 lncarnatione
2579 3517 2697 3572 Filii
2723 3518 2818 3573 Dei
2839 3519 2905 3573 ad
2927 3519 3204 3574 Sc'arilam.

2258 3609 2434 3664 Priori
2480 3611 2819 3666 occasionem
2875 3611 3023 3665 dedit
3063 3610 3254 3665 Felicis
3305 3611 3612 3680 postulatio,
3669 3612 3759 3680 qui

2183 3702 2559 3758 haereticorum
2589 3702 2858 3757 convictui
2885 3718 2949 3756 ac
2971 3702 3308 3757 sermonibus
3341 3704 3632 3772 expositus,
3664 3720 3761 3760 nec

2182 3795 2314 3850 satis
2341 3794 2410 3847 ad
2440 3795 2560 3848 illos
2589 3793 2912 3849 refellendos
2957 3795 3263 3857 instructus,
3299 3811 3328 3848 a
3360 3795 3636 3863 Fulgentio
3664 3797 3760 3852 do-

2183 3887 2291 3940 ceri
2323 3886 2494 3939 voluit
2530 3901 2636 3955 quo
2677 3897 2835 3955 pacto
2863 3888 2964 3942 illis
2991 3889 3162 3942 resisti
3187 3889 3375 3957 possit.
3408 3889 3504 3943 Cui
3535 3899 3641 3943 tam
3671 3892 3760 3960 pio

2182 3975 2449 4030 desiderio
2470 3975 2757 4031 obsecutus
2777 3976 3104 4045 Fulgentius,
3132 3994 3239 4033 non
3261 3979 3420 4034 modo
3440 3980 3756 4035 catholicam

2181 4068 2248 4124 de
2277 4067 2538 4123 Trinitate
2587 4066 2742 4123 ﬁdem
2791 4071 3046 4126 adversus
3075 4072 3394 4127 Arianorum
3443 4081 3751 4140 argumenta

2182 4159 2394 4230 egregie
2423 4157 2678 4224 defendit,
2723 4161 2817 4216 sed
2865 4163 2933 4217 de
2969 4163 3088 4217 aliis
3112 4180 3327 4233 quoque
3349 4164 3467 4218 lidei
3495 4163 3753 4232 capitibus

2181 4253 2437 4324 pra-clare
2457 4254 2726 4310 disseruit.
2759 4255 2814 4309 lu
2837 4257 2941 4311 hoc
2965 4271 3128 4325 opere
3147 4255 3420 4324 cujusdam
3443 4255 3611 4310 Patris
3637 4255 3753 4310 loca

2179 4347 2348 4401 tacito
2393 4347 2613 4401 nomine
2665 4347 2875 4401 laudata
2928 4348 3186 4418 reperies,
3235 4364 3462 4416 quorum
3505 4349 3757 4418 pleraque

2181 4439 2371 4494 saltem
2393 4437 2672 4506 Augustini
2703 4445 2846 4493 sunt.

2253 4551 2484 4605 Alterius
2528 4551 2705 4620 operis
2733 4559 3102 4619 argumentum
3145 4552 3221 4604 sic
3263 4560 3444 4605 narrat
3481 4553 3592 4621 ipse
3631 4550 3757 4606 Ful-

499 4645 648 4704 mitis
675 4651 864 4714 rogatu
910 4641 1019 4697 duo
1047 4641 1316 4712 explicare
1357 4646 1618 4695 statuerat
1648 4657 1661 4691 :
1692 4640 1922 4709 primum
1952 4640 2078 4711 quid
2104 4629 2414 4709 D'gentius,
2448 4641 2724 4710 ipsiusmet
2763 4640 2982 4696 Scarilze
3005 4641 3181 4696 verbis
3207 4659 3219 4694 :
3246 4640 3380 4694 Dum
3413 4642 3481 4694 ad
3511 4653 3755 4702 mensam,

499 4739 569 4795 de
595 4735 961 4794 controversia
989 4748 1162 4804 nuper
1198 4732 1338 4786 inter
1378 4731 1768 4786 Alexandrinos
1795 4731 2080 4806 Eutychia-

501 4846 603 4887 nos
629 4838 816 4886 exorta
843 4827 1180 4884 sentiendum
1227 4832 1388 4890 esset,
1432 4833 1608 4878 utrum
1651 4822 1847 4879 Christi
1883 4840 2080 4894 corpus

501 4923 683 4978 statim
721 4922 789 4977 ab
837 4919 1209 4976 lncarnatione
1253 4917 1858 4990 corruptionis‘expers
1911 4916 2079 4970 exsti-

503 5010 680 5076 tisset,
709 5025 776 5063 an
817 5009 923 5062 tale
967 5008 1181 5062 demum
1229 5013 1352 5077 post
1396 5006 1838 5060 resurrectionem
1878 5007 2078 5062 factum

504 5099 729 5163 fuisset;
757 5097 949 5153 deinde
974 5097 1102 5166 quid
1128 5096 1344 5152 militari
1381 5096 1496 5150 viro
1532 5095 1847 5150 servandum
1892 5097 1960 5150 ad
1989 5113 2076 5152 re-

505 5188 783 5246 tinendam
822 5189 1206 5259 colendamque
1236 5190 1288 5243 in
1326 5202 1393 5244 eo
1418 5188 1540 5242 vita:
1575 5201 1771 5257 genere
1800 5189 2073 5258 pietatem.

507 5283 576 5336 At
601 5279 826 5336 necdum
856 5279 1096 5334 absoluta
1124 5280 1289 5349 priori
1318 5281 1474 5352 hujus
1495 5281 1674 5351 operis
1701 5287 1854 5350 parte
1879 5281 1944 5336 ad
1972 5297 2081 5336 cm-

508 5375 643 5429 lestc
668 5386 890 5442 regnum
919 5379 1175 5426 evocatus
1199 5381 1299 5426 est.

580 5462 709 5518 Post
731 5463 848 5532 ejus
870 5469 1095 5516 mortem
1119 5463 1214 5532 (ita
1235 5461 1503 5534 ﬂagitante
1523 5464 1751 5534 Regino)
1778 5462 2081 5520 Ferrandus

509 5555 767 5609 diaconus
795 5555 1100 5608 inchoatum
1128 5568 1263 5623 opus
1308 5555 1553 5619 absolvit,
1584 5555 1766 5611 multis
1809 5556 1956 5626 prius
1993 5557 2078 5609 in-

511 5645 726 5712 dignum
765 5661 823 5699 se
851 5645 1120 5715 professus
1147 5643 1239 5713 qui
1267 5642 1529 5714 Fulgentii
1554 5661 1830 5701 successor
1856 5647 2081 5702 habere-

512 5745 616 5789 tur.
651 5734 920 5804 Nunquid,
950 5737 1140 5806 inquit,
1171 5737 1245 5791 sic
1279 5738 1498 5807 repletus
1526 5754 1637 5791 sum
1668 5741 1920 5809 sapientia
1949 5741 2080 5794 sicut

511 5828 635 5885 ille?
680 5826 925 5894 Nunquid
969 5831 1145 5885 eadem
1197 5831 1322 5885 mihi
1372 5831 1590 5897 facuth
1643 5831 1872 5906 eloquii?
1924 5831 2079 5888 Nun-

2185 4736 2375 4804 inquit,
2402 4733 2683 4788 Christiani
2706 4736 2972 4788 catholica:
2993 4734 3239 4788 Ecclesiw
3257 4735 3356 4804 filii
3378 4734 3559 4788 Eventi
3581 4734 3644 4788 de
3669 4734 3760 4787 Dei

2184 4827 2552 4883 Incarnatione
2589 4829 2776 4882 locutio
2816 4837 3127 4893 nasceretur,
3151 4844 3281 4881 unus
3319 4844 3384 4880 ex
3420 4827 3638 4881 convivis
3669 4827 3760 4879 hoc

2183 4920 2245 4973 de
2286 4917 2656 4973 lncarnatione
2693 4918 2950 4981 asseruit,
2990 4919 3231 4987 quoniam
3273 4934 3375 4971 non
3416 4916 3552 4970 Deus
3603 4915 3762 4968 Pater

2181 5026 2390 5064 carnem
2418 5009 2602 5073 induit,
2633 5009 2725 5064 sed
2751 5011 2917 5063 solum
2945 5009 3041 5063 Dei
3074 5008 3116 5059 F
3120 5009 3258 5062 ilius.
3304 5007 3372 5060 Et
3409 5007 3540 5060 alius
3579 5006 3712 5059 dixit
3742 5023 3760 5059 :

2188 5101 2311 5171 Ipse
2337 5099 2475 5154 Deus
2500 5101 2585 5168 qui
2612 5117 2744 5154 unus
2771 5108 2847 5155 est
2886 5102 2939 5153 in
2976 5099 3136 5153 tribus
3164 5099 3404 5170 dignatus
3441 5107 3519 5152 est
3555 5113 3761 5150 carnem

2187 5209 2464 5255 assumere,
2488 5202 2544 5245 ut
2569 5203 2801 5248 nostram
2829 5192 3137 5255 servitutem,
3159 5209 3258 5262 qua
3286 5209 3376 5261 per
3395 5191 3762 5262 transgressio-

2185 5300 2299 5336 nem
2329 5283 2491 5354 patris
2521 5286 2684 5338 nostri
2710 5285 2838 5339 Ade
2864 5281 3080 5353 obligati
3116 5283 3487 5350 detinebantur,
3514 5281 3584 5335 ad
3611 5280 3761 5336 liber-

2189 5383 2344 5427 tatem
2373 5375 2688 5444 perduceret.
2725 5373 2890 5443 Hujus
2916 5373 3332 5429 concertationis
3362 5373 3619 5428 arbitrum
3648 5373 3761 5441 pla-

2185 5468 2295 5522 cuit
2315 5467 2439 5536 eligi
2462 5466 2818 5535 Fulgentium,
2839 5481 3000 5536 quem
3025 5462 3265 5518 afﬂuenti
3286 5465 3484 5519 lumine
3504 5464 3757 5518 donatum

2183 5567 2463 5613 noverant.
2498 5559 2688 5614 Addita
2714 5566 2796 5612 est
2821 5559 2924 5613 alia
2952 5558 3020 5614 de
3043 5556 3230 5614 vilium
3257 5565 3313 5612 et
3337 5557 3618 5611 noxiorum
3645 5555 3759 5608 ani-

2185 5649 2420 5713 malium,
2451 5649 2624 5720 qualia
2654 5657 2777 5703 sunt
2804 5664 3001 5706 musca:
3042 5655 3102 5706 et
3135 5650 3467 5718 scorpiones,
3503 5661 3754 5718 procrea-

2183 5741 2332 5795 tionc
2359 5742 2600 5810 quaestio,
2629 5755 2787 5810 quam
2817 5743 3162 5798 convivarum
3194 5741 3429 5794 nonnulli
3459 5739 3570 5795 Deo
3598 5737 3754 5808 abju-

2184 5833 2451 5903 dicabant,
2480 5833 2567 5888 alii
2595 5834 2924 5890 asserebant.
