4068 6342
503 499 605 560 οη

1650 497 1706 553 S.
1744 477 2174 551 FULGENTIUS
2211 477 2604 537 RUSPENSIS.

3663 457 3768 518 {£6

571 614 774 670 Contra
813 613 1106 680 Fabianum
1159 617 1280 671 libri
1331 613 1616 670 duodecim
1665 621 1891 679 quorum
1933 595 2079 668 fras-

2193 593 2534 664 petendisque
2564 590 2742 644 minus
2767 563 3036 645 crebrum.
3060 587 3131 641 At
3157 584 3261 641 hoc
3281 583 3400 654 ipso
3421 595 3613 638 sensus
3639 591 3772 636 suos

503 713 684 762 menta
709 715 944 772 exstant,
975 723 1028 776 p.
1064 706 1188 760 577.

573 797 772 854 Contra
807 812 1131 861 sermonem.
1160 793 1444 852 Fastidiosi
1487 792 1667 848 Ariani
1706 789 1769 845 ad
1813 788 2080 843 Victorem

503 887 638 944 liber
663 904 820 954 unus,
839 904 893 958 ι).
925 886 1050 942 540.

571 979 808 1050 Epistola
837 981 904 1034 ad
927 979 1212 1048 Reginum,
1239 995 1294 1049 p.
1321 978 1428 1034 325

569 1069 762 1126 incerti
791 1079 916 1125 sunt
946 1071 1205 1141 temporis
1233 1083 1398 1139 opera
1426 1069 1725 1139 sequentia.

573 1162 648 1217 De
675 1161 803 1216 Fide
850 1178 944 1217 seu
992 1161 1060 1218 de
1116 1161 1316 1230 Regula
1360 1176 1499 1215 vene
1555 1157 1676 1213 ﬁdei
1732 1154 1797 1210 ad
1845 1148 2080 1214 Petrum,

501 1263 622 1320 pag.
647 1249 766 1304 500.
1099 1311 1102 1314 ,

570 1346 646 1400 De
673 1344 934 1402 Trinitate
961 1347 1026 1401 ad
1050 1346 1284 1402 Felicem
1314 1347 1601 1409 notarium,
1628 1361 1681 1414 p.
1713 1342 1839 1396 328.

568 1436 646 1493 De
665 1438 1040 1494 lncarnatione
1071 1439 1185 1494 Filii
1209 1441 1302 1494 Del
1325 1440 1390 1493 ad
1419 1438 1697 1502 Scarilam,
1729 1452 1783 1506 p.
1815 1433 1935 1488 406.

570 1531 651 1585 Ad
681 1531 1009 1586 Ferrandum
1055 1534 1281 1601 epistola
1331 1531 1397 1585 ad
1449 1530 1772 1602 quaestiones
1811 1523 2085 1581 de-salute

507 1619 773 1692 iEthiopis
803 1623 1125 1686 moribundi,
1157 1637 1210 1692 p.
1241 1621 1362 1674 216.

571 1720 821 1790 Ejusdem
851 1721 914 1777 ad
941 1737 1062 1776 eum
1098 1721 1424 1776 Ferrandum
1451 1720 1518 1776 de
1551 1719 1788 1791 quinque
1827 1715 2083 1787 quaestio-

500 1814 675 1879 nibus,
708 1831 760 1885 p.
790 1813 912 1869 229.

575 1917 743 1988 Atque
785 1917 866 1972 ha:
907 1918 1122 1988 quidem
1168 1935 1200 1973 e
1237 1917 1500 1988 Fulg‘entii
1526 1915 1801 1970 laboribus
1845 1913 2085 1983 reliquiae

499 2008 674 2066 adhuc
689 2020 992 2080 supersunt.
1018 2010 1283 2066 Caeterum
1304 2009 1472 2064 multo
1494 2008 1650 2078 plura
1677 2007 1745 2061 ab
1773 2005 1865 2060 illo
1884 2004 2084 2073 scripta

498 2106 607 2156 non
636 2099 957 2169 conjecturis
977 2101 1157 2165 modo,
1189 2101 1282 2156 sed
1303 2101 1464 2155 certis
1489 2091 2084 2154 indiciisconstat.Nam

499 2198 694 2260 praeter
712 2190 968 2246 eximium
999 2191 1127 2246 illud
1154 2200 1340 2248 contra
1357 2189 1611 2247 Faustum
1639 2205 1791 2261 Opus,
1821 2188 1966 2258 quod
1987 2187 2085 2241 ali-

497 2281 619 2337 cubi
669 2282 896 2339 fortasse
938 2284 992 2339 in
1042 2285 1487 2341 bibliothecarum
1532 2284 1741 2354 angulis
1782 2281 2084 2351 delitescit,

497 2386 623 2431 sunt
650 2376 755 2431 alia
782 2392 1014 2446 quorum
1040 2377 1482 2434 inveniendorum
1510 2377 1602 2432 vix
1629 2376 1736 2432 ulla
1764 2391 1887 2446 spes
1915 2381 2016 2430 est.

572 2472 807 2530 Primum
835 2475 1083 2547 nuspiam
1111 2484 1290 2532 exstat
1315 2492 1444 2532 vera
1465 2476 1556 2531 illa
1585 2475 1865 2546 responsio
1890 2471 2083 2530 adver-

497 2580 590 2621 sus
619 2563 849 2634 Pintam,
875 2577 1038 2636 quam
1060 2577 1241 2624 tamen
1270 2566 1339 2624 ab
1367 2567 1485 2638 ipso
1511 2567 1769 2636 scriptam
1797 2553 2028 2620 constat.

569 2664 819 2736 Nuspiam
846 2671 1024 2722 exstat
1051 2665 1187 2723 liber
1213 2666 1594 2723 Altercationis
1614 2681 1723 2736 quo
1743 2667 1811 2720 de
1838 2661 1941 2718 fide
1963 2655 2088 2718 cum

497 2755 856 2836 Trasimundo
877 2773 1004 2830 rege
1024 2758 1338 2830 disputavit,
1371 2774 1403 2814 a
1431 2767 1618 2816 sancto
1647 2757 1852 2814 Isidoro
1880 2770 2090 2811 memo-

497 2853 664 2903 ratus.

567 2943 820 3018 Nuspiam
847 2954 1026 3004 exstat
1051 2947 1191 3004 liber
1209 2947 1276 3004 de
1299 2947 1502 3019 Spiritu
1531 2957 1722 3004 sancto
1747 2946 1814 3001 ad
1843 2936 2086 3014 'Abragi-

498 3053 625 3106 iam,
652 3054 760 3108 quo
789 3038 970 3094 multis
991 3039 1387 3109 Scripturarum
1404 3040 1538 3096 locis
1562 3039 1818 3111 Spiritum
1839 3046 2087 3122 sanctum

498 3143 664 3183 unum
701 3143 823 3183 cum
853 3127 1014 3184 Patre
1041 3136 1096 3184 et
1115 3127 1252 3184 Filio
1282 3128 1450 3183 Deum
1481 3130 1764 3199 probabat.

569 3229 824 3302 Nuspiam
853 3239 1030 3286 exstat
1065 3231 1321 3302 praeclara
1343 3231 1568 3301 epistola
1599 3231 1666 3285 ad
1693 3209 2086 3300 Carmaginen-

2183 688 2343 741 altius
2370 684 2561 739 animis
2589 690 2645 737 et
2669 681 2864 737 clarius
2884 677 3072 748 infigit.

2255 779 2348 833 llis
2377 775 2714 847 prmnotatis,
2766 787 2829 828 ea
2869 788 3010 827 nunc
3045 769 3284 826 breviter
3319 765 3601 822 indicanda
3649 778 3772 835 qua:

2183 875 2506 941 postremam
2535 869 2676 922 hanc
2703 865 2994 920 editionem
3015 859 3412 918 commendant.

2257 964 2492 1018 Primum
2521 977 2628 1016 non
2658 960 2808 1030 parvi
2829 956 3032 1013 referre
3051 957 3224 1010 visum
3263 961 3348 1008 est
3370 953 3550 1007 omnia
3575 951 3772 1006 summi

2185 1055 2287 1108 viri
2307 1054 2505 1122 scripta
2535 1050 2822 1120 separatim
2842 1047 2953 1118 jam
2974 1046 3158 1100 haberi
3177 1058 3365 1114 posse,
3393 1057 3502 1098 nec-
3525 1048 3585 1096 ut
3612 1049 3773 1095 antea

2185 1147 2272 1201 vel
2302 1147 2354 1200 in
2382 1145 2546 1199 variis
2588 1144 2802 1198 demum
2844 1139 3207 1195 voluminibus
3243 1138 3486 1206 dispersa
3522 1135 3770 1205 reperiri,

2189 1238 2274 1293 vel
2299 1238 2351 1291 in
2382 1237 2700 1290 immensum
2732 1241 3017 1303 postrema:
3052 1229 3270 1285 Patrum
3306 1227 3652 1283 Bibliotheca:
3679 1241 3772 1295 pe-

2188 1329 2339 1397 lagus
2368 1330 2616 1382 immersa
2647 1326 2832 1379 latere.

2258 1418 2490 1481 Deinde,
2521 1416 2668 1486 quod
2708 1415 2927 1484 majoris
2962 1415 3123 1470 etiam
3151 1412 3410 1469 momenti
3437 1416 3537 1477 est,
3569 1425 3688 1465 cum
3718 1409 3772 1463 in

2189 1510 2397 1566 exteris
2417 1508 2771 1575 editionibus,
2802 1507 2929 1561 dum
2965 1513 3144 1562 errata
3172 1505 3413 1575 priorum
3449 1502 3774 1573 posteriores

2190 1600 2492 1656 inconsulte
2519 1606 2904 1668 sequerentur,
2951 1596 3262 1651 mendarum
3305 1609 3559 1650 numerus
3587 1599 3776 1647 auctus

2191 1693 2370 1763 potius
2411 1701 2555 1747 esset
2587 1706 2748 1760 quam
2791 1689 3138 1756 imminutus,
3182 1689 3239 1743 in
3284 1689 3385 1744 hac
3432 1694 3581 1743 certe
3627 1686 3681 1740 in
3709 1685 3777 1740 iis

2189 1783 2538 1838 emendandis
2577 1781 3034 1852 repurgandisque
3072 1781 3298 1858 multum
3345 1779 3543 1834 laboris
3570 1780 3776 1850 impen-

2191 1889 2310 1928 sum
2341 1882 2443 1940 est,
2471 1874 2638 1928 multa
2667 1888 2830 1928 sensu
2858 1873 3016 1942 plane
3037 1872 3274 1928 carentia
3303 1871 3356 1926 in
3381 1871 3645 1940 integrum
3685 1884 3777 1924 re-

2113 1965 2164 2028 B
2189 1967 2376 2021 stituta
2405 1985 2416 2019 :
2451 1967 2605 2036 cujus
2639 1982 2781 2021 curm
2815 1965 2972 2021 ﬁdem
3003 1965 3206 2021 faciunt
3235 1965 3490 2036 appositae
3518 1964 3584 2019 ad
3627 1964 3777 2034 pagi-

2193 2074 2386 2113 narum
2419 2058 2621 2113 calcem
2651 2059 2869 2112 notulas.
2910 2057 3084 2127 Atque
3125 2057 3326 2112 utinam
3364 2057 3416 2110 in
3454 2057 3558 2111 hoc
3594 2055 3779 2110 labore

2191 2149 2422 2219 amplius
2461 2148 2711 2218 progredi
2748 2149 3010 2214 licuisset,
3045 2163 3214 2218 eaque
3239 2162 3367 2202 mss.
3401 2145 3554 2216 copia
3582 2153 3778 2216 prtesto

2192 2238 2412 2306 fuisset,
2466 2239 2660 2306 quibus
2706 2239 2971 2308 permulta
3020 2253 3139 2306 quze
3191 2239 3419 2292 obscura
3469 2244 3778 2291 manserant

2191 2329 2448 2383 illustrari
2474 2330 2802 2398 potuissent!
2827 2329 2924 2384 Est
2943 2339 3122 2383 tamen
3152 2327 3354 2398 aliquid
3375 2328 3583 2383 caeteris
3604 2329 3656 2382 in
3677 2327 3780 2382 hac

2192 2419 2514 2474 emendandi
2534 2421 2809 2489 diligentia
2839 2420 3128 2490 praeivisse,
3159 2435 3360 2488 eosque
3389 2420 3455 2473 ad
3479 2419 3620 2474 hanc
3647 2433 3780 2488 ope-

2192 2526 2308 2566 ram
2336 2511 2632 2581 majoribus
2661 2511 2981 2580 adjumentis
3001 2510 3364 2581 praestandam
3397 2511 3681 2565 excitasse.

2265 2601 2514 2671 Capitum
2564 2602 2883 2671 partitiones
2924 2602 3208 2672 aliquoties
3254 2602 3564 2656 iininutatas
3609 2601 3779 2655 lector

2193 2693 2449 2760 oil‘endet,
2481 2694 2576 2750 sed
2606 2696 2916 2749 mutationis
2936 2710 3149 2750 causam
3179 2695 3338 2749 facile
3374 2695 3736 2765 deprehendet
3765 2713 3778 2747 :

2129 2831 2141 2868 Δ
2194 2794 2345 2842 tanta
2372 2787 2515 2842 enim
2542 2787 2745 2843 incuria
2774 2789 3044 2842 sectiones
3070 2787 3174 2841 illa:
3209 2787 3336 2856 olim
3363 2787 3515 2842 factas
3545 2787 3776 2852 fuerant,

2194 2886 2255 2932 ut
2280 2894 2392 2933 non
2429 2893 2553 2933 raro
2593 2877 2781 2934 eadem
2820 2877 3042 2948 periodo
3080 2879 3133 2932 in
3183 2879 3317 2934 duas
3364 2888 3545 2948 partes
3592 2881 3778 2944 scissa,

2194 2970 2345 3039 prior
2371 2969 2720 3039 praecedentis
2744 2970 2936 3039 capitis
2968 2971 3279 3034 clausulam,
3313 2971 3479 3025 altera
3509 2974 3781 3040 sequentis

2195 3060 2477 3115 exordium
2507 3060 2732 3128 faceret,
2761 3075 2826 3115 ac
2853 3061 2932 3116 sic
2965 3069 3076 3116 tota
3104 3063 3371 3116 sententia
3401 3062 3534 3117 lucis
3560 3078 3781 3133 prorsus

2195 3160 2252 3208 et
2271 3151 2580 3208 intellectus
2607 3167 2800 3222 expers
2821 3160 2981 3207 esset.

2267 3251 2450 3308 Sicubi
2475 3265 2609 3307 vero
2637 3267 2861 3322 operum
2891 3253 3028 3306 tituli
3059 3253 3302 3307 nonnihil
3330 3254 3414 3308 vel
3445 3257 3654 3320 mutati,
3696 3258 3780 3311 vel
3816 3254 3820 3258 ’

496 3337 607 3390 δθεν
647 3321 854 3377 ‘ubumi
875 3364 890 3388 ν
925 3329 982 3376 υί
1012 3319 1177 3378 habet
1205 3323 1373 3393 iPSius
1402 3321 1536 3377 Vim
1564 3322 1815 3392 δαίμον’
1837 3323 1998 3376 “1"”
2003 3331 2087 3374 "1"
2113 3337 2161 3402 C
2195 3345 2358 3409 aucti,
2383 3353 2496 3399 tum
2525 3343 2612 3398 vel
2637 3319 2778 3398 ratio
2805 3344 2964 3398 simul
2991 3343 3200 3411 addita,
3250 3359 3317 3400 ne
3352 3345 3556 3401 temere
3583 3319 3780 3401 factum

409 3461 413 3464 .
497 3414 636 3468 tione
687 3414 981 3485 perspicua,
1032 3412 1121 3466 ubi
1172 3430 1302 3484 pene
1353 3421 1562 3467 cunctos
1603 3412 1750 3466 dolos
1785 3422 1840 3494 et
1874 3411 2092 3492 fallacia

495 3502 879 3570 blandimenta,
908 3502 1090 3575 quibus
1121 3503 1357 3575 infelices
1399 3504 1589 3558 animo:
1618 3503 1992 3558 reducebantur
2019 3500 2090 3556 ad

497 3604 728 3659 mortem,
759 3595 1064 3666 gravissima
1091 3594 1453 3664 conquestione
1480 3593 1711 3665 digessit.

565 3695 817 3767 Nuspiam
854 3703 1070 3752 exstant
1095 3693 1202 3750 duo
1231 3693 1299 3750 de
1333 3692 1546 3764 Jejunio
1591 3701 1647 3749 et
1685 3692 1940 3772 Oratione
1969 3693 2092 3749 libri

498 3805 636 3862 quos
660 3787 726 3844 ad
756 3786 986 3843 Probam
1016 3786 1084 3842 ab
1113 3801 1180 3841 eo
1207 3786 1437 3855 scriptos
1461 3794 1693 3841 constat.

568 3881 823 3950 Nuspiam
864 3886 1078 3934 exstant
1120 3879 1239 3932 dum
1264 3877 1334 3932 ad
1362 3877 1712 3948 Stephaniam
1741 3877 1973 3933 nobilem
2014 3877 2094 3932 fe-

393 4028 411 4042 ,
498 3972 700 4028 minam
741 3979 798 4027 et
833 3985 932 4025 suo
971 3978 1027 4023 et
1064 3969 1441 4038 episcoporum
1479 3968 1698 4023 nomine
1743 3969 1796 4022 in
1843 3967 2091 4022 Sardinia

497 4063 727 4132 scriptae.
775 4060 856 4116 Ex
891 4061 1087 4130 quibus
1115 4060 1292 4116 locum
1322 4058 1555 4117 Arianus
1581 4061 1798 4116 cuidam
1839 4062 1892 4116 in
1935 4077 2090 4115 suum

495 4166 799 4210 sermonem
822 4151 1187 4206 transtulerat.

567 4251 820 4323 Nuspiam
845 4260 1022 4306 exstat
1060 4251 1286 4320 epistola
1322 4251 1391 4306 ab
1420 4268 1538 4322 ipso
1573 4252 1772 4321 scripta
1803 4252 1868 4307 ad
1897 4267 2090 4322 quem-

497 4341 622 4398 dam
667 4339 929 4396 Joannem
977 4339 1325 4409 episcopum;
1357 4356 1460 4410 qua
1506 4340 1802 4395 luculenter
1828 4341 2094 4412 probabat

497 4433 780 4489 criminum
802 4447 956 4487 reum
977 4431 1215 4486 surculari
1233 4431 1400 4500 judici
1427 4448 1536 4488 non
1566 4447 1688 4488 esse
1719 4433 2050 4487 tradendum.

567 4531 820 4604 Nuspiam
841 4541 1055 4588 exstant
1082 4533 1201 4587 libri
1226 4533 1413 4588 decem
1444 4534 1513 4588 ad
1541 4534 1856 4601 Fabianum,
1886 4550 1953 4590 ex
1970 4537 2093 4606 qui-

498 4625 601 4682 bus
620 4624 832 4681 nonnisi
859 4622 1155 4693 fragmenta
1175 4632 1485 4693 supersunt.

2193 3436 2362 3490 videri
2415 3436 2612 3505 possit;
2665 3435 2812 3505 quod
2859 3436 3288 3491 animadvertere
3335 3446 3416 3492 est
3453 3439 3507 3492 in
3551 3445 3783 3494 tractatu

2193 3527 2264 3583 de
2291 3527 2422 3584 Fide
2446 3529 2514 3583 ad
2542 3527 2782 3596 Petrum,
2807 3528 2896 3583 ubi
2925 3535 3251 3600 expunctum
3274 3538 3420 3584 recte
3447 3529 3659 3584 diaconi
3686 3547 3784 3585 no-

2193 3631 2320 3674 men
2346 3634 2652 3688 novumque
2698 3618 2940 3673 additum
2980 3620 3190 3673 titulum
3230 3619 3283 3673 in
3326 3628 3453 3674 nota
3497 3621 3784 3690 probatum

2192 3715 2281 3764 est
2304 3723 2373 3764 ex
2401 3709 2518 3778 ipso
2545 3707 2854 3776 Fulgentio;
2880 3709 2965 3763 vel
2990 3709 3034 3764 si
3064 3708 3168 3763 hoc
3207 3709 3530 3778 quandoque
3556 3717 3780 3778 praeter-

2193 3800 2417 3853 missum
2446 3807 2554 3862 est,
2585 3799 2699 3868 ipsa
2726 3815 2786 3854 se
2813 3799 3112 3867 legentibus
3136 3800 3275 3854 ratio
3303 3799 3510 3869 prodet,
3542 3809 3598 3854 et
3629 3802 3783 3870 quasi

2193 3888 2250 3944 in
2283 3891 2471 3944 oculos
2509 3891 2765 3944 incurret.
2801 3888 2891 3944 Sic
2937 3890 3082 3943 enim
3124 3889 3261 3944 libro
3299 3889 3367 3944 de
3413 3888 3783 3945 lncarnatione

2193 3980 2317 4035 Filii
2339 3979 2436 4034 Dei
2455 3979 2694 4034 additum
2720 3989 2803 4034 est
2831 3981 2885 4034 in
2914 3980 3067 4034 titulo
3091 3989 3140 4034 et
3169 3979 3344 4033 vilium
3363 3981 3659 4033 animalium
3680 3996 3778 4031 au-

2193 4080 2366 4137 ctore;
2396 4080 2509 4126 tum
2536 4073 2661 4142 quia
2686 4073 2835 4126 istius
2863 4073 3040 4141 operis
3069 4089 3192 4142 pars
3214 4073 3324 4126 fere
3351 4072 3564 4126 dimidia
3594 4073 3645 4125 in
3674 4072 3780 4126 hoc

2196 4172 2516 4232 argumento
2543 4163 2882 4225 versabatur,
2919 4171 3029 4217 tum
3067 4163 3190 4232 quia
3227 4162 3421 4217 clarius
3459 4162 3559 4216 hac
3599 4175 3781 4215 acces-

2195 4254 2351 4312 sione
2379 4261 2641 4308 tractatus
2663 4253 2751 4307 ille
2779 4253 2848 4308 ab
2877 4253 2983 4308 alio
3020 4251 3444 4320 distinguebatur
3477 4251 3617 4306 hunc
3649 4252 3749 4305 titu
3773 4281 3778 4285 ε

2195 4343 2308 4398 lum
2339 4341 2676 4413 przeferente,
2707 4344 2770 4397 de
2801 4342 3170 4398 lncarnatione
3193 4353 3239 4397 et
3279 4340 3481 4397 Gratia.

2270 4443 2442 4498 Erunt
2467 4444 2606 4499 forte
2632 4445 2724 4513 qui
2744 4444 3007 4498 mirentur
3029 4459 3096 4497 ex
3116 4443 3374 4499 mediocri
3405 4445 3676 4499 volumine
3705 4452 3786 4498 tot

2197 4553 2364 4608 opera
2392 4537 2444 4592 in
2468 4536 2817 4607 appendicem
2844 4536 3099 4604 relegata.
3126 4533 3234 4590 Sed
3262 4535 3315 4590 id
3343 4551 3449 4590 non
3490 4537 3606 4590 sine
3625 4535 3786 4604 justis

2197 4629 2640 4700 evidentibusque
2660 4629 2832 4685 causis
2854 4627 3048 4684 factum
3070 4628 3121 4682 in
3139 4628 3396 4697 cujusque
3419 4629 3596 4698 operis
3610 4629 3787 4682 fronte

573 4727 698 4784 Haec
723 4726 792 4783 de
819 4726 1072 4797 operibus
1094 4724 1358 4794 Fulgentii
1387 4725 1594 4796 przefari
1623 4727 1815 4782 visum.
1849 4726 1924 4783 De
1968 4729 2095 4797 qui-
2121 4705 2179 4768 Ῑ)
2200 4717 2625 4774 demonstratum
2652 4728 2764 4784 est;
2795 4734 2894 4774 nec
2936 4719 2988 4773 id
3014 4719 3224 4788 privato
3250 4718 3450 4788 judicio
3497 4728 3781 4784 tentatum,

497 4820 598 4876 bus
637 4819 758 4890 quis
789 4817 952 4873 fuerit
991 4818 1334 4894 antiquorum
1378 4833 1570 4872 sensus
1607 4833 1674 4872 ex
1714 4817 1919 4874 Isidoro
1967 4821 2095 4876 sciri

496 4920 694 4982 potest,
728 4926 757 4964 a
788 4925 895 4978 quo
923 4908 1119 4964 dicitur
1146 4908 1200 4962 in
1229 4909 1518 4978 Scripturis
1541 4909 1728 4963 divinis
1750 4911 1954 4981 copiose
1973 4926 2094 4962 eru-

497 5003 657 5068 ditus,
687 5002 743 5056 in
770 5000 1021 5073 loquendo
1042 5001 1239 5068 dulcis,
1282 5002 1339 5054 in
1369 5000 1670 5055 disserendo
1699 5000 1920 5055 subtilis.
1952 4999 2092 5055 Eru-

448 5113 450 5115 ν
499 5077 624 5147 ditis
668 5100 816 5146 certe
857 5091 984 5146 noni
1035 5091 1212 5146 saeculi
1254 5091 1384 5146 viris
1433 5107 1542 5145 non
1575 5091 1692 5145 leve
1730 5091 1965 5145 studium
1995 5090 2096 5146 run

499 5195 722 5250 magnas
747 5197 813 5236 ex
853 5183 970 5252 ipso
1007 5182 1230 5239 lacinias
1257 5183 1609 5254 excerpendi;
1653 5190 1767 5238 tota
1814 5199 1946 5238 vero
1989 5182 2091 5238 Ec-

498 5273 661 5329 clesia
692 5271 1060 5342 Lugdunensis
1085 5274 1190 5331 hoc
1217 5275 1391 5345 ipsum
1417 5275 1593 5344 elogio
1626 5273 1874 5343 dignatur
1905 5292 1917 5327 :
1950 5273 2090 5329 Bea-

501 5374 582 5420 tus
627 5366 846 5420 antistes
879 5375 929 5419 et
962 5365 1217 5438 gloriosus
1253 5369 1540 5438 confessor,
1575 5367 1660 5439 qui
1686 5365 1749 5421 ob
1783 5367 2092 5420 admiranda

499 5468 549 5512 et
571 5458 866 5515 ueneranda
898 5459 1092 5530 scripta
1121 5475 1321 5530 semper
1359 5459 1422 5513 ab
1459 5459 1695 5513 Ecclesia
1740 5459 1963 5529 fideliter
2003 5475 2088 5512 re-

499 5557 707 5615 ceptus,
749 5559 800 5605 et
844 5549 980 5604 inter
1021 5551 1298 5619 scriptores
1337 5550 1709 5606 ecclesiasticos
1759 5548 2090 5604 laudabiliter

501 5649 800 5698 numeratus
827 5653 920 5699 est.

573 5738 669 5795 Est
693 5749 843 5797 certe
885 5743 1166 5812 singularis
1195 5743 1250 5797 in
1291 5743 1409 5812 ipso
1444 5742 1524 5796 vis
1560 5740 1780 5809 ingenii,
1835 5756 1941 5794 non
1983 5743 2101 5795 vnl-

501 5836 617 5902 gari
650 5835 914 5890 suavitate
954 5835 1190 5919 cqndita.
1221 5834 1360 5890 Sunt
1395 5844 1576 5889 tamen
1613 5833 1702 5903 qui
1735 5835 1905 5902 ipsum
1936 5834 2102 5887 astri-

502 5927 730 5983 ctiorem
766 5927 968 5984 vellent
994 5935 1052 5984 et
1086 5926 1144 5987 in
1171 5926 1363 5988 iisdem
1390 5926 1672 5986 sententiis
1707 5924 1984 5984 versandis
2009 5941 2099 5982 re-

2199 4809 2296 4865 sed
2323 4809 2655 4865 eruditorum
2679 4809 2941 4878 suffragiis
2969 4811 3250 4877 diligenter
3274 4813 3540 4880 expensis.

2272 4899 2348 4954 De
2393 4899 2602 4954 duobus
2642 4902 2979 4956 sermonibus
3013 4901 3208 4957 additis
3253 4909 3303 4957 et
3344 4903 3470 4970 quid
3515 4903 3787 4958 videretur

2201 4995 2531 5066 expositum,
2553 5002 2608 5050 et
2626 5009 2714 5050 res
2741 5002 2854 5051 tota
2884 4995 2952 5050 ad
2976 4995 3237 5052 lectorum
3257 4996 3537 5051 arbitrium
3561 4996 3784 5051 remissa

2201 5095 2303 5141 est.
3780 5150 3791 5158 .

2275 5174 2502 5230 Additus
2531 5182 2616 5229 est
2635 5189 2761 5230 mss.
2787 5175 3278 5246 imprcssorunique
3305 5175 3546 5231 codicum
3573 5191 3640 5232 ex
3664 5176 3784 5246 qui-

2201 5267 2303 5322 bus
2331 5266 2443 5320 hzcc
2469 5265 2634 5321 editio
2659 5265 2942 5322 emendata
2967 5273 3049 5321 est
3077 5264 3233 5320 index
3262 5265 3328 5320 ad
3371 5265 3529 5336 hujus
3555 5266 3782 5322 volumi-

2199 5358 2284 5413 nis
2309 5358 2530 5413 calcem.

2275 5465 2384 5518 Nec
2405 5461 2763 5518 omittendum
2794 5461 2880 5516 hic
2906 5470 2988 5516 est
3006 5461 3242 5516 debitum
3271 5459 3540 5516 Chiﬂletio
3567 5460 3783 5516 Jesuita:

2206 5555 2416 5610 eximia:
2438 5552 2753 5608 eruditionis
2781 5551 2925 5616 viro,
2949 5561 3085 5621 grati
3109 5551 3271 5606 animi
3301 5553 3685 5618 testimonium,
3715 5553 3784 5606 ob

2208 5647 2474 5716 singulare
2495 5645 2610 5714 ejus
2629 5644 2696 5699 de
2725 5643 3001 5712 Fulgentio
3025 5655 3081 5697 et
3113 5645 3180 5698 de
3209 5644 3308 5698 hac
3332 5645 3628 5714 praesertim
3671 5644 3785 5698 edi-

2209 5740 2360 5792 tione
2384 5739 2654 5792 meritum.
2682 5737 2825 5801 Quas
2865 5736 3006 5789 enim
3036 5751 3100 5790 ex
3143 5737 3305 5791 variis
3349 5736 3477 5791 olim
3513 5736 3786 5792 codicibus

2207 5829 2548 5884 bibliothecae
2566 5825 2822 5882 Cartusizc
2849 5827 2914 5880 ad
2943 5826 3131 5882 Portas
3145 5827 3502 5896 exscripserat
3521 5827 3786 5881 variantes

2209 5922 2268 5983 in
2293 5919 2475 5977 omnia
2493 5918 2605 5977 fere
2631 5916 2894 5991 Fulgentii
2925 5933 3089 5990 opera
3117 5919 3376 5979 lectiones
3397 5961 3412 5989 ,
3443 5932 3537 5979 eas
3561 5916 3652 5980 ille
3685 5915 3784 5978 be-
