4068 6342
288 485 387 540 117

1628 484 2151 546 PROIEGOMENA.

3433 486 3534 545 H8

284 604 592 672 nignissime
619 618 742 660 cum
771 603 836 660 iis
862 604 1276 661 communicavit
1310 582 1403 675 qui
1442 611 1725 675 postremae
1770 606 1856 663 isti
1880 608 1937 668 Α
2025 604 2156 662 Haec
2182 612 2309 662 sunt
2331 620 2452 677 quae
2488 606 2558 662 ad
2598 604 2868 678 publicam
2905 607 3188 665 utilitatem
3215 621 3538 678 promoven-

282 696 500 751 editioni
527 695 875 751 emendandae
918 712 1136 766 operam
1166 696 1364 753 dabant
1410 714 1424 751 :
1454 712 1525 755 ex
1561 698 1753 767 quibus
1781 698 1858 753 illi

1958 698 2085 754 dam
2111 698 2199 754 vel
2224 706 2451 770 tentata,
2466 699 2552 755 vel
2572 698 2761 756 effecta
2779 709 2922 756 sunt.
2948 702 3078 769 Qua:
3100 702 3144 758 si
3165 701 3340 756 minus
3358 715 3539 756 rerum

279 799 395 855 quae
419 784 737 841 excudenda
775 787 1047 842 restabant
1074 787 1338 856 Fulgentii
1380 788 1577 857 scripta
1608 803 1860 844 correxe-
1958 790 2195 860 ipsarum
2241 791 2437 861 pretio,
2485 792 2775 849 voluntatis
2819 803 2966 851 certe
3008 810 3072 850 ac
3115 794 3276 849 studii
3309 793 3539 861 merito,

277 883 421 937 runt,
451 875 625 930 serius
645 885 893 946 acceptas
913 878 966 931 in
985 878 1253 933 variarum
1280 878 1567 935 lectionum
1595 880 1858 952 syllabum

280 977 527 1023 accurate
552 967 868 1023 retulerunt.

1959 882 2129 950 aequis
2164 881 2437 951 judicibus
2472 883 2756 954 probatum
2782 885 2850 941 iri
2893 902 3003 942 non
3029 886 3297 942 immerito
3324 898 3542 958 sperare

1880 1020 1899 1033 .,
1960 972 2115 1029 nobis
2142 974 2402 1030 videmur.

286 1071 3511 1111 ’ΨΜ

324 1158 329 1165 ·
958 1110 969 1121 ’
1099 1149 1160 1211 s.
1188 1148 1621 1212 FULGENTII
1657 1149 2010 1212 EPISCOPI
2041 1128 2460 1216 RUSPENSIS
2486 1155 2712 1230 VITA,

1332 1268 1376 1324 A
1406 1268 1481 1341 (a)
1511 1267 1747 1338 quodam
1775 1270 1893 1371 ejus
1916 1268 2178 1340 discipulo
2203 1275 2505 1346 conscripta

912 1400 993 1443 AD
1019 1398 1409 1445 FELICIANUM
1440 1396 1796 1442 EPISCDPUM
1826 1397 1844 1440 ε

1947 1397 2045 1441 CTI
2077 1398 2424 1447 FULGENTI!
2454 1403 2911 1453 εῠαοεςεοιιιξκ.

280 1588 574 1647 Ρκοιοςυε.
606 1588 723 1644 Duo
761 1587 1351 1659 doctoribuscatltolicg
1382 1585 1633 1659 Ecclesia:
1669 1602 1850 1640 neces-
1880 1584 2047 1659 B_diu
2067 1588 2252 1641 vivunt
2275 1586 2453 1642 adhuc
2476 1588 2569 1658 qui
2608 1597 2873 1642 noverunt
2901 1603 3022 1643 eum
3053 1587 3139 1642 vel
3164 1602 3195 1642 a
3223 1578 3537 1642 certissimis

348 1661 510 1719 saria,
540 1660 642 1713 rita
666 1658 797 1713 bona
817 1667 863 1713 et
883 1675 1014 1713 sana
1036 1658 1291 1712 doctrina.
1312 1655 1373 1710 Β.
1395 1655 1697 1728 Fulgentius
1717 1671 1854 1725 pra:-

343 1747 518 1784 τριτον
548 1728 803 1783 Feliciani
828 1730 1074 1800 episcopi.
1390 1800 1393 1801 ν

347 1817 395 1870 1.
412 1816 599 1872 Omnis
618 1816 753 1871 Novi
784 1816 1112 1873 Testamenti
1135 1812 1467 1871 ﬁdelissimus
1488 1814 1849 1884 dispensator,

279 1910 328 1961 in
354 1923 463 1977 quo
493 1907 728 1976 loquitur
751 1906 1014 1972 Christus,
1062 1914 1247 1960 sancte
1274 1904 1434 1959 Pater
1457 1904 1747 1967 Feliciane,
1793 1912 1853 1959 ut

278 1998 523 2068 exemplo
550 2013 650 2052 suo
672 1996 999 2052 credendum
1027 1996 1132 2050 sibi
1159 1995 1316 2051 facile
1345 1994 1685 2065 persuadeat,
1716 1993 1870 2064 ope-‘

276 2106 389 2145 rum
417 2083 685 2144 bonorum
730 2104 914 2143 curam
960 2089 1248 2143 maximam
1288 2088 1449 2156 gerit,
1495 2096 1550 2142 et
1596 2086 1852 2158 quidquid

277 2180 389 2235 aliis
416 2179 720 2233 faciendum
746 2177 891 2241 dicit,
938 2177 1053 2247 ipse
1082 2176 1328 2246 primitus
1367 2176 1510 2231 facit.
1532 2175 1663 2231 Sine
1689 2191 1850 2231 causa

275 2271 465 2340 quippe
490 2270 678 2323 nititur
703 2267 901 2324 docere
924 2262 1214 2337 sapienter,
1248 2267 1349 2324 nisi
1371 2266 1565 2321 vixerit
1592 2268 1850 2322 innocen-

274 2369 370 2415 ter.
401 2361 516 2415 Duo
544 2361 705 2428 igitur
724 2357 979 2414 Ecciesia:
1020 2358 1297 2413 catholicae
1323 2358 1633 2414 doctoribus
1662 2373 1851 2415 neces-

268 2452 407 2507 saria
433 2451 780 2520 iudicantur:
825 2449 936 2503 vita
980 2450 1122 2504 bona
1167 2454 1222 2503 et
1262 2463 1391 2503 sana
1434 2448 1695 2503 doctrina.
1728 2448 1850 2505 Vita

267 2544 407 2597 enim
436 2543 580 2597 bona
608 2540 953 2597 commendat
982 2541 1254 2610 sapienter
1272 2539 1571 2605 docentem,
1603 2539 1849 2597 doctrina

266 2650 392 2689 sana
420 2641 580 2689 ornat
602 2634 739 2689 bene
756 2633 1049 2688 viventem.
1073 2631 1198 2686 Vita
1226 2631 1369 2686 bona
1397 2630 1523 2686 facit
1541 2631 1843 2698 amabilem,
1940 2660 1945 2665 -

264 2727 509 2783 doctrina
531 2742 664 2780 sana
685 2725 1028 2780 laudabilem.
1056 2723 1176 2778 Vita
1206 2724 1348 2779 bona
1374 2724 1628 2779 continuo
1668 2724 1846 2779 credi-

265 2827 350 2873 tur
371 2816 654 2881 imitanda,
701 2816 946 2872 doctrina
975 2830 1108 2869 sana
1135 2829 1407 2884 nunquam
1430 2814 1700 2884 judicatur
1726 2829 1848 2871 esse

264 2907 611 2978 repudianda.
630 2907 748 2960 Vita
761 2906 900 2961 bona
919 2905 1057 2969 tollit
1081 2906 1395 2960 occasiones
1415 2904 1842 2973 detrahentibus,

262 3001 505 3056 doctrina
552 3015 685 3055 sana
723 2998 930 3053 resistit
973 2996 1479 3053 contradicentibus.
1551 2994 1846 3067 Propterea

263 3094 391 3147 mibi
417 3093 716 3148 diutissime
758 3092 902 3147 beati
930 3090 1197 3162 Fulgentii
1217 3089 1488 3161 pontiﬁcis
1518 3090 1618 3162 (tui
1643 3090 1848 3147 scilicet

260 3186 620 3256 precessoris,
652 3200 813 3255 aquo
850 3183 1012 3240 simul
1051 3182 1238 3238 nutriti
1282 3182 1514 3255 sumus),
1563 3191 1619 3239 et
1644 3200 1846 3240 nomen

260 3287 321 3334 et
348 3280 569 3347 gratiam
617 3276 906 3345 cogitanti,
954 3275 1083 3332 dum
1136 3276 1443 3346 frequenter
1488 3282 1616 3331 ante
1657 3278 1846 3335 oculos

261 3368 443 3423 cordis
484 3368 589 3423 mei
637 3367 892 3436 magister
939 3367 1185 3435 egregius
1218 3377 1543 3435 versaretur,
1593 3367 1845 3423 dolebam

260 3460 397 3516 tanti
421 3459 515 3514 viri
529 3458 727 3515 solatio
746 3458 983 3513 caruisse
1002 3457 1230 3528 populos
1241 3457 1542 3514 Africanos.
1567 3456 1636 3512 Et
1653 3473 1844 3527 quam-

260 3553 338 3606 vis
383 3552 474 3606 ille
518 3550 727 3620 gaudiis
765 3549 1072 3605 caelestibus
1115 3548 1466 3604 oblectandus
1504 3548 1573 3604 ad
1618 3551 1842 3605 meliora

261 3642 603 3712 migraverit,
652 3640 793 3711 apud
838 3656 937 3695 nos
982 3648 1161 3695 tamen
1189 3640 1353 3695 modo
1395 3640 1623 3695 similem
1653 3640 1842 3696 deesse

261 3734 559 3801 doctorem,
588 3732 865 3802 sapientia:
891 3731 1009 3802 ejus
1037 3731 1178 3787 bene
1206 3732 1453 3787 conscius
1482 3732 1837 3801 suspirabam,

324 3823 375 3878 2.
405 3824 652 3879 Dabatur
670 3837 798 3878 sane
826 3822 990 3878 flebili
1010 3821 1377 3878 recordationi
1398 3820 1643 3891 quaedam
1672 3822 1843 3893 respi-

275 3917 409 3979 ratio,
436 3914 695 3985 quotiens
719 3913 1059 3969 dulcissimos
1086 3912 1254 3968 libros
1280 3911 1416 3981 ejus,
1441 3919 1536 3967 aut
1560 3912 1839 3983 epistolas,

276 4017 352 4060 aut
370 4022 510 4076 quos
530 4004 680 4060 dedit
709 4004 909 4075 p0pulo
939 4011 1201 4074 praesente
1250 4016 1554 4066 sermones,
1607 4001 1694 4058 vel
1740 4016 1842 4073 ego

268 4094 521 4166 legebam,
566 4095 651 4150 vel
680 4095 917 4163 legentes
944 4093 1079 4149 alios
1124 4091 1424 4148 audiebam.
1457 4089 1842 4147 Verumtamen

261 4186 309 4240 in
336 4186 439 4241 illis
462 4183 736 4257 praeclaris
757 4183 1028 4254 opusculis
1069 4182 1341 4251 ingenium
1366 4180 1469 4236 viri
1494 4181 1843 4251 sapientiam-

258 4293 360 4346 que
378 4293 539 4349 posse
559 4276 779 4344 agnosci
801 4274 994 4329 tacitus
1015 4272 1424 4329 considerabam
1448 4288 1462 4326 :
1485 4270 1639 4339 cujus
1658 4278 1843 4326 autem

255 4369 493 4437 justitize,
508 4366 797 4439 probitatis
821 4375 876 4423 et
895 4363 1277 4420 misericordia:
1297 4361 1476 4429 fuerit,
1490 4370 1546 4418 et
1564 4362 1841 4433 quomodo

254 4461 591 4516 laudabiliter
612 4460 777 4515 vitam
806 4473 956 4514 suam
984 4455 1150 4530 (quod
1174 4464 1230 4511 tu
1257 4455 1396 4511 bene
1423 4455 1587 4526 nosti)
1617 4471 1739 4511 cum
1760 4455 1841 4509 fa-

255 4554 550 4609 miliaribus
573 4554 687 4609 suis
716 4552 1056 4621 transegerit,
1095 4552 1235 4607 sicut
1261 4549 1445 4605 docuit
1463 4550 1669 4614 vivens,
1699 4550 1840 4604 scire

254 4644 535 4712 plerosque
581 4659 688 4701 non
732 4641 1074 4710 dubitabam,
1134 4641 1305 4695 latere
1352 4646 1532 4694 tamen
1579 4639 1841 4710 plurimos

251 4742 569 4795 sentiebam.
617 4738 676 4793 In
728 4745 1004 4809 posterum
1048 4750 1200 4801 vero,
1250 4750 1318 4790 ne
1362 4732 1633 4789 oblivione
1678 4732 1839 4800 longa

250 4833 678 4889 conversationis
716 4830 834 4900 ejus
858 4830 998 4885 bona
1029 4829 1383 4895 nescirentur,
1416 4841 1629 4895 semper
1657 4832 1712 4879 et
1737 4838 1833 4879 ve-

251 4926 555 4981 hementius
575 4922 947 4980 formidabam.
978 4922 1096 4977 Dixi
1122 4933 1251 4989 ergo
1278 4920 1369 4975 diu
1398 4919 1671 4987 cogitans:
1693 4914 1833 4971 Ecce

251 5017 414 5087 fulget
438 5015 582 5071 beati
603 5014 869 5085 Fulgentii
896 5029 1027 5069 sana
1054 5012 1317 5075 doctrina,
1361 5010 1615 5081 quoniam
1645 5008 1835 5076 legun-

252 5118 336 5164 tur
362 5108 434 5164 ab
465 5109 713 5163 omnibus
738 5108 862 5163 libri
882 5106 1017 5177 ejus.
1042 5104 1206 5172 Quasi
1229 5104 1317 5159 ille
1337 5104 1591 5173 loquitur,
1613 5098 1831 5170 quando

248 5202 416 5259 codex
451 5204 567 5271 ejus
595 5202 840 5258 titulatus
870 5201 1090 5256 nomine
1135 5196 1477 5266 legiturzqui
1517 5202 1696 5250 autem
1738 5190 1832 5248 ﬁet

250 5305 307 5349 ut
334 5296 583 5350 similiter
610 5303 737 5350 nota
766 5295 836 5349 sit
863 5292 1111 5347 omnibus
1149 5290 1260 5345 vita
1289 5287 1405 5359 ejus
1430 5287 1612 5342 bona?
1648 5284 1831 5354 Quan-

321 5411 400 5475 (τι)
434 5405 493 5459 Ρ.
522 5405 793 5461 Chiﬁletio
831 5405 1055 5475 aliisque
1082 5401 1294 5458 videtur
1320 5397 1461 5470 quod
1492 5413 1523 5451 a
1550 5396 1833 5475 Ferrando

253 5467 505 5532 Ecclesiae
532 5467 982 5544 Carthaginensis'
994 5476 1244 5538 diacono,
1266 5467 1490 5544 propter
1507 5468 1744 5544 rationes
1764 5467 1835 5544 ab

253 5548 369 5617 ipso
398 5543 668 5602 allatas'in
694 5536 1009 5617 praefatione
1030 5536 1559 5617 ad_opera'Fn'lgentii
1573 5536 1833 5592 Ferrandi

252 5615 478 5672 Divione
496 5617 640 5673 edita
662 5612 805 5672 anno
843 5615 997 5670 1649.
1046 5612 1194 5670 Alios
1222 5622 1403 5667 tamen
1432 5612 1513 5663 ha:
1555 5624 1663 5662 non
1701 5622 1835 5662 con¢

249 5688 501 5750 vincunt,
532 5705 652 5742 cum
675 5688 809 5743 Vita:
836 5698 1027 5742 auctor
1049 5686 1294 5739 videatur
1321 5699 1352 5735 a
1381 5681 1549 5750 latere
1568 5676 1834 5750 F_nlgent_ii

255 5771 361 5811 non
388 5746 696 5814 discessisse
718 5800 733 5822 ,
760 5773 858 5813 nec
887 5757 937 5811 id
968 5757 1034 5810 de
1064 5753 1337 5809 Ferrando
1357 5748 1526 5822 possit
1553 5746 1829 5802 aﬂirmari.

255 5824 318 5881 V.
354 5827 588 5882 Bolland.
622 5833 642 5882 l
676 5827 831 5895 lam,
860 5844 910 5897 ρ.
943 5826 1033 5891 32,
1067 5825 1094 5895 ς
1124 5824 1177 5897 δέ
1251 5892 1312 5897 ,η
1479 5888 1528 5897 ,,,
1555 5885 1623 5897 ...η
1735 5885 1766 5897 ..

327 5897 405 5963 (b)
435 5899 488 5952 ln
534 5917 632 5953 nis.
663 5885 830 5951 Colb:
860 5885 967 5951 'nec
1012 5885 1117 5949 itth
1165 5896 1217 5949 in
1251 5892 1373 5947 Vita
1412 5907 1440 5946 a
1471 5885 1649 5963 Cirim.
1685 5885 1831 5963 edita

258 5956 401 6024 inter
426 5984 586 6041 opera
612 5965 1001 6037 Ferrandi,,ubi
1025 5964 1289 6035 presbyter
1318 5960 1604 6017 habitabas.
1631 5956 1690 6014 In
1717 5956 1830 6014 ΑΠ-

1955 1680 2184 1736 testibus
2210 1680 2414 1750 aliquid
2440 1679 2507 1736 de
2529 1681 2645 1751 ejus
2686 1679 2974 1735 virtutibus
3001 1678 3317 1742 audierunt,
3367 1685 3542 1749 potest

1958 1770 2038 1827 illi
2066 1786 2303 1841 praesens
2339 1772 2598 1827 memoria
2628 1787 2815 1827 verum
2843 1769 3209 1826 testimonium
3238 1768 3539 1840 perhibere.

1955 1861 2094 1930 Quid
2122 1868 2244 1930 aget
2268 1870 2493 1917 ventura
2530 1862 2851 1932 progenies?
2897 1859 3034 1929 Quid
3080 1859 3135 1915 in
3176 1854 3544 1914 transmarinis

1953 1953 2198 2024 partibus
2224 1952 2382 2023 longe
2410 1954 2699 2009 constituta
2731 1950 2966 2008 ﬁdelium
3009 1951 3205 2006 turba?
3250 1950 3383 2005 Cum
3414 1965 3543 2020 pcr-

1956 2045 2207 2100 venerint
2235 2043 2302 2098 ad
2332 2043 2577 2098 notitiam
2606 2042 2875 2108 lectionis,
2907 2043 2961 2096 in
2990 2056 3094 2110 qua
3123 2040 3264 2095 idem
3293 2038 3540 2094 beatissi-

1954 2150 2073 2190 mus
2119 2133 2359 2206 pontifex
2402 2134 2597 2190 absens
2640 2133 2899 2204 loquitur,
2947 2140 3193 2187 mortuus
3232 2130 3398 2197 vivit,
3445 2126 3545 2183 ad-

1944 2220 2295 2281 mirabuntur
2334 2224 2577 2297 profecto
2616 2226 2937 2296 sapientiam
2981 2242 2995 2278 :
3037 2222 3178 2279 unde
3219 2226 3571 2291 cognoscent~

1939 2316 2356 2383 innocentiam?
2388 2313 2543 2374 Sicut
2571 2333 2700 2388 ergo
2726 2318 2873 2374 clara
2896 2324 2979 2373 est
3011 2315 3127 2386 ejus
3154 2313 3419 2379 doctrina,
3467 2310 3545 2368 sic

1952 2409 2151 2465 clarior
2175 2409 2269 2464 ﬁat
2296 2410 2460 2465 etiam
2488 2409 2620 2465 vita.
2642 2408 2952 2478 Loqnamur
2975 2414 3033 2462 et
3061 2419 3335 2461 narremus
3365 2399 3544 2457 fratri-

1950 2499 2054 2555 bus
2078 2499 2279 2556 nostris
2304 2499 2579 2571 quomodo
2607 2505 2787 2555 tantus
2815 2497 3058 2570 pontifex
3087 2495 3306 2551 vixerit.

2023 2590 2077 2645 '5.
2111 2588 2220 2646 Nec
2248 2590 2546 2646 timendum
2568 2598 2651 2645 est
2676 2606 2745 2645 ne
2773 2590 2983 2644 minore
3022 2582 3543 2643 facundiasacerdo-

1953 2690 2084 2748 tem,
2113 2682 2209 2752 qui
2236 2698 2334 2753 per
2361 2682 2640 2738 universas
2680 2681 2827 2737 orbis
2852 2679 3121 2736 Ecclesias
3162 2691 3412 2745 magnum
3443 2690 3543 2729 no-

1952 2788 2077 2829 men
2121 2772 2375 2841 obtinuit,
2424 2787 2525 2842 ego
2554 2771 2746 2827 faciam
2790 2785 3032 2840 parvnm.
3074 2766 3367 2837 Cujuslibet
3395 2764 3541 2821 enim

1951 2863 2023 2918 sit
2049 2863 2227 2919 meriti
2253 2864 2427 2918 oratio
2472 2878 2613 2929 mea,
2659 2877 2760 2923 nec
2802 2876 2997 2933 augere
3034 2859 3236 2933 poterit
3264 2857 3394 2914 tanti
3437 2856 3541 2913 viri

1870 2963 1920 3031 ο
1951 2954 2165 3022 merita,
2208 2968 2311 3011 nec
2336 2952 2622 3011 minuere:
2652 2954 2747 3010 sed
2772 2952 3036 3025 proﬁcere
3074 2949 3445 3005 tantummodo
3471 2947 3540 3003 ad

1953 3047 2319 3104 testimonium
2365 3047 2628 3113 caritatis,
2676 3046 2730 3101 in
2771 3061 2876 3115 qua
2924 3044 3001 3098 illi
3046 3056 3261 3112 semper
3281 3040 3541 3094 inhaerere

1950 3139 2285 3202 desiderans,
2335 3138 2624 3197 salutiferis
2652 3137 2771 3208 ejus
2795 3135 3014 3191 monitis
3053 3132 3119 3189 ad
3147 3132 3541 3204 suscipiendam

1949 3231 2346 3303 professionem
2371 3231 2760 3287 monachorum
2788 3243 3100 3293 conversus,
3126 3227 3196 3282 in‘
3211 3225 3301 3281 illo
3331 3224 3541 3295 parvis-

1948 3324 2086 3379 simo
2105 3322 2432 3378 monasterio
2450 3321 2594 3393 quod
2615 3321 2718 3376 sibi
2735 3319 2875 3392 apud
2896 3318 3199 3375 Sardiniam
3222 3332 3319 3387 pro
3339 3312 3541 3370 Christi

1948 3415 2167 3469 nomine
2215 3413 2487 3483 relegatus
2532 3411 2813 3479 effecerat,
2866 3410 2955 3465 ubi
3004 3409 3117 3479 jam
3155 3416 3212 3461 tu
3264 3404 3543 3475 presbyter

1951 3505 2027 3577 (b)
2042 3505 2269 3572 habitas,
2293 3504 2481 3561 diebus
2496 3520 2559 3559 ac
2584 3504 2853 3567 noctibus,
2877 3511 3004 3557 ante
3026 3516 3148 3555 eum
3178 3500 3386 3569 positus
3407 3494 3541 3561 vixi,

1948 3596 2165 3667 quando
2188 3611 2274 3650 me
2300 3611 2462 3666 super
2482 3595 2590 3650 mel
2618 3603 2673 3649 et
2701 3593 2877 3648 favum
2899 3592 3140 3647 dulciora
3164 3589 3399 3645 caelestis
3421 3586 3541 3655 ejus

1951 3687 2146 3756 eloquii
2178 3685 2397 3740 ﬁumina
2423 3685 2734 3753 frequenter
2763 3684 2837 3755 (c)
2865 3682 3174 3752 irrigabant.
3201 3679 3270 3735 Et
3308 3678 3411 3734 nisi
3439 3688 3541 3733 ste-

1950 3776 2118 3830 rilitas
2133 3776 2332 3830 arentis
2356 3774 2552 3843 ingenii
2572 3774 2911 3843 prcepediret,
2936 3770 3288 3828 centesimum
3312 3771 3541 3825 fructum

1947 3866 2104 3934 gleba
2132 3864 2301 3919 nostri
2329 3865 2563 3934 pectoris
2591 3864 2877 3918 attulisset.
2910 3861 3018 3918 Sed
3065 3860 3315 3929 indignus
3344 3874 3444 3927 ego
3474 3858 3541 3914 de

1934 3945 2097 4010 tanta
2143 3954 2474 4026 plenitudine
2511 3955 2598 4008 vix
2646 3954 2895 4021 exiguam
2923 3966 3121 4022 capere
3160 3949 3300 4005 valui
3332 3951 3541 4021 portio-

1950 4062 2094 4101 nem.
2144 4044 2272 4099 Tua:
2296 4053 2474 4100 tamen
2514 4043 2854 4115 paternitatis
2878 4042 3213 4099 orationibus
3243 4039 3428 4106 fretus,
3473 4040 3540 4094 li-

1949 4137 2076 4192 belli
2104 4137 2383 4207 praasentis
2430 4135 2673 4190 laborem
2723 4134 2997 4202 suscipere
3042 4129 3313 4200 cogitavi:
3350 4131 3401 4183 in
3430 4145 3541 4198 quo

1950 4227 2130 4283 omnia
2158 4241 2277 4297 qnze
2298 4226 2613 4281 memoriter
2641 4223 2798 4279 nobis
2826 4223 3165 4279 audientibus
3193 4222 3307 4291 ipse
3336 4218 3539 4275 refere-

1864 4343 1924 4405 D
1948 4325 2061 4389 bat,
2093 4332 2149 4378 et
2173 4324 2258 4377 illa
2291 4323 2510 4391 insuper
2538 4335 2658 4389 quae
2680 4320 2848 4373 oculis
2879 4316 3076 4372 nostris
3097 4310 3423 4385 aspeximus,
3447 4321 3540 4366 aut

1946 4424 2005 4470 ut
2028 4416 2139 4484 jam
2167 4412 2328 4483 positi
2358 4412 2410 4465 in
2449 4411 2694 4465 doctrina
2743 4409 2885 4464 illius
2930 4404 3383 4495 quemadmodum
3429 4403 3537 4457 sint

1945 4514 2093 4577 gesta
2126 4522 2231 4559 non
2263 4504 2593 4571 ignoramus,
2628 4501 2863 4556 breviter
2886 4498 3168 4569 explicabo
3194 4514 3206 4549 :
3235 4494 3417 4549 notam
3439 4494 3535 4547 fal—

1946 4597 2120 4653 sitatis
2169 4596 2445 4650 incurrere
2490 4590 2795 4647 nullatenns
2837 4591 3046 4653 timens,
3096 4596 3290 4643 cuncta
3335 4585 3536 4655 quippe

1946 4689 2172 4744 senilem
2200 4695 2345 4741 tuam
2387 4685 2765 4756 paternitatem
2798 4683 3017 4737 minime
3047 4682 3233 4734 latent.
3284 4678 3393 4731 Nec
3437 4674 3532 4729 tibi

1952 4797 2093 4837 nunc
2118 4778 2296 4848 aliqua
2320 4778 2473 4848 quasi
2511 4775 2771 4830 nescienti
2800 4774 3067 4832 dicuntur,
3116 4769 3209 4824 sed
3238 4777 3330 4822 tuo
3355 4766 3534 4837 potius

1950 4871 2260 4929 testimonio
2284 4865 2651 4925 confirmanda
2675 4865 2987 4934 simpliciter
3008 4862 3089 4931 (ά)
3110 4860 3439 4929 digeruntur.

1948 5005 2388 5084 Carurrm'uu‘u.
2421 4999 2589 5084 Genus
2620 4996 2903 5084 uigentia}
2932 4994 3373 5084 ‘Marianajmater
3400 4991 3549 5084 Fuﬁ

2055 5076 2200 5157 entt'i.
2240 5072 2507 5157 Eulyentii
2536 5065 2813 5157 institutio.
2844 5066 3128 5120 Paternum
3177 5065 3383 5119 domum
3427 5065 3548 5134 gn?
3604 5134 3613 5157 1

2052 5155 2222 5200 emat.
2248 5140 2564 5198 Procurator
2586 5140 2876 5194 ordinatur.

2013 5283 2066 5337 4.
2098 5282 2296 5338 Beatus
2321 5279 2480 5348 igitur
2507 5285 2562 5332 et
2599 5290 2726 5329 vere
2748 5272 3077 5341 Fulgentius,
3126 5270 3293 5326 nobili
3336 5282 3529 5330 secun.

1945 5404 2127 5463 tuerp.
2175 5389 2433 5463 editione,
2478 5386 2701 5463 (inbitas.
2751 5354 2893 5463 Hinc:
2920 5382 3155 5463 Joannes
3193 5380 3530 5463 Molanusin

1948 5480 2044 5519 sua
2065 5451 2132 5517 ad
2161 5458 2407 5517 eamdem
2422 5451 2731 5511 editionem
2755 5454 3086 5525 praefatione,
3099 5453 3359 5525 scriptam
3386 5451 3529 5505 arbi-

1946 5542 2124 5590 tratur
2151 5533 2293 5587 hanc
2320 5528 2497 5583 Vitam
2542 5525 2608 5580 ad
2638 5520 2963 5581 Feliciannm
3007 5523 3065 5579 S.
3096 5520 3361 5591 Fulgentii
3402 5536 3526 5576 suc-

1944 5616 2220 5661 cessorem
2267 5601 2319 5654 in
2348 5597 2659 5652 monasterii
2690 5596 2966 5665 regimine.
3018 5609 3126 5647 non
3152 5607 3283 5648 vero
3326 5592 3379 5647 in
3408 5591 3526 5648 eoi-

1949 5681 2173 5730 scouatu
2181 5711 2194 5725 ο
3382 5712 3387 5717 .

2022 5690 2247 5812 ξὲῗῖίιξη
2272 5737 2803 5812 rigabant,_additque
2824 5735 2957 5812 haec,
2979 5733 3113 5787 velut
3133 5733 3366 5812 paradisi

1937 5802 2089 5885 aqum
2109 5802 2451 5885 abundantius
2477 5802 2744 5885 eﬂl‘ueban't
2772 5802 2938 5885 _verbu
2977 5818 3041 5885 ea:
3074 5819 3163 5885 ore
3207 5803 3321 5875 ejus
3344 5845 3358 5869 ,
3403 5802 3524 5857 etin

1942 5871 2152 5939 inodum
2182 5882 2422 5949 lacrymre
2442 5871 2706 5949 oculorum
2733 5875 2857 5949 ejus
2870 5871 3131 5949 rigabant.

2016 5954 2094 6022 (ά)
2122 5951 2177 6008 ln
2202 5943 2594 6020 posterioribus
2622 5943 2961 6011 cditidnibus,
2994 5943 3302 6016 diriguntur.

1872 6074 1877 6079 ι
1921 6048 1943 6084 1
