4068 6342
575 389 678 444 119

1715 389 1769 444 S.
1811 381 2244 443 FULGENTIUS
2281 381 2673 442 RUSPENSIS.

3729 339 3830 447 αἱ»

569 505 697 561 dum
724 520 940 562 carnem
965 520 1163 577 genere
1188 493 1524 578 procreatus,
1573 512 1822 574 parentes
1862 503 2051 558 habuit
2077 517 2142 558 ex
2172 510 2223 566 Α
2251 511 2357 566 tur,
2390 502 2514 558 hinc
2543 503 2755 557 initium
2785 516 3001 558 sumens
3024 501 3340 574 imperandi.
3389 512 3443 557 et
3489 505 3827 578 consulendi,

568 611 793 652 numero
814 595 1312 668 Carthaginensium
1343 606 1674 654 senatorum.
1705 595 1850 651 Avus
1881 595 1961 668 (a)
2004 595 2146 650 enim

569 688 684 758 ejus
711 690 926 745 nomine
952 689 1275 758 Gordianus,
1301 691 1427 746 dum
1462 705 1561 746 rex
1585 689 1660 762 (ὁ)
1690 688 2009 761 Geysericus
2034 703 2148 744 me-

566 787 830 834 moratam
880 780 1261 850 Carthaginem
1306 781 1480 836 victor
1525 779 1809 844 invadens,
1869 788 2150 835 senatores

565 867 855 937 plurimos,
892 870 1000 926 imo
1025 879 1280 936 cunctos,
1321 870 1534 926 amissis
1571 871 1818 927 omnibus
1858 871 2044 937 bonis,
2080 871 2148 926 ad

567 957 770 1016 Italiam
809 963 1062 1031 navigare
1099 962 1478 1034 compelleret,
1531 962 1672 1018 inter
1717 969 1943 1018 cancros
1983 962 2146 1017 etiam

566 1054 682 1123 ipse
735 1055 1038 1125 impositam
1083 1056 1572 1126 peregrinationem
1628 1055 1815 1111 libenti
1870 1055 2151 1111 voluntate

566 1147 800 1216 suscepit
841 1165 854 1200 :
898 1147 1084 1202 volens
1130 1147 1319 1202 saltem
1358 1146 1702 1203 facultatibus
1745 1145 1988 1217 perditis,
2038 1161 2147 1202 non

485 1249 494 1258 °
565 1236 790 1305 perdere
813 1237 1118 1293 libertatem
1150 1237 1310 1309 (Vide
1337 1237 1434 1293 lib.-
1460 1255 1478 1293 ι
1510 1237 1572 1293 Β.
1609 1237 1834 1292 Victoris
1862 1238 1926 1292 de
1956 1237 2146 1292 Perse-

565 1328 766 1382 cutione
794 1327 1195 1398 Vandalorum).
1225 1328 1357 1384 Post
1380 1330 1534 1398 cujus
1560 1329 1768 1384 obitum
1795 1329 1903 1384 duo
1936 1344 2005 1384 ex
2026 1326 2148 1384 ﬁliis

563 1417 697 1484 ejus,
727 1433 822 1486 spe
844 1420 1226 1488 recuperandae
1269 1419 1616 1483 hmreditatis,
1667 1416 1977 1474 Africanam
2016 1435 2146 1490 pro-

569 1508 798 1563 vinciam
826 1519 1152 1579 repetentes,
1183 1528 1404 1567 manere
1431 1512 1502 1583 (ο)
1549 1520 1727 1567 tamen
1756 1512 1897 1566 intra
1917 1510 2146 1567 Cartha-

562 1597 739 1667 ginem
763 1600 983 1656 minime
1003 1611 1313 1671 potuerunt,
1331 1603 1492 1658 domo
1515 1603 1728 1673 propria
1748 1603 1944 1658 donata
1966 1618 2148 1658 sacer-

560 1690 775 1746 dotibus
803 1691 1033 1748 Arianis.
1068 1693 1175 1750 Sed
1201 1695 1634 1764 possessionibus
1660 1696 1771 1750 suis
1788 1710 1857 1750 ex
1875 1703 2028 1766 parte
2047 1709 2147 1766 per

560 1783 939 1838 auctoritatem
988 1785 1194 1852 regiam
1240 1786 1484 1856 repetitis
1513 1784 1592 1858 (d)
1619 1786 1686 1840 ad
1723 1786 1992 1842 Bizacium
2019 1801 2147 1857 per-

2249 609 2314 649 ac
2341 596 2668 664 gubernandi
2699 598 3139 667 quamplurimos.

2552 685 2734 743 CAPUT
2762 704 2821 744 tt.
2844 687 3100 744 Felicitas
3126 690 3512 745 monachorum.

2319 777 2371 834 6.
2406 778 2640 850 Accepta
2688 787 2870 836 tamen
2916 780 3017 836 hac
3052 790 3323 852 potestate
3361 783 3488 838 dum
3535 783 3833 842 clementer

2248 871 2436 937 utitur,
2485 879 2542 926 et
2577 871 2848 926 neminem
2876 871 3071 927 laedere
3098 888 3199 944 pro
3241 875 3476 943 ingenita
3502 875 3603 930 sibi
3629 877 3831 946 pietate

2249 961 2345 1038 (al.
2377 963 2638 1034 bonitate)
2663 963 2952 1031 desiderat,
2975 973 3138 1036 atque
3166 967 3221 1022 in
3249 968 3528 1037 exigendis
3556 970 3834 1039 pensioni-

2247 1053 2349 1110 bus
2378 1053 2748 1110 crudelitatem
2771 1053 2989 1124 jubetur
3011 1071 3288 1125 exercere,
3315 1060 3477 1130 coepit
3498 1061 3833 1116 saacularium

2248 1145 2588 1214 negotiorum
2615 1145 2794 1214 gravis
2819 1160 3080 1216 apparere
3108 1149 3338 1217 sarcina,
3364 1159 3421 1204 et
3450 1150 3733 1220 displicere
3753 1149 3834 1206 fe-

2248 1234 2423 1290 licitas
2451 1252 2618 1301 vana;
2666 1236 3031 1307 paulatimque
3059 1239 3310 1297 laudabili
3355 1242 3612 1312 patientia
3639 1258 3830 1299 succe-

2202 1335 2214 1346 ‘
2247 1328 2430 1396 dente,
2459 1332 2624 1401 cmpit
2648 1333 2771 1388 vita:
2799 1333 3054 1405 spiritalis
3094 1349 3246 1390 amor
3271 1331 3579 1405 exsurgere,
3620 1335 3834 1393 deside-

2247 1419 2386 1475 rium
2418 1421 2662 1479 lectionis
2700 1425 2940 1495 insuper,
2971 1433 3026 1480 et
3063 1425 3324 1482 orationis
3355 1425 3680 1483 indefessum
3707 1438 3833 1484 cret-

2247 1527 2400 1569 scere
2426 1514 2679 1592 studium.
2728 1516 3177 1574 Monasteriorum
3221 1519 3448 1589 proinde
3486 1521 3833 1576 suavissimas

2246 1616 2437 1674 greges
2461 1605 2798 1676 frequentius
2827 1608 3068 1672 visitans,
3091 1624 3371 1666 servorum
3388 1609 3482 1666 Dei
3504 1626 3683 1666 mores
3701 1626 3833 1682 pro-

2244 1696 2588 1768 positumque
2624 1699 2883 1773 discebat.
2930 1700 3078 1757 lnter
3123 1703 3473 1771 abstinentes,
3520 1703 3665 1758 nulla
3711 1720 3834 1760 esse

2244 1787 2438 1856 gaudia
2462 1789 2662 1856 szeculi,
2708 1791 2805 1847 sed
2834 1792 2980 1846 nulla
3009 1808 3128 1848 esse
3162 1794 3325 1849 etiam
3355 1794 3507 1850 taedia
3539 1796 3829 1852 sentiebat.
3889 1828 3891 1831 τ
3967 1869 3979 1882 .

559 1885 834 1930 uexerunt.
862 1877 1044 1947 Ibique
1074 1879 1128 1933 in
1157 1878 1398 1950 Tellepte
1420 1881 1634 1936 civitate
1662 1897 1798 1935 unus
1826 1897 2014 1936 eorum
2040 1897 2140 1936 no—
2166 1873 2218 1937 Β
2242 1875 2303 1931 1n
2336 1893 2545 1934 summa
2591 1879 2914 1936 abstinentia
2950 1882 3239 1952 ἐνίνθηιθε,
3290 1883 3506 1940 Videbat
3559 1886 3833 1943 neminem

558 1966 704 2020 mine
723 1965 992 2034 Claudius,
1024 1984 1090 2022 ex
1118 1970 1346 2038 conjuge
1375 1972 1590 2025 nomine
1613 1969 1682 2043 (ε)
1706 1972 1963 2038 Mariana,
1995 1972 2145 2028 Chri-

559 2057 729 2112 stiana
758 2058 964 2113 scilicet
989 2069 1044 2114 et
1084 2060 1314 2115 honesta
1363 2060 1582 2129 femina,
1632 2065 1811 2129 istum,
1861 2065 1947 2119 cui
1993 2071 2141 2120 tanta

558 2146 728 2214 gloria
769 2148 1084 2214 debebatur,
1135 2148 1362 2205 feliciter
1402 2153 1613 2220 genuit;
1663 2168 1893 2223 eumque
1938 2155 2138 2220 statim,

557 2238 711 2305 quasi
743 2239 811 2310 (ι’)
838 2240 1094 2308 prrescius
1136 2242 1310 2310 qualis
1339 2251 1482 2298 esset
1527 2242 1755 2309 futurus,
1803 2244 2140 2312 Fulgentium

557 2328 875 2384 nominavit.
925 2329 1097 2397 Quem
1127 2331 1376 2400 religiosa
1406 2341 1580 2388 mater
1605 2335 1866 2390 moriente
1894 2336 2142 2391 celeriter

558 2427 711 2486 patre
738 2419 938 2478 Grazcis
984 2422 1178 2477 litteris
1226 2423 1566 2480 imbuendum
1595 2426 1842 2495 primitus
1882 2427 2136 2482 tradidit:

557 2517 613 2563 et
639 2511 872 2579 quandiu
903 2520 1076 2567 totum
1123 2514 1280 2568 simul
1306 2513 1596 2571 Homerum
1625 2519 1936 2574 memoriter
1964 2519 2142 2576 reddi-

555 2597 743 2663 disset,
774 2599 1053 2657 Menandri
1081 2618 1300 2673 quoque
1328 2607 1494 2662 multa
1525 2620 1893 2678 percurreret;
1922 2613 2054 2667 nihil
2072 2612 2142 2668 de

555 2686 760 2744 Latinis
804 2693 1052 2761 permisit
1097 2695 1290 2751 litteris
1329 2696 1584 2753 edoceri:
1617 2701 1803 2758 volens
1827 2718 1951 2758 eum
1977 2719 2139 2775 pere-

554 2781 721 2847 grinte
749 2781 942 2852 lingua:
983 2786 1184 2841 teneris
1225 2787 1401 2844 adhuc
1447 2791 1602 2846 annis
1641 2794 1919 2864 percipere
1960 2796 2139 2852 notio-

553 2888 701 2939 nem,
730 2889 840 2944 quo
869 2876 1076 2933 facilius
1107 2889 1310 2949 posset,
1341 2882 1580 2940 victurus
1608 2884 1748 2941 inter
1775 2886 1952 2953 Afros,
1990 2889 2140 2945 locu-

555 2963 759 3018 tionem
780 2964 1041 3037 Graecam,
1071 2971 1297 3027 servatis
1325 2975 1760 3045 aspirationibus,
1786 2986 2042 3050 tanquam
2063 2982 2140 3037 ibi

538 3055 788 3110 ‘nutritus
816 3059 1138 3128 exprimere.

624 3144 679 3200 5.
710 3146 820 3202 Nec
862 3147 1050 3204 fefellit
1087 3159 1314 3208 matrem
1359 3155 1502 3225 piam
1549 3167 1707 3214 cauta
1744 3161 2003 3230 provisio.
2047 3163 2137 3220 Sic

2244 1969 2690 2027 calumniatorem
2715 1972 2926 2040 timere,
2957 1975 3053 2030 sed
3081 1991 3141 2032 se
3165 1976 3392 2032 invicem
3417 1977 3656 2047 diligere.
3686 1976 3833 2035 Cou-

2243 2059 2516 2117 siderabat
2540 2063 2704 2118 etiam
2731 2063 2931 2120 multos
2957 2067 3328 2123 adolescentes
3372 2077 3647 2138 perpetuae
3691 2085 3832 2126 con-

2243 2153 2483 2209 tinentiae
2506 2154 2736 2224 deditos,
2768 2157 2851 2212 ab‘
2864 2159 3012 2213 omni
3035 2174 3195 2230 posse
3219 2159 3490 2216 abstinere
3517 2163 3830 2218 concubitu.

2245 2242 2464 2301 Talibus
2487 2247 2631 2318 apud
2657 2248 3006 2318 semetipsum
3053 2250 3469 2319 cogitationibus
3513 2250 3832 2321 ﬂuctuabat,

2243 2345 2408 2408 atque
2435 2340 2490 2395 in
2510 2340 2626 2397 hzec
2643 2341 2808 2398 verba
2836 2359 3209 2415 prorumpens,
3223 2343 3334 2400 Cur
3359 2345 3606 2413 obsecro,
3629 2346 3834 2414 aiebat,

2242 2428 2362 2484 sine
2388 2444 2482 2501 spe
2511 2430 2811 2488 futurorum
2855 2433 3118 2490 bonorum
3150 2435 3453 2490 laboramus
3499 2436 3552 2490 in
3598 2437 3833 2492 saeculo?

2243 2518 2384 2585 Quid
2430 2519 2587 2576 nobis
2625 2521 2914 2591 aliquando
2944 2533 3204 2595 praestare
3245 2526 3446 2596 poterit
3487 2527 3749 2583 mundus?
3771 2527 3834 2584 Si

2241 2610 2479 2678 gaudere
2526 2611 2916 2680 desideramus,
2973 2615 3098 2670 licet
3151 2617 3222 2671 sit
3263 2617 3454 2672 melius
3498 2617 3832 2687 bene‘llere,

2241 2716 2406 2774 quam
2426 2705 2568 2761 male
2589 2706 2865 2774 gaudere:
2898 2716 3102 2777 quanto
3144 2709 3338 2764 melius
3386 2718 3566 2766 tamen
3595 2712 3834 2780 gaudent

2243 2809 2474 2866 quorum
2499 2799 2578 2854 sic
2605 2799 2659 2854 in
2687 2798 2854 2855 Deum
2881 2801 3167 2870 tranquilla
3204 2811 3289 2857 est
3314 2804 3662 2870 conscientia,
3691 2820 3834 2875 quos

2242 2890 2467 2946 minime
2495 2900 2666 2948 terret
2693 2895 2964 2948 exactoris
2988 2895 3215 2966 improbi
3243 2896 3518 2964 violentia,
3567 2899 3658 2968 qui
3696 2898 3836 2957 nihil

2242 2983 2440 3038 timent
2466 2984 2570 3039 nisi
2608 2994 2854 3057 peccata,
2904 2987 3037 3041 nihil
3075 2995 3238 3057 agunt
3278 2989 3380 3043 nisi
3420 2990 3560 3046 unde
3607 3001 3836 3061 possunt

2239 3075 2424 3132 divina
2452 3076 2677 3147 implere
2701 3077 2986 3133 mandata!
3020 3077 3136 3134 Non
3165 3079 3451 3149 fatigantui'
3479 3081 3704 3152 publicis
3729 3097 3836 3138 cx-

2243 3166 2509 3232 cursibus,
2533 3183 2643 3223 non
2660 3167 2854 3223 damna
2880 3169 2958 3224 rei
2988 3168 3266 3226 familiaris
3292 3181 3558 3240 coguntur
3581 3178 3676 3228 aut
3699 3173 3834 3231 flere

552 3235 698 3292 enim
742 3239 992 3306 quotiens
1032 3241 1081 3296 ei
1107 3240 1292 3300 Graece
1340 3247 1488 3316 loqui
1534 3249 1798 3319 placebat,
1851 3261 1972 3322 post
2018 3255 2139 3310 lon-
2163 3246 2214 3312 (Ξ
2243 3257 2640 3326 miserabiliter,
2664 3267 2755 3314 aut
2778 3259 2968 3315 timere
2988 3261 3318 3318 deformiter.
3341 3235 3638 3335 Gperautes
3656 3268 3836 3322 mani-

534 3339 676 3396 ‘gam
719 3329 796 3400 (g)
825 3327 1232 3389 desuetudinem
1283 3335 1569 3395 locutionis
1616 3340 1733 3411 ejus
1771 3352 1826 3400 et
1870 3345 2138 3413 lectionis,

549 3431 662 3472 non
690 3417 976 3476 inconditis
1003 3423 1150 3477 sonis
1177 3426 1343 3482 verba
1367 3429 1700 3499 proferebat,
1730 3440 1790 3489 ut
1827 3438 1979 3506 quasi
2003 3453 2139 3507 quo-

549 3508 681 3565 tidie
723 3510 864 3567 inter
908 3510 1126 3571 Graecos
1179 3516 1422 3575 habitare
1467 3527 1763 3592 putaretur.
1813 3525 2138 3586 Litterarum

546 3599 772 3669 proinde
797 3599 1106 3661 Graecarum
1134 3619 1392 3681 percepta
1421 3613 1669 3682 scientia,
1697 3616 1902 3678 Latinis
1941 3621 2137 3678 litteris

548 3691 704 3759 (quas
746 3694 988 3763 magistri
1030 3697 1150 3753 ludi.
1185 3700 1384 3758 docere
1411 3712 1833 3781 consueverunt)
1877 3713 1930 3768 in
1972 3715 2136 3774 domo

544 3782 786 3849 edoctus,
811 3787 942 3842 artis
970 3789 1131 3845 etiam
1162 3799 1527 3861 grammaticae
1572 3802 1799 3860 traditur
1826 3805 2130 3866 auditorio:

541 3874 913 3942 magnitudine
960 3879 1161 3950 ingenii
1185 3894 1380 3942 cuncta
1426 3890 1529 3944 sibi
1576 3894 1771 3950 tradita
1817 3901 2135 3957 memoriter

541 3972 598 4018 et
624 3967 890 4023 veraciter
917 3972 1174 4028 retinens.
1217 3973 1346 4032 Inde
1373 3987 1553 4036 tamen
1583 3983 2002 4044 domesticorum
2031 4008 2130 4048 ne-

539 4057 810 4125 gotiorum
858 4072 1082 4131 urgente
1109 4068 1431 4125 necessitate
1457 4072 1566 4128 cito
1600 4075 1863 4148 sublatus,
1893 4089 2131 4151 paternae,

539 4146 731 4204 domus
776 4153 1219 4221 gubernationem
1262 4163 1500 4233 suscepit
1545 4146 1860 4227 adolescens
1882 4146 1912 4236 ,—
1947 4173 2022 4229 ita
2070 4192 2131 4232 se

536 4240 797 4314 maternis
825 4243 1060 4315 imperiis
1080 4247 1334 4317 subdens,
1362 4261 1422 4307 ut
1449 4254 1522 4309 ibi
1543 4271 1759 4328 quoque
1781 4259 1979 4320 Christi
2008 4268 2127 4322 exi-

534 4339 708 4425 s_teret
737 4335 991 4405 imitator,
1022 4339 1090 4396 de
1115 4355 1223 4410 quo
1245 4359 1400 4401 sacra
1421 4345 1713 4420 Evangelia
1735 4363 2127 4425 contestantur,

534 4421 607 4519 {Et
628 4435 741 4519 erat
766 4425 1000 4485 subditus
1023 4432 1130 4487 illis
1152 4432 1302 4505 (Luc.
1333 4453 1393 4506 ιι,
1422 4436 1537 4512 51),
1584 4442 1638 4498 id
1665 4454 1751 4500 est
1789 4421 2124 4519 parentibus.

534 4512 814 4572 Gaudebat
841 4522 1163 4578 venerabilis
1190 4533 1384 4594 mater,
1434 4537 1492 4584 et
1517 4512 1999 4601 praeclara-indole
2034 4559 2124 4598 sa—

2234 3350 2346 3404 ‘bus
2369 3350 2479 3404 suis
2504 3365 2610 3406 non
2641 3351 2994 3408 adversantur
3027 3354 3347 3411 utilitatibus
3384 3357 3572 3413 alienis
3597 3376 3611 3412 :
3645 3359 3833 3417 vivunt

2242 3439 2387 3494 inter
2411 3454 2532 3495 sese
2550 3439 2777 3511 pacifici,
2809 3442 2995 3504 sobrii,
3024 3443 3204 3511 mites,
3235 3446 3462 3502 humiles
3503 3457 3665 3518 atque
3692 3465 3827 3505 con-

2242 3531 2456 3587 cordes.
2480 3530 2634 3587 Nulla
2653 3532 2759 3589 illis
2785 3548 2915 3589 cura
2939 3527 3172 3591 libidinis
3205 3553 3218 3588 :
3260 3537 3370 3592 imo
3395 3552 3590 3607 magna
3625 3540 3831 3596 sollici-

2239 3623 2374 3677 tudo
2404 3631 2460 3678 et
2481 3623 2624 3693 jugis
2641 3624 2884 3681 custodia
2905 3627 3187 3683 castitatis.
3211 3627 3482 3685 Imitemur
3504 3639 3613 3686 tam
3641 3631 3833 3688 lauda-

2237 3712 2377 3769 biles
2403 3713 2570 3782 viros,
2615 3714 2936 3784 arripiamus
2979 3717 3121 3774 hanc
3149 3719 3287 3773 bene
3332 3719 3542 3775 vivendi
3571 3729 3831 3778 constan-

2241 3807 2392 3860 tiam.
2421 3803 2503 3860 Sit
2530 3805 2686 3862 nobis
2714 3807 2844 3862 utile
2866 3809 3010 3878 quod
3037 3808 3314 3866 revelante
3333 3811 3502 3879 gratia
3523 3814 3825 3870 meruimus

2233 3898 2465 3954 meliora
2489 3913 2834 3968 cognoscere.
2886 3901 3212 3971 Abjiciamus
3250 3904 3508 3974 pristinos
3533 3922 3732 3974 mores,
3765 3918 3828 3963 et

2235 3999 2511 4048 mutemus
2539 3993 2768 4048 labores.
2799 3992 3115 4050 Nitebamur
3137 3996 3287 4067 prius
3325 3998 3465 4053 inter
3491 4000 3690 4055 amicos
3717 4016 3824 4055 no-

2234 4084 2372 4139 biles
2393 4099 2658 4156 apparere
2679 4085 2996 4153 nobiliores,
3027 4088 3262 4143 nitamur
3281 4089 3442 4146 modo
3469 4091 3606 4146 inter
3632 4105 3823 4147 servos

2234 4173 2333 4230 Dei
2377 4191 2642 4248 pauperes
2695 4176 2831 4234 ellici
2885 4181 3251 4250 pauperiores.
3307 4181 3364 4238 Si
3414 4184 3588 4239 coacti
3632 4200 3819 4241 sumus

2233 4269 2453 4338 exigere
2473 4268 2767 4338 debitores,
2797 4287 3055 4329 conemur
3081 4273 3245 4330 modo
3275 4285 3592 4333 convertere
3616 4293 3816 4348 pecca-

2233 4367 2400 4415 tores.
2451 4357 2602 4415 Solet
2631 4361 2793 4416 etiam
2835 4361 2904 4418 de
2945 4363 3174 4434 publicis
3219 4367 3561 4424 exactoribus
3606 4366 3825 4426 efficere

2233 4450 2478 4505 Christus
2504 4449 2763 4508 Dominus
2791 4463 2977 4510 noster
3012 4457 3299 4525 magistros
3327 4456 3577 4516 Ecclesia:
3601 4480 3614 4515 :
3646 4461 3715 4517 de
3739 4471 3825 4519 te-

2234 4540 2382 4596 louio
2411 4542 2555 4596 enim
2580 4552 2803 4599 vocatus
2828 4554 2911 4599 est
2937 4545 3238 4616 Matthaaus,
3263 4557 3322 4603 ut
3345 4552 3620 4621 apostolus
3648 4552 3822 4610 fieret.

531 4603 733 4709 pientis
741 4607 865 4710 'iilii
877 4625 1165 4667 maerorem
1186 4615 1288 4669 viri
1308 4615 1492 4673 amissi
1507 4623 1907 4683 consolabatur.
1933 4629 2125 4704 Coepe-
2149 4621 2208 4686 Ι)
2238 4632 2425 4704 Neque
2453 4649 2555 4689 nos
2592 4635 2653 4706 (i)
2675 4635 2801 4692 huic
2822 4635 3015 4694 honori
3043 4655 3325 4710 personam
3347 4645 3635 4700 convenire
3654 4647 3824 4702 credi-

529 4704 616 4750 rat
643 4697 698 4752 in
720 4698 809 4754 illa
839 4697 1038 4756 familia
1067 4718 1205 4770 esse,
1255 4708 1350 4776 qui
1378 4711 1567 4766 amicis
1609 4713 1926 4788 obsequium
1955 4697 2124 4781 bene-

529 4787 683 4842 volus
710 4790 980 4875 redderet,
1003 4793 1249 4852 inimicos
1280 4799 1361 4870 (It)
1393 4803 1787 4862 rationabiliter
1811 4812 2120 4885 repelleret,

528 4891 715 4932 SCI'VOS
751 4891 1062 4939 mansuetus
1089 4893 1145 4940 et
1171 4903 1392 4946 severus
1433 4904 1650 4960 regeret
1696 4907 1752 4953 ει
1800 4903 2118 4974 corrigeret,

513 4966 908 5060 patrimonium
929 4972 1156 5043 diligens
1183 4978 1410 5046 coleret,
1426 4983 1830 5044 sublimioribus
1844 4966 2120 5060 potestati;

525 5052 628 5109 bus
655 5059 962 5119 carissimus
990 5063 1162 5123 fieret.
1193 5068 1357 5140 Cujus
1385 5076 1466 5128 rei
1493 5079 1687 5143 gratia,
1719 5052 1997 5142 creseente
2019 5105 2120 5160 per

526 5147 762 5216 singulos
795 5153 908 5211 dies
932 5155 1069 5213 fama
1097 5162 1236 5230 ejus,
1275 5177 1502 5236 repente
1550 5185 1870 5239 procurator
1898 5147 2117 5239 ordina-

598 5417 673 5502 ῳ
703 5412 794 5502 Ξίρ
819 5431 920 5502 ιιιΞ.
953 5417 1009 5472 ln
1039 5421 1276 5502 reliquis,
1308 5429 1543 5502 denique.

595 5482 1176 5578 .M‘slﬂono‘ri‘cus;
1204 5482 1351 5561 Ant.,
1385 5482 1676 5560 Huncricus
1705 5521 1752 5562 et
1777 5511 2106 5578 (ienserirus.

522 5558 652 5605 etin
685 5558 948 5625 margine,
979 5558 1286 5618 Geisericus.

592 5627 662 5763 ξε)
691 5621 788 5678 Ms.
808 5621 879 5681 vet
898 5621 1072 5685 Chiﬂl.
1091 5673 1105 5697 ,
1139 5651 1347 5718 manere
1359 5640 1500 5709 “jam.

617 5692 672 5761 tl)
700 5693 798 5748 Ms.
842 5705 900 5752 et
924 5699 1068 5763 Ant.,
1102 5703 1432 5763 Byzantium.
1466 5713 1500 5763 Α

834 5692 1618 5794 ἐξὲξ-ης...Ιβξᾳανιρὲυἷηξλριιίι
1645 5717 1822 5794 (Σὴὶῆι.
1851 5739 2000 5794 vero,
2032 5729 2104 5781 ad

522 5762 1237 5857 EﬂﬁiIf-TtAldEll‘l'htlllelur
1277 5779 1329 5832 in

519 5832 839 5908 additurque
872 5836 1196 5911 Bythyniam.

2065 6001 2104 6029 θ

2239 4739 2362 4780 mus
2389 4731 2630 4780 nostram
2660 4743 2674 4780 :
2697 4725 2792 4782 sed
2812 4727 2857 4782 si
2887 4728 2997 4798 ille,
3029 4730 3275 4802 deposito
3303 4731 3480 4790 ollicio
3499 4738 3820 4804 exactionis,

2237 4817 2446 4887 accepit
2473 4815 2706 4872 ofﬁcium
2734 4819 3156 4891 praedicationis,
3187 4825 3315 4880 mihi
3337 4841 3443 4882 non
3471 4827 3668 4895 licebit,
3693 4840 3822 4900 post

2230 4909 2533 4979 depositam
2581 4911 3033 4980 procurationem,
3069 4917 3378 4986 paenitentis
3424 4934 3699 4977 assumere
3736 4923 3820 4978 la-

2228 5002 2655 5056 mentationem?
2686 5000 2969 5074 Refugium
3000 5015 3240 5064 nostrum
3271 5010 3412 5068 Deus
3436 5021 3536 5068 est.
3565 5013 3719 5070 Nulla
3749 5017 3820 5072 de

2229 5091 2408 5147 aetatis
2453 5091 2822 5150 imbecillitate
2865 5106 3117 5152 nascatur
3162 5103 3480 5158 excusatio:
3511 5113 3704 5173 potens
3732 5116 3818 5162 est

2229 5184 2433 5255 quippe
2461 5185 2622 5253 Deus,
2645 5187 2738 5257 qui
2770 5187 2865 5243 dat
2889 5191 3274 5249 continentiam
3306 5196 3466 5253 tantis
3494 5197 3814 5259 adolescene

2298 5450 2373 5587 fe)
2405 5450 2558 5517 Ant.,
2590 5449 2887 5506 Marriana.

2323 5523 2368 5587 f)
2393 5519 2492 5575 Ms.
2523 5530 2580 5576 et
2606 5521 2756 5587 Ant.,
2780 5539 2887 5587 pra:

2323 5519 2368 5601 f
2523 5530 2580 5576 et
2606 5521 3256 5601 Ant.Lprg:_scia._Chim.,
3280 5535 3548 5601 prwscius.

2217 5591 2493 5714 diégLSic
2521 5605 2620 5647 ms.
2650 5593 2719 5647 At
2739 5591 2916 5647 Chim.
2944 5603 3001 5649 et
3019 5595 3142 5651 Ant.
3170 5600 3222 5654 in
3244 5591 3516 5671 margine,
3540 5618 3809 5661 consuem-

2319 5729 2374 5801 Ιι)
2402 5731 2525 5793 Ms.,
2566 5733 2914 5789 rationabilis.

2294 5732 2355 5881 ἓξ)
2397 5803 2486 5855 Sic
2509 5818 2624 5881 ms._
2648 5819 2770 5881 cum
2801 5805 2914 5881 Cbil

2319 5803 2355 5871 i)
2397 5803 2486 5855 Sic
2509 5818 2770 5877 ms.rcum
2801 5803 2978 5861 Chiﬂl.
3030 5805 3088 5862 In
3143 5811 3266 5865 Art.
3298 5827 3443 5875 vero,
3490 5814 3670 5872 Nervae
3715 5835 3803 5877 nos

2221 5872 2373 5940 hujus
2396 5876 2651 5928 eructari:
2682 5875 2886 5933 Itono‘t'.
