4068 6342
341 434 430 490 lii
1725 421 2238 483 PROLEt-OMENA.

3485 397 3586 484 ita

338 547 496 611 tibus,
538 559 677 614 quos
701 541 942 598 videmus
970 519 1024 598 in
1047 543 1126 617 (α)
1157 543 1496 600 monasteriis
1523 542 1725 607 vivere,
1774 539 1907 594 mihi
1934 543 1982 601 Α
2011 537 2142 591 dere
2166 533 2454 605 pollicenti,
2473 533 2654 588 dicens
2675 533 2746 596 ei,
2774 533 2970 617 Quare,
2993 530 3086 617 illi,
3108 532 3370 617 mentiris,
3389 544 3445 588 ut
3469 553 3584 593 ser-

335 648 556 709 quoque'
574 635 844 706 peccatori
872 634 1101 690 similem
1128 636 1354 704 gratiam
1382 633 1604 690 donare.

331 751 509 808 Carur
540 767 618 806 Ill.
649 749 945 822 Heditatur
973 743 1314 806 monasticam
1359 754 1534 807 vitam.
1569 750 1630 806 Β.
1663 751 1907 822 Augusti-

779 837 900 874 num
928 821 1101 893 legeus
1125 823 1450 877 convertitur.

395 914 446 968 7.
481 912 614 970 Post
635 913 750 970 haec
769 913 931 968 verba
950 912 1147 968 diutius
1168 914 1221 968 in
1247 929 1346 968 suo
1375 922 1592 984 pectore
1613 911 1902 976 ruminata,

326 1005 580 1072 decrevit,
600 1005 803 1076 Spiritu
813 1013 998 1060 sancto
1017 1005 1311 1070 revelante,
1329 1004 1670 1060 saecularibus
1683 1003 1903 1058 omnino

325 1098 637 1153 renuntiare
677 1094 904 1162 deliciis,
950 1103 1007 1150 et
1045 1095 1185 1150 illius
1219 1096 1341 1151 vitae
1375 1096 1554 1152 socius
1590 1093 1705 1149 fieri
1741 1108 1902 1165 quam

323 1188 596 1244 laudabat.
647 1187 801 1242 Prius
839 1196 1018 1242 tamen
1051 1188 1290 1257 cogitans
1338 1204 1405 1243 ne
1454 1187 1627 1243 subita
1675 1185 1903 1240 mutatio

323 1287 558 1335 mentem
587 1279 746 1334 simul
771 1293 1072 1348 corpusque
1096 1279 1436 1348 perturbans,
1465 1278 1604 1333 inter
1632 1277 1743 1347 ipsa
1773 1291 1903 1331 con-

321 1368 585 1423 versionis
613 1368 786 1434 initia,
814 1368 1182 1438 gravissimum
1210 1368 1312 1424 sibi
1346 1368 1432 1423 vel
1466 1367 1902 1437 impedimentum

321 1459 404 1514 vel
430 1457 743 1514 scandalum
783 1458 1056 1528 gigneret,
1107 1459 1317 1514 occulte
1343 1458 1567 1528 arripuit
1593 1472 1714 1512 rara
1742 1471 1899 1512 exer-

318 1564 442 1605 cere
462 1547 700 1618 jejunia;
723 1547 917 1603 dehinc
939 1549 1210 1618 paululum
1251 1549 1619 1620 progrediens,
1651 1549 1901 1620 antiquo-

317 1654 433 1695 rum
463 1638 733 1695 sodalium
772 1639 1013 1695 tentabat
1039 1641 1211 1696 vitare
1239 1641 1530 1696 consortia.
1579 1639 1902 1709 Segregatus

316 1730 628 1800 frequenter
654 1745 686 1785 a
717 1729 905 1796 turbis,
936 1729 989 1784 in
1018 1733 1359 1801 possessione
1385 1731 1622 1802 propria,
1649 1731 1898 1786 nescien-

316 1823 458 1878 tibus
483 1821 798 1892 parentibus
826 1829 881 1876 et
909 1821 1209 1888 clientibus,
1241 1823 1394 1892 quasi
1422 1831 1646 1893 propter
1673 1821 1898 1878 actionis

2010 635 2110 676 vos
2139 619 2230 674 Dei
2258 617 2442 674 fallere
2469 617 2790 672 delecteris?
2818 615 2969 670 Tune
3007 615 3114 671 eris
3143 613 3436 674 monachus
3458 660 3472 684 ,
3499 631 3588 671 aut

2016 710 2293 779 antiquam
2333 708 2646 763 deliciarum
2676 716 2887 762 tuarum
2913 707 3352 764 consuetudinem
3401 708 3478 763 sic
3501 721 3585 759 re-

2009 808 2172 871 pente
2199 799 2449 861 mutabis,
2490 805 2552 852 ut
2591 812 2836 852 escarum
2875 798 3056 854 vilium
3093 798 3450 869 negligentior
3490 815 3585 870 ap-

2007 901 2261 964 paratus,
2310 900 2366 947 et
2409 891 2638 946 vestium
2688 891 3022 947 sordidarum
3050 892 3127 962 (ι’)
3156 901 3300 946 tuum
3349 893 3585 948 animum

2009 1002 2117 1040 non
2141 984 2376 1040 offendat
2403 983 2671 1053 abjectio?
2697 982 2851 1040 Prius
2871 992 2972 1047 est,
3003 991 3063 1039 ut
3089 985 3163 1039 sis
3191 984 3381 1039 saltem
3419 985 3585 1040 laicus

2007 1079 2182 1134 minus
2210 1077 2517 1144 deliciosus,
2567 1085 2622 1131 et
2659 1083 2786 1132 tunc
2814 1075 3036 1132 forsitan
3072 1076 3327 1132 credibile
3361 1077 3582 1146 putabo,

2006 1169 2151 1241 quod
2200 1171 2510 1225 renuntiare
2553 1169 2748 1224 saeculo
2802 1179 2896 1224 aut
2943 1170 3096 1233 velis,
3141 1179 3234 1224 aut
3273 1171 3474 1226 valeas.
3503 1170 3585 1226 Ad

2004 1262 2119 1318 haec
2146 1263 2234 1317 ille
2257 1249 2470 1332 juvenis
2497 1263 2666 1330 magis
2693 1277 2756 1317 ac
2798 1264 2965 1331 magis
3011 1263 3385 1328 inﬂammatus,
3417 1264 3584 1335 repel-

2004 1353 2164 1408 lentis
2189 1369 2403 1408 manum
2431 1354 2746 1424 suppliciter
2766 1353 3056 1418 osculatus,
3086 1355 3164 1409 sic
3203 1354 3372 1410 oculis
3402 1355 3454 1408 in
3485 1364 3584 1410 ter-

2002 1461 2118 1500 ram
2139 1446 2396 1516 depositis
2419 1447 2739 1516 precabatur
2764 1465 2776 1500 :
2807 1447 3002 1502 Potens
3033 1455 3136 1515 est,
3165 1448 3380 1504 domine
3406 1434 3580 1520 pater,

2001 1536 2132 1592 dare
2161 1536 2364 1592 volenti
2407 1535 2739 1604 facultatem,
2768 1536 2861 1605 qui
2889 1536 3093 1592 nolenti
3123 1537 3308 1591 tribuit
3335 1538 3582 1594 volunta-

2000 1637 2130 1683 tem.
2173 1627 2429 1682 Permitte
2469 1642 2556 1682 me
2604 1635 2812 1681 tantum
2861 1627 2966 1681 tuis
3013 1626 3274 1681 inhzercre
3301 1627 3580 1696 vestigiis;

2000 1717 2151 1787 aperi
2185 1716 2316 1770 mihi
2343 1715 2560 1785 januam
2587 1716 2927 1782 monasterii,
2970 1715 3148 1785 praebe
3182 1725 3380 1772 sancta
3416 1717 3582 1771 aedili-

1999 1806 2230 1860 cationis
2258 1805 2602 1874 adjutorium,
2627 1804 2712 1860 fac
2736 1821 2823 1860 me
2844 1820 3007 1860 unum
3035 1805 3102 1859 de
3131 1805 3404 1876 discipulis
3431 1807 3574 1862 tuis:

316 1912 555 1969 laborem
570 1913 741 1969 tristis
765 1911 1010 1979 sedebat,
1033 1921 1088 1968 et
1104 1914 1176 1968 ibi
1201 1914 1413 1982 orabat,
1435 1914 1667 1982 legebat,
1688 1913 1893 1984 jejuna-

2001 1907 2056 1953 et
2081 1898 2223 1953 Deus
2250 1899 2401 1971 novit
2437 1898 2708 1968 quomodo
2763 1913 2853 1954 me
2903 1899 3090 1953 liberet
3118 1899 3186 1954 ab
3214 1899 3582 1968 iniquitatibus

316 2002 425 2072 bat,
455 2004 846 2074 cpularumque
886 2003 1291 2059 immoderatam
1338 2005 1549 2075 copiam
1597 2005 1895 2069 minuebat,

315 2093 381 2148 ad
400 2094 627 2152 balneas
650 2095 865 2166 penitus
890 2110 998 2150 non
1027 2095 1319 2162 accedens;
1365 2105 1421 2150 et
1459 2096 1556 2152 sub
1584 2096 1698 2166 ipsa
1724 2095 1900 2152 adhuc

317 2185 650 2256 professione
674 2186 833 2252 laica,
862 2186 1054 2257 plenus
1069 2186 1182 2256 jam
1210 2187 1508 2243 monachus
1534 2188 1897 2243 conversaba-

316 2288 420 2335 tur.
454 2278 764 2351 Stupebant
789 2295 980 2336 omnes
1006 2280 1100 2350 qui
1128 2288 1391 2336 noverant
1411 2296 1552 2346 eum,
1579 2279 1654 2352 (ὁ)
1682 2281 1899 2336 delicati

320 2372 416 2425 viri
445 2370 749 2425 mirabilem
785 2370 1188 2440 parcimoniam,
1234 2386 1559 2441 causamque
1584 2371 1899 2428 mutationis

314 2461 468 2530 hujus
488 2461 987 2532 interpretabantur
1014 2477 1082 2517 ex
1126 2463 1371 2531 angustia
1409 2471 1589 2517 natam
1618 2462 1896 2532 pusillani-

315 2551 533 2606 mitatis.
563 2550 723 2621 Apud
747 2551 897 2606 illum
925 2566 1056 2607 vero
1084 2567 1181 2623 per
1199 2551 1436 2621 singulos
1462 2552 1577 2607 dies
1603 2567 1756 2606 amor
1781 2567 1897 2607 san-

314 2649 406 2695 ctae
451 2640 806 2712 professionis
846 2649 902 2698 et
955 2641 1384 2699 mortiﬂcationis
1432 2643 1725 2714 impensior
1765 2658 1894 2699 cura

314 2736 605 2788 acsoebat.
1145 2729 1149 2736 ’

375 2825 428 2881 8.
455 2826 761 2897 Aliquando
780 2827 942 2898 igitur
968 2829 1058 2883 ubi
1096 2830 1275 2886 omnia
1299 2843 1420 2899 qua:
1457 2829 1559 2884 sibi
1586 2828 1719 2884 dura
1747 2829 1896 2885 vide-

314 2916 504 2973 bantur
533 2927 810 2988 expertus,
839 2919 1109 2989 adjutorio
1134 2923 1319 2990 gratia:
1348 2922 1602 2993 spiritalis
1632 2923 1895 2979 voluntati

312 3025 414 3064 sua:
441 3011 618 3065 sensit
637 3018 923 3082 suppetere
949 3011 1278 3076 facultatem,
1319 3012 1464 3068 beati
1493 3011 1774 3082 Augustini
1800 3029 1897 3070 ex-

309 3102 556 3172 ponentis
605 3093 936 3157 tricesimum
971 3111 1186 3158 sextum
1229 3103 1491 3173 psalmum
1532 3103 1897 3174 disputatione

313 3194 668 3250 commonitus
695 3202 751 3250 et
777 3203 1152 3265 compunctus,
1197 3194 1471 3264 publicare
1512 3210 1670 3250 suum
1709 3196 1895 3250 statuit

2001 1989 2152 2045 meis.
2181 1988 2306 2044 Haec
2331 1988 2552 2044 audiens
2588 1988 2927 2044 beatissimus
2970 2003 3158 2056 senex,
3210 1989 3580 2058 gravissimum

2000 2082 2208 2154 putavit
2256 2082 2644 2153 supplicantem
2691 2081 2891 2138 diutius
2930 2097 3214 2153 spernere;
3257 2082 3580 2153 tandemque

1998 2176 2171 2233 ﬂexus
2207 2177 2275 2232 ad
2321 2177 2782 2243 consentiendum,
2814 2177 2990 2241 Mane,
3035 2177 3230 2247 inquit,
3277 2178 3578 2245 nobiscum,

2000 2270 2070 2324 fili
2095 2309 2110 2335 ,
2166 2270 2308 2325 sicut
2356 2271 2437 2326 vis
2468 2288 2483 2324 :
2513 2270 2854 2342 experiamur
2901 2270 3085 2341 paucis
3130 2269 3349 2339 diebus,
3402 2280 3578 2328 utrum

1997 2361 2175 2416 verbis
2202 2360 2342 2417 facta
2372 2361 2721 2418 concordent.
2755 2360 2969 2417 Utinam
2995 2361 3294 2432 superﬂuus
3321 2366 3391 2420 sit
3420 2364 3577 2421 timor

1997 2469 2168 2521 meus,
2197 2462 2252 2509 et
2279 2453 2542 2524 professio
2568 2465 2659 2509 tua
2688 2456 2988 2510 inveniatur
3015 2457 3256 2512 stabilis!

2069 2544 2155 2600 10.
2199 2543 2490 2615 Postquam
2537 2545 2699 2614 igitur
2745 2546 3064 2616 supplicanti
3092 2562 3412 2602 consensum
3441 2564 3576 2619 prae-

1995 2635 2111 2689 buit
2135 2642 2351 2690 sanctus
2382 2634 2612 2690 Faustus
2639 2636 2953 2706 episc0pus,
2996 2637 3176 2693 sonuit
3203 2638 3346 2694 illico
3373 2654 3472 2710 per
3498 2640 3576 2694 af-

1996 2725 2132 2781 fines
2159 2735 2215 2782 et
2254 2735 2444 2795 notos,
2475 2727 2813 2796 Fulgentium
2841 2730 3161 2786 monachum
3189 2730 3406 2787 factum.
3436 2731 3574 2788 Gra-

1996 2815 2305 2872 tulabantur
2329 2818 2478 2884 boni,
2520 2817 2981 2874 confundebantur
3015 2821 3161 2876 mali.
3187 2821 3456 2889 Quosdam
3496 2825 3574 2880 fa-

1995 2909 2172 2965 ciebat
2224 2912 2335 2966 vita
2390 2911 2507 2980 ejus
2560 2919 2829 2967 transacta
2882 2913 2938 2967 in
2991 2911 3196 2970 deliciis
3247 2915 3571 2986 desperare;

1995 3002 2254 3071 quosdam
2269 3003 2552 3074 singularis
2571 3003 2768 3074 ingenii
2790 3004 3066 3060 notissima
3087 3005 3310 3060 scientia
3326 3021 3573 3076 magnum

1996 3092 2196 3164 aliquid
2222 3094 2484 3150 suadebat
2511 3093 2578 3149 de
2618 3095 2859 3164 profectu
2894 3094 3009 3164 ejus
3050 3095 3306 3151 velociter
3332 3111 3571 3167 sperare.

1998 3187 2226 3256 Quidam
2251 3203 2383 3244 vero
2411 3187 2700 3242 familiares
2728 3187 2842 3258 ejus
2865 3229 2880 3253 ,
2912 3188 3103 3260 quibus
3131 3187 3198 3243 ab
3231 3188 3452 3243 infantia
3481 3205 3571 3245 ως

318 3296 496 3342 votum
524 3303 536 3342 :
566 3295 778 3341 mutare
821 3287 1058 3356 gestiens
1094 3286 1354 3353 habitum,
1388 3302 1456 3342 ne
1483 3287 1572 3342 vel
1599 3287 1894 3344 amicabili-
1919 3303 1965 3360 α
1998 3282 2238 3337 rissimus
2266 3280 2468 3336 amicus
2495 3293 2550 3334 et
2592 3279 2929 3344 fidelissimus
2973 3278 3166 3345 fuerat,
3215 3295 3336 3334 eum
3380 3280 3572 3337 imitari

317 3383 397 3431 ter
419 3375 490 3430 ad
516 3375 883 3432 sevenientes
930 3375 1041 3446 pati
1081 3384 1382 3444 cogeretur,
1419 3392 1540 3432 cum
1569 3377 1762 3448 quibus
1793 3377 1892 3434 diu

308 3466 637 3523 saculariter
661 3467 734 3539 (ιτ)
764 3467 990 3521 vixerat.
1021 3465 1308 3534 Cogitabat
1334 3475 1512 3522 autem
1539 3467 1623 3521 vir
1656 3468 1893 3538 pruden-

308 3559 542 3615 tissimus
568 3557 980 3614 conversionem
1015 3558 1098 3613 sui
1131 3558 1308 3614 cordis
1334 3557 1436 3614 sibi
1480 3558 1582 3613 soli
1607 3558 1794 3614 utilem
1817 3557 1895 3613 fu-

307 3661 500 3720 turam,
548 3652 597 3707 si
638 3652 806 3708 latere
839 3653 1132 3723 potuisset;
1181 3652 1506 3723 publicatam
1531 3667 1681 3721 vero,
1711 3653 1893 3708 multis

309 3743 419 3798 aliis
468 3743 778 3814 exemplum
825 3743 1026 3799 bonum
1072 3742 1374 3798 dimittendi
1420 3752 1640 3814 peccata
1668 3743 1891 3813 pristina

316 3836 682 3905 prastituram.
733 3832 863 3901 Quis
904 3835 1047 3898 enim
1094 3833 1380 3889 mediocris
1416 3841 1510 3888 aut
1547 3849 1751 3904 pauper
1776 3833 1892 3889 ﬂeri

321 3926 606 3981 monachus
632 3925 992 3992 erubesceret,
1034 3926 1163 3982 dum
1195 3924 1538 3993 Fulgentium
1567 3925 1774 3980 videret
1797 3939 1892 3996 ge-

315 4017 449 4072 nuini
497 4016 669 4072 fastus
713 4017 1015 4087 arrogantia
1049 4015 1337 4072 recedente
1362 4056 1379 4082 ,
1420 4015 1581 4071 duras
1618 4016 1891 4074 abstinen-

311 4109 390 4162 tia
415 4107 538 4163 vias
563 4107 838 4178 patientiae
865 4107 1136 4177 gressibus
1166 4107 1566 4162 ambulantem?

305 4220 484 4277 Carur
522 4220 703 4293 rvaAd
729 4219 984 4293 F_austum
1013 4223 1304 4293 episcopum
1327 4237 1384 4275 se
1418 4221 1633 4293 confert.
1662 4218 1755 4275 Fit
1780 4238 1890 4277 mo-

512 4292 727 4345 nachus.
760 4289 1105 4346 Imitantur...
1132 4289 1223 4345 alii
1249 4289 1538 4362 exemplum
1563 4291 1696 4361 ejus.

371 4384 427 4438 9.
455 4381 585 4437 Fuit
628 4391 812 4437 autem
861 4390 986 4437 tunc
1039 4381 1296 4452 temporis
1341 4382 1624 4452 episcopus
1669 4382 1887 4451 quidam

303 4474 644 4530 laudabiliter
682 4473 1086 4544 praedicandus,
1132 4473 1350 4528 nomine
1390 4471 1640 4539 Faustus,
1669 4473 1761 4541 qui
1787 4489 1886 4543 pro

308 4565 413 4619 fide
435 4565 698 4620 catholica
725 4580 834 4620 non
860 4563 1018 4632 longe
1045 4580 1076 4618 a
1102 4563 1353 4619 cathedra
1389 4579 1485 4618 sua
1507 4562 1686 4632 jussus
1713 4562 1886 4619 fuerat

1997 3371 2296 3442 cupientes,
2323 3371 2425 3441 ipsi
2464 3386 2679 3441 quoque
2730 3371 2982 3426 saeculum
3022 3379 3480 3442 contempserunt,
3520 3381 3572 3430 et

1995 3479 2055 3518 se
2110 3463 2557 3518 monasteriorum
2605 3461 2856 3532 gregibus
2917 3462 3237 3518 mortificata
3301 3464 3571 3520 voluntate

1997 3552 2300 3608 iunxerunt.

1990 3569 2300 3622 junxerunt.

1993 3640 2174 3699 Caru'r
2203 3660 2254 3699 v.
2297 3643 2470 3714 Mater
2501 3643 2612 3714 ejus
2642 3643 3271 3714 propositogexcruciatug.
3303 3644 3466 3700 Matri
3499 3647 3568 3700 il-

2081 3715 2189 3768 lum
2222 3713 2426 3768 videndi
2447 3712 2595 3781 copia
2622 3712 2856 3786 negatur.
2887 3712 3186 3768 Constantia
3213 3713 3498 3787 Fulgentii.

2065 3831 2152 3887 11.
2183 3829 2349 3886 Audit
2388 3831 2493 3886 hoc
2526 3838 2699 3886 mater
2728 3828 3102 3905 referentibus
3122 3831 3325 3899 multis,
3355 3832 3419 3887 ad
3449 3847 3566 3889 cou-

1992 3923 2157 3980 sortia
2202 3923 2586 3978 monachorum
2639 3920 2836 3991 fugisse
2889 3921 3248 3993 Fulgentium,
3299 3925 3566 3995 totiusque

1990 4013 2179 4070 domus
2207 4013 2451 4082 regendae
2479 4023 2640 4084 atque
2667 4014 3022 4082 gubernandte
3042 4030 3224 4070 curam
3245 4016 3455 4087 penitus
3482 4016 3567 4072 di-

1990 4106 2220 4172 misisse,
2244 4122 2344 4162 nec
2368 4107 2588 4162 omnino
2612 4106 2724 4176 jam
2768 4123 2928 4178 posse
2955 4107 3023 4164 de
3063 4109 3153 4164 tali
3181 4111 3457 4181 proposito
3480 4125 3566 4167 res

1989 4200 2189 4255 vocari.
2230 4199 2519 4264 Turbatur,
2564 4202 2890 4270 expavescit,
2930 4209 2986 4256 et
3013 4203 3212 4257 amoris
3245 4203 3391 4258 nimii
3419 4203 3564 4259 desii

1989 4289 2138 4347 derio
2181 4292 2517 4357 concitante,
2567 4291 2717 4363 quasi
2759 4291 2870 4362 jam
2919 4291 3228 4362 Fulgentius
3266 4303 3565 4351 moreretur

1989 4381 2254 4451 (quamvis
2285 4382 2424 4437 bene
2451 4390 2771 4446 moreretur,
2815 4382 2906 4451 qui
2939 4381 3017 4436 sic
3053 4383 3422 4454 moriebatur),
3455 4400 3563 4442 cte-

1987 4473 2096 4527 lum
2124 4473 2303 4529 nimiis
2342 4473 2808 4528 lamentationibus
2855 4473 3049 4543 pulsat,
3104 4482 3159 4528 et
3201 4475 3338 4553 sicut
3387 4475 3563 4532 solent

1987 4574 2186 4622 matres
2211 4566 2264 4620 in
2294 4565 2569 4621 funeribus
2602 4566 2850 4631 filiorum,
2883 4564 3100 4620 modum
3148 4566 3318 4620 neScit
3363 4566 3562 4622 habere

307 4655 549 4725 relegari.
574 4655 860 4724 De‘multis
897 4657 1041 4714 enim
1075 4656 1444 4712 sacerdotibus
1482 4655 1582 4710 hoc
1606 4656 1682 4726 (ά)
1711 4655 1887 4713 Hune-
1908 4679 1963 4740 Β
1987 4659 2359 4729 lacrymarum.
2393 4656 2620 4727 Rapitur
2647 4656 3054 4712 inconsideratis
3080 4657 3322 4711 cursibus
3347 4656 3412 4710 ad
3438 4672 3557 4711 mo-

301 4746 400 4800 rici
424 4747 636 4817 tyranni
660 4745 1020 4816 persecutoris
1053 4751 1231 4800 astuta
1270 4745 1572 4814 malignitas
1600 4745 1884 4802 ordinave—
1985 4748 2278 4804 nasterium
2333 4746 2644 4812 furibunda,
2694 4746 3030 4802 contumeliis
3074 4755 3128 4800 et
3159 4745 3412 4800 conviciis
3443 4761 3560 4801 san-
3597 4820 3605 4833 .

298 4844 406 4896 rat,
435 4843 496 4890 ut
529 4835 685 4905 juxta
723 4836 949 4907 patriam
997 4837 1266 4906 propriam
1313 4836 1760 4907 peregrinationis
1801 4837 1885 4892 in-

294 4926 645 4982 commodum
685 4928 1029 4993 sustinentes,
1076 4926 1141 4980 ad
1181 4927 1479 4995 negandum
1520 4927 1686 4981 Deum
1729 4927 1885 4983 facile

295 5017 664 5074 ﬂecterentur.
716 5018 775 5073 In
825 5018 1020 5074 eodem
1057 5018 1280 5089 proinde
1333 5019 1452 5074 loco
1489 5019 1580 5074 ubi
1617 5018 1885 5087 relegatus

296 5109 603 5175 tenebatur,
656 5110 1038 5166 monasterium
1088 5109 1188 5165 sibi
1236 5117 1628 5176 construxerat,
1675 5110 1729 5164 in
1774 5125 1882 5180 quo

294 5203 613 5272 spiritaliter
636 5205 841 5269 vivens,
872 5204 1012 5274 apud
1059 5218 1247 5258 omnes
1280 5201 1612 5258 Christianos
1649 5203 1884 5258 honora-

294 5293 483 5347 biliter
507 5294 822 5349 habebatur.
851 5293 932 5348 Ad
970 5295 1112 5350 hunc
1151 5307 1279 5362 ergo
1315 5299 1531 5347 sanctus
1571 5292 1883 5361 Fulgentius

296 5391 316 5454 ί
325 5381 423 5438 fuit
451 5385 647 5455 quippe
683 5385 734 5440 ei
765 5385 1092 5456 notissimus)
1131 5385 1379 5440 alacriter
1400 5384 1570 5452 venit,
1599 5383 1756 5453 eique
1786 5399 1881 5439 vo-

295 5484 411 5530 tum
436 5476 518 5529 sui
547 5475 724 5531 cordis
743 5473 970 5531 fideliter
989 5477 1259 5532 indicavit.
1286 5477 1357 5547 (e)
1387 5475 1480 5530 llle
1497 5483 1676 5529 autem
1701 5475 1880 5531 sciens

292 5569 610 5624 saecularem
662 5568 882 5624 omnino
932 5568 1205 5639 juvenem,
1254 5569 1536 5626 verebatur
1583 5567 1707 5624 talia
1755 5583 1875 5624 cre-

365 5681 451 5748 (a)
476 5677 596 5748 his”
624 5679 681 5732 in
707 5681 1042 5736 monasterio.

365 5747 448 5819 (ὁ)
484 5747 562 5819 ita
582 5764 682 5819 ms.
717 5749 788 5804 At
814 5750 1024 5819 reliqui,
1049 5759 1096 5805 et
1125 5758 1229 5809 tam
1254 5750 1461 5804 delicati
1489 5753 1601 5816 viri,
1632 5761 1737 5811 etc.

368 5747 448 5943 (f3
484 5747 562 5802 ita
582 5764 682 5803 ms.
717 5749 788 5804 At
814 5750 1024 5819 reliqui,
1049 5759 1096 5805 et
1125 5758 1229 5809 tam
1254 5750 1461 5804 delicati
1489 5753 1580 5806 viri

368 5825 422 5884 (c
485 5817 606 5884 Ms.,
636 5817 764 5872 Cum
791 5819 973 5892 quibus
1000 5823 1229 5892 nequiter
1253 5821 1339 5874 diu
1364 5821 1580 5875 uia-orat.

370 5885 388 5943 ί
435 5890 451 5943 l
491 5887 613 5943 ΜΒ..
647 5890 914 5943 Honorici.
1147 5890 1185 5902 ”

370 5885 391 5960 ί

429 5890 451 5958 )
491 5887 584 5943 Ms.
597 5932 613 5961 ,
647 5887 914 5948 Honorici.

1984 4849 2130 4895 ctum
2156 4838 2408 4893 Faustum
2446 4837 2575 4892 nihil
2607 4837 2854 4892 dubitans
2885 4835 3204 4904 aggreditur.
3242 4835 3443 4903 Redde,
3475 4837 3559 4892 in-

1984 4932 2192 5002 quiens,
2225 4928 2389 4984 ﬁlium
2430 4928 2607 4994 matri,
2645 4926 2813 4983 redde
2845 4927 3117 4981 dominum
3145 4927 3332 4982 servis.
3364 4926 3556 4984 Sacer-

1982 5022 2135 5078 dotes
2170 5036 2384 5092 semper
2407 5021 2572 5075 multa
2599 5016 2856 5074 beneficia
2884 5017 3057 5072 viduis
3082 5025 3357 5087 praestant,
3391 5034 3558 5088 quare

1987 5131 2128 5171 nunc
2165 5115 2354 5170 domus
2394 5114 2564 5170 viduze
2606 5127 2704 5183 per
2738 5119 2791 5166 te
2816 5111 2998 5182 perit?
3024 5109 3122 5166 Cui
3165 5112 3432 5183 patienter
3460 5113 3556 5182 (at.

1985 5207 2276 5277 sapienter)
2306 5205 2661 5275 respondebat
2686 5203 3005 5274 episcopus:
3033 5202 3090 5260 Si
3129 5212 3186 5260 tu
3225 5205 3353 5259 mihi
3391 5203 3556 5261 tilium

1987 5297 2217 5363 tulisses,
2239 5311 2340 5366 ego
2369 5303 2442 5362 te,
2470 5295 2678 5360 mulier,
2702 5295 2953 5351 deberem
2977 5304 3233 5364 quantum
3273 5295 3430 5350 dolor
3459 5296 3555 5349 im-

1987 5395 2198 5457 peraret
2234 5400 2495 5455 arguere;
2544 5386 2704 5441 modo
2749 5395 2804 5440 tu
2833 5387 2964 5441 mihi
3001 5385 3143 5456 juste
3179 5386 3554 5441 contumeliam

1985 5478 2137 5547 facis,
2164 5478 2288 5553 quia
2334 5491 2435 5547 ego
2487 5478 2578 5533 tibi
2628 5465 2792 5534 lilium
2841 5479 2958 5534 tuli.
3008 5477 3230 5544 Quando
3272 5478 3414 5530 enim
3461 5478 3554 5532 tibi

1979 5571 2224 5643 displicet
2247 5572 2372 5642 quia
2411 5573 2704 5628 serviturus
2732 5581 2814 5628 est
2834 5573 3068 5640 Christo,
3101 5572 3239 5626 bene
3265 5570 3397 5625 facis
3423 5585 3554 5625 cun-

2049 5685 2124 5756 (e)
2163 5687 2284 5752 Ms.,
2319 5685 2417 5742 Ille
2436 5703 2552 5742 vero
2581 5689 2746 5744 sciens
2765 5703 2879 5742 eum
2903 5686 3220 5743 scecutariter
3247 5683 3528 5740 omnino'vi

1979 5769 2069 5807 ven
2075 5765 2195 5813 tem.

2051 5826 2121 5897 (f)
2161 5828 2217 5885 In
2242 5829 2471 5894 ms.,.tui
2500 5830 2660 5884 animi
2684 5831 3016 5903 propositum.
