4068 6342
475 525 579 580 125

1607 525 1667 583 8.
1703 518 2136 583 FULGENTIUS
2172 514 2562 575 RUSPENSIS.

3622 505 3726 561 124

474 639 714 698 lamellas
738 647 974 706 inferens
1002 643 1219 702 Fausto.
1261 642 1372 700 Sub
1410 643 1492 698 bis
1514 641 1676 697 etiam
1703 639 2043 697 sermonibus
2147 635 2306 690 minis
2332 635 2574 698 fulciens,
2619 630 2877 687 velociter
2912 631 2962 686 ei
3000 628 3333 701 corporalem
3373 611 3605 682 restituit
3642 638 3732 678 sa-

477 732 838 802 equanimit‘er
865 735 1114 800 tolerans,
1153 743 1207 790 et
1229 735 1326 805 '(a)
1349 733 1634 788 aﬁ'abiliter
1661 732 1922 798 arridens,
1962 729 2046 784 vi-

477 823 630 880 Ilendi
669 823 860 878 saltem
901 819 1065 876 ﬁlium
1104 827 1304 879 nullam
1351 838 1570 894 prorsus
1615 823 1707 876 dat
1756 823 2046 878 licentiam.

478 915 564 969 llla
601 915 776 970 sciens
821 921 1079 983 quantum
1124 911 1432 980 diligeretur
1459 927 1490 966 a
1533 911 1660 978 ﬁlio,
1691 913 1896 981 magnis
1924 919 2050 965 ante

477 1022 685 1073 lanuam
713 1006 1024 1060 monasterii
1047 1004 1368 1059 clamoribus
1405 998 1664 1073 ejulabat;
1697 1011 1753 1058 et
1785 1001 2049 1071 Fulgentii

478 1113 669 1152 nomen
712 1096 1045 1167 frequentius
1088 1096 1420 1160 inclamans,
1468 1095 1851 1150 desolationem
1897 1107 2050 1146 suam

479 1186 851 1242 miserabiliter
879 1186 1165 1254 allegabat.

549 1276 630 1330 l2.
665 1276 790 1332 Haec
814 1277 984 1346 prima
1010 1277 1227 1332 beatum
1255 1276 1593 1348 Fulgentium
1619 1276 1846 1330 tentatio
1871 1275 2054 1328 multis

479 1367 676 1422 viribus
689 1368 916 1438 impulit,
949 1368 1073 1423 dum
1097 1370 1173 1439 (ὁ)
1193 1384 1345 1424 suam
1371 1369 1700 1437 genitricem,
1729 1383 1891 1436 quam
1913 1382 2056 1421 sem-

480 1475 575 1530 per
602 1469 894 1524 amaverat,
939 1461 1027 1515 cui
1057 1461 1287 1515 maxima
1323 1459 1608 1515 devotione
1646 1460 1924 1522 servierat,
1957 1474 2056 1511 au-

481 1553 616 1608 diret
643 1553 754 1608 suis
782 1552 1000 1607 auribus
1025 1549 1172 1606 ﬁere.
1197 1550 1418 1606 Sursum
1447 1560 1625 1606 tamen
1646 1550 1808 1605 corde
1830 1549 2056 1619 positus,

482 1646 754 1713 audiebat,
785 1653 840 1699 et
867 1660 973 1698 non
1005 1645 1287 1710 audiebat;
1331 1659 1431 1699 nec
1474 1644 1615 1697 illius
1652 1658 1839 1712 preces
1866 1643 2058 1695 adver-

483 1746 596 1791 tere
619 1737 837 1805 dignum
867 1735 1104 1805 putabat,
1135 1736 1259 1805 quia
1285 1735 1543 1805 pietatem
1568 1734 1780 1790 solitam
1807 1732 2060 1800 religiosa

485 1829 797 1884 crudelitate
837 1829 1100 1882 vincebat.
1129 1828 1204 1882 lbi
1237 1828 1345 1896 jam
1385 1827 1575 1881 futurae
1602 1825 1872 1896 patientiae
1902 1825 1955 1878 in
1986 1824 2063 1877 la-

485 1919 703 1976 boribus
741 1920 922 1975 multis
976 1920 1278 1990 exemplum
1340 1918 1701 1974 ﬁdelissimum
1747 1917 2058 1986 praebebat,

2148 733 2392 787 nitatem.

2256 825 2438 879 CAPUT
2468 839 2557 878 vn.
2594 821 2891 876 Portionem
2931 817 3232 874 substantia!
3262 817 3422 871 donat
3445 815 3620 870 matri.

2222 915 2310 969 M.
2343 915 2493 970 Tunc
2521 915 2729 968 animus
2756 913 2857 966 viri
2879 910 3132 979 sapientis
3159 908 3335 963 altiori
3363 907 3563 978 pietate
3584 919 3734 960 com-

2152 1016 2352 1071 motus,
2377 1021 2494 1061 cum
2527 1013 2639 1059 tota
2675 1012 2856 1059 mente
2891 1002 3143 1056 mundum
3171 1001 3270 1055 sibi
3296 996 3650 1066 cruciﬁgeret,
3681 1003 3741 1052 et

2151 1098 2265 1168 ipse
2283 1096 2478 1151 mundo
2492 1095 2905 1162 crucifixus,‘iter
2917 1103 3108 1146 rectum
3121 1108 3152 1143 α
3161 1092 3421 1162 juventutc
3436 1104 3534 1143 sua
3549 1084 3736 1158 (Eccli.

2151 1203 2226 1254 ιι,
2253 1187 2368 1254 9.0),
2412 1189 2553 1240 sicut
2600 1185 2856 1253 scriptum
2892 1192 2993 1248 est,
3047 1179 3383 1244 ambularet;
3431 1178 3738 1249 portionem

2154 1278 2465 1334 substantiae
2493 1279 2738 1348 propriae,
2781 1275 3022 1346 quamvis
3051 1274 3276 1329 haberet
3309 1271 3527 1326 fratrem
3561 1269 3742 1340 junio-

2156 1386 2273 1425 rem
2302 1370 2519 1424 nomine
2553 1368 2848 1434 Claudium,
2879 1384 2972 1438 per
3006 1366 3353 1420 donationem
3381 1363 3483 1421 soli
3513 1363 3744 1418 contulit

2158 1461 2350 1526 matri,
2391 1468 2448 1512 ut
2487 1475 2518 1513 a
2563 1467 2736 1513 matre
2773 1457 3147 1528 postmodum,
3197 1456 3244 1510 si
3289 1455 3428 1508 bene
3466 1454 3743 1520 servisset,

2159 1553 2452 1607 donaretur
2488 1560 2543 1606 et
2586 1551 2755 1605 fratri.
2803 1549 2893 1605 Sic
2937 1550 3137 1604 salubri
3173 1547 3399 1605 consilio
3438 1547 3743 1616 superbiam

2156 1645 2386 1715 junioris
2418 1643 2597 1700 fratris
2624 1643 2877 1698 edomare
2906 1641 3234 1705 desiderans,
3279 1647 3338 1694 ut
3384 1638 3476 1710 qui
3525 1635 3746 1692 nolebat

2163 1755 2284 1795 esse
2314 1738 2530 1792 humilis
2556 1745 2779 1807 propter
2813 1736 3091 1806 pietatem,
3124 1734 3353 1788 disceret
3386 1729 3603 1785 humilis
3628 1744 3747 1784 esse

2163 1841 2387 1903 propter
2408 1831 2775 1886 haereditatem
2799 1847 2813 1895 ;
2846 1839 3017 1885 mater
3035 1843 3248 1897 quoque
3269 1824 3602 1880 sanctissima
3624 1831 3749 1893 post

2169 1923 2467 1979 discessum
2493 1919 2784 1976 dulcissimi
2817 1919 2938 1984 ﬁlii,
2970 1919 3120 1986 cujus
3140 1918 3247 1986 jam
3277 1933 3382 1970 non
3410 1923 3623 1986 poterat
3653 1915 3748 1968 ob<

487 2023 538 2069 et
565 2013 753 2068 similis
780 2012 931 2066 ebrio
959 2027 1054 2081 per
1082 2011 1376 2081 spiritalem
1409 2009 1638 2079 gratiam
1663 2006 1852 2073 factus,
1880 2015 2059 2060 utrum
2088 2015 2138 2076 Β
2163 2013 2350 2080 sequio
2381 2012 2475 2084 (al.
2517 2009 2823 2082 praesentia)
2853 2007 3108 2064 laetiﬁcari
3129 2049 3143 2074 ,
3193 2007 3309 2075 ejus
3338 2004 3622 2061 mei-uisse:
3650 2005 3749 2059 be-

487 2112 657 2159 mater
679 2112 822 2158 esset
847 2103 1242 2172 quodammodo
1272 2101 1570 2170 ignorabat.
1603 2098 1701 2153 llic
1725 2113 1847 2152 eum
1876 2097 2064 2151 beatus

487 2199 711 2254 Faustus
738 2198 1020 2266 episcopus
1049 2211 1114 2249 ex
1145 2203 1259 2249 toto
1283 2193 1448 2248 corde
1475 2207 1790 2248 conversum
1819 2189 2064 2260 primitus

489 2288 806 2358 approbavit
829 2327 844 2354 ,
892 2295 946 2340 et
983 2301 1103 2340 cum
1127 2285 1322 2353 gaudio
1361 2283 1567 2339 caeteris
1610 2281 1862 2336 fratribus
1901 2279 2063 2335 dixit:

491 2379 667 2434 Facile
695 2377 1008 2449 poterit‘bic
1039 2377 1252 2444 juvenis
1281 2374 1514 2429 tolerare
1552 2387 1924 2441 quemcunque
1963 2371 2066 2424 im-

491 2471 824 2540 posuerimus
863 2469 1128 2533 laborem,
1163 2467 1255 2536 qui
1289 2473 1469 2536 potest
1508 2473 1810 2520 maternum
1835 2463 1948 2532 jam
1975 2462 2070 2516 de-

491 2561 697 2632 spicere
724 2559 983 2614 dolorem.
1013 2558 1108 2612 llla
1130 2566 1303 2613 mater
1321 2557 1448 2612 dum
1475 2571 1534 2611 se
1561 2544 1814 2626 plangere
1852 2554 2069 2624 saepius,

493 2667 591 2707 nec
616 2650 684 2704 ad
725 2665 784 2705 se
818 2649 983 2703 lilium
1008 2648 1226 2719 prodire
1251 2655 1622 2718 cognosceret,
1649 2647 1704 2701 in
1733 2645 1921 2701 eodem
1949 2645 2072 2701 loco

493 2757 615 2796 eum
630 2740 739 2810 jam
768 2756 877 2796 non
907 2754 1025 2794 esse
1052 2738 1331 2804 credebat;
1355 2738 1479 2807 quia
1509 2738 1555 2793 si
1585 2736 1657 2792 ibi
1686 2744 1849 2801 esset,
1869 2735 1940 2808 (ε)
1965 2750 2075 2789 non

495 2832 634 2888 ferre
667 2847 824 2901 posse
865 2830 1107 2885 dolorem
1139 2830 1346 2896 matris,
1369 2829 1544 2883 adhuc
1586 2827 1796 2882 virtutis
1825 2826 1941 2895 ejus
1979 2840 2076 2880 ne-

495 2922 606 2977 scia
634 2921 873 2992 putabat.
905 2921 1059 2989 Saepe
1083 2933 1210 2988 ergo
1251 2919 1366 2974 iens
1392 2934 1456 2974 ac
1481 2917 1712 2983 rediens,
1737 2925 1792 2971 et
1822 2917 2076 2986 episcopo

497 3015 788 3080 molestias,
812 3021 868 3069 et
911 3013 1022 3067 ﬁlio
1053 3012 1309 3082 plurimas
1345 3009 1604 3066 afferebat
1641 3009 1878 3076 insidias,
1906 3008 2078 3064 donec

500 3107 657 3162 taedio
681 3107 823 3161 victa
848 3105 1121 3177 propriam
1150 3110 1511 3158 reverteretur
1538 3102 1605 3155 ad
1634 3101 1870 3156 domum.

500 3196 679 3252 CAPUT
724 3211 796 3251 γι.
836 3192 1159 3248 Abstinentia
1206 3192 1316 3263 ejus
1369 3189 1706 3246 incredibilis.
1761 3188 2080 3258 Proﬁciendi

1117 3283 1448 3337 desiderium.

2166 2102 2361 2160 neﬁcio
2389 2102 2676 2160 consolari.
2706 2100 2944 2169 Quantas
2969 2109 3093 2155 tunc
3123 2100 3192 2154 ibi
3216 2097 3449 2152 universi
3476 2095 3666 2150 laudes
3696 2103 3749 2152 et

2167 2195 2368 2262 gratias
2412 2192 2640 2247 Domino
2687 2189 3014 2246 retulerunt!
3061 2206 3183 2245 cum
3241 2187 3488 2243 viderent
3534 2187 3748 2242 beatum

2168 2282 2525 2352 Fulgentium,
2555 2282 2794 2338 saeculari
2835 2281 3124 2351 cupiditate
3165 2280 3390 2344 calcata,
3431 2279 3593 2335 rebus
3620 2294 3751 2347 quas

2169 2375 2470 2430 distrahere
2507 2381 2562 2429 et
2581 2373 2784 2428 donare
2820 2371 3144 2443 pauperibus
3182 2387 3290 2426 non
3330 2378 3562 2440 poterat,
3585 2386 3654 2424 ne
3675 2369 3752 2424 of-

2171 2466 2414 2521 fenderet
2454 2466 2652 2521 bonam
2696 2475 2961 2528 matrem,
3013 2463 3347 2518 renuntiasse
3392 2462 3641 2530 penitus,
3695 2469 3752 2516 ut

2172 2557 2441 2612 Christum
2465 2557 2706 2610 invenire
2735 2562 3033 2609 mereretur
3054 2553 3357 2618 doctorem.
3433 2622 3436 2624 γ

2173 2645 2354 2702 CAPUT
2383 2662 2492 2701 vni.
2526 2645 2748 2716 Propter
2775 2643 3272 2716 perseeutionemgde
3311 2644 3473 2712 priori
3499 2653 3753 2698 monaste~

2564 2713 2648 2794 rio
2667 2713 2874 2786 migrat.
2900 2713 3131 2768 Coabbas
3153 2714 3377 2784 eligitur.

2249 2826 2336 2882 i5.
2378 2827 2556 2882 Finita
2593 2825 2705 2897 jam
2740 2834 2894 2881 erant
2927 2834 3120 2881 cuncta
3152 2840 3271 2895 qua:
3299 2839 3420 2878 eum
3451 2825 3504 2877 in
3528 2840 3755 2880 convcr-

2177 2923 2344 2978 sionis
2375 2920 2669 2994 primordio
2696 2919 3017 2974 videbantur
3052 2916 3306 2986 afﬂigere.
3354 2915 3460 2970 Sed
3494 2917 3616 2986 quia
3645 2917 3759 2973 haec

2177 3015 2289 3069 vita
2315 3026 2587 3082 nunquam
2627 3017 2812 3080 potest
2845 3010 2962 3064 sine
3006 3009 3117 3063 suis
3153 3007 3535 3062 tentationibus
3564 3017 3757 3077 praete-

2178 3104 2294 3168 riri,
2319 3102 2552 3157 nascitur
2572 3116 2759 3156 rursus
2786 3100 2907 3154 talis
2929 3099 3231 3169 persecutio
3257 3096 3396 3160 ﬁdei,
3420 3113 3539 3168 quae
3565 3107 3761 3169 sanctae

2179 3193 2453 3247 memoriae
2483 3191 2736 3245 Faustum
2775 3191 3083 3260 episcopum
3129 3199 3344 3257 cogeret
3383 3204 3480 3258 per
3523 3167 3766 3246 diversas

2179 3282 2416 3338 latebras
2435 3281 2810 3350 commigrare,
2850 3296 2954 3336 nec
2984 3280 3038 3334 in
3074 3279 3190 3350 ipso
3214 3280 3539 3334 monasterio
3564 3279 3764 3349 jugiter

573 3376 660 3430 15.
697 3375 892 3431 Beatus
918 3387 1049 3442 ergo
1077 3372 1388 3441 Fulgentius
1428 3387 1587 3442 supra
1626 3371 1932 3427 credibilem
1962 3386 2078 3425 mo-
2103 3392 2154 3456 α
2181 3374 2382 3428 sineret
2423 3373 2784 3442 requiescere.
2818 3366 2970 3427 Tunc
2997 3373 3186 3426 beatus
3225 3369 3535 3440 Fulgentius
3570 3373 3766 3430 timens

501 3468 629 3525 dum
655 3467 925 3523 laboribus
952 3463 1288 3520 abstinentiae
1316 3478 1375 3518 se
1399 3461 1690 3527 cruciabat,
1729 3462 1845 3516 sine
1873 3461 1996 3514 vino
2024 3469 2080 3515 et

504 3560 625 3616 oleo
651 3557 980 3614 manducans
1008 3565 1063 3612 et
1088 3555 1305 3620 bibens,
1339 3555 1416 3609 sic
1458 3569 1618 3623 parce
1656 3561 1711 3608 et
1739 3553 1989 3620 tenuiter,
2021 3561 2080 3608 ut

505 3651 696 3708 inediae
726 3649 1036 3720 magnitudo
1069 3649 1326 3704 siccatam
1356 3647 1600 3717 corporis
1627 3655 1806 3703 cutem
1835 3645 2082 3702 fatiscere

505 3743 729 3800 diversis
760 3742 1028 3798 ulceribus
1053 3748 1291 3811 cogeret,
1339 3755 1403 3795 ac
1443 3739 1766 3809 superducta
1809 3754 1968 3809 quam
1998 3739 2081 3793 di-

505 3845 633 3893 cunt
659 3835 968 3906 impetigine
1011 3835 1225 3889 delicati
1264 3833 1508 3902 corporis
1549 3832 1888 3902 pulchritudo
1917 3832 2085 3888 foeda-

480 3918 674 3983 .retur.
727 3925 993 3980 Putabant
1037 3925 1255 3994 plurimi
1303 3933 1430 3979 tunc
1474 3923 1691 3978 beatum
1725 3923 2080 3991 Fulgentium,

507 4019 606 4075 sub
639 4018 921 4074 occasione
949 4016 1112 4088 ipsius
1140 4016 1485 4084 inﬁrmitatis,
1515 4024 1608 4070 aut
1649 4031 1988 4071 recessurum
2010 4017 2084 4070 si-

502 4110 616 4166 mul
646 4125 676 4164 a
699 4109 973 4180 proposito
997 4108 1316 4175 sanctitatis,
1360 4115 1452 4160 aut
1479 4106 1806 4161 reddendum
1835 4106 2088 4176 deinceps

511 4201 772 4273 tepidum,
801 4217 869 4256 ne
897 4201 983 4256 vel
1010 4199 1206 4269 regulae
1248 4197 1549 4254 communis
1575 4195 1962 4266 parcimoniam
1990 4211 2087 4250 cu-

509 4294 753 4350 stodiret.
796 4293 891 4348 llle
918 4309 1046 4348 vero
1074 4301 1269 4348 contra
1301 4306 1454 4360 spem
1487 4290 1750 4358 omnium,
1781 4289 2086 4344 misericor~

511 4385 613 4441 diae
654 4386 749 4442 Dei
786 4385 1162 4457 praevenientis
1211 4383 1411 4438 auxilio
1456 4383 1800 4452 gubernatus,
1843 4397 1910 4436 ex
1939 4379 2090 4434 inﬁr-

511 4478 696 4533 mitate
725 4477 970 4548 corporis
1009 4477 1298 4547 ampliores
1335 4475 1496 4529 animi
1539 4475 1679 4530 vires
1725 4474 1988 4544 capiebat,
2038 4481 2094 4528 et

512 4575 663 4625 tanto
688 4569 1064 4634 abstinentior,
1108 4573 1310 4638 quanto
1350 4567 1593 4639 debilior,
1643 4567 1711 4622 de
1757 4568 1928 4622 salute
1969 4582 2094 4637 per-

513 4667 673 4731 petua
711 4660 912 4731 jugiter
946 4661 1235 4728 cogitabat,
1277 4659 1504 4714 salutem
1553 4674 1681 4714 vero
1725 4660 1970 4730 corporis
2006 4675 2094 4714 ar-

2183 3465 2350 3518 autin
2374 3463 2467 3518 illo
2490 3463 2614 3518 loco
2639 3462 2787 3518 solus
2823 3478 3126 3531 remanere,
3151 3471 3243 3517 aut
3267 3463 3333 3518 de
3372 3463 3495 3519 loco
3514 3464 3566 3519 in
3589 3463 3768 3523 locum

2183 3554 2516 3625 frequentius
2559 3555 2964 3623 transmigrare,
3016 3554 3264 3609 consulto
3320 3556 3467 3624 prius
3516 3555 3770 3627 episcopo

2186 3646 2402 3713 Fausto,
2429 3647 2663 3703 vicinum
2693 3645 3075 3701 monasterium
3121 3646 3293 3715 petiit,
3327 3646 3416 3699 ubi
3443 3647 3649 3716 paucis,
3675 3647 3770 3705 sed

2186 3735 2516 3810 simplicibus
2553 3737 2810 3793 fratribus
2859 3735 3010 3792 Felix
3051 3737 3268 3792 nomine
3312 3737 3475 3792 abbas
3519 3748 3770 3808 praeerat,

2187 3831 2388 3888 amicus
2411 3831 2526 3900 ejus
2546 3831 2615 3884 ab
2647 3829 3030 3895 adolescentia,
3062 3846 3186 3885 eum
3220 3845 3328 3898 quo
3355 3846 3568 3900 semper
3607 3832 3770 3889 etiam

2186 3926 2358 3981 laicus
2380 3926 2714 3981 familiariter
2734 3927 2958 3981 vixerat.
2989 3925 3138 3980 Tunc
3165 3926 3324 3994 igitur
3348 3941 3472 3982 eum
3494 3925 3644 3982 Felix
3671 3925 3783 3980 ab»

2189 4018 2285 4072 bas
2313 4033 2434 4073 cum
2469 4017 2664 4086 gaudio
2700 4019 3014 4086 suscipiens,
3054 4017 3419 4088 imparemque
3448 4033 3505 4072 se
3534 4015 3648 4085 ejus
3671 4017 3769 4071 vir.

2190 4109 2391 4163 tutibus
2413 4109 2611 4175 sciens,
2634 4117 2690 4163 et
2709 4125 2905 4164 nomen
2935 4118 2991 4164 et
3011 4117 3334 4178 potestatem
3365 4111 3415 4165 ei
3438 4109 3650 4164 tradidit
3669 4109 3768 4163 ab-

2191 4200 2352 4256 batis.
2380 4199 2475 4254 Ille
2502 4200 2693 4269 plenus
2719 4200 2895 4254 studio
2935 4201 3269 4266 humilitatis,
3299 4198 3376 4272 (ά)
3407 4208 3627 4255 excusat
3657 4199 3770 4269 pri-

2192 4291 2442 4360 vilegium
2465 4293 2745 4363 potestatis
2770 4312 2782 4346 :
2807 4301 2860 4348 et
2887 4301 3007 4363 post
3036 4295 3198 4347 multa
3227 4295 3518 4349 certamina
3542 4293 3770 4362 pietatis,

2195 4402 2262 4440 ex
2291 4401 2555 4441 consensu
2586 4385 2750 4440 totius
2777 4385 3225 4456 congregationis,
3252 4401 3442 4455 passus
3463 4383 3774 4439 violentiam

2171 4477 2454 4546 ,caritatis,
2498 4477 2583 4531 vix
2606 4476 2877 4532 consentit
2915 4491 3033 4531 esse
3070 4476 3274 4544 collega
3310 4476 3438 4530 boni
3485 4476 3774 4530 consortis.

2195 4568 2274 4623 lta
2300 4570 2406 4624 duo
2447 4570 2545 4625 viri
2594 4570 2937 4636 sanctissimi,
2979 4570 3260 4637 diligentes
3297 4570 3573 4639 aequaliter
3609 4569 3778 4627 Deum

2198 4667 2252 4715 et
2272 4661 2596 4730 proximum,
2628 4662 2785 4716 ambo
2815 4661 3054 4718 moribus
3090 4659 3309 4725 similes,
3344 4662 3502 4717 ambo
3527 4661 3777 4718 meliores

513 4752 673 4808 bitrio
715 4753 925 4809 Domini
974 4751 1362 4817 committebat,
1412 4751 1516 4806 hoc
1567 4750 1836 4821 plerisque
1860 4751 2044 4808 dicens
2073 4771 2087 4805 :
2118 4771 2175 4834 D
2196 4751 2495 4821 proposito,
2525 4751 2936 4807 conversatione
2972 4750 3224 4819 aequales,
3252 4767 3389 4806 unus
3427 4751 3650 4806 scientia
3690 4767 3779 4806 su-

513 4843 723 4900 Scimns
761 4859 950 4900 omnes
985 4859 1051 4899 ex
1092 4844 1263 4914 epulis
1291 4844 1455 4897 vitam
1501 4842 1677 4898 solere
1722 4842 1943 4910 servari,
1977 4859 2088 4899 non

514 4936 796 4990 sanitatem
824 4950 982 5006 posse
1009 4935 1257 4990 conferri.
1287 4934 1418 4988 Nam
1448 4942 1507 4988 ut
1543 4944 1762 4990 sanetur
1789 4933 2086 5003 inﬁrmitas,

514 5027 562 5083 si
585 5027 844 5097 explenda
864 5028 1074 5083 videtur
1093 5027 1230 5096 gulae
1250 5027 1528 5097 cupiditas,
1560 5043 1726 5096 quare
1754 5026 2091 5083 infirmantur

517 5117 675 5170 etiam
705 5116 782 5170 illi
809 5120 900 5185 qui
928 5119 1186 5173 conviviis
1226 5118 1542 5173 lautioribus
1577 5117 1814 5188 quotidie
1841 5119 2091 5186 saginan-

519 5208 647 5262 tur?
675 5195 966 5262 Tolerabat
993 5223 1120 5277 ergo
1149 5209 1510 5264 inﬁrmitatem
1538 5210 1803 5279 patienter
1822 5247 1838 5274 ,
1868 5224 2091 5267 exerce-

517 5299 611 5353 bat
658 5298 1033 5353 abstinentiam
1073 5300 1202 5353 satis
1246 5301 1539 5356 humiliter.
1589 5298 1816 5356 Parvum
1859 5293 2093 5370 namque

518 5395 712 5458 putans
739 5403 900 5443 omne
941 5387 1084 5458 quod
1111 5387 1361 5457 faciebat,
1389 5389 1458 5445 de
1499 5389 1586 5445 die
1635 5389 1689 5444 in
1732 5389 1875 5446 diem
1901 5391 2095 5446 melior

518 5477 636 5535 fieri
677 5480 958 5549 gestiebat.
1012 5479 1124 5533 Hoc
1171 5481 1500 5548 propositum
1546 5481 1724 5536 cordis
1763 5481 1883 5550 ejus
1932 5483 2096 5539 mise-

520 5578 667 5626 rator
718 5579 774 5626 et
818 5570 1307 5627 misericors'Deus
1360 5570 1624 5640 adjutorio
1669 5567 1888 5644 superni
1933 5573 2091 5644 juva-

615 5763 668 5833 α)
708 5764 829 5834 Ms,
861 5764 1140 5834 affabiliter
1169 5763 1409 5818 irridens.

615 5778 668 5833 α)
709 5778 829 5828 ms.,
861 5778 1140 5834 a/[aouuer
1169 5780 1256 5816 trra

595 5778 668 5906 2b)
706 5833 829 5906 Ms,
861 5837 1256 5906 sanctissimam.

594 5904 664 5974 (ἐ)
705 5904 759 5957 ln
788 5921 910 5980 tns.,
954 5921 1057 5959 non
1098 5904 1286 5970 dolere,
1329 5905 1496 5958 adhuc
1525 5904 1726 5960 virtutis
1763 5907 1872 5978 ejus
1898 5910 2093 5980 nescia,

524 5993 627 6033 non
649 5972 887 6046 putabat.

2199 4842 2412 4912 perior,
2458 4842 2645 4911 jugum
2695 4841 2896 4896 bonum
2947 4841 3303 4911 gubernanda:
3350 4839 3780 4912 cengregationis

2199 4931 2492 5001 excipiunt.

2274 5022 2359 5076 16.
2389 5021 2433 5077 Ο
2459 5038 2619 5092 quam
2658 5022 2786 5078 felix
2807 5039 3086 5080 servorum
3111 5023 3210 5078 Dei
3233 5039 3486 5078 numerus
3506 5022 3622 5087 fuit,
3654 5023 3778 5093 qui-

2199 5118 2299 5171 bus
2327 5124 2564 5186 cmperat
2591 5131 2819 5186 praeesse
2839 5117 3172 5186 Fulgentius!
3197 5116 3241 5171 0
3264 5126 3522 5188 quantum
3542 5115 3780 5184 fulgebat

2201 5208 2332 5263 illud
2361 5211 2764 5274 monasterium,
2797 5212 2882 5266 cui
2912 5211 3250 5280 dispensator
3277 5218 3643 5282 permanserat
3671 5208 3778 5264 Fe-

2193 5301 2309 5356 lixl
2344 5301 2551 5356 Dabant
2591 5302 2692 5358 sibi
2731 5304 2928 5358 mutuis
2971 5302 3272 5357 nominibus
3315 5287 3477 5357 etiam
3522 5303 3619 5373 ipsi
3671 5317 3782 5358 non

2195 5394 2418 5450 minoris
2443 5393 2616 5450 laudis
2642 5395 2955 5465 auspicium.
2981 5393 3128 5448 Felix
3153 5396 3445 5449 vocabatur
3466 5394 3780 5463 Fulgentius
3875 5408 3885 5450 ἢ

2196 5487 2338 5541 viam
2369 5485 2581 5542 Domini
2609 5502 2862 5550 currens,
2893 5492 2950 5542 et
2975 5483 3114 5540 fama
3147 5486 3218 5557 (e)
3249 5494 3528 5542 crescente
3551 5485 3778 5553 Fulgen-

2204 5577 2284 5645 tii,
2309 5577 2555 5648 capiebat
2583 5575 2812 5633 fructum
2841 5576 2923 5632 sui
2949 5575 3194 5633 culminis
3221 5576 3388 5634 Felix.
3425 5577 3572 5633 Unus
3599 5585 3780 5632 tamen

2293 5772 2363 5853 ά),
2389 5772 2513 5826 Ant.
2557 5771 2847 5853 recusabat.
2877 5771 2946 5825 At
2990 5769 3164 5828 Chim.
3195 5787 3316 5827 cum
3342 5787 3440 5826 ms.
3479 5780 3532 5825 et
3562 5771 3682 5824 Ant.
3724 5785 3778 5825 Ill

2199 5851 2458 5909 margine,
2483 5851 2714 5899 excusat.

2276 5916 2347 5984 (e)
2379 5914 2528 5976 Ant.,
2555 5912 2916 5967 crebrescente.
