4122 6330
309 334 422 399 ’125

1682 320 2212 408 ructscousm

3506 353 3607 412 £26

309 472 522 551 eorum,
553 456 746 551 beatus
780 446 1037 551 v‘idelicet
1062 454 1400 551 Fulgentius,
1440 457 1700 551 docendis
1728 459 1908 517 fratri-
1935 469 1989 529 Α
2012 461 2192 518 baturi
2237 461 2364 533 quid
2406 462 2785 535 profecissent,
2824 463 2870 522 si
2897 464 3120 551 flagellis
3146 464 3385 524 membra
3423 467 3607 522 omnia

306 547 409 606 bus
430 547 780 621 peculiariter
805 549 1057 614 vacabat,
1081 549 1218 605 alter
1235 550 1289 606 in
1312 550 1628 620 quotidiano
1658 553 1905 610 ministe-

305 640 386 697 rio
414 640 701 697 sollicitius
729 640 1030 696 laborabat.
1073 639 1588 712 Supervenientibus
1628 642 1903 714 fratribus,

304 734 445 790 unus
481 734 710 789 verbum
748 733 844 789 Dei
873 732 1216 806 singulariter
1254 736 1607 806 puedicabat,
1637 739 1779 795 alter
1806 740 1907 795 ho-

302 822 660 895 spitalitatem
705 822 993 897 diligenter
1029 827 1382 897 praeparabat,
1415 832 1469 882 et
1500 828 1746 897 hilariter
1774 828 1906 885 olfe-

300 906 476 971 rebat.
502 914 645 971 Nihil
672 894 809 971 alter
834 916 955 972 sine
982 920 1253 974 consensu
1297 919 1519 977 alterius
1544 918 1771 991 faciens,
1809 922 1905 978 sed

298 996 373 1064 sic
394 1007 566 1064 ambo
594 1008 805 1067 caeteris
826 1018 983 1065 erant
1022 1010 1379 1083 imperantes,
1415 1019 1473 1067 ut
1511 1013 1611 1070 sub
1649 1014 1804 1069 unius
1843 1029 1902 1070 se

297 1096 492 1182 regula
522 1088 810 1157 crederent
846 1102 1193 1159 constitutos.
1248 1103 1327 1159 Ita
1357 1104 1483 1160 dum
1527 1106 1750 1162 timebat
1777 1105 1903 1160 Ful-

296 1192 563 1263 gentium‘
592 1192 870 1250 offendere
916 1192 1105 1262 Felix,
1150 1195 1511 1268 'Felicemque
1559 1197 1898 1268 Fulgentius,

296 1272 646 1344 mortiﬁcatis
670 1286 1037 1345 voluntatibus
1068 1291 1303 1361 propriis
1326 1299 1551 1362 uterque
1580 1292 1815 1359 vivebat,
1846 1300 1904 1347 et

298 1380 359 1437 de
400 1379 636 1436 fratrum
680 1381 875 1453 quibus
916 1381 1274 1439 consulebant
1317 1381 1549 1439 utilitate
1583 1384 1898 1450 laudabiles,

294 1467 342 1528 et
368 1471 445 1527 de
472 1480 663 1528 mutua
688 1489 852 1544 quam
874 1474 977 1529 sibi
999 1472 1296 1530 reddebant
1317 1475 1545 1530 invicem
1568 1475 1900 1545 subjectione

293 1564 572 1623 sublimes.
627 1565 757 1635 Quis
812 1568 965 1623 istius
1007 1567 1233 1624 allectus
1287 1568 1562 1639 explicare
1605 1571 1773 1639 possit
1820 1569 1902 1624 lo—

292 1659 509 1731 quendo
538 1660 843 1715 virtutem?
874 1661 1023 1728 Quos
1050 1661 1233 1730 quieta
1270 1677 1376 1731 pax
1412 1662 1763 1729 adunaverat,
1798 1679 1900 1718 nec

292 1750 427 1807 bella
450 1751 745 1809 valuerunt
765 1750 951 1808 feralia
982 1768 1256 1824 separare.

2011 555 2394 629 dissipantibus
2437 575 2469 613 a
2518 559 2621 616 lide
2661 575 2791 617 vera
2840 560 3065 618 minime
3117 557 3464 617 defecissent.
3505 558 3631 617 Ne-‘

2007 649 2244 704 scientes
2277 663 2408 719 ergo
2436 651 2793 720 cogitationes
2828 652 3047 722 maligni
3072 651 3368 722 serpentis,
3400 648 3608 705 haben-

2010 749 2198 811 tesque
2224 739 2470 798 fiduciam
2498 744 2861 810 conscientias,
2888 743 3019 799 nihil
3044 744 3318 813 timentes,
3348 743 3505 798 ambo
3531 740 3607 799 si-

2008 834 2118 887 mul
2143 833 2526 903 gradiebantur
2551 852 2737 893 secum
2764 838 3069 908 loquentes.

2007 946 2189 1022 Carur
2218 965 2271 1022 x7.
2305 948 2573 1022 sistentur
2599 951 2796 1006 Ariano
2819 951 3134 1022 presbytero.
3161 949 3212 1022 Μ
3222 951 3301 1022 ira
3325 948 3604 1022 crudelitas

2075 1017 2281 1073 Ariani.
2323 1019 2606 1075 Vehemens
2653 1017 2844 1076 caritas
2885 1017 3080 1076 Felicis
3118 1020 3341 1075 abbatis.
3372 1019 3603 1074 Creditur

2077 1086 2254 1144 Felix.

2076 1201 2141 1256 Et
2183 1220 2310 1260 ecce
2357 1207 2535 1261 subito
2569 1207 2722 1276 quasi
2753 1207 3006 1262 violentia
3052 1207 3358 1262 smvissimte
3390 1214 3598 1274 tempe-

2003 1298 2157 1351 statis
2188 1298 2390 1353 invadit
2435 1300 2699 1365 incautos,
2741 1298 2930 1355 dividit
2953 1300 3190 1371 junctos,
3222 1300 3348 1369 ligat
3377 1300 3595 1364 divisos,

2004 1394 2059 1440 et
2098 1386 2355 1443 feralibus
2392 1390 2617 1444 vinculis
2662 1397 2915 1445 oneratos
2943 1391 3189 1460 perducit
3226 1389 3292 1443 ad
3319 1389 3598 1461 presbyte-

2004 1493 2124 1531 rum
2152 1477 2383 1534 vinctos.
2409 1477 2726 1534 Elliciuntur
2754 1480 2932 1535 subito
2956 1480 3071 1535 sine
3101 1479 3325 1534 crimine
3352 1481 3449 1544 rei,
3481 1477 3600 1534 sine

2001 1568 2130 1623 belli
2161 1578 2309 1625 sorte
2339 1558 2556 1641 captivi.
2588 1570 2791 1638 Quibus
2820 1571 2961 1625 enim
2998 1570 3322 1639 fugientibus
3350 1569 3480 1623 nihil
3507 1584 3599 1622 no-

2002 1677 2124 1716 cere
2148 1671 2439 1732 potuerunt
2479 1660 2668 1730 Mauri,
2706 1677 2896 1734 poenas
2924 1664 3174 1731 ingerunt
3200 1660 3401 1716 Ariani.
3446 1660 3598 1716 Tunc

2002 1765 2290 1825 antequam
2343 1762 2676 1821 tenerentur,
2722 1754 2875 1810 Felix
2918 1754 3084 1809 abbas
3127 1769 3328 1824 paucos
3372 1750 3594 1819 solidos,

389 1840 583 1901 CAPUT
608 1862 683 1901 ιι.
716 1843 930 1918 Cogitur
958 1820 1139 1919 fugam
1159 1863 1424 1916 capessere
1445 1864 1561 1901 cum
1588 1846 1784 1903 Felice.
1862 1820 1865 1821 ν
1928 1856 1976 1920 Β
2004 1820 2164 1901 tmde
2186 1845 2412 1901 fratrum
2463 1820 2871 1902 sustentabatur
2914 1820 3144 1917 inopia;
3164 1845 3479 1916 simpliciter
3505 1843 3597 1899 ubi

352 1934 443 1991 l7.
477 1924 592 1993 Sed
620 1953 744 1994 cum
772 1937 952 1994 subito
981 1937 1056 2009 (a)
1087 1938 1382 1995 barbarica:
1410 1939 1587 2008 gentis
1615 1940 1892 2010 provincia

291 2022 605 2083 turbaretur
656 2027 917 2097 incursu,
958 2029 1206 2086 videntes
1258 2030 1486 2086 salutem
1535 2031 1892 2101 temporalem

290 2119 421 2188 fuga:
451 2118 705 2191 przesidio
728 2119 1123 2187 vindicandam,
1154 2122 1369 2178 labores
1392 2122 1533 2179 illico
1559 2121 1893 2194 perferendae

290 2212 744 2285 peregrinationis
772 2213 1067 2285 excipiunt,
1119 2213 1416 2285 limatoque
1444 2216 1673 2272 consilio
1702 2212 1892 2287 procul

291 2306 628 2373 abscedunt,
682 2308 770 2364 ubi
831 2309 977 2365 nulla
1024 2308 1151 2365 belli
1202 2310 1473 2366 nascentis
1528 2310 1713 2382 opinio
1760 2326 1892 2366 con-
1923 2329 1939 2349 ·

293 2397 529 2454 struendi
568 2400 889 2455 monasterii
928 2401 1196 2470 praeberet
1238 2401 1527 2471 integram
1551 2401 1887 2460 facultatem.

292 2486 617 2546 Promovent
644 2490 808 2559 igitur
849 2498 1028 2546 castra
1062 2490 1326 2562 spiritalia
1368 2490 1538 2548 ducesl
1565 2492 1749 2564 inclyti
1778 2508 1892 2549 coe-

296 2576 443 2640 lestis
483 2584 773 2651 exercitus,
811 2592 869 2641 et
896 2600 995 2656 per
1033 2585 1247 2654 ignotas
1274 2583 1467 2655 Africa:
1494 2585 1746 2654 regiones
1766 2601 1888 2641 mo-

297 2675 593 2731 nachorum
640 2691 860 2733 suorum
913 2684 1133 2733 caterva
1175 2676 1473 2733 comitante
1516 2676 1722 2748 pariter
1765 2691 1889 2746 gra-

292 2771 535 2843 diuntur,
564 2768 756 2844 ubique
796 2771 1062 2830 facientes
1102 2769 1359 2842 gaudium
1397 2770 1574 2840 bonis,
1627 2771 1885 2827 invidiam

288 2865 463 2922 malis.
500 2864 561 2921 In
589 2865 865 2923 territorio
903 2858 1140 2937 denique
1186 2852 1435 2920 Siccensi
1475 2860 1601 2918 dum
1626 2862 1888 2933 cogitant

285 2968 458 3016 certas
485 2958 646 3017 sedes
668 2968 935 3030 statuere,
970 2959 1210 3030 regionis
1240 2959 1571 3016 fecunditate
1608 2958 1886 3028 delectati,

286 3033 522 3107 virorum
555 3051 724 3107 etiam
756 3048 997 3107 ﬁdelium
1028 3046 1106 3123 (ὸ)
1139 3049 1429 3106 devotione
1451 3050 1712 3122 suscepti,
1736 3065 1889 3121 pres-

281 3152 434 3206 uvter
453 3138 675 3215 quidam
705 3152 870 3201 sectae
906 3142 1120 3200 Ariante
1148 3144 1205 3199 in
1244 3130 1411 3201 fundo
1440 3132 1751 3202 Gabardilla
1770 3162 1890 3217 per-

284 3220 458 3289 ﬁdiam
484 3234 813 3308 prazdicans,
850 3234 939 3291 cui
978 3249 1178 3290 nomen
1216 3234 1437 3305 quidem
1471 3236 1574 3292 fuit
1606 3236 1750 3292 inter
1787 3235 1889 3293 ho—
1913 3252 1961 3316 ο

280 3327 447 3384 mines
477 3326 656 3396 Felix,
695 3327 795 3385 sed
841 3326 1090 3384 voluntas
1138 3327 1400 3409 adversus
1452 3329 1625 3387 Deum
1670 3346 1889 3402 semper

282 3416 504 3486 infelix;
538 3419 764 3476 natione
794 3419 1075 3488 barbarus,
1106 3421 1347 3478 moribus
1383 3436 1575 3491 saavus,
1616 3420 1889 3478 facultati-

281 3510 376 3567 bus
424 3523 631 3583 poteus
653 3552 668 3577 ,
722 3509 1117 3568 catholicorum
1170 3520 1493 3584 persecutor
1545 3514 1845 3570 acerrimus
1867 3554 1884 3580 ,

284 3602 349 3675 (ε)
377 3604 531 3660 beati
575 3601 844 3674 Fulgentii
876 3619 1072 3660 nomen
1097 3604 1153 3660 in
1197 3603 1304 3661 illis
1340 3605 1654 3675 regionibus
1680 3604 1886 3661 clarum

285 3694 388 3752 ﬁeri
410 3695 684 3761 sentiens,
708 3695 1142 3753 reconciliandos
1163 3694 1366 3751 multos
1391 3711 1529 3766 quos
1550 3695 1766 3753 occulte
1790 3695 1887 3752 de-

291 3796 524 3858 ceperat,
568 3787 895 3858 suspicatur.
926 3785 1038 3844 Nec
1077 3788 1255 3843 virum
1301 3786 1521 3857 dignum
1549 3788 1882 3854 sacerdotio,

290 3894 399 3936 vere
433 3879 624 3936 adhuc
673 3894 796 3936 esse
825 3878 1151 3937 monachum
1193 3866 1444 3945 credidit,
1485 3879 1581 3935 sed
1618 3893 1743 3935 eum
1784 3881 1886 3935 sub

289 3960 468 4023 habitu
502 3969 780 4037 monachi,
822 3971 1127 4027 sacerdotis
1169 3968 1408 4028 officium
1454 3969 1681 4043 implere
1708 3980 1881 4043 putat.

278 4053 338 4112 Et
361 4076 563 4117 revera
590 4061 894 4120 sacerdotis
919 4061 1158 4120 ollicium
1192 4062 1541 4119 laudabiliter
1566 4063 1731 4119 etiam
1755 4071 1884 4118 tunc

276 4148 558 4222 implebat,
586 4153 667 4225 (d)
698 4170 808 4210 non
839 4153 1050 4226 aliquos
1093 4154 1517 4219 reconciliando,
1562 4154 1658 4211 sed
1696 4170 1887 4211 omnes

272 4257 408 4313 (tuos
464 4246 738 4318 attingere
786 4256 1026 4319 poterat,
1081 4246 1151 4304 ad
1191 4249 1692 4305 reconciliationem
1741 4250 1887 4305 salu-

270 4335 484 4392 taribus
512 4338 737 4394 monitis
764 4338 1060 4394 invitando.
1109 4336 1275 4409 cujus
1303 4355 1483 4396 sermo
1506 4339 1681 4397 dulcis
1714 4348 1771 4397 et
1808 4357 1890 4397 re-

262 4438 409 4497 ctus,
443 4434 573 4502 quia
604 4431 742 4489 dura
770 4448 989 4505 quoque
1013 4433 1182 4490 corda
1222 4433 1523 4503 molliebat,
1554 4450 1659 4492 nec
1684 4436 1883 4492 imme-

262 4520 378 4575 rito
408 4520 556 4579 hunc
600 4524 980 4597 presbyterum
1021 4525 1100 4582 sic
1141 4524 1335 4581 timere
1376 4540 1477 4597 pro
1514 4541 1611 4582 sua
1660 4522 1883 4598 perfidia

259 4612 663 4684 compellebat.

337 4700 437 4757 18.
468 4700 670 4777 Arripit
706 4704 869 4778 igitur
896 4706 1201 4779 presbyter,
1226 4706 1401 4762 insani
1430 4705 1628 4764 furoris
1652 4708 1884 4763 stimulis

259 4792 603 4861 concitatus,
648 4811 837 4853 servos
880 4796 976 4853 Dei
1027 4797 1320 4853 crudeliter
1366 4799 1641 4870 persequi,
1684 4806 1741 4854 et
1785 4815 1885 4870 per

255 4902 472 4944 omnes
481 4889 591 4943 vias
601 4887 918 4945 custodibus
928 4887 1008 4963 le)
1022 4890 1324 4947 distributis
1344 4890 1736 4947 ambulantium
1748 4894 1881 4946 sim-

252 4973 495 5049 pliciter
532 4979 748 5038 obsidet
794 4982 1009 5039 itinera.
1061 4981 1439 5039 Necessarinm
1471 4986 1672 5057 quippe
1710 4985 1885 5041 fuerat

255 5076 517 5129 athletas
540 5073 863 5132 fortissimos
886 5074 1210 5133 voluntariis
1238 5076 1582 5134 abstinentia:
1611 5079 1888 5134 laboribus

250 5167 323 5217 ad
370 5180 603 5222 omnem
653 5167 999 5224 tolerantiam
1054 5177 1388 5241 prmparatos
1440 5171 1884 5241 persequentium

249 5257 407 5310 tradi
470 5257 746 5327 paululum
788 5260 1057 5328 manibus,
1085 5268 1165 5316 ut.
1187 5261 1513 5334 martyrialis
1541 5261 1732 5332 agonis
1758 5278 1887 5333 par-

249 5351 473 5424 ticipes
498 5349 693 5429 effecti,
714 5351 861 5409 illata
887 5352 1158 5409 discerent
1180 5351 1447 5425 supplicia
1471 5352 1738 5421 tolerare;
1765 5368 1888 5425 pro-

324 5493 423 5616 εἰ)
457 5488 558 5616 ‘Slic
601 5493 730 5549 Ant.
779 5490 984 5558 Chilll.,
1015 5493 1303 5549 barbarica:
1343 5492 1730 5560 multitudinis;
1776 5509 1879 5550 ms.

405 5605 424 5616 .
527 5581 793 5616 aurorum.
1314 5592 1317 5599 '

244 5576 424 5629 vero,
457 5576 793 5621 neutrorum.
1314 5592 1317 5599 -

324 5634 421 5706 (ὁ)
444 5630 568 5719 ah.
611 5644 798 5692 noster
815 5650 937 5719 cum
967 5635 1319 5719 aliquot‘alﬁs
1343 5651 1373 5690 a
1399 5634 1584 5719 Chilll..
1617 5636 1765 5718 visis,
1800 5639 1883 5709 fa-

421 5702 940 5789 _lnd.emqueprmfert
1119 5705 1283 5789 editio
1306 5707 1359 5762 in
1390 5724 1486 5763 ora
1502 5707 1658 5789 libri.

327 5772 554 5851 (c)'Sic
565 5772 674 5834 nis.
703 5772 898 5834 Caneri
925 5778 1005 5835 sic
1026 5776 1381 5847 distinguunt,
1405 5788 1703 5854 persecutor
1730 5795 1880 5834 acer-

287 5850 470 5906 ἰιιιιιε.
513 5843 633 5916 Hic,
660 5858 766 5909 etc.
1138 5863 1143 5867 '

2000 1945 2178 1993 netus
2208 1946 2455 1995 suaserat
2479 1938 2574 2011 (al.
2608 1939 2902 2009 invaserat)
2929 1937 3179 2009 projecit,
3210 1944 3267 1993 et
3294 1935 3596 1992 custodiem

1995 2027 2095 2084 dos
2124 2028 2216 2085 Dei
2246 2031 2452 2099 servis,
2493 2032 2592 2101 ipsi
2636 2030 2749 2086 Deo
2798 2031 3105 2086 committit.
3136 2029 3180 2083 0
3207 2028 3370 2085 divini
3411 2028 3597 2097 singu-

1996 2120 2124 2177 laris
2169 2124 2413 2193 potentia
2462 2123 2742 2178 miraculi!
2792 2123 2962 2179 Nemo
3014 2123 3180 2178 valuit
3223 2120 3424 2177 solidos
3474 2120 3596 2176 illos

1995 2214 2271 2287 proiectos
2301 2216 2564 2286 aspicere,
2604 2215 2779 2271 nullus
2805 2217 3098 2287 permissus
3126 2223 3206 2271 est
3233 2215 3431 2270 victum
3461 2229 3595 2285 pau-

1994 2322 2183 2378 perum
2212 2309 2541 2378 pauperibus
2569 2306 2761 2363 tollere
2792 2325 2804 2361 :
2837 2306 2932 2362 sed
2979 2306 3055 2361 illi
3102 2306 3203 2361 soli
3231 2306 3321 2374 qui
3362 2305 3440 2359 sic
3467 2319 3595 2374 pro-

1992 2395 2157 2454 bandi
2201 2398 2414 2454 fuerant
2460 2408 2729 2465 tenentur,
2782 2399 3050 2468 ligantur,
3101 2397 3169 2452 ad
3214 2394 3592 2467 presbyterum

1992 2489 2383 2560 perducuntur.
2412 2488 2616 2556 Quibus
2643 2505 2739 2544 ore
2764 2490 2989 2545 terribili
3010 2490 3278 2545 violentus
3311 2487 3592 2560 presbyter

1992 2580 2222 2646 intonat,
2250 2580 2361 2634 Cur
2402 2596 2465 2635 ex
2508 2582 2700 2635 vestris
2750 2580 3060 2649 regionibus
3107 2579 3320 2635 occulte
3369 2576 3590 2633 venistis

1991 2670 2329 2725 Christianos
2355 2685 2509 2740 reges
2538 2664 2822 2725 everltare?
2850 2670 2995 2724 Bene
3039 2671 3183 2725 enim
3230 2669 3394 2723 miser
3430 2667 3589 2724 Chri-

1992 2763 2198 2818 stianos
2226 2775 2380 2830 reges
2408 2777 2527 2818 esse
2556 2762 2788 2828 dicebat,
2839 2762 2891 2816 in
2932 2762 3125 2831 quibus
3163 2760 3432 2817 Christum
3479 2758 3589 2814 Re-

1992 2865 2114 2925 gem
2151 2870 2340 2925 regum
2392 2856 2775 2911 miserabiliter
2820 2854 3217 2934 exsulllaverat,
3258 2863 3313 2910 et
3341 2870 3476 2925 quos
3503 2852 3590 2908 Fi-

1992 2949 2124 3004 lium
2166 2945 2314 3003 Patri
2340 2946 2602 3019 aequalem
2650 2954 2848 3017 negare
2901 2947 3090 3002 similis
3135 2946 3469 3002 Antichristo
3495 2945 3591 3002 do—

1993 3047 2199 3096 cuerat.
2258 3037 2366 3094 Illis
2409 3040 2487 3112 (f)
2534 3039 2599 3093 ad
2650 3038 2771 3111 hmo
2817 3039 3175 3094 veracissimm
3222 3032 3592 3116 responsionis

1993 3134 2160 3191 verba
2212 3134 2567 3205 parantibus,
2630 3132 2813 3189 inferri
2883 3133 3140 3204 praecepit
3202 3132 3425 3188 verbera
3481 3131 3591 3203 pri-

1993 3229 2178 3284 mitus.

2067 3321 2154 3378 19.
2186 3322 2354 3391 Igitur
2399 3321 2546 3378 Felix
2596 3316 2763 3376 abbas
2808 3318 3115 3375 vehementi
3162 3304 3389 3375 caritate
3441 3336 3592 3375 com~

1989 3422 2189 3481 motus,
2223 3412 2462 3479 Parcite,
2492 3414 2590 3481 ait,
2621 3411 2773 3466 fratri
2813 3410 3121 3480 Fulgentio,
3148 3412 3239 3480 qui
3274 3427 3382 3466 non
3412 3420 3592 3482 potest

1987 3512 2257 3560 tormenta
2315 3504 2577 3576 perferre.
2628 3502 2807 3558 Nolite
2864 3503 3024 3558 istum
3075 3502 3283 3558 czedere
3320 3503 3462 3557 inter
3497 3519 3591 3558 ve-

1987 3604 2348 3655 stras’manua
2375 3596 2597 3653 forsitan
2639 3595 2981 3650 moriturum.
3030 3592 3393 3649 Convertatur
3420 3593 3472 3648 in
3500 3588 3590 3650 me

1989 3700 2169 3747 vestra
2198 3690 2490 3747 crudelitas
2518 3707 2533 3744 :
2565 3703 2666 3759 ego
2703 3690 2818 3745 scio
2843 3689 2967 3760 quid
2998 3686 3275 3753 confitear,
3307 3688 3363 3743 in
3393 3702 3479 3743 me
3508 3694 3591 3743 est

1988 3784 2163 3841 omnis
2191 3798 2375 3839 causa.
2409 3779 2560 3838 Tunc
2607 3781 2915 3837 dilectionis
2954 3781 3311 3836 admiratione
3352 3778 3591 3851 stupefa-

1987 3885 2125 3944 ctus,
2149 3875 2419 3932 removeri
2462 3874 2735 3947 paulisper
2774 3873 2990 3929 beatum
3033 3872 3376 3943 Fulgentium
3413 3872 3590 3942 jubet,

1988 3978 2153 4040 atque
2180 3968 2326 4024 illum
2352 3967 2570 4039 gravius
2609 3965 2742 4022 caedi
2781 3967 3040 4022 ministris
3079 3966 3385 4021 saevissimis
3414 3966 3591 4036 impe-

1988 4070 2094 4118 rat.
2126 4059 2280 4117 Tunc
2308 4060 2466 4115 hilari
2492 4060 2672 4115 animo
2698 4059 2849 4114 Felix
2873 4059 3039 4115 abbas
3064 4059 3377 4115 verberibus
3403 4057 3615 4131 subdi-v

1989 4162 2093 4209 tur.
2130 4153 2383 4209 Dolorem
2419 4152 2621 4224 quippe
2673 4167 2796 4207 cum
2844 4151 3042 4223 gaudio
3095 4150 3413 4218 sustinebat,
3463 4150 3592 4224 quia

1988 4249 2205 4304 beatum
2252 4247 2594 4315 Fulgentium
2643 4244 2773 4300 nihil
2812 4244 2987 4301 adhuc
3024 4246 3138 4316 pati
3176 4243 3417 4300 videbat.
3449 4242 3593 4301 Ecce

1989 4342 2163 4415 qualis
2189 4339 2291 4396 fuit
2319 4340 2510 4397 beatus
2538 4338 2852 4408 Fulgentius
2899 4339 3041 4395 circa
3070 4339 3293 4406 amicos,
3336 4347 3395 4395 ut
3421 4353 3593 4409 usque

1991 4433 2057 4487 ad
2113 4441 2344 4487 mortem
2400 4431 2547 4501 diligi
2597 4439 2920 4487 mereretur.
2979 4429 3089 4486 Ista
3138 4431 3337 4502 quippe
3391 4431 3592 4488 caritas

1988 4523 2135 4578 beati
2157 4522 2374 4592 Felicis,
2402 4524 2523 4578 vitae
2550 4522 2691 4578 illius
2714 4529 2915 4578 sancta:
2951 4537 3204 4593 magnum
3234 4522 3481 4594 perhibet
3511 4532 3592 4577 te-

1914 4632 1968 4694 D
1993 4616 2324 4671 stimonium.
2355 4614 2541 4685 Neque
2575 4616 2720 4671 enim
2755 4615 2987 4671 salutem
3024 4630 3177 4671 suam
3205 4630 3305 4686 pro
3337 4613 3477 4668 illius
3504 4628 3591 4668 sa-

1991 4710 2103 4764 lute
2130 4707 2454 4779 despiceret,
2505 4708 2606 4762 nisi
2656 4708 2758 4763 sibi
2803 4707 3074 4779 primitus,
3101 4715 3158 4763 et
3194 4705 3378 4761 multis
3402 4704 3591 4761 utilem

1987 4798 2394 4870 jocundumque
2440 4799 2686 4855 sentiret.
2718 4798 3002 4855 imitentur
3039 4806 3298 4870 utrosque
3343 4798 3439 4869 qui
3481 4796 3593 4870 pla-

1991 4908 2117 4949 cere
2147 4891 2257 4949 Deo
2283 4891 2611 4949 desiderant.
2644 4891 2793 4949 Alios
2830 4890 3025 4948 doceat
3062 4891 3255 4947 beatus
3280 4890 3592 4962 Fulgentius

1992 4977 2072 5041 sic
2095 4986 2279 5042 vivere
2330 4984 2474 5041 inter
2518 4984 2732 5052 fratres,
2776 4992 2837 5039 ut
2879 4991 3150 5055 amentur,
3200 4983 3504 5053 foveantur,
3538 4993 3593 5042 et

1991 5077 2047 5131 in
2069 5078 2292 5133 summis
2324 5060 2740 5134 necessitatibus
2766 5074 3077 5146 adiuvandi,
3119 5076 3331 5131 etiamsi
3377 5077 3590 5147 pericu-

1990 5167 2101 5223 lum
2130 5184 2240 5224 non
2269 5168 2519 5237 defuerit,
2547 5168 2879 5239 judicentur.
2928 5166 3158 5225 Sumant
3204 5170 3294 5225 alii
3335 5168 3403 5225 de
3445 5170 3592 5226 bono

1997 5259 2137 5317 facto
2158 5260 2354 5318 Felicis
2384 5262 2595 5317 abbatis
2637 5262 2964 5333 exemplum,
2996 5263 3312 5320 melioribus
3336 5262 3592 5320 fratribus

1986 5362 2046 5410 .et
2083 5355 2138 5410 in
2179 5355 2275 5411 Dei
2307 5356 2501 5411 timore
2535 5355 2654 5427 plus
2688 5352 3094 5427 proﬁcientibus
3116 5370 3334 5413 omnem
3361 5355 3592 5426 gratiam

2065 5493 2142 5567 (α)
2172 5494 2263 5567 Sic
2307 5510 2434 5567 ms.,
2471 5505 2528 5551 et
2553 5494 2772 5567 quidem
2813 5497 3033 5561 rectius,
3067 5504 3127 5552 ut
3154 5496 3388 5566 videtur,
3428 5511 3592 5567 quam

1990 5565 2169 5623 cteteri
2200 5566 2254 5621 in
2280 5565 2475 5635 quibus
2501 5565 2751 5637 habetur,
2787 5585 2891 5624 non
2914 5573 3111 5622 tantum
3138 5569 3340 5638 aliqua:
3364 5565 3593 5626 reconci-

1990 5638 2188 5701 liando,
2215 5638 2329 5706 sed,
2362 5647 2468 5692 etc.
2740 5668 2751 5677 -

2064 5708 2132 5777 (e)
2164 5706 2240 5760 ita
2292 5723 2390 5762 ms.
2440 5716 2496 5763 et
2537 5709 2754 5766 codices
2806 5710 2859 5765 in
2906 5708 3048 5764 notis
3082 5723 3114 5763 a
3141 5707 3322 5765 Chilll.
3360 5709 3587 5770 laudati.

1992 5779 2135 5834 Editi
2169 5792 2320 5852 vero,
2352 5778 2610 5852 deputem
2632 5799 2649 5850 ;
2673 5782 2728 5838 in
2757 5781 3020 5852 margine,
3050 5780 3362 5839 distributis.

2064 5852 2131 5923 υ)
2170 5847 2293 5922 Ms.,
2324 5847 2511 5907 adhuc.
2633 5847 2639 5850 ⁷
2879 5847 2900 5852 ⁷
3207 5890 3213 5897 ρ

3160 6022 3195 6067 ,ι
