4068 6342
542 352 639 406 127

1697 358 1749 411 S.
1791 351 2216 410 FULGENTIUS
2256 342 2643 408 RUSPENSIS.

3690 343 3790 412 tas

534 447 689 522 bonae
719 468 1007 524 voluntatis
1054 470 1380 542 impendere.
1430 470 1656 538 Quando
1702 470 1845 524 enim
1874 469 1993 524 talis
2021 485 2112 525 ca-
2141 478 2194 537 Α
2290 465 2376 520 22.
2408 464 2552 521 Inter
2580 465 2716 520 alios
2739 474 2954 534 quoque
2981 460 3299 516 Arianorum
3337 455 3620 528 episcopus
3648 455 3794 511 dolet

533 561 662 616 ritas
701 562 837 617 inter
888 560 1079 619 fratres
1127 562 1304 628 fuerit,
1351 564 1523 633 qualis
1567 565 1706 618 inter
1747 563 2112 619 sanctissimos

536 653 678 709 viros
705 652 825 718 fuit,
856 655 934 710 vis
963 658 1126 710 totius
1167 657 1476 711 tentationis
1499 656 1657 712 facile
1683 664 1985 726 superatur,
2011 655 2111 708 ini-

531 745 792 801 micorum
820 762 948 802 vero
976 748 1270 816 pertinacia
1288 749 1554 804 continuo
1598 747 1876 818 frangitur.
1907 745 2108 813 Quam-

529 839 611 893 vis
640 848 766 896 tunc
787 841 1109 898 saevissimus
1128 843 1410 913 presbyter
1437 843 1597 898 etiam
1629 842 1696 898 de
1720 840 1912 896 Felicis
1940 839 2109 894 abba-

530 933 597 987 tis
625 934 814 1003 injuria
848 935 1069 991 minime
1090 937 1339 1006 satiatus,
1369 951 1470 992 nec
1498 936 1656 992 beato
1684 933 1964 1004 Fulgentio
1988 946 2110 1003 par-

527 1026 752 1081 cendum
782 1029 1005 1098 putavit.

526 1138 706 1194 CAPUT
741 1157 811 1195 ιι.
854 1139 1164 1215 Verberetur
1191 1143 1346 1197 etiam
1382 1141 1707 1215 Fulgentius.
1744 1144 1869 1200 Post
1896 1143 2108 1200 verbera

840 1227 954 1266 cum
987 1213 1104 1266 aliis
1124 1215 1465 1284 ignominiosa
1486 1213 1794 1270 "dimittitur.

593 1301 680 1356 20.
714 1303 911 1360 Beatus
957 1306 1466 1376 veroFulgentius,
1511 1309 1593 1364 vir
1630 1311 1851 1366 omnino
1895 1309 2110 1366 delicati

524 1395 786 1464 corporis,
820 1405 881 1450 ut
908 1406 1036 1467 pote
1073 1413 1142 1453 ex
1169 1397 1371 1454 familia
1415 1410 1575 1456 natus
1601 1401 1812 1468 illustri,
1843 1403 2112 1457 violentos

524 1485 753 1557 impetus
809 1487 1028 1544 fustium
1083 1490 1352 1560 repentini
1402 1491 1604 1548 doloris
1656 1494 1952 1548 acerbitate
2000 1508 2113 1549 cre-

523 1590 706 1634 scente
733 1579 823 1634 vix
848 1579 1105 1648 tolerans,
1135 1582 1274 1636 sicut
1293 1582 1408 1650 ipse
1432 1583 1587 1638 nobis
1608 1592 1795 1653 postea
1817 1582 2109 1650 referebat,

524 1672 781 1740 cogitavit
804 1673 1108 1744 presbyteri
1155 1673 1381 1729 furentis
1416 1675 1676 1730 insaniam
1703 1676 1791 1730 vel
1829 1675 2038 1731 mollire
2066 1677 2112 1731 si

523 1773 724 1834 posset,
753 1765 841 1820 vel
877 1774 1025 1821 certe
1051 1766 1324 1836 paululum
1353 1766 1526 1823 donec
1546 1767 1950 1824 recrudesceret
1977 1783 2111 1823 avo-

523 1870 667 1922 care,
695 1871 804 1926 quo
851 1857 1060 1913 facilius
1100 1859 1240 1913 inter
1284 1859 1425 1929 ipsas
1469 1875 1649 1916 moras
1687 1859 1954 1916 inveniret
1987 1875 2113 1930 spao
2141 1865 2192 1928 Β

525 1947 657 2002 tium
684 1941 1004 2018 respirandi,
1028 1965 1102 2006 ne
1128 1951 1441 2006 continuata
1475 1966 1635 2022 poena
1664 1953 1886 2010 omnino
1917 1953 2113 2008 intole-

523 2037 706 2092 rabilis
761 2040 930 2094 lieret.
987 2040 1119 2096 Dico
1173 2040 1374 2112 aliquid
1400 2085 1417 2110 ,
1468 2042 1514 2098 si
1572 2043 1826 2112 loquendi
1873 2052 2115 2114 potestas

523 2129 796 2198 tribuitur,
825 2130 952 2186 dum
977 2134 1296 2202 crederetur,
1330 2134 1616 2190 exclamat.
1649 2133 1801 2191 Tunc
1832 2136 2115 2208 presbyter

522 2229 720 2290 putans
746 2238 870 2278 eum
891 2221 1138 2280 confiteri
1158 2225 1318 2293 velle,
1341 2225 1498 2296 jubet
1516 2229 1795 2298 quiescere
1822 2229 2111 2299 caedentes,

521 2321 580 2367 et
617 2313 696 2370 sic
736 2313 913 2370 adhuc
955 2314 1024 2369 ad
1071 2314 1278 2385 ﬂagella
1323 2333 1639 2388 suspensum
1679 2319 1826 2390 loqui
1869 2322 2113 2391 praecipit

521 2404 666 2473 quod
693 2406 932 2463 volebat.
960 2406 1059 2464 Ubi
1087 2408 1214 2464 dum
1240 2409 1433 2466 beatus
1453 2409 1766 2479 Fulgentius
1791 2413 2112 2482 eloquentia:

521 2496 694 2551 solitae
742 2499 1080 2554 sermonibus
1129 2499 1338 2556 blandis
1381 2517 1494 2557 suae
1534 2503 1984 2573 peregrinationis
2029 2511 2114 2560 est

521 2609 742 2649 narrare
770 2608 1055 2675 aggressus
1093 2596 1394 2665 historiam,
1444 2599 1816 2672 presbyterum
1858 2601 1984 2657 facit
2025 2610 2110 2656 at~

521 2686 773 2753 tonitum,
805 2686 1004 2758 diuque
1049 2688 1212 2744 nimia
1262 2689 1552 2750 verborum
1605 2693 1869 2749 suavitate
1919 2693 2113 2750 delini-

522 2782 658 2840 tum,
686 2790 824 2846 pene
856 2778 1022 2834 totius
1049 2778 1383 2837 crudelitatis
1405 2780 1584 2836 reddit
1609 2773 1854 2838 oblitum.
1887 2781 2113 2839 Miratur

521 2867 804 2940 presbyter
837 2871 982 2925 beati
1010 2870 1276 2941 Fulgentii
1324 2873 1648 2940 facundiam,
1678 2877 1871 2945 probat
1897 2878 2112 2947 sapien-

521 2958 672 3024 tiam,
706 2975 1064 3030 magnumque
1091 2963 1322 3033 aliquem
1370 2965 1546 3021 virum
1574 2967 2111 3037 conjiciens,.erube-

521 3051 621 3105 scit
647 3050 844 3108 inferre
869 3052 1203 3110 violentiam.
1250 3054 1358 3111 Sed
1401 3073 1471 3113 ne
1516 3060 1629 3114 suis
1673 3060 1930 3129 proderet
1956 3077 2109 3118 suam

520 3152 828 3212 superatam
877 3143 1041 3201 fuisse
1070 3145 1148 3216 (a)
1177 3146 1469 3215 smvitiam,
1506 3148 1726 3216 Caedite,
1764 3152 1858 3217 ait,
1912 3153 2106 3207 iterum

2214 565 2504 612 mactatum
2546 556 2697 626 gravi
2727 554 2873 610 czede
2916 554 3133 609 beatum
3169 550 3523 620 Fulgentium.
3556 546 3624 602 Et
3668 548 3792 618 quia

2213 657 2464 720 parentes
2494 648 2611 719 ejus
2637 649 2881 718 cognitos
2907 647 3141 704 habebat
3187 645 3330 701 idem
3367 645 3670 715 episcopus,
3708 643 3793 714 ip-

2211 757 2436 814 sumque
2456 743 2672 798 beatum
2691 741 3028 811 Fulgentium
3047 738 3386 809 singulariter
3403 736 3575 792 adhuc
3599 735 3795 790 laicum

2211 835 2490 899 dilexerat,
2522 833 2776 888 adversus
2800 831 3169 904 presbyterum
3195 843 3304 885 suae
3329 826 3602 897 religionis
3625 833 3682 880 et
3697 839 3796 894 pa-

2211 927 2428 994 rochias,
2460 927 2552 996 qui
2571 926 2731 982 aedis
2749 934 2938 981 auctor
2966 924 3266 987 exstiterat,
3292 920 3527 991 graviter
3554 932 3794 974 commo-

2211 1025 2385 1082 vetur,
2416 1017 2689 1073 vindicare
2715 1018 2930 1072 beatum
2958 1013 3295 1084 Fulgentium
3322 1026 3539 1084 parans,
3566 1009 3614 1065 si
3658 1022 3794 1077 que-

2209 1108 2381 1162 relam
2415 1107 2490 1168 de
2533 1115 2832 1164 memorato
2862 1105 3176 1178 presbytero
3217 1104 3488 1175 deponere
3516 1099 3792 1157 voluisset.

2211 1197 2320 1252 Sed
2343 1198 2533 1254 beatus
2551 1198 2881 1268 Fulgentius,
2910 1197 3092 1271 multis
3116 1204 3175 1252 ut
3197 1195 3302 1251 hoc
3329 1192 3532 1250 faceret
3558 1189 3794 1247 suaden-

2213 1289 2378 1358 tibus,
2407 1290 2524 1346 Non
2552 1291 2697 1357 licet,
2726 1291 2822 1354 ait,
2853 1291 2908 1344 in
2938 1289 3044 1345 hoc
3088 1287 3285 1344 saeculo
3325 1285 3615 1343 vindictam
3641 1296 3792 1352 qu:e-

2212 1395 2336 1436 rere
2385 1379 2705 1437 Christiano.
2733 1381 2894 1438 Novit
2920 1380 3176 1438 Dominus
3208 1377 3482 1449 quomodo
3514 1389 3794 1433 servorum

2212 1486 2433 1528 suorum
2461 1471 2712 1528 defendat
2739 1472 2980 1543 injurias.
3003 1472 3110 1528 Iste
3131 1472 3411 1544 presbyter
3429 1471 3475 1526 si
3493 1468 3794 1540 gravissimi

2213 1563 2432 1619 sceleris
2461 1563 2601 1618 inter
2628 1563 2871 1618 homines
2895 1579 2982 1618 me
3009 1571 3200 1633 agente
3220 1560 3793 1633 receperit'ultionem,

2215 1653 2489 1724 patientia:
2516 1669 2615 1709 nos
2640 1653 2782 1724 apud
2809 1653 2977 1709 Deum
3003 1653 3328 1724 perdidimus
3363 1652 3792 1713 retributionem:

2216 1745 2450 1799 maxime
2477 1746 2602 1814 quia
2623 1746 2822 1800 multos
2846 1745 3098 1816 parvulos
3116 1731 3479 1801 scandalizare
3504 1744 3720 1815 poterit,
3748 1744 3796 1802 si

2217 1837 2454 1907 episcopi
2479 1837 2664 1892 Ariani
2686 1837 2946 1907 judicium
2980 1838 3366 1908 qualiscunque
3407 1845 3679 1908 peccator,
3711 1844 3796 1890 ta-

2216 1943 2340 1982 men
2387 1929 2680 1985 catholicus
2717 1939 2774 1985 et
2819 1930 3115 1986 monachus
3157 1945 3412 2000 quaeram.
3441 1927 3642 1985 Nolens
3669 1941 3798 1996 ergo

2215 2019 2516 2076 retribuere
2537 2022 2676 2076 mala
2704 2036 2802 2092 pro
2831 2022 3006 2088 malis,
3037 2031 3092 2077 et
3123 2023 3286 2077 vitam
3314 2037 3466 2078 suam
3496 2021 3674 2077 sciens
3701 2034 3800 2076 ne-

2214 2112 2502 2166 cessariam
2530 2113 2705 2180 bonis,
2729 2129 2796 2169 ne
2810 2129 2972 2185 quam
2993 2111 3170 2168 forsan
3193 2112 3568 2169 haereticorum
3592 2112 3801 2167 violen-

2215 2202 2345 2256 tiam
2365 2202 2539 2258 denuo
2566 2212 2900 2274 paterentur,
2926 2220 2995 2260 ex
3021 2205 3109 2259 illa
3139 2205 3415 2275 provincia
3442 2218 3626 2259 rursus
3652 2218 3802 2274 egre4

2213 2294 2451 2364 diuutur,
2480 2304 2534 2352 et
2553 2295 2622 2351 ad
2641 2297 2816 2352 vicina
2846 2297 3133 2368 provinciae
3158 2312 3270 2352 suae
3297 2298 3415 2354 loca
3435 2297 3686 2353 celeriter
3711 2311 3801 2352 re-

2213 2395 2516 2453 vertuntur,
2570 2390 2740 2458 magis
2786 2390 3043 2458 eligentes
3091 2389 3295 2447 vicinos
3341 2390 3540 2446 habere
3584 2389 3800 2446 Mauros

2213 2489 2374 2545 quam
2404 2479 2514 2549 pati
2541 2480 2946 2536 molestissimos
2973 2481 3222 2536 Arianos.

2213 2567 2394 2646 Carur
2442 2571 2878 2646 _x_u.‘Fulgentius
2894 2574 3199 2646 _meaitatur
3232 2576 3342 2646 iter
3383 2575 3438 2628 in
3484 2572 3796 2646 Egyptum.

2283 2641 2511 2716 Appellit
2543 2641 2943 2716 Syracusanis.
2965 2643 3202 2716 Eulalia:
3219 2641 3585 2716 Syracusanus
3599 2641 3801 2716 episco-

2283 2727 2400 2780 pus.
2434 2711 2815 2785 Mona—steriurn
2839 2715 2899 2769 S.
2952 2713 3166 2768 Eulalii.
3198 2711 3283 2768 Αιῑ
3313 2716 3497 2770 itinere
3525 2711 3686 2785 erepto
3709 2732 3798 2770 re-

2282 2792 2491 2856 secatur
2517 2795 2727 2853 propter
2744 2783 3115 2856 ngyptiorum
3145 2786 3513 2840 monac/torum
3547 2783 3797 2841 sc'hisma.

2282 2851 2489 2919 Hospes
2514 2851 2917 2923 hospitalitatem
2943 2867 3162 2911 exercet.

2284 2943 2372 2997 23.
2411 2943 2571 3000 Juxta
2599 2947 2872 3003 civitatem
2901 2948 3127 3019 proinde
3163 2963 3283 3018 quze
3313 2949 3391 3020 (ά)
3430 2946 3566 3004 ldidi
3593 2965 3800 3006 nuncu-

2209 3047 2389 3108 patur,
2416 3035 2640 3094 fundare
2665 3041 3051 3096 monasterium
3072 3043 3355 3113 incipiunt,
3376 3043 3468 3098 ubi
3482 3058 3649 3114 parvo
3672 3053 3799 3099 tem~

2211 3145 2348 3201 pore
2393 3130 2620 3188 Domino
2647 3135 2947 3189 servientes
2975 3134 3292 3190 insistebant
3319 3136 3573 3206 operibus
3600 3137 3800 3192 carita-

519 3232 730 3290 fortiter
751 3276 768 3302 ,
823 3244 878 3290 et
932 3236 1301 3308 multiplicatis
1349 3237 1572 3308 ﬂagellis
1627 3240 1861 3298 lacerate
1916 3244 2110 3299 verbo-
2137 3233 2184 3298 C
2217 3221 2307 3288 “5’
2334 3221 2507 3278 donec
2529 3223 2706 3280 subito
2733 3224 2923 3280 beatus
2943 3224 3252 3294 Fulgentius
3279 3224 3655 3298 λΕῧΥΡιίοτυω
3684 3245 3799 3285 ¹¹¹⁰⁴

518 3340 658 3380 sum.
711 3324 888 3383 Etiam
942 3344 1062 3394 me,
1119 3338 1280 3400 puto,
1329 3329 1588 3388 seducere
1627 3334 1870 3402 cogitat;
1921 3334 2112 3405 longo-

518 3428 626 3485 que
652 3416 840 3472 inanis'
874 3417 1066 3474 fabulae
1111 3420 1338 3477 circuitu
1381 3422 1509 3494 quid
1546 3423 1813 3481 conﬁcere
1858 3427 2113 3484 moliatur

517 3507 728 3577 ignoro.
788 3506 1139 3566 Recrudescit
1185 3512 1381 3568 iterum
1421 3517 1616 3571 manus
1650 3516 1725 3588 (ὁ)
1751 3533 1949 3573 vesana
1997 3529 2112 3576 tor-

517 3600 670 3666 toris,
697 3599 1028 3674 flagellisque
1063 3602 1358 3661 innumeris
1401 3605 1594 3663 beatus
1639 3607 1952 3678 Fulgentius
1980 3627 2110 3668 exa-

517 3699 684 3746 ratur.

586 3782 676 3838 21.
705 3783 945 3840 Tandem
994 3789 1280 3861 presbyter
1320 3789 1388 3846 de
1439 3792 1586 3848 illata
1632 3795 1779 3850 caede
1832 3798 2105 3866 confusus,

516 3874 754 3930 virorum
791 3875 1138 3933 laudabilium
1174 3882 1370 3937 merita
1398 3886 1582 3949 sentit,
1616 3901 1714 3941 nec
1753 3888 1896 3958 apud
1925 3901 1984 3944 se
2013 3907 2108 3946 eos

517 3972 703 4021 tenere
741 3967 940 4023 diutius
971 3985 1135 4025 ausus
1169 3980 1272 4040 est,
1311 3973 1407 4029 sed
1435 3974 1748 4032 deformiter
1776 3977 2102 4043 decalvatos,

515 4056 707 4112 ablatis
733 4058 896 4112 etiam
925 4062 1173 4118 omnibus
1208 4065 1564 4133 vestimentis,
1594 4084 1663 4124 ex
1689 4068 1851 4126 domo
1881 4088 1977 4127 sua
2005 4090 2104 4127 nu-

514 4143 613 4201 dos
668 4146 963 4221 inanesque
990 4153 1237 4222 projecit.
1268 4154 1378 4211 Sed
1405 4173 1508 4214 nec
1531 4159 1623 4214 illa
1646 4159 1948 4218 decalvatio
1976 4165 2106 4220 viris

513 4242 864 4298 sanctissimis
890 4247 1296 4316 turpitudinem,
1331 4265 1431 4306 nec
1459 4251 1678 4309 nuditas
1706 4255 1885 4310 attulit
1911 4257 2102 4313 confu-

513 4331 722 4389 sionem
755 4353 768 4387 :
801 4336 928 4404 quia
956 4337 1051 4407 (al.
1083 4339 1241 4412 quos)
1266 4340 1494 4396 tolerata
1521 4344 1592 4414 (ε)
1615 4355 1836 4418 propter
1863 4362 2102 4404 amorem

512 4423 785 4494 religionis
805 4426 997 4497 injuria
1021 4430 1204 4500 prima:
1224 4431 1337 4501 jam
1367 4432 1723 4493 confessionis
1750 4436 2102 4494 decoraverat

512 4526 834 4573 ornamento
864 4535 1096 4590 superna
1133 4524 1307 4592 gratia
1345 4523 1664 4583 fulciendos.
1714 4527 2103 4587 Proeesserunt

2216 3313 2512 3368 nachorum
2569 3315 2706 3370 vitas
2760 3315 3100 3373 admirabiles
3146 3318 3349 3386 legens,
3405 3319 3798 3378 institutionum

2214 3406 2374 3462 simul
2393 3415 2554 3475 atque
2583 3408 2930 3463 collationum
2956 3410 3180 3479 spiritali
3195 3405 3555 3468 meditatione
3573 3428 3798 3468 succen-

2214 3515 2327 3568 sus,
2360 3511 2685 3557 memoratas
2715 3511 2887 3558 terras
2924 3504 3137 3574 navigio
3165 3513 3352 3574 petere
3391 3507 3577 3562 statuit
3609 3526 3622 3560 :
3667 3510 3799 3564 dua-

2211 3592 2312 3648 bus
2352 3593 2598 3649 videlicet
2645 3609 2713 3649 ex
2761 3596 2957 3662 causis,
3009 3605 3066 3650 ut
3090 3597 3176 3651 vel
3204 3597 3276 3652 ibi
3306 3596 3551 3668 deposito
3578 3601 3799 3657 nomine

2211 3687 2440 3754 abbatis,
2458 3669 2564 3742 sub
2593 3689 2777 3757 regula
2805 3689 3011 3745 viveret
3039 3691 3092 3744 in
3119 3691 3443 3756 humilitate,
3466 3694 3552 3746 vel
3579 3693 3798 3750 distric-

2210 3778 2364 3834 tioris
2385 3780 2722 3836 abstinentia:
2742 3783 2947 3852 legibus
2976 3783 3314 3839 subderetur.
3339 3783 3408 3839 Et
3435 3787 3560 3856 quia
3585 3787 3797 3842 deside-

2208 3873 2347 3925 rium
2371 3888 2526 3927 suum
2555 3874 2801 3944 impediri
2841 3884 3053 3945 poterat
3081 3865 3428 3946 publicatum,
3460 3879 3651 3946 qu:erit
3679 3879 3794 3949 pri-

2207 3963 2370 4016 mitus
2397 3965 2738 4020 occasionem
2767 3967 3139 4036 proficiscendi
3168 3966 3563 4034 Carthaginem.
3587 3968 3794 4027 Dehinc

2209 4055 2428 4108 veniens
2455 4056 2522 4110 ad
2551 4057 2716 4126 ipsius
2731 4059 2930 4113 mtenia
2954 4059 3204 4126 civitatis,
3233 4077 3340 4115 uno
3371 4069 3572 4116 tantum
3601 4061 3788 4132 fratre,

2208 4147 2501 4202 cuinomen
2525 4161 2642 4203 erat
2660 4149 3010 4220 Redemptus,
3044 4153 3193 4207 socio
3222 4156 3662 4224 peregrinationis
3681 4156 3791 4212 ele-

2205 4246 2316 4305 cto,
2347 4239 2524 4293 navim
2571 4242 2901 4307 conscendit,
2933 4243 3309 4299 Alexandriam
3337 4248 3600 4317 petiturus
3632 4250 3792 4303 :nul-

2204 4331 2287 4385 los
2335 4332 2473 4387 forte
2525 4343 2768 4404 sumptus
2811 4344 2972 4391 tantae
3010 4338 3428 4406 peregrinationi
3458 4343 3794 4398 necessarios
3874 4375 3887 4383 -

2203 4436 2386 4477 secum
2418 4422 2596 4479 ferens
2616 4467 2632 4493 ,
2663 4425 2757 4480 sed
2779 4425 2832 4480 in
2862 4425 2975 4482 Deo
3003 4429 3092 4497 qui
3137 4429 3287 4486 dives
3326 4439 3430 4498 est,
3460 4447 3609 4502 spem
3636 4448 3792 4488 suam

2205 4514 2430 4571 ﬁrmiter
2453 4533 2680 4587 ponens,
2710 4521 2948 4574 suaviter
2974 4521 3202 4575 canebat
3223 4538 3345 4577 cum
3376 4523 3542 4578 David
3561 4566 3577 4592 ,
3607 4524 3793 4580 Domi-

511 4609 692 4679 itaque
719 4610 787 4666 de
814 4612 976 4668 domo
1005 4616 1305 4687 presbyteri
1346 4627 1599 4689 tanquam
1628 4621 1696 4676 de
1734 4623 1854 4679 ιοοο
1877 4625 2099 4694 gloriosi
2125 4617 2177 4678 ι)
2201 4624 2297 4662 nus
2319 4610 2486 4679 pascit
2512 4627 2613 4678 me,
2635 4621 2684 4664 et
2712 4611 2842 4664 nihil
2861 4612 2986 4666 mihi
3015 4613 3175 4666 deerit
3197 4611 3368 4684 (Psal.
3393 4631 3523 4680 xm,
3556 4615 3791 4686 l).Ven-

508 4705 834 4772 certaminis,
869 4706 1088 4776 insignis
1111 4709 1353 4764 victoriae
1382 4710 1580 4767 laureis
1603 4715 1865 4769 coronati.
1895 4714 2099 4772 Rever-

507 4793 661 4862 sique
687 4809 783 4864 per
809 4811 1058 4866 campum
1081 4798 1171 4854 ubi
1193 4798 1405 4855 fuerant
1428 4803 1589 4872 capti,
1615 4803 1815 4860 solidos
1835 4819 1971 4874 quos
1996 4808 2094 4862 ab-

508 4883 688 4937 batem
733 4885 967 4942 Felicem
1010 4889 1303 4959 proiecisse
1341 4891 1593 4955 diximus,
1642 4895 1852 4964 integro
1890 4897 1961 4951 ibi
1993 4915 2095 4953 nu-

509 4988 659 5027 mero
687 4986 930 5033 servatos
975 4980 1275 5048 inveniunt,
1314 4990 1371 5036 et
1413 4984 1568 5052 quasi
1615 4999 1683 5038 ex
1722 4986 1898 5040 divina
1929 5003 2096 5046 manu

508 5064 786 5121 restitutos
814 5068 1054 5124 hilariter
1092 5074 1381 5143 accipiunt,
1429 5082 1753 5145 agentesque
1798 5077 2092 5136 ineffabiles

509 5155 706 5224 gratias
733 5156 864 5222 Deo,
906 5162 998 5230 qui
1027 5165 1336 5219 consolatur
1365 5166 1592 5220 humiles
1619 5167 1671 5220 in
1699 5169 1844 5222 omni
1871 5169 2094 5224 tribula--

509 5246 655 5301 tione
683 5263 890 5314 eorum,
923 5262 1266 5309 revertuntur
1286 5257 1352 5311 ad
1375 5258 1652 5327 proximos
1682 5258 1895 5314 fratres.
1924 5259 2093 5330 Hujus

509 5350 688 5396 autem
717 5343 1069 5400 crudelissimi
1097 5345 1224 5401 facti
1263 5347 1595 5406 detestabilis
1631 5352 1813 5432 opinio
1842 5362 2091 5408 cunctam

507 5434 664 5488 simul
692 5438 997 5493 mmstilicat
1025 5439 1297 5509 regionem
1323 5459 1337 5508 ;
1371 5445 1643 5499 nuntiatur
1671 5446 1832 5500 etiam
1862 5445 2089 5503 Cartha-

507 5524 629 5592 ginc
659 5527 818 5583 fama.

579 5649 659 5736 (a).
684 5663 785 5736 _Ms.
806 5667 1103 5736 nequitiam.
1367 5719 1370 5722 .

579 5734 628 5804 (ὁ
681 5732 736 5787 In
760 5732 894 5797 aliis,
923 5753 1103 5792 manus
1131 5755 1288 5793 «leva.

579 5733 650 5874 (ci
681 5803 785 5874 Ms.
812 5815 867 5859 et
905 5807 1210 5874 Bollandus,
1243 5820 1288 5864 et

579 5803 649 5886 te)
681 5803 867 5886 Msz‘et
905 5807 1210 5886 Bollandus,
1243 5820 1298 5864 et
1325 5810 1448 5886 Ant.
1495 5827 1549 5886 in
1571 5813 1840 5886 margine,
1869 5826 2082 5886 propter

507 5875 698 5933 odium.
745 5873 1039 5948 Utrumque
1067 5873 1206 5936 bene
1230 5897 1242 5935 :
1276 5883 1400 5952 quia
1437 5882 1536 5938 etsi
1568 5873 1725 5944 illata'
1739 5873 1836 5940 est
1855 5873 2080 5956 propter

2203 4703 2272 4758 tis
2303 4703 2485 4770 itaque
2509 4703 2637 4756 flatu
2666 4717 2927 4772 prospero
2973 4705 3426 4773 consequentibus
3445 4746 3461 4771 ,
3491 4704 3790 4778 Syracusa-

2203 4811 2330 4851 nu.n
2358 4796 2584 4864 contigit
2614 4794 2839 4850 feliciter
2865 4805 3103 4867 portum,
3151 4797 3353 4868 Deique
3380 4799 3576 4854 summi
3605 4800 3789 4870 provi-

2201 4888 2383 4944 dentia
2412 4888 2744 4957 gubernante
2771 4887 2962 4942 ductus
2989 4898 3072 4943 est
3107 4891 3176 4944 ad
3204 4889 3343 4944 hanc
3370 4890 3662 4954 civitatem,
3691 4893 3786 4946 ubi

2202 4994 2332 5040 tunc
2359 4983 2656 5039 Ecclesiam
2679 4984 2999 5040 catholicam
3027 4986 3215 5040 beatus
3242 5001 3382 5056 papa
3423 4985 3659 5041 Eulalius
3683 5001 3789 5056 gu-

2199 5079 2478 5142 bernabat,
2502 5077 2583 5130 vir
2611 5077 2821 5132 eximite
2846 5076 3164 5140 sanctitatis,
3188 5077 3516 5132 admirabilis
3545 5079 3788 5148 hospita-

2198 5171 2382 5235 litatis,
2409 5168 2814 5238 perfectissimae
2834 5169 3095 5231 caritatis,
3127 5169 3181 5223 in
3206 5168 3357 5239 cujus
3386 5170 3549 5224 corde
3574 5169 3787 5225 thesau-

2197 5277 2290 5316 rus
2317 5261 2594 5330 sapientia:
2622 5261 2879 5332 spiritalis
2907 5260 3285 5326 absconditus,
3317 5262 3518 5317 multos
3545 5262 3780 5317 talento-

2197 5369 2314 5406 rum
2343 5351 2735 5408 dominicorum
2764 5341 3127 5419 negotiatione
3152 5351 3377 5408 ditabat.
3398 5353 3609 5409 Virtute
3635 5354 3780 5408 enim

2196 5447 2536 5504 discretionis
2586 5462 2749 5517 super
2801 5447 2982 5501 omnia
3031 5447 3336 5514 decoratus,
3387 5433 3778 5506 monachorum

2197 5539 2584 5610 professionem
2623 5539 2966 5608 singulariter
3015 5538 3311 5610 diligebat:
3358 5541 3560 5596 habens
3614 5540 3778 5595 etiam

2192 5677 2372 5732 odium
2396 5675 2688 5748 religionis,
2721 5684 2899 5733 tamen
2921 5687 3146 5748 propter
3165 5679 3401 5748 ejusdem
3427 5697 3666 5739 amorem
3693 5691 3776 5738 to-

2192 5748 2360 5802 lcrata
2386 5756 2468 5801 est
2498 5747 2707 5814 injuria.

2262 5819 2340 5887 (ά)
2380 5817 2436 5872 In
2464 5817 2800 5887 quibusdam,
2831 5817 3014 5885 Ydidi;
3046 5820 3097 5874 in
3122 5821 3256 5885 aliis,
3291 5821 3487 5880 Indidi.
3514 5824 3645 5884 Vide
3673 5841 3773 5884 n0-

2192 5899 2298 5943 tam
2325 5886 2506 5944 Chifll.
2533 5886 2605 5945 ad
2637 5889 2779 5946 hunc
2807 5889 2987 5948 locum
3008 5892 3064 5946 in
3096 5890 3389 5952 Ferrando.
