4122 6330
266 419 360 480 ηεξ

1679 419 2199 480 PROLEGOMENA.

3403 418 3508 474 1'50

264 540 369 608 ipse
392 531 774 588 monasterium
798 531 1096 602 proprium,
1138 531 1224 588 cui
1251 545 1468 603 semper
1495 530 1825 596 adhaerebat,
1853 540 1904 599 Α
1932 541 2120 590 sancto
2165 531 2375 588 Eulalio
2425 509 2699 604 praebente
2742 529 2943 587 victum
2971 537 3027 586 et
3069 527 3357 600 hospitium
3379 545 3512 585 con-

261 627 456 700 quoties
483 625 551 678 ab
576 624 957 680 ecclesiasticis
994 625 1202 680 actibus
1227 624 1476 680 vacabat.

321 717 402 774 25.
443 717 525 770 Ad
546 716 688 771 hunc
712 729 843 784 ergo
870 715 1060 770 beatus
1088 714 1398 783 Fulgentius
1421 714 1659 776 veniens,
1691 714 1832 768 inter

260 813 384 869 alios
410 808 728 880 peregrinos
756 807 1134 878 hospitalitatis
1155 807 1336 863 oﬂicio
1364 807 1599 862 libenter
1625 807 1832 877 excipi-

257 914 362 968 tur;
402 915 581 971 neque
607 908 788 955 tamen
815 899 906 954 diu
933 901 1102 956 latere
1145 901 1488 971 permittitur.
1540 899 1665 955 Mox
1691 900 1834 954 enim

258 995 405 1063 (sicut
430 992 602 1047 moris
630 1001 716 1046 est
751 992 805 1046 in
827 992 1074 1048 convivio
1098 991 1176 1064 (α)
1205 992 1589 1062 sacerdotum),
1613 991 1741 1047 dum
1767 991 1838 1046 de

258 1082 436 1138 divinis
455 1081 619 1136 rebus
639 1087 791 1136 ortus
819 1089 904 1136 est
930 1097 1128 1147 sermo,
1159 1082 1335 1136 virum
1359 1081 1643 1150 singularis
1661 1083 1837 1137 scien-

257 1174 333 1228 tize
369 1172 700 1228 locutio-sua
727 1172 988 1228 continuo
1022 1173 1276 1243 prodidit.
1314 1173 1587 1230 lntellexit
1627 1176 1840 1246 episco.

257 1278 345 1336 pus
366 1278 432 1318 ex
463 1271 662 1317 ornatu
707 1263 995 1330 sermonis,
1043 1271 1098 1318 et
1137 1265 1546 1334 responsionum
1585 1265 1837 1319 modera-

258 1355 406 1414 tione,
436 1351 545 1406 sub
571 1351 889 1407 monachico
935 1352 1122 1408 habitu
1150 1368 1401 1424 magnum
1429 1354 1598 1410 latere
1644 1355 1838 1411 docto-

258 1461 389 1510 rem;
443 1443 659 1501 distulit
706 1453 888 1499 tamen
935 1444 1184 1500 eumdem
1209 1446 1298 1501 vel
1325 1447 1447 1516 quis
1479 1453 1641 1510 esset,
1673 1462 1838 1502 curve

259 1535 576 1603 advenisset,
609 1535 852 1591 convivis
892 1537 1245 1606 praesentibus
1272 1538 1414 1594 inter
1453 1538 1639 1608 epulas
1686 1552 1837 1606 qua:-

259 1644 383 1685 rere.
415 1627 558 1691 Post
585 1627 867 1698 prandium
895 1642 1026 1683 vero
1052 1644 1172 1684 cum
1201 1628 1510 1684 meridianis
1542 1628 1688 1684 horis
1713 1637 1840 1682 ante

261 1735 530 1791 vesperam
558 1719 614 1774 in
643 1719 813 1775 domo
857 1735 954 1776 sua
997 1719 1389 1790 deambularet,
1427 1723 1714 1792 episcopus
1741 1738 1841 1792 per

263 1811 542 1867 fenestram
571 1811 881 1881 respiciens,
905 1811 1281 1870 obversantem
1303 1815 1406 1870 sibi
1435 1817 1576 1872 sicut
1614 1825 1840 1872 c'eteros

1934 638 2146 692 gruum.
2179 622 2285 678 Sed
2312 623 2438 692 quia
2463 622 2619 676 bona:
2646 621 2844 677 mentis
2869 620 2948 693 (Δ)
2989 620 3196 675 indoles
3241 634 3511 689 nunquam

1935 721 2098 768 vacat
2132 713 2372 768 caritatis
2398 727 2564 782 opera
2591 725 2806 781 semper
2831 724 3111 774 exercens,
3143 708 3194 762 in
3226 708 3341 777 ipso
3387 722 3513 777 par-

1937 802 2143 871 vissimi
2183 801 2404 872 hospitii
2457 800 2601 870 quod
2649 807 2935 870 acceperat
2973 798 3298 862 habitaculo,
3351 797 3516 868 coepit

1937 893 2357 965 hOSpitalitatem
2377 892 2556 947 multis
2580 891 3080 962 supervenientibus
3107 890 3364 946 exhibere
3385 903 3513 959 per-

1937 985 2160 1054 egrinis,
2191 993 2246 1038 et
2273 983 2491 1038 alterius
2528 982 2772 1050 indigens
2811 981 3004 1036 solatio
3024 979 3380 1036 consolandos
3405 994 3519 1034 sus-

1882 1136 1889 1143 .
1938 1076 2120 1146 cipere
2148 1073 2480 1145 peregrinos.
2513 1073 2738 1128 Miratur
2757 1083 2976 1129 sanctus
3005 1072 3241 1127 Eulalius
3287 1070 3514 1126 afﬂuen-

1934 1176 2044 1222 tem
2073 1166 2244 1222 sancti
2263 1164 2426 1220 animi
2454 1164 2777 1230 libertatem,
2809 1178 3108 1232 magnoque
3145 1163 3338 1231 gaudio
3359 1162 3508 1231 sagi~

1939 1264 2119 1324 natur,
2148 1255 2274 1310 dum
2303 1270 2400 1326 per
2425 1269 2646 1309 manum
2688 1253 2832 1308 beati
2875 1253 3157 1322 Fulgentii,
3191 1254 3276 1308 cui
3321 1253 3520 1308 victum
3617 1269 3634 1285 ο

1939 1348 2314 1417 quotidianum
2343 1347 2476 1402 nihil
2504 1346 2722 1402 babenti
2747 1345 3102 1410 ministrabat,
3141 1345 3393 1400 alimenta
3420 1343 3520 1398 mi-

1939 1438 2157 1493 nistrari
2198 1454 2307 1494 non
2336 1437 2656 1493 habentibus
2683 1436 2922 1502 videret;
2953 1445 3008 1491 et
3039 1437 3084 1491 si
3127 1439 3205 1491 fas
3229 1445 3314 1492 est
3340 1436 3520 1491 dicere

1940 1528 2346 1598 comparatione
2399 1527 2668 1581 minorum
2726 1540 2971 1581 crescere
3022 1525 3201 1581 solere
3266 1524 3518 1595 majores,

1940 1618 2190 1688 quamvis
2218 1625 2361 1672 esset
2386 1624 2607 1672 sanctus
2646 1613 2884 1669 Eulalius
2912 1615 2964 1670 in
2987 1613 3309 1689 pauperibus
3332 1615 3523 1682 guber-

1940 1709 2132 1763 nandis
2157 1709 2378 1763 omnino
2399 1708 2690 1778 perfectus,
2717 1722 2882 1778 opera
2915 1715 3093 1761 tamen
3122 1705 3266 1760 beati
3295 1703 3524 1774 Fulgen-

1939 1802 2000 1856 tii
2043 1801 2412 1865 considerans,
2438 1803 2505 1855 de
2533 1800 2620 1855 die
2647 1799 2702 1854 in
2744 1799 2886 1854 diem
2916 1799 3035 1869 plus
3065 1797 3371 1854 misericors
3408 1793 3522 1850 efﬁ-

265 1907 464 1960 heatum
509 1903 848 1974 Fulgentium
901 1905 1050 1960 vidit.
1079 1904 1247 1972 Quem
1275 1906 1532 1961 continuo
1555 1906 1835 1976 peculiari-
1871 1903 1920 1964 Β
1945 1892 2186 1948 elebat“?
2212 1900 2268 1947 εί
2286 1892 2465 1963 largus

265 2010 337 2056 ter
359 2015 588 2067 vocans,
618 1999 696 2055 De
741 1999 1185 2065 institutionibus,
1216 1999 1312 2063 ait,
1355 2006 1412 2054 et
1465 1998 1843 2054 collationibus

265 2091 395 2160 loqui
441 2105 716 2160 coeperas,
763 2089 889 2144 dum
944 2089 1348 2159 pranderemus.
1380 2087 1544 2153 Affer,
1593 2091 1840 2153 obsecro,

267 2181 380 2235 mihi
425 2179 699 2243 codicem,
730 2179 775 2234 si
820 2187 1026 2249 portas.
1049 2176 1143 2234 llle
1171 2177 1288 2234 sine
1333 2194 1484 2234 mora
1523 2179 1686 2248 jussis
1713 2179 1844 2234 obe-

269 2271 407 2327 diens
433 2269 683 2327 codicem
714 2269 925 2334 detulit,
958 2271 1011 2324 in
1043 2285 1150 2339 quo
1171 2269 1300 2340 quid
1329 2270 1698 2326 contineretur
1721 2285 1857 2325 ver-r

271 2359 342 2416 bis
366 2361 600 2432 propriis
621 2362 804 2430 jussus
823 2361 1065 2430 exponit.
1098 2359 1406 2416 Admiratur
1430 2368 1650 2416 sanctus
1676 2359 1840 2415 Eula-

271 2449 363 2509 lius
379 2451 657 2508 scientiam
678 2449 910 2520 juvenis,
944 2459 1000 2506 et
1049 2451 1138 2505 tali
1168 2451 1382 2521 hospite
1401 2451 1718 2519 delectatus,
1747 2466 1844 2506 cur

275 2559 337 2601 ex
374 2544 548 2600 Africa
590 2543 820 2609 venerit,
856 2541 1144 2612 diligenter
1180 2543 1420 2612 inquirit.
1456 2541 1552 2596 Ille
1597 2550 1844 2597 metuens

279 2638 579 2706 arrogantia:
608 2645 811 2701 notam,
848 2637 892 2711 si
913 2636 1240 2692 desiderium
1269 2652 1421 2691 suum
1445 2634 1730 2704 fateretur,
1759 2634 1844 2689 in-

285 2745 489 2786 currere
520 2728 827 2796 :Parentes,
877 2728 1069 2799 inquit,
1119 2743 1270 2783 meos
1300 2727 1538 2798 requiro,
1562 2741 1698 2797 quos
1740 2726 1845 2781 illis

283 2821 335 2877 in
362 2821 593 2892 partibus
618 2820 798 2876 vivere
818 2819 1134 2890 peregrinos
1158 2817 1354 2873 audivi.
1387 2816 1526 2872 Vere
1571 2817 1714 2872 enim
1742 2831 1843 2888 pa-

284 2919 455 2966 rentes
474 2927 596 2986 suos
619 2911 950 2981 requirebat,
999 2924 1229 2980 quorum
1273 2907 1622 2965 suavissimas
1663 2922 1846 2964 mores

280 3002 466 3058 imitari
495 3003 760 3074 cupiebat.
783 3001 1053 3058 Intellexit
1080 3001 1364 3072 episcopus
1390 2991 1706 3070 responsum
1735 3013 1844 3054 non

278 3095 625 3160 manifestum,
659 3094 932 3165 totiusque
972 3093 1179 3148 itineris
1207 3091 1324 3162 ejus
1347 3107 1445 3162 per
1479 3091 1710 3147 alterum
1739 3091 1846 3146 fra-

279 3194 400 3240 trem
429 3184 506 3257 (b)
528 3185 620 3254 qui
645 3182 744 3238 fuit
771 3183 1020 3254 simplex,
1050 3183 1336 3252 investigat
1358 3196 1570 3237 causas.
1609 3180 1688 3236 lbi
1717 3189 1845 3236 tunc

1946 2003 2128 2058 CAPUT
2166 2017 2281 2056 xm.
2327 2000 2668 2072 Ruﬁnianunt
2698 2001 2989 2072 episcOpum
3017 2000 3146 2054 adit.
3191 1998 3410 2054 Romam
3424 2017 3521 2072 pe-

2017 2075 2079 2127 tit
2115 2072 2381 2143 religionis
2409 2087 2588 2125 causa.
2613 2069 2669 2124 Μ
2674 2069 2904 2140 artyrunt
2931 2079 3257 2125 monumenta
3284 2071 3474 2124 invisit.

2015 2181 2106 2235 9.6.
2149 2179 2375 2235 Peracto
2406 2180 2586 2249 itaque
2607 2180 2888 2250 przcsentis
2911 2181 3101 2235 hiemis‘
3120 2188 3380 2250 tempore,
3398 2195 3523 2237 cura

1947 2271 2242 2324 vehemens
2291 2270 2506 2324 beatum
2553 2268 2888 2338 Fulgentium
2929 2277 3268 2334 commovet,
3317 2270 3525 2339 episco-

1942 2376 2071 2431 pum
2091 2359 2374 2429 quemdam
2398 2358 2738 2414 Rufinianum
2769 2363 3005 2426 nomine,
3030 2361 3119 2430 qui
3143 2361 3525 2430 persecutionis

1943 2450 2259 2506 violentiam
2293 2447 2547 2518 fugiendo
2576 2450 2852 2505 declinans
2880 2467 2947 2506 ex
2983 2451 3260 2523 Byzaceno
3299 2451 3526 2506 concilio

1943 2544 2242 2615 navigarat,
2281 2542 2461 2612 ibique
2503 2543 2791 2613 provincia:
2837 2543 3032 2598 Sicilia:
3061 2543 3266 2598 vicinus
3309 2543 3361 2597 in
3391 2557 3525 2611 qua-

1944 2639 2070 2692 darn
2095 2637 2412 2692 brevissima
2440 2636 2877 2692 commorabatur
2904 2636 3074 2691 insula
3099 2677 3117 2703 ,
3145 2631 3309 2690 vitam
3337 2650 3524 2691 mona-

1946 2729 2034 2785 chi
2055 2709 2402 2784 laudabiliter
2429 2740 2650 2796 gerens,
2695 2728 2875 2783 videre
2912 2727 3294 2792 indifferenter,
3325 2736 3384 2781 ut
3411 2725 3526 2795 ejus

1945 2817 2317 2874 admonitione
2364 2817 2601 2874 secundo
2651 2817 2912 2885 firmatus,
2942 2817 3070 2886 quid
3102 2818 3278 2873 facere
3305 2816 3527 2872 deberet

1945 2917 2279 2978 agnosceret.
2314 2906 2430 2963 Hoc
2480 2916 2660 2962 autem
2709 2908 2944 2972 volebat,
2993 2924 3101 2964 non
3148 2909 3272 2978 quia
3319 2906 3527 2962 Eulalio

1948 2997 2190 3070 pontifici
2219 2999 2398 3054 minus
2424 2998 2699 3064 credebat,
2723 2998 2818 3053 sed
2851 2999 2903 3053 in
2925 2999 3084 3054 rebus
3109 2997 3283 3054 dubiis
3312 2998 3528 3053 utilissi-

1947 3107 2095 3146 mum
2135 3105 2350 3161 semper
2403 3104 2524 3148 esse
2575 3089 2865 3144 multorum
2913 3090 3195 3147 consilium
3241 3089 3528 3145 sentiebat.

1947 3183 2053 3239 Per
2082 3183 2176 3255 (al.
2202 3182 2352 3253 Post)
2374 3183 2575 3238 multos
2604 3183 2785 3252 itaque
2808 3183 3069 3252 pedestris
3089 3177 3300 3239 labores
3329 3184 3530 3238 itineris

278 3273 450 3330 beatus
473 3273 789 3343 Fulgentius
808 3273 1094 3328 salubriter
1119 3271 1384 3342 proditIIS,
1404 3271 1690 3327 veritatem
1713 3272 1844 3326 sim-
1870 3268 1918 3332 C
1951 3275 2018 3329 ad
2043 3274 2193 3329 illum
2223 3274 2420 3330 Siciliae
2444 3273 2666 3330 veniens
2700 3274 2878 3330 locum
2922 3276 3008 3329 cui
3037 3275 3156 3345 plus
3184 3276 3530 3346 propinquior

282 3366 475 3438 pliciter
501 3365 806 3429 comitetur,
831 3372 1134 3433 nurumque
1156 3380 1216 3421 se
1239 3365 1308 3421 ad
1341 3365 1582 3421 ultimam
1616 3362 1846 3420 Thebai-

285 3454 353 3508 da:
373 3454 608 3522 regionis
631 3468 871 3508 eremum
900 3452 1050 3516 dicit,
1076 3461 1135 3508 ut
1153 3453 1285 3518 illic,
1313 3455 1452 3511 sicut
1473 3455 1633 3511 lectio
1655 3471 1847 3510 mone-

287 3541 380 3608 bat,
401 3542 606 3598 mundo
631 3542 1124 3610 mortuusviveret,
1146 3544 1237 3598 ubi
1269 3545 1442 3614 major
1467 3545 1848 3601 abstinentium

289 3649 523 3690 numerus
545 3633 897 3704 assumptioni
947 3649 1057 3688 sum
1095 3633 1298 3689 nullum
1339 3637 1583 3705 gigneret
1620 3635 1848 3706 impedi-

293 3737 532 3793 mentum,
558 3727 653 3782 sed
681 3726 820 3781 forte
849 3727 1026 3796 potius
1052 3728 1320 3798 praeberet
1339 3727 1661 3800 exemplum.
1684 3727 1852 3783 Recte

298 3816 419 3881 iacis,
450 3818 736 3889 respondit
763 3817 1068 3888 episcopus,
1116 3818 1337 3889 cupiens
1364 3819 1588 3875 meliora
1613 3820 1810 3875 sectari
1835 3837 1848 3869 τ

305 3911 376 3963 sed
404 3912 506 3968 scis
535 3911 791 3980 quoniam
819 3909 930 3965 Deo
959 3913 1070 3964 sine
1092 3909 1196 3980 ﬁde
1213 3909 1527 3981 impossibile
1553 3921 1628 3967 est
1653 3911 1856 3982 placere

311 3997 456 4062 (Hebr.
488 4017 567 4066 xu,
593 3999 672 4068 6).
703 3999 897 4056 Terras
917 4001 982 4056 ad
1013 4017 1148 4072 quas
1175 4015 1398 4072 pergere
1440 4002 1794 4073 concupiscis,
1824 4019 1855 4057 a

310 4091 655 4146 communione
685 4091 829 4146 beati
854 4090 998 4146 Petri
1027 4089 1228 4161 perﬁda
1257 4092 1521 4151 dissensio
1563 4093 1851 4164 separavit.

304 4179 474 4236 llmnes
496 4183 571 4236 illi
592 4183 865 4247 monachi,
879 4198 1106 4253 quorum
1122 4182 1442 4253 praedicatur
1459 4184 1717 4240 mirabilis
1742 4185 1856 4239 abs-

302 4272 536 4338 tinentia,
584 4289 692 4329 non
738 4274 1010 4329 habebunt
1056 4281 1231 4329 tecum
1287 4275 1471 4329 altaris
1524 4283 1856 4330 sacramenta

299 4363 607 4416 communia.
651 4362 790 4430 Quid
811 4378 940 4433 ergo
961 4363 1201 4432 proderit
1228 4363 1466 4433 afﬂigere
1487 4365 1708 4435 jejuniis
1733 4381 1856 4422 cor-

299 4459 406 4516 pus,
434 4447 529 4503 ubi
576 4450 784 4505 solatiis
817 4449 1144 4519 spiritalibus
1190 4450 1448 4520 indigebit
1484 4453 1690 4519 anima,
1741 4468 1860 4524 quae

298 4536 466 4592 multo
503 4539 688 4594 melior
717 4547 802 4594 est
844 4541 1109 4608 corpore?
1140 4539 1450 4610 Revertere,
1502 4541 1592 4609 ﬁli,
1636 4559 1705 4598 ne
1740 4544 1861 4598 vita:

1949 3363 2040 3418 illa
2089 3362 2262 3417 insula
2292 3361 2468 3417 fuerat
2515 3363 2606 3418 ubi
2644 3372 2863 3420 sanctus
2911 3364 3225 3420 Ruﬁnianus
3253 3366 3532 3436 episcopus

1949 3451 2246 3517 habitabat,
2270 3449 2480 3506 modica
2512 3451 2757 3506 navicula
2786 3451 3124 3522 deportatus,
3153 3455 3417 3510 sacerdoti
3447 3471 3532 3511 ve-

1950 3543 2178 3598 nerabili
2207 3543 2467 3597 velociter
2493 3551 2867 3613 przesentatur.
2901 3545 2946 3596 Α
2983 3561 3088 3614 quo
3109 3545 3351 3599 similiter
3381 3561 3448 3615 ne
3478 3546 3532 3600 in

1952 3635 2245 3706 Egyptum
2271 3634 2540 3705 proﬁcisci
2567 3643 2940 3704 perseveraret
2986 3636 3314 3700 admonitus,
3358 3638 3532 3693 redire

1951 3726 2199 3804 protinus
2227 3725 2293 3780 ad
2344 3725 2622 3810 proprium
2671 3727 3078 3794 monasterium,
3127 3723 3303 3797 neque
3358 3738 3532 3785 tamen
3572 3768 3576 3771 -

1954 3813 2320 3886 apostolorum
2348 3813 2661 3868 memoriam
2682 3815 3090 3884 prmtermittere
3119 3816 3322 3871 statuit.

2026 3905 2115 3959 27.
2157 3903 2451 3961 Occasione
2481 3905 2640 3974 igitur
2667 3904 2864 3975 navigii
2889 3905 3142 3962 felicioris
3169 3907 3402 3972 inventa,
3424 3907 3536 3965 Ro-

1957 4003 2101 4054 mam
2129 3998 2294 4064 venit,
2327 4005 2382 4051 et
2401 4004 2680 4052 auctorum
2706 3996 3038 4054 secularium
3066 4015 3306 4056 consono
3328 4017 3537 4072 semper

1957 4101 2053 4142 ore
2074 4085 2365 4154 laudatam,
2395 4095 2661 4156 caputque
2703 4089 2883 4142 mundi
2908 4090 3172 4146 veraciter
3196 4093 3538 4162 appellatam,

1957 4176 2184 4232 festinus
2233 4177 2869 4246 ingrediturcivitatem.
2912 4179 3034 4234 Fuit
3085 4189 3265 4236 autem
3315 4191 3440 4240 tunc
3483 4185 3535 4240 in

1965 4265 2110 4322 Urbe
2137 4269 2425 4322 maximum
2449 4268 2724 4335 gaudium,
2757 4267 2827 4341 (e)
2865 4269 3182 4328 Theoderici
3211 4275 3352 4342 regis
3397 4292 3536 4346 pm:-

1961 4360 2136 4415 sentia
2167 4359 2398 4416 Romani
2447 4367 2666 4416 senatus
2693 4369 2748 4416 et
2768 4364 2950 4432 p0pnli
2981 4363 3286 4422 laetiﬁcante
3311 4384 3540 4425 conven-

1963 4454 2096 4499 tum.
2119 4444 2271 4501 Unde
2291 4446 2516 4516 contigit
2542 4454 2602 4501 ut
2619 4447 2810 4502 beatus
2837 4447 3166 4518 Fulgentius,
3198 4453 3282 4508 cui
3311 4455 3541 4511 mundus
3590 4519 3595 4524 λ

1964 4536 2093 4591 olim
2148 4534 2321 4591 fuerat
2377 4536 2678 4604 crucifixus,
2708 4547 2992 4610 postquam
3041 4557 3192 4598 sacra
3242 4553 3538 4617 martyrum

300 4624 532 4680 melioris
579 4628 777 4683 intuitu
854 4628 1150 4698 periculum
1217 4639 1379 4686 recta:
1447 4631 1569 4688 fidei
1614 4635 1856 4704 patiaris.
1888 4627 2083 4701 Dloca
2125 4628 2509 4683 venerabiliter
2538 4629 2804 4696 circuivit,
2855 4640 3150 4703 omnesqde
3193 4651 3378 4692 servos
3425 4637 3540 4705 Dei,

308 4712 380 4782 (ε)
395 4712 526 4770 Ecce
550 4726 604 4772 et
630 4732 732 4787 ego
760 4718 1030 4788 quondam
1039 4719 1267 4790 juvenis,
1283 4732 1570 4793 antequam
1583 4741 1669 4781 me
1680 4728 1861 4796 ponti-

302 4801 470 4856 licalis
489 4803 701 4862 honoris
725 4807 896 4875 gratia
927 4810 1243 4877 praeveniret
1271 4812 1566 4880 indignum,
1595 4815 1685 4869 diu
1714 4818 1862 4886 cogi-

303 4893 408 4946 tavi
436 4896 777 4951 sanctissima;
804 4897 964 4966 hujus
986 4897 1334 4968 professionis
1360 4901 1415 4955 in
1436 4903 1602 4971 ipsius
1645 4907 1864 4973 provin-

300 4980 394 5033 cia:
448 4985 780 5039 monasteriis
833 4984 1125 5056 adimplere
1170 4990 1502 5059 propositum
1549 5009 1562 5044 :
1603 4993 1698 5048 sed
1752 4994 1866 5050 hzcc

303 5081 463 5122 causa
485 5087 566 5127 me
595 5074 867 5144 prohibuit
894 5085 1167 5146 assumpta
1195 5078 1481 5147 perlicere.

367 5155 457 5210 9.5.
485 5157 759 5218 Consentit
802 5162 990 5218 beatus
1037 5163 1348 5232 Fulgentius
1385 5171 1655 5231 monentis
1703 5175 1868 5243 patris

303 5249 521 5306 consilio
543 5255 784 5323 salutari,
798 5270 1016 5327 suaeque
1036 5257 1348 5315 intentionis
1371 5261 1580 5318 fervore
1600 5265 1870 5336 deposito,

302 5337 544 5396 suadetur
566 5343 638 5399 ibi
666 5344 806 5413 apud
824 5343 1142 5416 Syracusam
1158 5348 1341 5418 paucis
1365 5352 1636 5408 mensibus
1656 5353 1868 5426 degere,

373 5489 455 5629 (αξ
487 5494 634 5562 Apud
655 5494 832 5551 Chifll.
867 5504 923 5551 et
949 5512 1073 5563 ms.,
1102 5497 1423 5554 Sacerdotis.

374 5559 426 5627 (ὁ
485 5562 577 5620 Ms.
606 5567 768 5629 paulo
796 5566 974 5629 aliter,
995 5585 1086 5629 per
1107 5571 1325 5624 alterum
1345 5573 1423 5629 ira

335 5632 345 5640 .
374 5559 458 5644 (ὁὶ
485 5559 577 5620 Ms.
606 5567 768 5637 paulo
796 5566 974 5632 aliter,
995 5559 1086 5636 per
1107 5571 1325 5624 alterum
1344 5573 1582 5642 fratrem,
1607 5574 1705 5644 fuit
1730 5578 1868 5632 enim

303 5634 533 5700 simplex,
559 5634 662 5692 etc.

483 5701 566 5762 Sic
607 5707 746 5778 apud
769 5706 949 5762 Chiﬂl.
979 5707 1038 5762 ln
1070 5707 1220 5778 Ant.,
1251 5709 1363 5784 Ego
1392 5713 1565 5769 etiam.
1604 5715 1728 5784 Ms.,
1759 5716 1872 5789 Ego

303 5787 464 5826 nun.

375 5839 460 5896 ναὶ
491 5844 678 5918 Chifll.,
701 5850 849 5905 bona:
866 5848 1058 5905 indolis
1077 5865 1235 5907 utens.

1970 4734 2198 4790 quorum
2221 4721 2274 4774 in
2297 4719 2446 4774 brevi
2467 4735 2661 4790 capere
2681 4722 2925 4779 notitiam
2953 4727 3148 4796 potuit,
3180 4727 3365 4782 humili
3395 4729 3542 4783 obse-

1971 4810 2099 4879 quio
2120 4810 2395 4875 salutavit,
2427 4811 2478 4864 in
2514 4811 2634 4865 loco
2655 4813 2746 4880 qui
2776 4810 2955 4868 Palma
2993 4814 3166 4869 Aurea
3195 4815 3405 4881 dicitur,
3431 4833 3543 4873 me-

1971 4909 2184 4956 morato
2213 4900 2548 4956 Theoderico
2572 4915 2698 4968 rege
2722 4903 3036 4958 concionem
3072 4904 3323 4969 faciente,
3353 4905 3544 4962 Roma-

1973 5008 2056 5047 na:
2092 4993 2254 5047 curia:
2293 4985 2628 5048 nobilitatem
2650 5033 2666 5058 ,
2702 4993 2866 5050 decus
2907 4994 3255 5068 ordinemque
3281 4999 3545 5056 distinctis

1971 5085 1991 5155 ζ
2007 5085 2057 5155 f)
2079 5083 2385 5139 decoratam
2413 5084 2662 5152 gradibus
2694 5094 3012 5156 aspectaret,
3044 5096 3101 5144 et
3139 5089 3348 5147 favores
3395 5093 3546 5149 liberi

1971 5178 2152 5248 p0pnli
2182 5179 2344 5231 castis
2372 5179 2591 5233 auribus
2618 5178 2856 5244 audiens,
2883 5181 3055 5250 qualis
3091 5192 3236 5238 esset
3261 5183 3420 5254 hujus
3442 5202 3546 5241 sce-

1972 5266 2077 5320 culi
2099 5265 2329 5334 gloriosa
2357 5281 2551 5336 pompa
2573 5277 2942 5337 cognosceret.
2966 5269 3149 5343 Neque
3169 5281 3348 5329 tamen
3371 5276 3423 5330 in
3446 5277 3547 5333 hoc

1971 5359 2280 5428 spectaculo
2301 5357 2498 5427 aliquid
2530 5357 2757 5414 libenter
2785 5360 3039 5429 intuetur,
3073 5364 3149 5436 (g)
3179 5379 3279 5421 nec
3302 5367 3456 5436 nugis
3483 5369 3547 5423 il-

2049 5507 2120 5577 (e)
2161 5505 2320 5577 Ant.,
2343 5504 2663 5563 Theoderici.
2691 5508 3052 5570 Emendamus
3074 5531 3141 5572 ex
3162 5531 3262 5572 ms.
3287 5529 3342 5572 et
3366 5518 3542 5576 Chifll.

1975 5576 2198 5648 prepter
2213 5576 2498 5648 rationem
2520 5577 2586 5632 ab
2615 5580 2804 5636 eodem
2836 5583 2886 5637 in
2932 5586 3073 5640 notis
3100 5586 3331 5643 allatam.

1977 5645 2256 5772 ;O:Bu3ic
2285 5661 2382 5701 ms.
2417 5647 2701 5706 referendo
2731 5652 2796 5706 ad
2837 5655 3194 5724 nobilitatem;
3224 5661 3424 5728 caeteri,
3453 5662 3547 5717 de-

1980 5787 2316 5912 ὑαίθζέρυά
2368 5787 2564 5859 Chiﬂl.,
2622 5793 2864 5858 intuitus,
2923 5798 3072 5868 nugis
3124 5799 3227 5854 illis
3284 5800 3548 5858 mculari.

2077 5898 2091 5928 ν
2126 5897 2228 5918 νυνι
