4068 6342
485 440 585 502 1⁸51

1660 427 1719 481 S.
1757 412 2186 479 FULGENTIUS
2224 408 2613 470 RUSPENSIS.

3648 404 3756 465 152

480 552 547 612 lis
573 549 916 610 saecularibus
934 546 1202 621 superllua
1227 542 1441 600 illectus
1459 534 1820 597 delectatione
1843 544 2065 586 consen-
2089 531 2145 591 Α
2168 523 2348 621 oneris
2375 522 2649 621 abjiceret,
2681 528 2738 578 et
2762 522 2859 621 sub
2887 521 3115 621 aliorum
3144 506 3407 621 regimine
3431 519 3761 621 constitutus

480 646 576 710 sit;
608 644 703 700 sed
731 643 855 699 inde
900 642 1079 713 potius
1104 638 1170 695 ad
1218 637 1364 691 illam
1411 633 1490 703 (a)
1542 641 1787 699 supernae
1832 621 2065 679 civitatis

480 735 815 792 Hierusalem
877 729 1285 789 desiderandam
1340 724 1653 780 felicitatem
1719 717 2068 773 vehementer

482 827 707 894 exarsit,
720 819 929 882 'salubri
948 820 1316 892 disputatione
1328 822 1623 887 praesentes
1640 811 1719 867 sic
1735 809 2031 864 admonens
2048 823 2063 859 :

482 920 722 987 Fratres,
753 917 908 984 ρυλε
929 928 1173 971 ερεοιοεΑ
1194 917 1376 982 potest
1399 923 1521 964 esse
1541 902 1876 960 Hierusalem
1904 900 2071 956 uele-

480 1011 600 1078 stis,
630 1010 674 1066 si
694 1009 773 1064 sic
792 1006 960 1077 fulget
980 1005 1152 1060 Roma
1176 999 1476 1057 terrestris!
1502 997 1566 1053 Et
1585 997 1631 1052 si
1657 996 1711 1050 in
1737 994 1846 1050 hoc
1871 991 2070 1048 saaculo

482 1105 642 1161 datur
680 1103 818 1157 tanti
864 1099 1087 1156 honoris
1114 1096 1344 1166 dignitas
1370 1091 1713 1162 diligentibus
1750 1086 2067 1149 vanitatem,

482 1195 657 1265 qualis
676 1194 853 1249 honor
880 1198 934 1246 et
958 1187 1139 1259 gloria’
1155 1197 1210 1244 et
1237 1203 1342 1259 pax
1361 1182 1704 1257 praestabitur
1718 1178 1918 1237 sanctis
1937 1191 2065 1233 con—
2106 1200 2117 1209 ι

388 1312 402 1325 ο
483 1286 865 1357 templautibus
891 1282 1216 1339 veritatem?

483 1375 665 1431 Cum
703 1391 813 1430 xw.
858 1372 924 1427 In
950 1373 1185 1442 Africam
1207 1369 1358 1442 redit.
1383 1367 1654 1442 Construit
1674 1363 2067 1442 monasterium.

554 1446 701 1502 Clam
728 1445 882 1514 aliud
898 1435 1370 1514 peti'tgcwnobium,
1409 1440 1576 1510 posito
1602 1436 1803 1492 abbatis
1845 1435 2070 1489 nomine.

559 1515 825 1571 Exercitia
857 1511 918 1569 S'.
943 1511 1235 1584 Fulgenlii.

557 1605 644 1660 28.
675 1602 841 1658 Multa
870 1603 953 1656 his
973 1600 1166 1656 similia
1188 1600 1378 1655 beatus
1398 1596 1708 1668 Fulgentius
1753 1596 1845 1650 illo
1874 1594 1960 1650 die
1987 1610 2074 1649 sa-

485 1702 711 1758 lubriter
736 1698 1049 1769 disputavit,
1093 1704 1151 1752 et
1192 1695 1306 1765 jam
1333 1702 1449 1749 toto
1480 1690 1644 1748 corde
1686 1688 2074 1744 monasterium

487 1806 641 1847 suum
662 1789 899 1845 revisere
928 1786 1168 1857 cupiens,
1203 1783 1271 1838 ad
1294 1782 1528 1838 Alricam
1550 1779 1807 1834 velociter
1828 1792 1924 1849 per
1945 1776 2073 1831 Sar-

488 1879 685 1936 diniam
714 1877 1008 1946 navigavit,
1054 1875 1146 1929 vix
1172 1872 1521 1929 credentibus
1546 1884 1655 1941 prie
1679 1868 1845 1933 nimio
1882 1867 2075 1935 gaudio

489 1967 769 2025 monachis
791 1966 903 2020 suis
927 1965 1147 2020 beatum
1176 1961 1513 2031 Fulgentium
1535 1958 1777 2013 rediisse.
1799 1955 2080 2010 Nesciebat

491 2060 653 2132 plane
671 2064 857 2114 sancta
889 2055 1199 2110 lraternitas
1226 2052 1354 2123 quid
1378 2051 1625 2123 primitus
1654 2059 1866 2121 ageret,
1898 2056 2078 2103 utrum

490 2152 560 2208 de
589 2149 835 2206 absentia
867 2146 1042 2202 Patris
1076 2152 1415 2216 quereretur,
1448 2158 1513 2196 an
1544 2141 1724 2212 potius
1750 2139 1818 2195 de
1847 2155 2081 2211 praesen-

493 2245 566 2299 tia
591 2244 882 2297 lmtaretur.
915 2240 1101 2295 Nullus
1129 2248 1308 2293 tamen
1336 2252 1497 2291 ausus
1525 2243 1607 2291 est
1635 2250 1756 2290 eum
1802 2235 1927 2304 quia
1968 2234 2071 2290 dis-

493 2338 736 2389 cesserat
788 2329 1036 2399 culpare,
1068 2328 1160 2383 sed
1206 2326 1386 2382 cuncti
1428 2326 1605 2396 potius
1633 2324 1946 2394 satagebant
1982 2340 2082 2394 pro

495 2422 677 2477 reditu
730 2417 845 2488 ejus
870 2417 983 2473 Deo
1020 2416 1218 2487 gratias
1260 2429 1439 2485 agere.
1469 2412 1770 2481 Ju‘nguntur
1804 2428 2082 2467 servorum

501 2514 597 2569 Dei
624 2512 832 2582 gaudiis
856 2511 1019 2565 etiam
1050 2508 1201 2575 laici;
1243 2508 1489 2562 lmtantur
1532 2521 1721 2560 omnes
1761 2504 1973 2559 honesti
2021 2520 2088 2560 ac

498 2605 708 2662 nobiles
736 2604 837 2658 viri
859 2602 1005 2674 quod
1050 2601 1241 2656 beatus
1266 2598 1580 2666 Fulgentius
1609 2597 1871 2653 Africana:
1900 2594 2088 2650 Eccle-

500 2697 592 2754 sia:
620 2694 810 2750 doctor
837 2692 1273 2764 praedestinatus,
1296 2704 1402 2745 non
1424 2688 1515 2744 diu
1543 2686 1803 2743 defuisset
1830 2695 2091 2742 transma-

411 2809 419 2831 ι
501 2787 634 2843 rinis
662 2785 972 2857 regionibus
1001 2792 1314 2854 occupatus.
1348 2781 1606 2837 Certatim
1632 2781 1865 2850 denique
1894 2781 2092 2850 singuli

503 2886 797 2952 properant
822 2877 1082 2947 ampliora
1106 2876 1348 2947 praebere
1377 2874 1568 2929 solatia
1593 2873 1806 2943 pietatis
1828 2875 1919 2944 (al.
1955 2872 2093 2927 cari-

508 2969 678 3038 tatis),
709 2969 907 3041 quibus
948 2970 1221 3023 foveretur
1244 2967 1454 3021 animus
1482 2965 1820 3021 revertentis.
1861 2961 2095 3019 Oll’ertur

508 3061 742 3131 denique
770 3076 800 3115 a
829 3061 1063 3129 quodam
1094 3059 1311 3114 nomine
1340 3057 1415 3129 (b)
1441 3058 1739 3130 Sylvestro,
1769 3057 1908 3112 bene
1937 3056 2093 3111 Chri-

508 3153 683 3209 stiano
703 3161 756 3208 et
786 3152 1078 3222 provincia:
1103 3149 1175 3223 (c)
1198 3149 1488 3222 Byzacenae
1514 3149 1793 3221 primario,
1824 3150 1974 3205 locus
2002 3165 2098 3220 ap-

2168 617 2283 686 ipse
2311 616 2493 686 potius
2520 615 2619 669 sub
2647 614 2828 683 regula
2854 613 3057 669 viveret
3083 628 3244 684 quam
3273 611 3491 667 vivendi
3514 612 3760 683 regulam

2155 707 2380 763 ceteris
2400 705 2655 771 traderet,
2670 706 2962 762 secundum
2989 712 3315 775 praeceme
3345 703 3559 760 Domini
3588 705 3761 774 magis

2170 796 2304 852 utile
2325 796 2571 865 judicans
2591 796 2981 867 imperantibus
3008 795 3234 852 obedire
3262 811 3425 867 quam
3451 796 3760 852 obedienti—

2170 887 2274 947 bus
2302 890 2590 959 imperare.
2620 886 2894 958 Cogitanti
2920 903 3052 963 vero
3097 889 3197 943 ista
3246 867 3466 954 diutius,
3501 887 3623 943 talis
3668 904 3763 942 su-

2172 981 2288 1037 bito
2315 982 2582 1037 sententia
2603 981 2859 1036 nascitur.
2892 977 2987 1034 Est
3010 980 3063 1033 in
3089 978 3271 1034 medio
3292 978 3476 1041 vadosi
3499 978 3665 1033 maris
3692 978 3766 1051 (Γ)

2172 1073 2294 1127 sinu
2336 1071 2721 1128 monasterium
2758 1070 3037 1126 Vivecensi
3088 1070 3253 1126 littori
3299 1070 3622 1140 proximum,
3685 1072 3766 1141 (g)

2173 1158 2497 1217 Bennefensi
2542 1170 2724 1216 autem
2753 1160 2986 1215 maxima
3018 1169 3269 1235 exparte
3305 1160 3636 1228 contiguum,
3670 1148 3765 1215 ubi

2173 1266 2351 1323 neque
2379 1253 2571 1308 hortos
2606 1253 2786 1309 colere
2833 1250 3137 1322 parvissimi
3186 1250 3396 1322 scopuli
3438 1250 3593 1306 limes
3635 1251 3772 1307 sinit

2176 1349 2456 1409 angustus,
2488 1357 2665 1412 neque
2709 1341 2839 1411 ligni
2865 1342 2953 1397 vel
2982 1342 3233 1411 potabilis
3281 1357 3432 1412 aquae
3460 1343 3767 1398 consolatio

2175 1413 2369 1487 saltem
2423 1432 2763 1487 ministratur
2808 1432 3039 1501 exigua;
3093 1432 3188 1487 sed
3233 1432 3313 1487 rei
3352 1434 3627 1502 utriusque
3672 1449 3773 1502 per

2178 1524 2527 1579 brevissimas
2554 1524 2832 1578 naviculas
2872 1524 3116 1593 quotidie
3142 1522 3463 1578 sufﬁcientia
3492 1540 3770 1595 przepara-

2178 1625 2285 1672 tur.‘
2321 1616 2379 1671 ln
2406 1617 2510 1672 hoc
2531 1616 2861 1672 monasterio
2882 1616 3037 1685 rigidi
3066 1616 3329 1686 propositi
3357 1616 3636 1685 disciplina
3667 1632 3771 1671 an-

2179 1709 2329 1778 tiqua
2357 1715 2630 1772 servatur,
2662 1707 2731 1762 ab
2757 1707 2980 1761 infantia
3005 1722 3100 1762 sua
3126 1707 3370 1778 plurimis
3397 1712 3570 1778 usque
3589 1708 3654 1763 ad
3675 1708 3772 1763 de-

2179 1801 2443 1871 crepitam
2475 1808 2809 1855 senectutem
2837 1798 3177 1854 sanctissime
3207 1800 3280 1854 ibi
3303 1799 3627 1866 viventibus,
3646 1816 3773 1855 san-

2110 1914 2153 1974 B
2182 1900 2390 1963 cunque
2412 1892 2736 1961 professioni
2767 1906 2933 1961 opera
2958 1905 3195 1960 congrua
3233 1891 3575 1945 laudabiliter
3611 1906 3774 1947 exer-

2180 1984 2447 2041 centibus.
2485 1982 2583 2039 Ubi
2616 1991 2747 2039 tunc
2785 1983 2894 2036 duo
2923 1982 3225 2052 presbyteri
3251 1981 3550 2051 peculiares
3577 1991 3633 2036 et
3660 1996 3776 2038 me-

2184 2078 2293 2132 rito
2322 2077 2617 2143 mirabiles,
2640 2084 2699 2131 et
2723 2076 3082 2130 immaculata:
3114 2075 3407 2131 senectutis
3445 2075 3653 2131 honore
3680 2091 3777 2132 ve-

2183 2168 2486 2235 nerabiles,
2516 2168 2726 2222 abbatis
2763 2166 2942 2222 ofﬁcio
2970 2165 3362 2235 fungebantur,
3393 2180 3668 2236 nunquam
3706 2167 3778 2225 de

2184 2259 2434 2315 cceuohio
2459 2257 2796 2322 recedentes,
2821 2256 2916 2311 sed
2947 2257 3330 2312 ecclesiastica:
3357 2256 3604 2326 dignitati
3631 2259 3779 2314 mul-

2184 2360 2271 2407 tos
2298 2352 2446 2406 viros
2475 2350 2702 2405 idoneos
2724 2351 3042 2404 nutrientes.
3782 2416 3785 2423 ι

2388 2441 2468 2506 Ad
2508 2441 2614 2496 hoc
2661 2454 2791 2508 ergo
2836 2438 3222 2494 monasterium
3254 2440 3393 2494 clam
3424 2440 3612 2496 beatus
3642 2422 3785 2498 μαι-λ

2187 2536 2400 2606 gentius
2439 2532 2821 2603 proﬁciscitur,
2872 2532 3053 2600 ibique
3102 2532 3153 2585 in
3203 2533 3621 2600 congregatione
3666 2541 3779 2589 tam

2189 2626 2429 2687 maxima
2452 2640 2646 2680 nomen
2688 2624 2911 2694 deponit
2950 2623 3193 2677 abbatis:
3226 2630 3282 2677 et
3311 2622 3575 2679 adunatus
3598 2624 3783 2680 multi-

2192 2717 2364 2772 tudini
2413 2716 2823 2776 mouachorum,
2870 2713 3041 2781 fulget
3084 2713 3299 2781 quidem
3349 2729 3512 2783 super
3558 2722 3813 2785 caeteros,

2171 2805 2425 2862 mirabili
2451 2804 2677 2859 scientia
2706 2804 3125 2872 eloquentiaque
3154 2803 3412 2871 speciali;
3444 2804 3538 2859 sed
3569 2805 3786 2875 subjici-

2194 2907 2284 2953 tur
2331 2897 2583 2952 omnihus
2630 2895 2887 2949 laudabili
2932 2894 3236 2949 humilitate
3281 2904 3444 2965 atque
3482 2898 3788 2955 obedientia

2196 2988 2473 3057 singulari.
2506 2986 2716 3046 Memor
2742 2987 2943 3056 quippe
2966 2986 3110 3040 illius
3131 2986 3454 3054 evangelica:
3482 2991 3786 3057 sententiae,

2197 3095 2303 3148 qua
2333 3078 2593 3132 Dominus
2623 3085 2807 3131 noster
2827 3075 2978 3141 dicit,
2995 3074 3121 3130 Non
3142 3079 3255 3131 veni
3286 3083 3459 3148 [acere
3477 3079 3792 3136 voluntatem

2198 3168 2490 3233 meam,sed
2512 3169 2827 3222 voluntatem
2846 3168 2956 3238 ejus
2985 3168 3074 3239 qui
3100 3167 3238 3222 misit
3255 3184 3335 3222 me
3357 3168 3536 3240 (Joan.
3571 3187 3640 3237 vt,
3664 3171 3791 3243 58);

511 3254 600 3301 tus
653 3244 986 3313 monasterio
1030 3242 1365 3309 fabricando,
1398 3242 1549 3311 cujus
1577 3242 1733 3310 gleba
1771 3242 1984 3313 pinguis
2035 3257 2096 3299 ac

513 3335 701 3357 l'__‘2l!_
750 3334 1088 3357 2_-Atn---_12-
1117 3334 1287 3357 ’.Α-..2-
1344 3333 1563 3357 --.ηιξιξ
1607 3332 1933 3357 ἢ...--..,12·..ιιι
1969 3349 2062 3357 ΑΛ--

2201 3275 2391 3314 omnes
2416 3273 2543 3314 suas
2588 3257 2879 3313 mortificat
2925 3257 3251 3326 voluntates,
3296 3259 3515 3328 jejuniis
3555 3242 3793 3334 insuper,

513 3335 705 3393 fertilis
749 3334 1091 3391 instituendis
1117 3334 1291 3389 hortis
1339 3333 1565 3405 optabili
1604 3332 1935 3391 fecunditate
1964 3349 2097 3389 cou-

514 3435 751 3499 grueret,
777 3434 832 3483 et
858 3425 1004 3497 quod
1032 3425 1152 3498 plus
1176 3424 1488 3495 eligendum,
1504 3424 1804 3491 videbatur,
1830 3425 1989 3494 longe
2016 3425 2105 3480 ad-

514 3523 677 3579 huca
723 3520 903 3577 furore
950 3520 1145 3575 bellico
1174 3519 1518 3584 constitutus,
1564 3518 1910 3588 quietissimus
1956 3518 2104 3588 pacis

515 3613 859 3669 securitatem
882 3610 1245 3683 plenissimam
1269 3609 1421 3665 daret
1445 3628 1457 3662 :
1484 3609 1724 3664 honestis
1746 3609 1990 3679 plurimis
2009 3624 2107 3679 per

516 3708 721 3763 vicinas
768 3705 1138 3777 possessiones
1191 3704 1685 3770 commanentibus,
1716 3717 1946 3772 quorum
2000 3701 2108 3759 fre-.

516 3813 688 3870 quens
742 3797 944 3852 oblatio
999 3794 1418 3850 transactionem
1464 3791 1774 3848 facillimam
1828 3792 2108 3848 monachis

520 3888 889 3959 promittebat,
920 3893 979 3940 ut
1004 3900 1231 3953 regnum
1269 3884 1364 3938 Dei
1393 3884 1757 3953 qumrentibus
1783 3884 1928 3939 nulla
1978 3899 2107 3939 cura

518 3977 790 4031 saecularis
817 3975 1195 4030 transactionis
1217 3973 1573 4043 obstreperet.

590 4064 679 4121 29.
722 4065 978 4119 Libenter
1006 4065 1189 4136 itaque
1213 4064 1406 4119 beatus
1431 4063 1740 4131 Fulgentius
1770 4064 2005 4118 hominis
2022 4079 2110 4119 rc-

521 4161 695 4230 ligiosi
726 4160 976 4214 devotam
1006 4159 1305 4229 suscipiens
1331 4158 1681 4221 oblationem,
1714 4159 1832 4213 sine
1862 4174 2012 4212 mora
2055 4159 2109 4213 in

521 4254 644 4308 loco
664 4251 764 4306 sibi
793 4265 1053 4305 concesso
1092 4248 1480 4303 monasterium
1504 4246 1710 4313 fundat,
1744 4248 2111 4319 plurimosque

522 4343 592 4399 ad
614 4342 1022 4399 conversionem
1054 4340 1155 4411 piis
1182 4340 1399 4393 monitis
1416 4339 1708 4405 invitanalo,
1726 4341 2109 4397 monachorum

521 4450 802 4491 numerum
850 4432 1190 4502 multiplicat,
1221 4439 1276 4486 et
1318 4446 1523 4497 magna:
1562 4430 1640 4502 (ά)
1682 4432 2113 4500 congregationis

523 4523 755 4580 eﬂicitur
770 4531 937 4594 pater.
958 4520 1060 4590 Qui
1088 4522 1332 4592 quamvis
1359 4521 1618 4590 spiritalia
1649 4521 1892 4575 meditari
1914 4522 2114 4590 jugitcr

524 4616 955 4686 concupisceret,
1002 4612 1250 4683 ampliori
1280 4620 1458 4673 tamen
1502 4612 1864 4668 sollicitudine
1901 4615 1972 4681 (ε)
2001 4614 2110 4669 dis-

525 4707 671 4763 tendi
697 4707 1057 4778 compellitur,
1087 4720 1254 4760 οτιωι
1300 4720 1541 4759 sanorum
1571 4719 1820 4773 quzcrens
1846 4720 1913 4760 ex
1942 4706 2110 4760 dilec-

526 4801 674 4853 tione
700 4798 961 4862 veritatis,
987 4796 1201 4865 negotia
1224 4795 1390 4849 multa
1412 4794 1710 4865 suscipiens
1730 4810 1799 4849 ex
1827 4797 2114 4850 necessita-

527 4896 581 4943 te
624 4889 882 4944 caritatis.
929 4885 1079 4943 Unde
1119 4886 1292 4942 victus
1330 4885 1618 4955 aliquando
1660 4888 2116 4957 contemplatione

528 4981 834 5049 meliorum,
865 4980 1084 5035 lectioni
1112 4988 1168 5034 et
1195 4979 1431 5033 orationi
1470 4987 1678 5033 tantum
1727 4994 1924 5034 vacare
1971 4980 2116 5035 desi-

528 5072 742 5137 derans,
784 5073 1040 5142 cogitavit
1066 5071 1158 5127 diu
1196 5071 1469 5142 quomodo
1520 5072 1784 5127 sarcinam
1834 5076 2117 5141 praesentis

602 5205 679 5275 (a)
719 5203 812 5260 Sic
838 5204 1014 5260 Chiﬂl.
1041 5222 1164 5263 cum
1190 5223 1317 5273 ms.,
1343 5222 1375 5260 a
1414 5222 1525 5275 quo
1554 5206 1707 5261 abest
1734 5223 1838 5261 vox
1871 5209 2116 5265 civitatis.

440 5281 445 5286 ’
530 5276 682 5401 Anth,
705 5276 773 5331 ad
799 5276 944 5330 illam
986 5292 1261 5347 supernam
1310 5277 1638 5332 Hierusalem
1678 5278 1897 5349 feliciter
1918 5280 2123 5335 deside-

531 5366 628 5404 ran
671 5364 775 5401 am.

588 5419 679 5502 .(b)
720 5417 815 5473 Ms.
848 5432 970 5472 cum
1018 5417 1288 5471 nonnullis
1331 5432 1362 5471 a
1410 5418 1585 5474 Chilil.
1622 5418 1870 5484 laudatis,
1906 5420 2121 5491 Sylves-

534 5500 679 5629 mlo)
719 5560 816 5633 bis.
851 5574 969 5613 cum
1014 5558 1141 5612 Ant.
1174 5559 1225 5633 in
1260 5565 1428 5633 testu,
1452 5559 1787 5633 _B_y.~.r_mtinte.
1842 5560 1899 5616 ln
1950 5576 2121 5633 marg.

534 5626 684 5688 vero,
712 5629 1026 5692 Byzaceme,
1066 5626 1417 5684 conformitcr
1442 5626 1619 5685 Chifll.

629 5701 686 5772 ά)
726 5699 847 5763 Ms.,
876 5699 1295 5755 conversationis.

609 5701 681 5842 le)
723 5769 812 5842 Sic
840 5768 1041 5842 Chilll.,
1067 5769 1471 5842 exceptogquod
1521 5787 1617 5842 pro
1660 5771 1890 5826 discendi

611 5768 681 5842 (c)
723 5769 812 5824 Sic
840 5768 1041 5836 Chilll.,
1067 5777 1294 5840 excepto
1329 5769 1471 5838 quod
1521 5787 1617 5839 pro
1660 5771 1890 5826 discendi
1933 5788 2122 5828 emcn-

540 5841 729 5927 damus
748 5840 974 5927 distendi
1005 5856 1071 5894 ex
1097 5840 1317 5927 μηδ.ςυί
1346 5839 1515 5927 paulo.
1538 5841 1855 5927 aliter‘legit
1883 5844 1980 5927 sic,
2013 5845 2125 5927 egi-

541 5913 674 5967 citur
691 5921 840 5985 pater
869 5912 1154 5983 :quamvis,
1205 5918 1312 5967 etc.
1344 5910 1599 5983 Ampliori
1642 5912 1985 5969 sollicitudine
2015 5910 2125 5972 dis-

2202 3349 2557 3406 orationibus.
2586 3349 2782 3417 vigiliis
2810 3360 2868 3407 et
2894 3349 3235 3404 abstinentiae
3268 3365 3489 3420 vacans,
3513 3359 3800 3425 totumque

2203 3458 2262 3499 se
2283 3446 2411 3498 eum
2436 3442 2581 3497 vitiis
2624 3450 2680 3495 et
2718 3441 3172 3510 concupiscentiis
3211 3441 3556 3498 saecularibus
3580 3444 3799 3500 cruciﬁ-

2203 3552 2358 3607 gens,
2390 3537 2638 3590 manibus
2671 3535 2781 3590 suis
2809 3535 2971 3589 etiam
3017 3531 3410 3589 delectabiliter
3448 3537 3798 3606 operabatur.

2205 3627 2340 3682 Nam
2388 3635 2445 3683 et
2493 3626 2775 3695 scriptoris
2823 3635 2941 3681 arte
2971 3625 3309 3681 laudabiliter
3353 3628 3620 3695 utebatur,
3652 3638 3709 3684 et
3729 3645 3802 3688 ex

2204 3726 2504 3797 palmarum
2532 3721 2679 3781 foliis
2716 3721 2957 3779 ﬂabellos
3003 3723 3302 3793 szepissime
3331 3724 3655 3781 contexebat
3685 3727 3802 3797 (cui

2207 3820 2380 3891 operi,
2427 3820 2588 3875 etiam
2636 3833 2758 3873 cum
2801 3815 2991 3872 fuisset
3033 3817 3220 3885 abbas,
3249 3816 3301 3871 in
3332 3832 3432 3872 suo
3470 3819 3803 3875 monasterio

2208 3910 2478 3979 vacabat),
2512 3908 2732 3963 lectioni
2759 3915 2940 3962 autem
2973 3907 3026 3961 in
3057 3907 3250 3962 cellula
3280 3906 3589 3977 frequenter
3616 3924 3803 3964 coram

2210 4000 2461 4056 fratribus
2489 4001 2788 4065 insistebat,
2822 3999 2964 4070 apud
2993 4014 3182 4055 omnes
3204 4000 3468 4064 amabilis,
3500 4001 3799 4057 honorabi-

2211 4093 2278 4147 lis
2304 4102 2361 4149 et
2373 4093 2659 4162 jocundas.

2210 4184 2393 4240 CAPUT
2422 4201 2512 4238 xv.
2553 4181 2767 4253 Cogitur
2786 4180 2958 4235 redire
2985 4180 3056 4234 ad
3084 4178 3284 4236 abbatis
3313 4183 3551 4253 o/j'icium.
3587 4182 3807 4256 Presby-

2780 4262 2857 4305 ter
2884 4261 3234 4306 consecratur.

2284 4346 2372 4400 51.
2414 4340 2523 4403 Se'd
2552 4353 2753 4416 quanta
2774 4344 2827 4398 in
2849 4342 3041 4399 eodem
3071 4344 3405 4399 monasterio
3427 4344 3628 4413 lmtitia,
3654 4352 3806 4403 tanta

2216 4442 2267 4495 in
2298 4440 2439 4503 illius
2465 4437 2542 4509 (Ii)
2573 4437 2794 4507 proprio
2823 4443 3014 4490 exorta
3036 4442 3122 4490 est
3148 4444 3372 4505 repente
3395 4437 3628 4492 tristitia.
3654 4424 3806 4493 Gau-

2214 4533 2413 4587 dehant
2432 4531 2521 4587 isti
2548 4529 2637 4598 qui
2659 4544 2783 4583 eum
2805 4533 3175 4597 susceperant,
3191 4527 3448 4582 dolebant
3474 4527 3549 4582 illi
3568 4529 3658 4597 qui
3679 4529 3812 4585 ami-

2214 4609 2424 4680 serant?
2463 4622 2715 4677 Nascitur
2738 4621 2882 4675 inter
2916 4634 3011 4675 eos
3038 4634 3177 4674 nova
3206 4632 3387 4690 pugna
3416 4620 3677 4675 caritatis.
3710 4619 3808 4678 lsti

2221 4734 2421 4774 novum
2453 4717 2659 4772 socium
2686 4714 2954 4769 tenaciter
2976 4712 3393 4782 amplectuntur,
3423 4712 3498 4766 illi
3528 4712 3812 4783 antiquum

2222 4819 2432 4882 patrem
2472 4809 2620 4865 reddi
2641 4809 2743 4863 sibi
2766 4806 3083 4877 suppliciter
3106 4805 3485 4877 deprecantur.
3517 4805 3607 4862 Isti
3633 4823 3692 4863 se
3720 4818 3819 4862 οτι-ί

2225 4903 2340 4958 nari
2371 4904 2438 4958 de
2476 4899 2763 4972 praesentia
2794 4899 2931 4968 ejus,
2961 4898 3040 4953 illi
3063 4898 3132 4954 de
3158 4897 3401 4953 absentia
3426 4896 3656 4954 deﬁcere
3683 4915 3819 4954 con-

2224 4993 2460 5048 litentur.
2492 4992 2689 5047 Beatus
2709 5005 2839 5045 vero
2858 4989 3173 5058 Fulgentius
3198 4989 3368 5058 magis
3389 4989 3577 5044 volens
3608 4973 3822 5048 discere

2224 5100 2384 5154 quam
2415 5084 2631 5147 docere,
2664 5082 2936 5137 consentit
2964 5080 3051 5135 hic
3078 5094 3199 5135 esse
3226 5080 3317 5136 ubi
3352 5079 3451 5136 fuit
3478 5078 3730 5149 inferior;
3759 5090 3822 5137 et

2229 5220 2367 5273 tendi
2390 5219 2727 5290 compellitur.
2763 5218 2886 5274 Ant.
2919 5226 3120 5285 autem,
3155 5217 3401 5286 Quamuis
3421 5238 3568 5286 sane,
3601 5231 3707 5277 etc.

2300 5316 2367 5386 (Ῑ)
2410 5312 2507 5368 Hic
2544 5313 3018 5386 variant_eodices.
3049 5311 3192 5386 Nam
3207 5312 3350 5386 _Ant._
3369 5315 3422 5370 in
3453 5316 3827 5386 margine,_si-

2227 5382 2333 5437 limi
2359 5385 2728 5438 monasterium
2758 5382 2798 5435 γ
2804 5384 3019 5449 incensi,
3045 5392 3150 5439 etc.
3176 5383 3298 5449 Ms.,
3318 5382 3589 5450 Juncensi,
3612 5382 3824 5453 cum,

2232 5455 2455 5508 Vicensi.
2508 5454 2735 5520 Quidam
2792 5453 3009 5510 codices
3057 5454 3165 5524 (ex
3210 5453 3445 5524 Chilll.),
3509 5456 3817 5521 Vivecensi;

2137 5526 2147 5537 ⁸
2227 5525 2489 5595 plerique,
2518 5524 2781 5579 Vincensi.

2299 5593 2505 5683 (ὠδὶς
2534 5628 2633 5665 ms.
2666 5627 2787 5683 cum
2818 5610 2938 5683 aliis
2984 5628 3014 5667 a
3062 5611 3240 5667 Chim.
3282 5614 3530 5668 laudatis.
3570 5613 3626 5669 ln
3667 5593 3854 5681 Anu,’

2238 5682 2574 5753 Vennefensi,
2612 5682 2966 5753 colllormiter
3000 5683 3273 5740 nonnullis
3309 5682 3466 5740 codd.
3500 5687 3568 5741 ab
3627 5684 3829 5742 eodem

2232 5753 2376 5807 visis.
2408 5752 2584 5808 Chilll.
2614 5753 2748 5822 ipse,
2783 5752 3075 5826 Benefensi.
3824 5754 3829 5761 ’

2302 5844 2380 5914 (Ii)
2411 5843 2500 5898 Sic
2530 5842 2670 5912 apud
2688 5841 2863 5897 Chifll.
2886 5843 3035 5915 Ant.,
3052 5848 3107 5901 in
3133 5844 3273 5902 illius
3294 5846 3540 5903 discessu.
3574 5845 3671 5903 Ms.
3691 5858 3833 5903 vero

2231 5921 2459 5984 utraque
2487 5928 2621 5969 voce
2654 5920 2820 5968 caret.

3284 6044 3311 6070 4
