4068 6342
370 395 468 453 135

1737 391 2257 453 PROLEGOMENA.

3522 395 3624 451 154

354 508 594 582 trepidat
619 509 746 566 illuc
763 507 962 576 redire,
982 509 1073 568 ubi
1098 509 1303 566 cunctis
1329 510 1498 580 possit
1526 524 1646 565 esse
1671 510 1936 580 superior.
1963 509 2020 572 Α
2044 523 2184 574 nem,
2217 507 2389 564 donec
2411 508 2675 566 inveniret
2703 511 2920 567 beatum
2943 509 3296 580 Fulgentium,
3326 519 3618 580 cogitabat.

353 602 507 658 Tunc
553 601 765 682 abbatis
805 599 1000 656 Felicis
1026 610 1082 654 et
1108 601 1346 656 omnium
1377 600 1601 655 fratrum
1642 615 1779 670 quos
1809 601 1936 655 reli-

347 699 546 764 querat
572 683 730 748 dolor
749 707 815 746 ex
838 693 1161 749 necessitate
1188 692 1470 747 consilium
1492 707 1726 758 sumens,
1752 701 1939 763 patro-

345 783 497 838 cinio
525 783 701 839 sancti
729 781 912 836 Fausti
941 782 1177 853 episcopi
1201 783 1470 838 iusulanos
1491 785 1786 840 monachos
1811 786 1934 854 pul-

339 881 446 929 sat.
494 873 591 929 Ille
639 874 884 944 protinus
933 874 1226 944 episcopali
1256 876 1577 930 auctoritate
1621 891 1778 930 suum
1816 893 1935 932 esse

339 966 672 1022 monachum
693 963 1032 1033 Fulgentium
1062 965 1278 1034 allegat,
1313 965 1522 1036 sibique
1560 965 1733 1034 reddi,
1761 975 1817 1022 et
1840 969 1932 1023 ubi

336 1058 459 1126 ipse
494 1056 719 1126 jusserit
760 1054 946 1110 vivere
991 1055 1190 1110 debere
1218 1046 1526 1111 confirmat.
1578 1056 1809 1112 Minatur
1837 1075 1930 1113 ex-

335 1147 891 1204 communicationem
911 1146 1441 1213 contradicentibus;
1466 1164 1640 1218 ipsum
1662 1165 1792 1204 vero
1814 1149 1935 1204 Ful-

331 1243 602 1310 gentium,
632 1241 734 1295 nisi
755 1240 1077 1302 consentiat,
1105 1239 1536 1304 inobedieutibus
1560 1241 1785 1295 similem
1812 1258 1933 1311 pro-

334 1331 554 1387 nuntiat
576 1328 946 1399 iudicandum.
981 1327 1118 1395 Quid
1147 1329 1349 1383 multa?
1399 1328 1697 1400 Deponitur
1743 1347 1930 1386 rursus

330 1425 530 1477 beatus
558 1420 870 1490 Fulgentius
890 1419 956 1472 ad
985 1420 1372 1474 monasterium
1399 1420 1699 1489 proprium,
1746 1421 1929 1477 subire

326 1513 649 1584 prmcipitur
676 1511 886 1567 abbatis
912 1509 1168 1565 officium.
1188 1509 1254 1562 Et
1284 1526 1352 1565 ne
1378 1510 1570 1565 iterum
1603 1526 1632 1564 a
1662 1510 1927 1566 desiderio

323 1604 564 1674 spiritali
596 1603 868 1658 mutabilis
899 1600 1073 1664 ﬁeret,
1107 1611 1330 1671 repente
1359 1617 1483 1655 eum
1513 1602 1768 1657 sacerdos
1797 1619 1928 1657 cou-

327 1703 514 1750 secrat
542 1694 936 1764 presbyterum,
962 1700 1023 1746 ut
1049 1692 1259 1746 abbatis
1283 1700 1337 1746 et
1367 1692 1663 1763 presbyteri
1692 1691 1922 1747 decora-

323 1797 419 1841 tus
448 1785 656 1853 officio,
689 1801 789 1839 nec
817 1783 1206 1838 monasterium
1235 1783 1561 1852 relinquere,
1609 1798 1709 1837 nec
1737 1783 1788 1836 in
1819 1784 1922 1838 alia

321 1880 572 1938 Ecclesia
602 1888 785 1951 posset
810 1878 1070 1932 ordinari.
1102 1924 1106 1928 .

400 1973 486 2027 '52.
531 1971 716 2026 Victus
743 1971 902 2038 igitur
956 1976 1011 2023 et
1047 1968 1268 2024 honoris
1313 1969 1661 2039 compedibus
1689 1968 1918 2034 vinctus,

317 2065 494 2134 capit
527 2061 639 2132 jam
670 2062 859 2116 beatus
885 2059 1197 2126 Fulgentius
1240 2059 1614 2128 mquanimiter
1642 2065 1918 2114 monaste—

316 2156 467 2210 rium
497 2169 655 2210 suum
685 2165 892 2220 regere,
918 2150 1167 2220 famaque
1205 2159 1484 2206 crescente
1515 2152 1791 2218 laudabili,
1833 2169 1922 2207 su-

316 2265 424 2320 per
451 2249 645 2302 ‘omnes
676 2245 868 2299 Africa:
895 2243 1203 2314 provincias
1232 2243 1592 2310 innotescere,
1616 2245 1668 2299 in
1692 2245 1808 2315 ipso
1833 2261 1920 2298 au-

315 2350 434 2396 tam
478 2339 556 2410 (a)
588 2336 888 2391 Nuntorum
919 2335 1194 2389 territorio
1225 2344 1479 2406 tanquam
1527 2338 1776 2406 proprius
1799 2337 1919 2406 epi-

314 2445 524 2500 scopus
579 2426 857 2492 honorari,
905 2426 1109 2496 paratis
1164 2426 1442 2490 omnibus,
1493 2427 1920 2498 quandocunque

315 2522 552 2578 facultas
579 2518 860 2575 ordinandi
883 2519 1193 2588 episcopum
1215 2519 1592 2584 concessisset,
1616 2520 1776 2574 beato
1801 2519 1919 2572 Ful-

315 2615 508 2687 gentio
538 2612 773 2682 primum
809 2609 882 2682 (ὁ)
913 2609 1272 2666 sacerdotium
1311 2611 1534 2666 vocibus
1563 2619 1619 2665 et
1646 2611 1918 2666 mentibus

313 2715 533 2776 petere,
581 2719 684 2759 nec
729 2703 956 2758 alterum
1004 2703 1106 2758 nisi
1157 2703 1374 2757 beatum
1427 2702 1767 2772 Fulgentium
1816 2704 1918 2758 sibi

315 2796 634 2854 consecrari
662 2795 992 2866 permittere.
1014 2793 1345 2849 Desiderium
1374 2793 1567 2848 deinde
1594 2795 1917 2864 populorum

315 2889 462 2946 Deus
493 2888 730 2954 videbat,
747 2887 923 2958 ipsum
952 2900 1167 2956 quoque
1195 2885 1410 2940 beatum
1438 2886 1779 2956 Fulgentium
1808 2903 1915 2941 non

316 2981 547 3038 latebat.

312 3098 500 3154 CAPUT
543 3110 654 3151 va.
724 3093 1010 3148 Interdicto
1062 3092 1204 3162 regio
1254 3099 1457 3162 cavetur
1503 3106 1568 3143 ne
1608 3091 1914 3144 ordinen'ur

385 3169 636 3236 episwpi.
671 3164 827 3236 Fugit
860 3159 1228 3236 episcopatum.
1263 3159 1390 3214 Post
1422 3163 1615 3231 factam
1642 3163 1914 3231 episcopo-

390 3235 505 3292 rum
533 3235 915 3291 ordinationem
942 3235 1234 3287 revertitur.

395 3327 504 3383 Sed
541 3327 660 3398 quia
704 3334 834 3380 tunc
877 3323 1074 3391 regalis
1119 3323 1413 3377 auctoritas
1456 3324 1740 3392 episcopos
1768 3323 1913 3377 ordi-

316 3419 440 3476 nari
489 3417 857 3488 prohibuerat,
907 3429 1010 3469 nec
1062 3413 1294 3468 viduatis
1336 3413 1583 3483 plebibus
1628 3413 1913 3482 providere

308 3520 563 3585 pastores
607 3509 824 3572 licebat,
857 3521 1082 3561 securus
1127 3505 1522 3560 interdictionis
1563 3503 1722 3572 hujus
1769 3512 1908 3558 tem-

310 3618 441 3676 pora
473 3599 829 3668 transigebat,
860 3595 1183 3666 superfluum
1207 3595 1455 3664 judicans
1478 3596 1740 3649 honorem
1777 3594 1913 3662 fugze

310 3693 564 3767 przesidio
592 3703 866 3753 recusare,
891 3702 1050 3757 quem
1079 3700 1182 3740 nec
1209 3685 1337 3739 dare
1358 3685 1518 3740 alicui
1543 3684 1622 3738 fas
1643 3692 1778 3749 erat,
1810 3700 1913 3740 nec

317 3787 584 3855 accipere.

377 3878 462 3932 55.
513 3873 813 3942 Postquam
832 3886 963 3926 vero
992 3885 1145 3925 sacra
1175 3870 1330 3925 turba
1358 3868 1672 3940 pontificum
1699 3870 1790 3939 qui
1819 3885 1912 3925 re-

333 3975 654 4034 manserant,
683 3963 1078 4020 communicato
1111 3963 1252 4016 inter
1291 3977 1353 4016 se
1390 3961 1635 4026 consilio,
1684 3961 1911 4017 definie-

323 4070 428 4115 ruat
456 4060 731 4114 adversus
758 4061 1088 4125 praeceptum
1117 4053 1260 4122 regis
1289 4053 1343 4106 in
1375 4052 1625 4107 omnibus
1654 4052 1788 4107 locis
1817 4069 1910 4106 oro

315 4152 617 4206 diuationes
647 4134 921 4202 celebrare
952 4141 1288 4214 pontificum,
1315 4144 1620 4212 cogitantes
1649 4151 1743 4197 aut
1771 4143 1912 4211 regis

311 4241 666 4305 iracundiam,
712 4237 758 4292 si
794 4251 901 4305 qua
946 4234 1170 4290 forsitan
1213 4235 1493 4302 existeret,
1538 4232 1910 4302 mitigandam,

311 4352 416 4405 quo
453 4334 672 4389 facilius
714 4328 952 4384 ordinati
981 4328 1035 4381 in
1065 4327 1176 4382 suis
1205 4326 1338 4381 locis
1364 4325 1451 4380 vel
1480 4325 1728 4394 plebibus
1758 4325 1907 4378 vive-

309 4434 450 4496 rent,
481 4434 580 4480 aut
606 4424 657 4479 si
682 4418 1076 4493 persecutionis
1099 4417 1359 4472 violentia
1395 4424 1732 4480 nasceretur,
1759 4431 1914 4470 coro-

311 4519 517 4574 nandus
545 4516 712 4571 etiam
756 4511 879 4568 fidei
924 4509 1261 4566 confessione
1289 4522 1426 4577 quos
1453 4507 1647 4576 dignos
1670 4505 1913 4560 invenie-

315 4610 449 4664 bant
464 4606 824 4678 promotione,
856 4602 1212 4657 ministerium
1227 4615 1358 4656 vero
1379 4614 1536 4655 suum
1564 4597 1770 4654 facilius
1805 4599 1908 4652 im-
1936 4637 1992 4698 Β

313 4701 581 4772 pleturos,
641 4707 805 4767 atque
852 4695 995 4750 inter
1046 4695 1190 4764 ipsas
1243 4693 1617 4748 tribulationes
1669 4691 1948 4762 propriis'.

310 4793 556 4864 plebibus
592 4789 790 4846 solatia
840 4786 1200 4858 praestituros;
1250 4783 1308 4839 fit
1344 4790 1570 4855 repente
1602 4783 1902 4839 communis

306 4884 628 4954 assumptio,
659 4881 1022 4951 presbyteros,
1050 4878 1328 4943 diaconos,
1358 4885 1414 4931 et
1435 4876 1481 4931 si
1509 4890 1648 4945 quos
1690 4875 1900 4930 inveni-

305 4984 393 5031 ret
435 4974 652 5040 electio,
701 4985 916 5042 rapere,
962 4968 1313 5033 benedicere,
1363 4981 1688 5024 consecrare
1726 4974 1902 5021 certa-

305 5071 404 5124 tim
435 5067 508 5140 (c)
533 5067 665 5122 locis
692 5065 915 5134 singulis
932 5047 1378 5135 properantibus;
1413 5076 1481 5115 ne
1513 5062 1568 5115 in
1598 5059 1692 5114 tali
1721 5059 1901 5114 studio

305 5160 525 5230 aliquis,
545 5165 642 5213 aut
665 5156 850 5212 tardus
887 5164 980 5210 aut
1009 5153 1333 5210 novissimus
1369 5152 1720 5206 inveniretur.
1747 5149 1901 5205 Tunc

305 5254 497 5306 beatus
539 5249 852 5318 Fulgentius
897 5247 1207 5317 eligentium
1245 5253 1372 5300 vota
1404 5244 1662 5299 velociori
1691 5257 1898 5313 praave-

307 5345 462 5400 niens
490 5340 870 5411 fuga,latebris
899 5339 1113 5394 incertis
1134 5336 1499 5400 absconditur,
1521 5351 1618 5390 nec
1638 5335 1901 5404 qumsitus

305 5436 578 5490 ullatenus
601 5435 892 5489 invenitur.
923 5432 1082 5488 Plebs
1111 5432 1276 5502 ipsius
1306 5430 1413 5485 loci
1454 5429 1545 5484 ubi
1575 5427 1750 5483 fuerat
1778 5443 1898 5483 uto-

302 5529 602 5584 nasterium
625 5530 992 5594 constitutum,
1021 5525 1234 5581 differre
1261 5539 1411 5586 suam
1438 5539 1660 5594 prorsus
1679 5522 1898 5578 electius

377 5649 458 5716 (a)
489 5647 618 5702 Ant.
645 5645 698 5716 in
726 5657 937 5716 marg.,_
955 5639 1244 5716 Vintorum.
1271 5637 1406 5716 Vide
1436 5645 1616 5690 notam
1646 5635 1822 5716 thfﬂ.

376 5708 452 5788 (b5
478 5718 629 5781 Ant.,
653 5708 868 5788 Beatum
889 5708 1466 5788 Fulgentiumuprihmum
1488 5708 1822 5788 sacerdotem.

486 5777 637 5856 Ant.,
668 5789 722 5841 in
752 5787 898 5841 locis.
930 5777 1028 5839 Ms.
1063 5797 1184 5839 cum
1214 5777 1388 5835 Chim.
1420 5787 1570 5834 caret
1598 5778 1696 5832 hac
1725 5777 1897 5848 parti-

305 5861 428 5916 cula
459 5862 537 5914 in.

2041 598 2421 656 Verumtamen
2452 601 2646 658 timens
2689 617 2778 668 ne,
2825 602 2951 657 dum
2973 601 3064 655 diu
3090 601 3283 656 beatus
3311 599 3620 669 Fulgentius

2038 693 2312 761 qumritur,
2346 693 2485 748 fama
2529 695 2645 749 hmc
2687 693 3063 764 Carthaginem
3099 692 3424 764 perveniret,
3457 700 3622 762 atque

2039 782 2162 838 inde
2209 800 2392 838 rursus
2442 785 2636 853 regalis
2668 784 2970 839 interdictio
3000 791 3330 848 nasceretur,
3362 783 3436 837 ita
3465 797 3618 838 com-

2037 875 2272 946 pellente
2301 875 2654 930 festinationis
2699 877 3040 942 necessitate,
3073 875 3367 930 suadentur
3409 874 3509 928 sibi
3553 874 3622 928 de

2036 967 2146 1022 suis
2168 966 2377 1021 clericis
2405 967 2630 1021 alterum
2661 983 2920 1037 quaerere.
2941 966 3030 1021 Sic
3045 979 3157 1036 ‘pcr
3185 965 3349 1019 multa
3379 964 3498 1019 loca
3528 964 3619 1018 ubi

2035 1059 2224 1113 beatus
2264 1057 2576 1126 Fulgentius
2605 1066 2697 1112 aut
2734 1059 2956 1128 primus,
2988 1065 3080 1113 aut
3107 1057 3254 1112 solus
3281 1057 3486 1112 electus
3514 1063 3618 1119 est,

2034 1157 2317 1218 postquam
2347 1149 2566 1203 minime
2598 1147 2775 1218 potuit
2804 1147 3046 1211 inveniri,
3090 1147 3236 1202 dedit
3282 1147 3397 1202 aliis
3441 1146 3617 1200 hono-

2033 1238 2107 1293 ris
2135 1238 2210 1307 (d)
2237 1238 2434 1293 summi
2462 1237 2753 1292 licentiam.

2103 1329 2189 1384 54.
2234 1328 2455 1398 Repleta
2481 1327 2590 1396 jam
2641 1327 2813 1382 fuerat
2841 1327 3114 1398 provincia
3144 1327 3422 1400 Byzaceua
3463 1327 3616 1382 novis

2034 1422 2425 1483 sacerdotibus,
2459 1430 2514 1475 ct
2540 1435 2674 1491 pene
2719 1420 2804 1474 vix
2847 1436 3137 1490 paucarum
3167 1421 3400 1489 plebium
3426 1420 3615 1475 cathe-

2031 1513 2141 1566 dra:
2183 1517 2552 1564 remanserant
2597 1508 2880 1564 destitutm.
2916 1507 3076 1577 Regis
3102 1523 3316 1578 quoque
3344 1516 3616 1565 commota

2029 1602 2249 1666 saevitia,
2281 1610 2502 1656 cunctos
2525 1599 2634 1669 jam
2659 1601 2974 1656 decreverat
2995 1601 3186 1655 exsilio
3206 1601 3612 1672 mancipandos,

2029 1694 2082 1747 in
2115 1695 2282 1763 ipsum
2317 1693 2562 1762 primitus
2591 1692 2978 1757 ordinatorem,
3010 1692 3064 1745 id
3095 1699 3177 1746 est
3205 1693 3487 1763 primatem
3515 1708 3615 1747 ηοε-

2027 1785 2171 1840 mine
2202 1784 2495 1847 Victorem,
2528 1782 2856 1854 procedente
2883 1783 3170 1849 sententia,
3200 1783 3290 1852 qui
3308 1782 3422 1852 jam
3443 1797 3474 1836 a
3493 1797 3611 1836 ser-

1952 1888 2005 1950 B
2030 1878 2109 1931 vis
2137 1877 2276 1946 regis
2305 1877 2627 1931 exeuntibus
2667 1884 2876 1945 captus,
2921 1875 2987 1928 ad
3017 1874 3394 1943 Carthaginem
3443 1875 3611 1930 duce-

2027 1970 2201 2023 batur.
2233 1967 2301 2021 Et
2329 1968 2550 2022 omnino
2580 1965 2904 2022 succedente
2932 1965 3138 2035 majore
3178 1966 3423 2031 tristitia,
3454 1981 3609 2022 versa

2023 2059 2122 2114 fuit
2151 2060 2203 2113 in
2231 2058 2473 2129 publicos
2498 2057 2671 2112 luctus
2702 2057 3055 2111 ordinationis
3091 2064 3376 2126 assumpta:
3404 2056 3606 2112 lzetitia.

2024 2153 2173 2208 Tunc
2202 2153 2426 2207 occultis
2454 2151 2654 2206 nuntiis
2697 2149 3048 2204 edocentibus
3098 2149 3356 2204 transisse
3396 2156 3608 2220 tempus

2021 2245 2278 2302 faciendm
2301 2244 2676 2304 ordinationis,
2705 2242 2896 2297 beatus
2941 2241 3255 2310 Fulgentius
3290 2249 3488 2310 putans
3515 2257 3609 2296 ca-

2021 2337 2226 2392 thedris
2272 2351 2432 2406 quam
2489 2335 2723 2389 maxime
2774 2333 3036 2404 proximis
3085 2334 3367 2404 episcopos
3420 2333 3606 2391 haberi

2021 2430 2287 2500 proprios,
2327 2429 2442 2498 ipse
2468 2442 2654 2480 rursus
2682 2425 2996 2480 monasterii
3021 2425 3103 2480 sui
3133 2420 3604 2493 congregationem

2021 2523 2320 2589 gubernare
2349 2522 2657 2586 revertitur,
2675 2519 2804 2572 nihil
2825 2518 3078 2572 dubitans
3093 2533 3267 2586 neque
3292 2517 3602 2582 formidans,

2019 2614 2113 2667 sed
2136 2615 2354 2668 omnino
2376 2628 2433 2667 se
2459 2610 2778 2681 pontificalis
2792 2610 3064 2678 dignitatis
3086 2609 3318 2664 evasisse
3337 2610 3601 2667 sarcinam

2018 2707 2272 2773 gaudens.

2017 2818 2199 2874 CAPUT
2229 2833 2355 2872 xvn.
2398 2816 2550 2870 Felix
2581 2817 2828 2871 diaconus
2865 2815 3180 2885 Ruspensem
3209 2814 3383 2869 sedem
3420 2815 3598 2868 ambit.

2093 2889 2396 2960 Fulgentius
2437 2889 2637 2958 cogitur
2676 2885 3391 2960 episcopatum_Ruspensem
3437 2887 3600 2960 susci~

2088 2954 2226 3030 μενεῖ
2271 2959 2425 3012 Felix
2465 2954 2715 3012 diaconus
2754 2954 2987 3027 repulsus
3028 2954 3307 3027 Fulgentio
3335 2960 3487 3012 uarat
3514 2958 3598 3010 in-

2087 3031 2274 3084 sidias.

2090 3141 2176 3194 δῦ.
2220 3139 2600 3194 Verumtamen
2629 3139 2806 3193 altiori
2833 3137 3058 3194 consilio
3084 3137 3226 3193 Deus
3257 3145 3443 3194 noster
3463 3153 3598 3208 prae~

1939 3251 1988 3328 ο
2019 3231 2284 3286 destinata
2313 3228 2617 3299 perficiens,
2663 3228 2752 3283 cui
2793 3227 3016 3283 dederat
3059 3227 3291 3284 docendi
3318 3228 3600 3284 salubriter

2016 3325 2346 3388 facultatem,
2376 3322 2632 3377 doctrinm
2653 3321 2904 3376 salutaris
2932 3319 3062 3375 dare
3093 3319 3204 3389 jam
3230 3320 3449 3376 volebat
3469 3335 3600 3377 auc-

2018 3417 2311 3479 toritatem,
2346 3429 2415 3468 ne
2443 3414 2656 3467 deesset
2685 3410 2808 3467 ﬁdei
2833 3411 3113 3467 catholica:
3158 3418 3347 3466 contra
3375 3411 3604 3469 Arianos

2017 3509 2358 3564 fidelissimus
2372 3506 2706 3577 praedicator.
2740 3503 2796 3558 In
2830 3513 3069 3572 tempore
3090 3517 3219 3572 ergo
3237 3503 3601 3558 tribulationis

2015 3601 2344 3655 abscondere
2367 3598 2536 3652 noluit
2562 3596 2656 3665 (at.
2681 3595 2870 3663 voluit)
2891 3611 2986 3650 vas
3010 3594 3309 3662 electionis,
3322 3610 3419 3664 per
3441 3609 3600 3664 quem

2014 3691 2350 3759 disposuerat
2365 3690 2588 3758 implere
2604 3686 2836 3742 ofﬁcium
2855 3687 3267 3757 praedicationis.
3281 3686 3409 3741 Erat
3425 3686 3601 3743 adhuc

2016 3783 2196 3852 Ruspe
2217 3783 2392 3836 nobile
2413 3781 2689 3851 oppidum,
2712 3781 3020 3835 clarissimis
3041 3779 3433 3835 habitatoribus
3452 3793 3598 3848 pror-

2013 3895 2106 3932 sus
2142 3878 2366 3942 illustre,
2404 3877 2489 3930 cui
2527 3876 2704 3930 nullus
2745 3873 2920 3929 fuerat
2960 3874 3245 3944 episcopus
3289 3871 3596 3937 ordinatus,

2015 3969 2139 4038 quia
2161 3969 2418 4021 diaconus
2445 3965 2661 4035 quidam
2692 3963 2838 4018 Felix
2869 3965 3118 4028 nomine,
3149 3962 3240 4031 qui
3269 3960 3472 4017 ambire
3499 3975 3599 4015 vo-

2015 4059 2188 4112 luerat
2210 4057 2470 4110 honorem
2499 4053 2789 4124 pontificis,
2811 4052 3144 4122 repudiatus,
3166 4051 3220 4104 in
3249 4049 3337 4104 illo
3359 4049 3478 4104 loco
3502 4064 3600 4105 nec

2014 4152 2129 4221 ipse
2151 4150 2475 4212 merebatur,
2500 4163 2600 4202 nec
2621 4148 2846 4200 alterum
2871 4147 3112 4215 recipere
3129 4143 3451 4214 patiebatur.
3479 4141 3600 4196 Fra-

2015 4252 2098 4297 ter
2130 4241 2327 4311 quippe
2359 4240 2476 4309 ejus
2513 4253 2799 4307 germanus
2839 4237 3042 4290 amicus
3077 4234 3466 4304 procuratoris,
3503 4249 3600 4303 per

2015 4332 2307 4402 potentiam
2344 4329 2613 4385 stccularis
2642 4327 2870 4383 actionis
2898 4327 3236 4382 ministrabat
3262 4324 3404 4379 vires
3430 4325 3598 4380 ambi-

2016 4427 2194 4481 tionis.
2234 4425 2398 4480 Dolor
2437 4425 2788 4479 honestorum
2830 4422 3026 4482 civium
3068 4428 3279 4475 mentes
3320 4418 3390 4490 (e)
3430 4419 3596 4474 vehe-

2015 4532 2164 4572 mens
2204 4515 2542 4582 exagitabat,
2585 4530 2682 4570 cur
2718 4513 2817 4568 soli
2861 4511 3243 4584 remansissent
3281 4511 3400 4566 sine
3445 4517 3598 4578 patre

2015 4608 2258 4679 spiritali,
2283 4607 2374 4674 qui
2397 4606 2714 4661 videbantur
2733 4620 2895 4674 super
2914 4611 3140 4658 caeteros
3159 4602 3424 4658 excellere
3444 4600 3594 4654 nobi-

2014 4702 2163 4756 litate
2191 4700 2409 4763 carnali,
2441 4701 2506 4769 (Ῑ)
2537 4714 2658 4753 cum
2687 4704 2912 4768 repente
2941 4695 3080 4750 fama
3107 4707 3273 4750 verax
3291 4693 3597 4748 dolentibus

2007 4791 2220 4847 nuntiat
2265 4791 2497 4844 beatum.
2527 4788 2894 4857 Fulgentium,
2946 4801 3106 4855 quem
3146 4792 3228 4838 tot
3265 4783 3383 4838 loca
3423 4782 3596 4851 primo

2005 4883 2307 4941 sacerdotio
2332 4881 2705 4951 judicaveraut
2732 4881 2978 4948 dignum,
3009 4877 3311 4932 nullatenus
3350 4883 3597 4943 tempore

2005 4975 2360 5032 ordinationis
2390 4975 2686 5037 inventum,
2719 4972 3039 5027 remansisse
3060 4969 3451 5040 presbyterum,
3477 4967 3594 5036 glo-

2007 5067 2087 5121 ria
2112 5066 2317 5135 majore
2345 5065 2618 5129 vestitum,
2637 5062 2780 5131 quod
2808 5060 3031 5115 honoris
3060 5057 3353 5127 superioris
3380 5057 3459 5111 sic
3486 5055 3596 5111 cal-

2009 5167 2226 5214 caverat
2267 5159 2581 5228 appetitum.
2623 5156 2730 5208 lllis
2767 5153 2959 5224 quibus
2988 5149 3307 5220 displicebat
3334 5147 3596 5218 superbus

2008 5253 2257 5316 ambitor,
2288 5252 2464 5321 placet
2491 5251 2590 5303 iste
2616 5245 2898 5301 laudabilis
2928 5251 3232 5300 excusator.
3251 5240 3595 5296 Consentitur

2007 5341 2074 5397 ab
2104 5342 2351 5397 omnibus
2378 5341 2548 5410 ipsum
2575 5337 2674 5392 sibi
2705 5353 2823 5392 esse
2851 5343 3141 5399 servatum,
3182 5340 3468 5404 propterea
3496 5331 3594 5385 mi-

2008 5434 2149 5488 nime
2165 5433 2326 5487 tantis
2341 5431 2581 5502 plebibus
2596 5429 2952 5484 ambientibus
2969 5428 3290 5482 ordinatum.
3309 5421 3593 5478 Nesciente

2007 5528 2166 5596 igitur
2194 5528 2354 5582 beato
2384 5525 2683 5592 Fulgentio,
2717 5523 2902 5577 Victor
2921 5523 3124 5592 primas
3151 5519 3205 5574 in
3234 5517 3425 5572 itinere
3449 5514 3592 5586 peti~

2077 5639 2155 5710 (d7)
2185 5636 2380 5703 Chiﬂl.,
2415 5635 2624 5691 honoris
2663 5635 2914 5710 sumendi.

2079 5705 2148 5849 Ec)
2182 5709 2330 5776 Ant.,
2364 5711 2681 5762 reliementer
2708 5705 2950 5776 angebat.

2108 5783 2150 5849 1⁷)
2181 5779 2272 5835 Sic
2299 5796 2400 5834 ms.
2425 5780 2636 5843 Caneri,
2672 5777 2799 5831 Tum
2827 5791 2950 5829 reue.

2108 5777 2150 5851 1⁷)
2181 5779 2272 5835 Sic
2299 5796 2400 5834 ms.
2425 5780 2636 5843 Caneri,
2672 5777 2799 5831 Tum
2827 5781 3052 5829 recente.
