4122 6330
469 417 572 475 133

1627 412 1681 469 s.
1727 410 2157 469 FULGENTIUS
2198 411 2588 470 nusrensrs.
2949 367 2958 464 ζ
3640 413 3738 468 ηις

464 545 552 592 tur
579 552 608 589 a
646 531 1010 604 Ruspensibus
1039 531 1118 602 (a)
1156 538 1215 584 ut
1240 507 1428 586 vicinis
1461 528 1727 600 episcopis
1765 529 2047 584 ordinandi
2073 531 2126 590 Α
2153 541 2374 598 accepta
2419 528 2688 599 pontiﬁcis
2727 531 3010 602 dignitate,
3059 533 3411 603 professionis
3453 534 3739 605 prater-inn

462 627 798 696 Fulgentium
839 623 1107 680 licentiam
1151 621 1397 676 donaret.
1443 619 1594 674 Tunc
1640 634 1708 675 eo
1755 627 2043 685 annuente,

461 727 747 794 aggregata
769 718 1017 774 violentae
1039 713 1392 770 multitudinis
1413 728 1596 780 manu,
1618 721 1841 784 repente
1859 712 2048 767 beatus

463 813 795 882 Fulgentius,
821 809 1009 864 dolens
1037 807 1242 872 oculos,
1275 807 1327 861 in
1357 806 1489 861 cella
1518 807 1731 876 propria
1759 805 2046 876 reperitur,

461 902 747 967 invaditur,
783 908 1017 962 tenetur,
1059 897 1288 960 ducitur,
1321 903 1375 951 et
1404 897 1646 967 pontifex
1671 912 1789 953 esse
1820 913 1926 951 non
1954 912 2047 952 ro-

461 1005 638 1066 gatur,
669 994 762 1050 sed
789 993 1015 1062 cogitur.
1039 990 1168 1046 Inde
1189 989 1254 1044 ad
1277 989 1604 1060 episc0pum,
1629 990 1718 1059 qui
1747 988 2050 1044 admonitus

463 1090 636 1144 iuerat
663 1086 1053 1142 ordinationem
1081 1082 1373 1144 celebrare,
1415 1082 1722 1153 perductus,
1755 1081 1920 1151 ignoti
1945 1097 2048 1152 po-

382 1222 384 1225 .
462 1182 574 1252 puli
611 1179 955 1236 constituitur
1002 1184 1183 1248 pater,
1231 1177 1306 1230 ita
1348 1184 1406 1230 ut
1445 1176 1498 1229 in
1541 1175 1632 1230 illo
1677 1175 2049 1245 propheticum

462 1270 592 1326 illud
620 1270 874 1340 compleri
892 1269 1161 1324 videretur
1189 1262 1461 1322 oraculum
1488 1285 1500 1320 :
1532 1265 1758 1338 Populus
1778 1283 1925 1336 quem
1945 1283 2049 1322 non

460 1365 674 1436 cognovi
697 1364 900 1419 servivit
930 1362 1055 1416 mihi
1085 1361 1257 1432 (Psal.
1292 1377 1419 1423 xvn,
1443 1359 1555 1429 45).

533 1455 623 1510 56.
679 1455 848 1517 Nimis
898 1459 1075 1508 autem
1129 1451 1218 1522 (ὁ)
1272 1451 1605 1520 gratissimus
1647 1450 1747 1504 viri
1793 1449 2050 1520 sapientis

459 1557 730 1620 aspectus,
761 1555 817 1602 et
836 1543 1046 1600 favores
1074 1543 1257 1614 populi
1282 1541 1621 1611 suffragantis
1647 1540 1912 1610 augebat;
1934 1548 1991 1596 et
2017 1557 2048 1596 a

459 1652 782 1710 quocunque
809 1644 938 1691 ttmc
963 1634 1242 1690 videbatur
1269 1630 1588 1702 incognitus,
1620 1631 1924 1687 humilitate
1951 1647 2047 1687 ve-

458 1731 620 1788 stium
647 1726 892 1795 blandus,
917 1725 1270 1797 modestoquc
1294 1725 1504 1788 incessu
1533 1723 1857 1779 venerabilis
1881 1722 2049 1778 habe-

459 1820 636 1879 batur.
681 1818 815 1876 Cum
857 1834 986 1874 vero
1026 1818 1173 1887 loqui
1213 1817 1484 1888 quidpiam
1515 1824 1743 1887 cogente
1778 1814 2046 1870 interdum

2149 620 2382 672 servavit
2401 619 2786 690 integritatem.
2799 623 3024 679 Servata
3045 640 3173 680 vero
3192 625 3542 696 professionis
3563 621 3640 696 (ἀ)
3659 623 3742 678 in-

2150 711 2372 777 tegritas
2396 711 2515 782 plus
2543 715 2754 770 ornavit
2780 716 3049 787 pontiﬁcis
3094 717 3428 785 dignitatem.
3461 716 3740 786 Nunquam

2152 802 2384 874 denique
2415 807 2648 876 pretiosa
2669 810 2989 864 vestimenta
3017 810 3279 881 quaesivit,
3311 817 3403 865 aut
3430 809 3739 880 quotidiana

2145 880 2348 963 jejunia
2378 899 2748 966 praetermisit,
2791 911 2885 954 ant
2911 880 3157 956 conditos
3184 903 3422 956 suaviter
3448 901 3616 967 cibos,
3658 901 3740 956 vel

2152 986 2294 1042 inter
2331 988 2573 1059 hospites
2611 990 2969 1057 manducavit,
3013 1000 3106 1047 aut
3133 978 3522 1048 discumbendo
3549 991 3740 1046 saltem

2152 1080 2512 1147 requiescere,
2535 1089 2591 1136 et
2619 1083 2893 1138 resolvere
2919 1084 3148 1154 rigidum
3176 1085 3512 1156 propositum
3537 1084 3739 1150 voluit;

2152 1168 2246 1223 sed
2282 1186 2386 1224 una
2423 1179 2628 1226 tantum
2669 1173 2923 1228 vilissima
2955 1175 3157 1240 tunica,
3187 1175 3301 1231 sive
3342 1190 3440 1246 per
3477 1183 3739 1243 aestatem,

2152 1260 2265 1315 sive
2310 1275 2405 1330 per
2439 1261 2670 1317 hiemem
2707 1263 2976 1334 patienter
2998 1263 3234 1332 indutus,
3278 1265 3460 1320 orario
3500 1265 3734 1338 quidem,

2153 1349 2296 1432 sicut
2310 1366 2498 1406 omnes
2523 1353 2781 1424 episcopi,
2798 1371 3070 1426 nunquam
3091 1357 3360 1425 utebatur,
3375 1357 3600 1428 pelliceo
3621 1358 3736 1412 cin-

2153 1441 2278 1510 gulo
2307 1449 2561 1513 tanquam
2591 1446 2887 1500 monachus
2915 1448 3168 1502 utebatur
3197 1449 3354 1521 (forte
3379 1449 3737 1518 cingebatur).

2152 1533 2241 1590 Sic
2270 1535 2448 1591 studio
2486 1537 2803 1593 humilitatis
2830 1538 3179 1595 ambitionem
3213 1543 3444 1598 vestium
3483 1541 3740 1611 fugiebat,

2153 1637 2212 1684 ut
2250 1645 2348 1685 nec
2394 1630 2508 1701 ipsa
2537 1631 2905 1687 calceamenta
2933 1633 3228 1703 suscipiens
3266 1634 3605 1703 clericorum,
3649 1645 3741 1691 aut

2154 1726 2228 1793 (ε)
2274 1723 2476 1778 ultimis
2518 1724 2704 1793 caligis
2742 1725 2795 1778 in
2834 1732 3076 1795 tempore
3113 1725 3324 1790 hiemis,
3371 1735 3464 1780 aut
3501 1726 3739 1796 caligulis

2152 1813 2206 1868 in
2228 1822 2473 1885 tempore
2495 1815 2700 1870 uastatis
2727 1823 2988 1871 uteretur.
3023 1815 3169 1871 Intra
3199 1819 3586 1875 monasterium
3613 1835 3741 1875 sane

458 1914 670 1971 ratione
696 1911 973 1976 voluisset,
1005 1910 1058 1964 in
1102 1924 1197 1964 ore
1224 1908 1342 1978 ejus
1367 1908 1542 1962 omnis
1571 1907 1725 1962 turba
1753 1905 2042 1976 pendebat,
2075 1908 2122 1971 B
2150 1905 2418 1960 interdum
2447 1906 2622 1961 soleas
2651 1907 2968 1977 accipiebat,
3000 1907 3308 1977 frequenter
3337 1909 3492 1964 nudis
3519 1910 3740 1980 pedibus

460 2024 527 2065 ex
559 2007 829 2064 locutione
856 2003 1101 2059 familiari
1133 2001 1484 2058 considerans
1511 1999 1685 2070 qualis
1713 2006 1860 2054 esset
1886 1998 2047 2069 spiri-

459 2099 582 2155 talis
609 2097 849 2167 magistri
870 2095 1048 2151 futura
1076 2094 1340 2150 doctrina.
1366 2091 1594 2164 Propter
1613 2091 1759 2162 quod
1781 2107 1847 2146 ex
1874 2090 2051 2145 omni-

460 2189 559 2248 bus
587 2187 1014 2261 possessionibus
1039 2186 1341 2257 ubicunque
1363 2185 1640 2250 transibat,
1666 2183 1898 2254 populus
1925 2198 2052 2252 con-

459 2281 658 2338 fluebat
687 2279 754 2334 ad
782 2278 1098 2342 favendum,
1131 2273 1395 2350 Ruspenisi
1421 2274 1694 2340 Ecclesite,
1727 2283 1930 2344 quanto
1959 2289 2048 2329 se-

459 2367 592 2442 rius,
602 2380 758 2435 tanto
772 2372 1050 2428 meliorem
1065 2369 1384 2426 confitentes
1397 2369 1707 2439 provenisse
1717 2366 2045 2437 pontificem.

460 2462 728 2519 Diaconus
756 2477 919 2532 porro
941 2458 1130 2515 videns
1157 2475 1266 2514 sua:
1294 2458 1598 2512 ambitionis
1617 2465 1842 2512 conatus
1870 2458 2050 2512 vanis-

459 2553 626 2610 sitnos
651 2552 948 2618 defecisse,
992 2549 1138 2619 quod
1167 2549 1339 2604 solum
1369 2563 1652 2604 remanere
1679 2546 1868 2602 deluso
1895 2555 2051 2618 pote—

459 2652 566 2707 rat,
592 2643 763 2706 saevit,
797 2641 868 2714 (c)
907 2649 961 2696 et
989 2639 1336 2694 traditoribus
1364 2638 1660 2693 innumeris
1687 2638 2047 2706 congregatis,

461 2735 699 2792 venienti
739 2733 848 2788 ﬁlio
890 2733 1040 2803 pacis
1079 2731 1382 2786 scandalum
1423 2731 1585 2800 (sicut
1620 2745 1775 2786 sacer
1815 2729 2052 2800 loquitur

461 2827 701 2900 psalmus
725 2826 963 2898 [sxum
993 2822 1069 2894 6])
1094 2825 1251 2894 juxta
1277 2824 1512 2877 semitam
1531 2823 1694 2894 ponit.
1716 2822 1869 2877 Viam
1890 2822 2052 2892 igitur

463 2935 562 2991 per
587 2933 747 2989 quam
778 2916 1029 2971 veniebat
1056 2915 1150 2969 Dei
1195 2929 1381 2970 servus
1408 2914 1610 2969 electus
1638 2913 1849 2970 obsedit
1875 2914 2048 2969 ambi-

463 3018 550 3064 tor
585 3007 830 3063 infestus.
873 3005 982 3060 Sed
1018 3004 1215 3073 ubique
1247 3004 1579 3074 simplicibus
1614 3005 1863 3060 subvenit
1896 3004 2051 3060 Chri—

462 3109 596 3162 stus,
630 3113 729 3154 nec
752 3096 995 3168 impediri
1018 3103 1196 3166 potest
1215 3095 1282 3150 ab
1303 3095 1519 3149 homine
1540 3094 1835 3150 sacerdotis
1855 3095 2050 3151 electio

463 3205 623 3262 quam
651 3205 758 3244 non
787 3187 1044 3259 prtecedit
1072 3186 1314 3241 ambitio.
1337 3185 1531 3242 Nescio
1557 3201 1666 3256 quo
1686 3186 1857 3242 sancti
1879 3186 2052 3258 Spiri-

464 3292 548 3339 tus
570 3281 910 3338 admonentis
929 3280 1154 3350 imperio
1177 3294 1276 3350 per
1294 3278 1520 3334 alteram
1547 3279 1688 3334 viam
1707 3281 1938 3350 populus
1955 3280 2048 3351 qui

463 3373 802 3446 pratcedebat
830 3371 1140 3435 ambulavit,
1181 3382 1238 3426 et
1273 3371 1492 3426 beatum
1530 3370 1887 3440 Fulgentium,
1927 3373 2054 3428 dum

463 3465 637 3520 adhuc
670 3463 839 3519 hostis
878 3463 1092 3519 sederet
1127 3463 1184 3518 iu
1213 3463 1317 3528 via,
1361 3477 1524 3534 super
1557 3478 1708 3518 suam
1745 3465 2055 3520 cathedram

463 3555 769 3612 collocavit.
803 3554 1087 3610 Celebrata
1132 3563 1260 3610 sunt
1287 3555 1482 3628 eodem
1519 3554 1608 3611 die
1635 3556 1815 3612 divina
1853 3558 2053 3614 solem-

464 3647 606 3701 niter
633 3653 988 3713 sacramenta,
1010 3653 1066 3700 et
1095 3645 1161 3701 de
1182 3645 1432 3701 manibus
1456 3647 1601 3702 beati
1621 3647 1886 3718 Fulgentii
1906 3665 2055 3704 cont-

463 3739 743 3793 municans
765 3738 942 3792 omnis
971 3739 1200 3809 populus
1221 3738 1374 3794 laetus
1387 3738 1663 3795 abscessit.
1689 3740 1842 3807 Quod
1866 3753 2055 3812 postea

461 3828 721 3884 diaconus
769 3828 1021 3892 audiens,
1049 3814 1268 3884 divinae
1315 3831 1606 3898 voluntati,
1659 3827 1784 3892 licet
1831 3834 2052 3900 tardius,

462 3920 646 3976 cessit.
671 3919 826 3974 Hunc
852 3919 994 3975 illico
1015 3929 1376 3976 revertentem
1398 3921 1458 3975 B.
1472 3922 1784 3992 Fulgentius
1804 3925 2052 3996 benigne,

464 4011 748 4067 afl'abiliter
790 4011 1191 4080 clementerque
1232 4013 1462 4083 excepit,
1495 4013 1567 4067 ita
1612 4022 1670 4068 ut
1705 4029 1828 4069 eum
1866 4025 2054 4086 postea

464 4104 838 4177 presbyterum
863 4103 1158 4158 ordinaret.
1188 4102 1295 4158 Sed
1322 4104 1580 4160 ultionem
1609 4105 1847 4161 debitam
1874 4105 2054 4162 divina

464 4196 667 4269 justitia
715 4195 1104 4250 demonstravit
1134 4196 1354 4251 omnino
1383 4196 1660 4252 velociter.
1695 4198 1909 4255 Etenim
1940 4201 2056 4271 ipse

464 4289 723 4344 diaconus
743 4288 854 4357 jam
878 4289 1160 4360 presbyter
1179 4289 1319 4344 intra
1347 4304 1544 4345 annum
1567 4301 1830 4359 mortuus,
1852 4301 1907 4349 et
1927 4309 2054 4364 pro-

465 4387 686 4435 curator
729 4379 778 4433 ei
823 4379 1169 4438 consentiens
1216 4379 1284 4434 ad
1331 4382 1608 4451 penuriam
1656 4393 1740 4438 est
1785 4384 2051 4442 redactus.

467 4467 740 4524 Dederunt
782 4469 926 4523 enim
974 4485 1161 4540 ptenas
1211 4473 1521 4542 temporalis
1566 4474 1820 4542 audaciae,
1859 4478 2054 4546 quibus

467 4569 660 4633 potens
687 4568 771 4616 est
797 4559 939 4616 Deus
967 4576 1270 4632 prteparare
1297 4563 1351 4618 in
1372 4563 1552 4620 futuro
1571 4567 1798 4634 gratiam
1823 4569 2054 4632 ctelestis

2153 1999 2477 2054 ambulabat.
2519 1997 2766 2054 Casulam
2794 2001 3084 2072 pretiosam
3103 2043 3116 2066 ,
3153 2002 3239 2058 vel
3267 2003 3480 2072 superbi
3509 2003 3704 2059 coloris
3723 2048 3741 2071 ,

2145 2106 2255 2146 nec
2283 2092 2397 2161 ipse
2424 2091 2630 2158 habuit,
2656 2107 2755 2146 nec
2774 2093 3069 2148 monachos
3097 2109 3224 2149 suos
3252 2094 3450 2150 habere
3479 2096 3737 2165 permisit.

2153 2181 2352 2237 Subtus
2381 2182 2618 2237 casulam
2651 2183 2848 2251 nigello
2877 2184 2961 2238 vel
2991 2184 3210 2239 la‘ctinio
3233 2184 3300 2256 (ι’)
3323 2185 3487 2255 pallio
3512 2186 3741 2241 circum-o

2151 2272 2308 2327 datus
2338 2273 2577 2328 incessit.
2603 2272 2829 2339 Quando
2851 2275 3140 2345 temperies
3162 2276 3303 2330 aeris
3329 2275 3605 2341 invitabat,
3624 2277 3742 2332 solo

2106 2434 2110 2435 ί
2151 2365 2318 2436 pallio
2349 2365 2487 2420 intra
2507 2367 2893 2422 monasterium
2917 2375 2999 2424 est
3021 2376 3327 2438 coopertus.
3352 2369 3594 2440 Scapulis
3612 2385 3742 2424 vero

2153 2457 2310 2512 nudis
2339 2473 2611 2528 nunquam
2634 2473 2664 2511 a
2698 2458 2851 2513 nobis
2871 2459 3015 2513 visus
3038 2467 3136 2524 est,
3164 2475 3264 2515 nec
3288 2459 3534 2530 deposito
3563 2461 3743 2519 saltim

2152 2547 2365 2616 cingulo
2392 2563 2642 2603 somnum
2671 2549 2876 2619 petivit.
2908 2549 3030 2604 Suze
3059 2558 3238 2605 autem
3271 2550 3346 2622 (g)
3381 2552 3740 2617 continentim,

2153 2638 2265 2694 Deo
2295 2646 2455 2703 teste,
2484 2637 2734 2695 fiduciam
2759 2654 2974 2708 gerens,
2997 2641 3051 2695 in
3079 2655 3184 2711 qua
3213 2641 3392 2695 tunica
3421 2641 3742 2704 dormiebat,

2151 2731 2206 2786 in
2246 2731 2359 2801 ipsa
2387 2730 2757 2798 sacriﬁcabat;
2799 2740 2856 2787 et
2897 2739 3138 2803 tempore
3175 2732 3453 2800 sacrificii,
3491 2731 3744 2792 mutanda

2152 2838 2272 2878 esse
2300 2822 2467 2878 corda
2486 2824 2668 2894 potius
2693 2839 2854 2893 quam
2882 2825 3202 2880 vestimenta
3231 2825 3457 2880 dicebat.

2224 2911 2320 2967 58.
2351 2911 2490 2968 Huic
2517 2913 2828 2969 beatissimo
2855 2915 3122 2971 sacerdoti
3143 2916 3322 2971 nullus
3343 2916 3627 2985 aliquando
3651 2931 3742 2973 ειη

2153 3003 2313 3058 torsit
2357 3002 2646 3071 cujuslibet
2689 3005 2904 3072 generis
2948 3020 3139 3061 carnes
3185 3007 3462 3077 accipere,
3496 3006 3591 3062 sed
3630 3007 3744 3065 sola

2153 3093 2468 3164 simpliciter
2492 3095 2660 3159 olera,
2693 3096 2932 3166 ptisanas
2958 3105 3014 3152 et
3034 3113 3156 3162 ova,
3204 3098 3439 3169 quandiu
3468 3099 3569 3154 fuit
3588 3099 3746 3170 juve-

2154 3186 2257 3254 nis,
2290 3187 2409 3244 sine
2439 3187 2592 3251 oleo;
2618 3197 2905 3258 postquam
2935 3205 3064 3246 vero
3091 3192 3286 3256 senuit,
3316 3192 3597 3263 superfuso
3625 3195 3745 3251 oleo

2076 3289 2122 3354 ο
2155 3277 2528 3341 manducavit;
2548 3277 2626 3350 (Ιι)
2659 3278 2763 3334 deo
2784 3280 2963 3335 oleum
2984 3297 3271 3351 persuasus
3291 3284 3559 3355 accipere,
3578 3301 3646 3342 ne
3664 3302 3744 3342 cae

2151 3359 2270 3438 'ligo
2280 3368 2576 3439 praevalens
2589 3370 2866 3426 oculorum
2881 3371 3127 3429 lectionis
3139 3373 3425 3444 impediret
3433 3373 3687 3432 ofﬁcium.
3703 3378 3745 3433 Α

2157 3458 2286 3514 vino
2315 3467 2496 3514 autem
2528 3475 2692 3517 sanus
2719 3476 2932 3532 semper
2958 3463 3231 3520 abstinuit.
3277 3465 3334 3521 Si
3373 3467 3588 3537 quando
3617 3484 3744 3525 vero

2158 3551 2516 3622 compellente
2546 3552 2870 3609 infirmitatis
2904 3556 3224 3613 necessitate
3252 3558 3378 3614 vino
3418 3558 3630 3615 modico
3658 3560 3739 3615 uti

2157 3643 2468 3714 compulsus
2504 3650 2608 3712 est,
2652 3644 2907 3701 calicibus
2942 3646 3114 3718 plenis
3153 3663 3310 3718 aqua,
3353 3647 3745 3718 superfundens

2157 3735 2433 3807 quidpiam
2461 3736 2617 3804 meri,
2645 3751 2746 3795 nec
2775 3737 2986 3808 saporis
3013 3738 3146 3806 ejus,
3171 3754 3272 3793 nec
3298 3738 3480 3794 odoris
3501 3738 3746 3809 iocundi-

2158 3836 2270 3884 tate
2295 3827 2588 3884 fruebatur.
2621 3827 2925 3899 Antequam
2953 3829 3146 3897 vigiliae
3178 3829 3553 3885 nuntiarentur
3575 3845 3607 3884 a
3635 3829 3745 3885 fra-

2158 3921 2348 3985 tribus,
2391 3920 2506 3990 ipse
2545 3934 2760 3990 semper
2806 3919 2969 3976 corde
3003 3929 3059 3976 et
3100 3937 3328 3992 corpore
3368 3922 3611 3991 vigilans,
3652 3929 3744 3978 aut

2157 4014 2366 4075 orabat,
2400 4020 2494 4068 aut
2519 4013 2752 4081 legebat,
2783 4021 2877 4068 aut
2905 4012 3159 4078 dictabat,
3192 4023 3285 4069 aut
3308 4015 3606 4084 cuicunque
3631 4015 3745 4089 spi-

2155 4105 2298 4159 ritali
2342 4104 2678 4159 meditationi
2724 4104 2873 4159 solus
2918 4105 3163 4170 vacabat,
3196 4107 3320 4176 quia
3361 4122 3421 4162 se
3460 4121 3558 4177 per
3600 4107 3743 4164 diem

2158 4196 2388 4250 ﬁliorum
2413 4189 2664 4251 Ecclesiae
2684 4195 3094 4252 necessitatibus
3111 4198 3360 4268 occupari
3385 4197 3584 4268 jugilcr
3602 4198 3743 4255 scie-

2155 4290 2266 4344 bat.
2300 4287 2380 4343 Ad
2409 4288 2646 4357 agendas
2665 4304 2788 4344 cum
2817 4289 2987 4345 servis
3006 4288 3102 4345 Dei
3121 4291 3330 4360 vigilias
3350 4292 3618 4348 interdum
3643 4293 3740 4349 de-
3805 4341 3810 4345 _

2157 4381 2464 4445 scendebat,
2481 4380 2574 4436 sed
2595 4381 2830 4451 privatas
2849 4380 2993 4451 apud
3015 4390 3074 4438 s‘e
3099 4383 3323 4451 vigilias,
3339 4384 3529 4440 studiis
3548 4385 3742 4454 quibus

2157 4475 2284 4541 dixi,
2322 4474 2490 4531 multo
2519 4473 2837 4530 laudabilius
2865 4475 3170 4531 exercebat.

2319 4567 2502 4623 CAPUT
2531 4583 2642 4622 nx.
2673 4564 2945 4639 Nusquam
2975 4567 3114 4638 degit
3139 4568 3252 4621 sine
3278 4568 3562 4622 monachis.

467 4652 828 4723 indulgentim.
873 4651 982 4708 Nos
1019 4653 1159 4709 istud
1189 4664 1476 4727 propterea
1504 4659 1590 4714 vel
1625 4675 2053 4720 commemoran-
2079 4669 2130 4729 ι)
2226 4660 2314 4714 59.
2359 4659 2418 4713 1η
2447 4658 2594 4714 nullo
2647 4666 2827 4713 autem
2869 4657 2992 4714 loco
3019 4658 3165 4713 visus
3193 4666 3275 4714 est
3306 4658 3421 4713 sine
3461 4658 3742 4714 monachis

468 4746 594 4802 dum
613 4747 938 4818 putavimus,
955 4754 1016 4802 ut
1031 4749 1436 4809 ostenderemus
1455 4752 1580 4809 hinc
1599 4755 1758 4811 beato
1773 4755 2052 4826 Fulgentio

469 4838 728 4908 majorem
767 4839 1001 4895 crevisse
1041 4839 1184 4896 circa
1225 4841 1463 4912 singulos
1499 4846 1895 4915 auctoritatem,
1925 4849 2052 4904 dum

469 4938 858 4998 cognoscerent
885 4931 940 4987 in
980 4932 1096 4988 istis
1131 4933 1379 5003 vigilasse
1417 4935 1650 4992 divinam
1688 4941 2051 4997 severitatem.

426 5088 430 5093 η
470 5021 846 5102 ΟΑΡοτ-ἰνιμ.
889 5025 1134 5102 Honores
1159 5027 1434 5102 Fulgentio
1475 5047 1576 5085 non
1619 5041 1818 5088 mutant
1864 5051 2049 5091 mares.

660 5093 884 5147 Vestitus
913 5097 1044 5166 ejus.
1094 5093 1344 5154 Carnilnu
1371 5112 1611 5172 perpetuo
1636 5103 1875 5159 abstinet.

541 5185 631 5240 57.
648 5185 895 5256 Suscepit
910 5188 1120 5244 interim
1136 5191 1325 5248 beatus
1337 5193 1646 5264 Fulgentius
1661 5199 2046 5269 episcopatum,

473 5279 589 5335 sine
621 5279 799 5349 aliqua
829 5280 1149 5345 ambitione,
1182 5302 1303 5341 cum
1331 5289 1564 5344 maxima
1597 5290 1904 5359 devotione,
1937 5311 2053 5350 ma-

472 5380 636 5428 nente
650 5372 704 5427 in
726 5371 1212 5431 contradictoribus
1225 5377 1404 5434 divina
1422 5381 1642 5438 ultione.
1663 5383 1772 5442 Nec
1792 5386 1863 5440 ita
1884 5386 2056 5446 factus

475 5475 558 5520 est
596 5465 909 5536 episcopus,
961 5473 1019 5520 ut
1065 5481 1184 5522 esse
1233 5468 1514 5528 desisteret
1580 5479 1906 5544 monachus;
1957 5481 2051 5537 sed

549 5575 627 5662 (ᾳ)
654 5576 714 5632 In
742 5577 890 5645 Ant.,
920 5587 969 5662 et
990 5580 1197 5637 vicinis.
1214 5621 1228 5635 .
1249 5619 1265 5636 .
1296 5584 1503 5639 licentia
1531 5587 1706 5656 datur,
1732 5588 2051 5662 desuntque,

481 5646 614 5710 haec,
642 5664 702 5700 eo
727 5657 1002 5704 annuente.

546 5716 623 5849 (te
644 5715 766 5783 Ms.,
784 5717 956 5776 Nimis
973 5729 1141 5804 autem
1155 5724 1486 5796 gravissimus
1505 5729 1583 5783 vir
1600 5731 1806 5802 sapiens
1825 5743 2049 5805 aspectu.

549 5795 596 5849 (ο
650 5786 707 5841 1η
735 5805 860 5849 ms..
891 5801 1034 5846 stravit
1061 5803 1110 5847 et
1133 5795 1329 5849 tardus.
1365 5796 1658 5849 Innumeris
1685 5803 1902 5849 dmimm
1927 5821 2049 5849 mn-

549 5786 860 5877 Atns:,
891 5793 1037 5877 strait
1061 5803 1110 5847 et
1133 5786 1329 5877 tardus.
1365 5786 1909 5877 Innumeris'deniquer

477 5862 698 5930 gregalis
719 5862 938 5942 venienti
960 5862 1071 5934 ﬁlio
1091 5867 1252 5936 pacis,
1280 5875 1383 5925 etc.
1411 5868 1560 5938 Ant,
1582 5862 1866 5935 innumeris
1882 5877 1945 5931 de
1959 5877 2051 5932 riis

479 5938 814 5983 menaeus.

479 5943 814 6001 congregem.

2157 4752 2430 4807 habitare:
2455 4759 2676 4824 propter
2693 4750 2838 4820 quod
2860 4766 2890 4804 a
2911 4750 3118 4806 civibus
3138 4749 3500 4820 Rnspensibus
3511 4751 3614 4806 hoc
3628 4751 3742 4822 pri-

2157 4857 2304 4897 mum
2331 4841 2646 4898 beneﬁcium
2675 4841 2953 4896 ordinatus
2988 4842 3272 4912 episcopus
3314 4841 3636 4912 postulavit,
3680 4849 3742 4914 ut

2159 4933 2466 4989 fabricando
2494 4934 2826 4988 monasterio
2854 4933 3031 4988 locum
3046 4947 3340 5002 congruum
3364 4931 3572 4988 darent.
3589 4933 3742 4990 Tunc

2160 5039 2227 5079 ex
2241 5023 2482 5093 pluribus
2496 5024 2702 5079 civibus
2716 5024 2936 5080 obedire
2946 5023 3339 5091 festinantibus,
3351 5025 3555 5094 optimo
3565 5039 3741 5080 sacer-

2161 5114 2274 5172 doti
2293 5116 2510 5186 quidam
2535 5117 2753 5173 nomine
2781 5115 3216 5180 Posthumianus,
3237 5115 3741 5184 Christianissimus,

2160 5217 2216 5265 et
2231 5210 2369 5265 inter
2379 5225 2504 5266 suos
2526 5211 2886 5267 nobilissimus
2904 5211 3054 5275 civis,
3074 5210 3302 5280 agellum
3325 5211 3599 5281 proprium
3612 5209 3742 5266 ﬁde-

2155 5300 2279 5357 liter
2292 5302 2503 5369 obtulit,
2522 5319 2627 5358 non
2643 5303 2801 5372 longe
2821 5303 2888 5356 ab
2900 5302 3125 5357 ecclesia
3147 5302 3520 5357 constitutum:
3547 5302 3634 5357 ubi
3660 5303 3740 5374 pi-

2156 5391 2238 5446 nis
2268 5393 2606 5459 surgentibus
2627 5394 2679 5449 in
2708 5393 3005 5457 excelsum,
3029 5392 3261 5463 speciosi
3282 5394 3518 5450 nemoris
3538 5395 3741 5451 virebat

2158 5485 2462 5541 amaznitas.
2491 5485 2716 5556 Excepit
2735 5485 2924 5540 beatus
2952 5483 3265 5552 Fulgentius
3288 5484 3636 5542 libentissime
3656 5486 3740 5542 lo-

2231 5595 2309 5663 (d)
2340 5595 2461 5668 Ms.,
2484 5597 2797 5668 integritate.

2159 5667 2321 5790 vute).
2337 5666 2411 5749 Ita
2439 5665 2657 5722 codices
2684 5666 2870 5722 nostri.
2895 5667 2996 5724 Alii
3018 5668 3235 5738 quidam
3263 5683 3295 5723 a
3317 5666 3494 5724 Chim.
3520 5667 3737 5737 laudati,

2230 5754 2447 5790 ιδειιηιδ..

2230 5754 2418 5791 ιδειιηιδ
2426 5777 2447 5790 ..

2231 5809 2296 5878 (Ι)
2324 5806 2446 5879 Ms.,
2478 5808 2690 5864 lactinio
2715 5808 2928 5879 pallido.
2959 5809 3122 5868 Forte
3143 5827 3248 5867 non
3276 5812 3436 5867 male.

2231 5881 2304 5948 (g)
2338 5878 2460 5948 ᾼηι.
2472 5921 2486 5945 ,
2517 5878 2859 5936 conscientiw.

2237 5946 2314 6018 (λ)
2341 5946 2546 6018 Chiffl.,
2575 5949 2688 6006 ideo
2713 5951 2826 6006 vim
2854 5969 3035 6010 suasua
3059 5954 3222 6015 ciem
3248 5953 3498 6026 accipere.
