4122 6330
327 380 445 442 137

319 591 721 661 conspiciebat,
757 592 1109 662 protinusque
1136 593 1352 648 beatum
1401 593 1652 649 abbatem
1690 592 1926 649 Felicem

275 720 282 726 μ
317 684 513 738 venire
539 683 783 740 velocius
819 685 1116 755 persuasit,
1161 702 1284 741 cum
1321 687 1555 741 maxima
1592 701 1732 757 pene
1762 686 1927 742 totius

319 777 766 846 congregationis
813 777 1175 848 multitudine,
1218 779 1318 835 nisi
1373 779 1517 849 quod
1572 779 1928 849 paucissimos

317 868 525 924 fratres
553 870 608 924 in
634 868 726 925 illo
755 871 1084 927 monasterio
1128 871 1449 944 dereliquit,
1482 871 1673 942 quibus
1700 887 1867 927 unum
1894 887 1928 927 e

317 960 583 1016 fratribus
636 962 855 1017 nomine
886 963 1115 1018 Vitalem
1140 965 1468 1036 praeposuit:
1494 965 1588 1019 tali
1617 963 1694 1038 (a)
1724 965 1926 1019 carita-

317 1053 391 1107 tis
437 1052 558 1122 lege
600 1054 929 1109 monasteria
979 1063 1210 1126 utraque
1253 1056 1569 1126 praecipiens
1613 1055 1816 1122 vivere,
1866 1061 1926 1109 ut

315 1147 482 1216 quasi
513 1161 620 1201 non
661 1146 888 1201 fuissent
934 1147 1070 1202 locis
1105 1148 1305 1213 divisa,
1343 1148 1422 1203 sic
1449 1157 1630 1202 essent
1657 1147 1928 1202 unanimi-

316 1248 436 1294 tate
466 1240 771 1310 conjuncta.
807 1239 864 1294 Si
897 1255 1036 1309 quos
1060 1249 1242 1295 autem
1271 1257 1443 1296 novos
1484 1241 1794 1306 monachos,
1838 1239 1926 1294 vel

316 1329 374 1385 in
406 1331 545 1398 isto,
574 1332 662 1386 vel
706 1332 761 1386 in
801 1332 894 1387 illo
930 1333 1261 1389 monasterio
1302 1333 1548 1389 Christus
1597 1334 1921 1402 acquireret,

317 1434 538 1495 tempus
569 1426 708 1480 inter
748 1441 809 1481 se
838 1428 1208 1482 conversionis
1235 1427 1591 1498 ordinemque
1617 1436 1916 1482 servarent.

317 1512 390 1569 Et
439 1517 485 1570 si
513 1516 727 1586 quando
773 1516 840 1571 ad
890 1533 948 1573 se
995 1517 1257 1574 videndos
1297 1519 1626 1589 iubentibus.
1660 1519 1923 1575 duntaxat

316 1605 593 1676 prioribus
621 1607 899 1673 venirent,
935 1623 1042 1662 non
1071 1617 1131 1662 ut
1159 1609 1398 1679 hospites
1420 1651 1434 1676 ,
1467 1608 1563 1664 sed
1582 1599 1923 1678 quasi'unius

318 1697 761 1766 congregationis
809 1699 1057 1754 homines
1101 1700 1542 1771 susciperentur;
1585 1702 1732 1756 beati
1787 1716 1947 1756 vero-

317 1782 590 1852 Fulgentii
621 1788 862 1859 episcopi
893 1790 1292 1859 provisionibus
1320 1791 1680 1846 communiter
1716 1791 1919 1860 guber-

1729 377 2250 444 PROLEGOMENA.

319 515 487 570 cum,
515 497 670 570 cujus
715 498 880 556 etiam
925 497 1070 572 ligna
1115 501 1422 566 necessaria
1467 500 1660 558 futura:
1714 501 1930 558 fabricae
1957 507 2010 566 Α
2037 516 2138 557 nec
2157 511 2508 571 praesumeret
2539 500 2739 572 aliquid
2773 506 3097 572 extorquere
3136 499 3460 557 nolentibus.
3502 499 3636 559 Post
3719 573 3721 576 p

3523 386 3632 449 158

2034 593 2438 649 deliberationis
2465 601 2644 647 autem
2667 593 3008 662 longissimas
3030 607 3228 658 moras,
3262 590 3524 661 quidquid
3546 593 3636 650 de-

2033 685 2205 740 linitio
2230 685 2530 739 communis
2567 685 2878 749 invenerat,
2924 686 3242 755 eloquenter
3297 685 3638 752 allegandum

2008 773 2282 854 sensibus
2309 783 2664 841 cancrorum,
2708 775 2868 828 beato
2917 774 3198 843 Fulgentio
3241 774 3633 830 dimittebatur.

2033 865 2171 922 Huic
2214 867 2378 921 etiam
2420 867 2849 936 quandocunque
2897 868 3271 922 transmarinis
3319 868 3514 924 litteris
3569 867 3638 924 de

2032 957 2165 1024 ﬁde,
2215 957 2302 1012 vel
2324 957 2414 1023 ,de
2457 957 2685 1012 diversis
2725 960 3114 1027 quaestionibus
3165 960 3639 1031 interrogabantur

2032 1052 2292 1123 episcopi,
2323 1051 2656 1122 respondere
2685 1068 2783 1122 pro
2808 1053 3056 1107 omnibus
3079 1055 3145 1108 ab
3176 1055 3425 1108 omnibus
3455 1054 3634 1123 impo-

2031 1144 2280 1199 nebatur.
2311 1143 2390 1198 lta
2412 1145 2550 1200 sicut
2571 1152 2771 1200 sanctae
2810 1146 3084 1200 memoriae
3125 1144 3376 1200 Aurelius
3403 1144 3637 1200 Cartha-

2030 1239 2266 1306 ginensis
2292 1237 2548 1294 Ecclesia:
2568 1239 2793 1293 antistes
2822 1240 2962 1292 inter
2995 1255 3092 1294 sua
3123 1239 3405 1310 privilegia
3437 1239 3639 1294 meruit

2031 1339 2093 1385 ut
2131 1331 2338 1387 litteras
2383 1347 2451 1386 ex
2481 1329 2734 1386 Africano
2787 1333 3017 1387 concilio
3073 1331 3274 1386 dandas
3323 1333 3439 1402 ipse
3487 1329 3638 1385 solus

2031 1425 2319 1491 scriberet;
2350 1426 2428 1480 sic
2449 1425 2550 1480 iste
2571 1433 2842 1480 meruerat
2863 1433 2923 1479 ut
2946 1423 3153 1480 litteras
3174 1442 3242 1479 ex
3272 1426 3365 1480 illo
3404 1424 3639 1481 concilio

2030 1517 2340 1586 dirigendas
2370 1518 2517 1572 solus
2561 1517 2677 1587 ipse
2725 1516 2977 1573 dictaret.
3029 1517 3323 1586 Sexaginta
3353 1517 3552 1588 quippe
3580 1517 3651 1572 et'

2031 1627 2098 1667 eo
2127 1612 2355 1682 amplius
2378 1612 2663 1683 episcopos
2691 1620 2821 1667 tunc
2850 1620 3041 1668 catena
3063 1611 3268 1682 ligabat
3291 1611 3638 1678 exsilii,quo—

2029 1717 2150 1757 rum
2181 1703 2361 1772 lingua
2403 1712 2459 1758 et
2489 1703 2762 1771 ingenium
2791 1703 2981 1758 beatus
3007 1701 3320 1771 Fulgentius
3351 1701 3638 1771 episcopus

2028 1795 2146 1851 fuit.
2180 1795 2476 1868 Propterea
2497 1797 2933 1866 quandocunque
2962 1795 3329 1850 rescribebant
3349 1785 3637 1849 consulen-

318 1878 466 1945 nali.
498 1889 709 1950 Patrem
751 1881 1047 1951 spiritalem
1093 1883 1324 1952 simplici
1366 1891 1754 1938 veneraremut‘
1791 1883 1923 1938 alle-
1950 1895 2000 1956 Β
2031 1889 2191 1954 tibus,
2225 1890 2604 1959 episcoporum
2632 1896 2948 1943 cunctorum
2978 1885 3196 1942 nomina
3234 1883 3551 1940 dicebantur
3580 1883 3635 1941 in

318 1977 412 2024 ctu
439 1987 452 2022 :
477 1970 556 2024 sic
578 1971 740 2025 beato
774 1970 1060 2039 Fulgentio
1088 1973 1298 2041 singula
1326 1972 1648 2044 disponente
1666 2017 1682 2041 ,
1706 1989 1775 2029 ne
1802 1990 1926 2029 sus-

321 2068 482 2132 cepta
513 2062 873 2132 regendorum
914 2064 1126 2119 sarcina
1167 2065 1488 2121 clericorum
1535 2064 1626 2138 (b)
1676 2066 1926 2121 consola-

319 2151 527 2207 tionem
550 2154 805 2224 perderet
823 2156 1234 2211 monachorum.

319 2242 503 2300 CAPUT
538 2262 630 2320 xx.
664 2245 1003 2320 Protruditur
1038 2249 1092 2301 in
1128 2248 1389 2320 assilium.
1441 2247 1573 2320 Ejus
1615 2251 1926 2304 sententiam

386 2319 573 2384 quanti
603 2318 818 2392 fecerint
853 2319 1100 2392 episcopi.
1135 2317 1365 2392 Nomine
1392 2317 1624 2375 omnium
1655 2321 1925 2392 episcopo-

388 2405 509 2462 rum
553 2387 1260 2462 redditnresponsalitteris.
1307 2390 1557 2461 Efﬁcacia
1611 2387 1923 2462 scriptorum

386 2455 678 2530 Fulgentii.
708 2455 958 2513 Monac/ti
981 2467 1032 2513 et
1050 2460 1220 2514 clerici
1243 2455 1398 2515 simul
1426 2463 1635 2534 degunt.

391 2550 484 2604 40.
517 2551 726 2607 Interea
763 2561 992 2622 repente
1025 2552 1326 2622 diriguntur
1366 2555 1597 2609 ministri
1621 2554 1814 2624 regalis
1835 2554 1920 2608 fu-

328 2646 507 2712 roris,
535 2654 595 2700 ut
625 2645 874 2701 detentus
911 2646 1075 2702 etiam
1113 2647 1229 2718 ipse
1263 2663 1385 2702 cum
1414 2649 1622 2704 caeteris
1670 2649 1722 2702 in
1774 2648 1920 2703 exsi-

327 2735 468 2792 lium
495 2736 786 2792 Sardiniam
817 2737 1098 2794 confessor
1125 2737 1323 2794 Christi
1354 2741 1554 2795 nobilis
1593 2740 1913 2795 truderctur.

321 2827 606 2883 Abductus
655 2843 776 2898 ergo
833 2830 1126 2900 velociter,
1181 2831 1308 2887 licet
1364 2831 1576 2888 doleret
1621 2832 1919 2887 Ecclesium

317 2937 477 2978 suam
499 2922 654 2978 nullis
675 2923 851 2979 adhuc
876 2923 1216 2994 eloquiorum
1246 2941 1469 2980 suorum
1490 2925 1710 2981 monitis
1739 2924 1919 2980 erudi-

316 3021 449 3079 tam,
477 3030 958 3085 remansuramque
987 3017 1235 3087 protinus
1262 3016 1571 3073 destitutam
1589 3059 1603 3083 ,
1644 3018 1919 3088 sapienter

313 3115 499 3162 tamen
529 3108 803 3163 tristitiam
837 3107 1031 3178 gaudio
1065 3109 1271 3179 majore
1305 3109 1584 3174 vincebat,
1617 3110 1761 3180 quod
1805 3118 1917 3164 tam

310 3197 565 3269 gloriosa:
611 3199 966 3256 confessionis
1002 3216 1120 3256 esse
1161 3201 1430 3272 particeps
1478 3202 1786 3257 inchoabat.
1811 3201 1918 3256 Co-

312 3293 635 3348 milantibus
661 3308 792 3362 ergo
820 3294 1097 3349 monachis
1125 3293 1285 3352 simul
1311 3301 1367 3350 et
1392 3295 1621 3362 clericis,
1663 3295 1918 3364 magister

314 3389 563 3458 egregius
606 3386 886 3458 utriu'sque
941 3386 1293 3458 professionis
1321 3389 1435 3444 exit
1462 3388 1714 3444 ﬂentibus
1743 3389 1919 3443 omni-

313 3481 411 3537 bus
437 3482 590 3539 laicis
619 3482 688 3537 de
715 3481 970 3538 cathedra
991 3482 1214 3538 honoris
1243 3482 1311 3538 ad
1349 3482 1528 3538 locum
1564 3482 1710 3537 beati
1740 3491 1916 3536 certa-

312 3573 504 3640 minis,
531 3582 756 3644 paratus
785 3572 942 3628 iidem
971 3573 1295 3629 catholicam
1342 3582 1523 3630 mente
1551 3573 1750 3640 libera,
1782 3589 1918 3628 voce

311 3665 464 3733 forti,
495 3681 683 3722 coram
702 3665 919 3734 regibus
945 3673 1000 3720 et
1023 3663 1380 3736 potestatibus
1409 3662 1675 3719 conﬁteri.
1721 3663 1917 3718 Susce-

312 3757 392 3826 pit
417 3771 545 3812 eum
566 3756 836 3826 Carthago
856 3757 1181 3823 venientem,
1209 3756 1547 3826 fructumque
1577 3756 1780 3811 notitia:
1801 3755 1918 3824 ejus

313 3847 368 3905 in
396 3850 589 3920 paucis
619 3851 690 3923 (c)
718 3849 907 3906 diebus
937 3849 1171 3906 fideliter
1217 3858 1459 3919 gustans,
1503 3849 1674 3904 multa
1722 3848 1919 3904 obtulit

313 3957 566 4005 munera,
589 3956 710 4011 qua:
729 3941 920 3997 beatus
948 3941 1260 4012 Fulgentius
1287 3941 1618 3997 monasterio
1666 3940 1743 3995 illi
1771 3940 1918 4010 quod

315 4030 571 4088 fabricari
609 4031 953 4101 delegaverat
986 4033 1269 4105 profutura
1301 4033 1593 4088 mandavit.
1629 4032 1747 4103 Ipse
1786 4049 1917 4088 vero

311 4125 497 4178 navim
545 4124 804 4180 cruciﬁxo
847 4125 1012 4182 corde
1047 4132 1104 4181 et
1142 4140 1375 4196 corpore
1416 4124 1591 4180 nudus
1636 4125 1913 4188 ascendit,

311 4216 526 4272 habens
561 4232 744 4273 secum
791 4217 1049 4287 plurimas
1089 4217 1305 4273 divitias
1332 4216 1572 4273 scientiae
1608 4217 1914 4286 singularis,

312 4311 513 4381 quibus
539 4326 747 4379 omnes,
770 4311 1078 4382 ubicunque
1107 4311 1375 4377 veniebat,
1402 4307 1743 4366 indeﬁciente
1763 4309 1917 4379 largi-

311 4412 433 4462 tate
459 4405 736 4477 pascebat.

384 4495 480 4550 ιι.
512 4496 656 4552 Inter
674 4496 814 4554 alios
834 4512 967 4553 sane
991 4497 1278 4568 episcopos
1299 4511 1419 4552 cum
1444 4495 1638 4566 quibus
1667 4494 1915 4550 exsilium

310 4601 604 4642 commune
630 4596 976 4658 susceperat,
1005 4595 1253 4658 tempore
1291 4585 1646 4642 ordinationis
1686 4593 1804 4640 erat
1829 4586 1914 4640 in“

2029 1982 2206 2046 titulo,
2239 1983 2333 2037 sed
2363 1982 2530 2036 solius
2558 1981 2707 2036 beati
2745 1979 3012 2049 Fulgentii
3052 1993 3232 2033 sermo
3261 1976 3548 2032 tenebatur
3577 1975 3634 2030 in

2027 2075 2188 2146 stylo.
3627 2115 3630 2118 .

2099 2165 2187 2219 42.
2218 2166 2421 2221 Prmter
2441 2167 2572 2221 istas
2599 2180 2816 2236 quoque
2835 2164 3034 2235 publici
3061 2171 3323 2218 tractatus
3350 2162 3629 2233 epistolas,

2025 2259 2072 2314 si
2098 2259 2218 2329 quis
2245 2258 2383 2314 forte
2403 2274 2473 2314 ex
2498 2259 2627 2328 ipsis
2656 2257 2925 2329 episcopis
2952 2257 3232 2312 absentem
3253 2255 3466 2327 plebem
3477 2269 3631 2310 suam

2025 2350 2296 2418 corrigere
2323 2350 2411 2405 vel
2450 2365 2674 2405 monere
2712 2348 2975 2404 voluisset
2995 2390 3010 2415 ,
3043 2347 3111 2404 ad
3136 2347 3356 2403 beatum
3391 2345 3630 2416 Fulgen-

2025 2441 2158 2494 tium
2184 2441 2500 2510 suppliciter
2534 2439 2856 2508 accedebat,
2887 2448 2942 2493 et
2987 2454 3088 2509 per
3132 2436 3490 2492 ministerium
3520 2435 3632 2490 lin-

2024 2546 2143 2601 gnte
2171 2533 2288 2602 ejus
2316 2533 2554 2589 oﬂicium
2583 2549 2694 2588 suze
2713 2532 3133 2603 dispensationis
3163 2530 3440 2600 implebat.
3459 2529 3503 2584 Ο
3523 2529 3630 2583 mi-

2024 2627 2249 2681 rabilem
2277 2626 2448 2680 virum
2478 2642 2586 2680 non
2639 2625 2742 2681 sibi
2791 2625 2912 2690 soli,
2967 2623 3064 2680 sed
3109 2623 3362 2679 omnibus
3407 2621 3631 2676 natum!

2023 2716 2148 2772 Sola
2170 2733 2292 2772 eum
2324 2717 2620 2788 Ruspensis
2641 2715 2883 2772 Ecclesia
2921 2715 3202 2770 doctorem
3231 2718 3540 2780 meruerat,
3573 2717 3631 2767 et

2023 2824 2149 2878 pars
2171 2809 2407 2863 maxima
2431 2808 2645 2864 concilii
2671 2807 2940 2879 Byzaeeni
2968 2805 3036 2862 de
3068 2805 3239 2876 ipsius
3266 2818 3518 2861 sermone
3543 2802 3634 2868 vi,

2021 2901 2202 2956 vehat.
2235 2900 2550 2970 Quicunque
2593 2901 2649 2954 in
2693 2899 2936 2970 qualibet
2979 2897 3328 2955 sacerdotum
3367 2895 3631 2954 exsulan-

2023 2994 2156 3047 tium
2185 2993 2344 3063 plebe
2373 2992 2618 3047 tentabat
2646 2992 2920 3061 inquietus
2966 2992 3219 3058 existere,
3266 2991 3355 3047 vel
3385 2988 3631 3062 episcopi

2021 3086 2224 3155 proprii
2251 3084 2401 3154 jussa
2442 3093 2810 3149 contemnere,
2859 3083 3023 3140 beato
3057 3083 3343 3154 Fulgentio
3387 3082 3630 3140 dictante

2021 3179 2099 3233 sic
2120 3178 2515 3247 corripiebatur
2543 3179 2759 3245 absens,
2791 3185 2853 3231 ut
2897 3175 3283 3233 satisfactionis
3325 3173 3630 3233 remedium

1945 3273 1994 3338 ο
2023 3285 2289 3340 quierens,
2326 3271 2610 3339 enavigato
2648 3269 2785 3325 mari
2815 3270 3073 3325 continuo
3102 3269 3259 3325 ﬁeret
3283 3285 3543 3339 prtesens,
3572 3276 3631 3326 et

2024 3377 2121 3432 per
2152 3360 2326 3430 ipsum
2371 3361 2589 3415 beatum
2629 3359 3011 3429 Fulgentium,
3062 3359 3214 3428 cujus
3260 3359 3630 3430 eloquentiam

2021 3455 2818 3520 senseratexcommunicatus,
2869 3455 3187 3526 impetraret
3222 3455 3435 3510 veniam
3478 3455 3628 3510 salu-

2021 3548 2192 3602 briter
2209 3546 2540 3601 humiliatus.
2575 3546 2692 3615 Ipse
2713 3560 2946 3616 namque
2965 3545 3156 3600 beatus
3179 3544 3493 3614 Fulgentius
3509 3553 3630 3602 erat

1985 3667 1993 3675 -
2022 3638 2188 3705 ultor,
2212 3638 2326 3707 ipse
2357 3638 2723 3692 intercessor:
2748 3652 2872 3691 cum
2904 3637 3110 3705 collega
3154 3636 3330 3702 ultor,
3384 3652 3484 3707 pro
3523 3637 3629 3691 mi-

2020 3730 2194 3784 nistro
2225 3729 2568 3783 intercessor.
2602 3727 2685 3782 Ab
2714 3726 2831 3797 ipso
2859 3726 3192 3797 procedebat
3219 3725 3447 3796 gladius,
3481 3725 3630 3783 unde

2021 3821 2375 3891 superborum
2404 3820 2583 3875 cervix
2625 3817 2761 3874 dura
2815 3818 3146 3884 caederetur;
3199 3826 3254 3874 et
3302 3834 3400 3888 per
3448 3819 3630 3889 ipsum

2020 3928 2207 3968 rursus
2263 3911 2654 3967 benevolentiae
2696 3911 2964 3966 medicina
3015 3910 3394 3982 praebebatur,
3450 3910 3628 3968 donec

2020 4003 2323 4075 supplicum
2350 4002 2574 4057 fratrum
2602 4001 3013 4073 pusillanimitas
3035 4009 3339 4058 sanaretur.

2093 4120 2183 4174 45.
2208 4120 2354 4176 Inter
2382 4121 2498 4190 ipsa
2525 4119 2686 4190 plane
2706 4118 3002 4190 primordia
3031 4118 3253 4188 gloriosi
3281 4117 3476 4185 exsilii,
3504 4132 3627 4174 mon

2021 4215 2317 4270 nasterium
2345 4226 2695 4281 congregare,
2744 4228 2946 4283 paucos
2974 4227 3160 4268 secum
3188 4212 3390 4269 ducens
3429 4227 3628 4269 mona-

2022 4309 2156 4362 chos
2185 4307 2405 4360 minime
2431 4306 2609 4376 potuit
2643 4323 2655 4357 :
2687 4304 2806 4359 sine
2832 4303 3072 4359 fraterna
3099 4313 3281 4360 tamen
3322 4317 3627 4373 congrega-

2023 4400 2170 4454 tione
2191 4399 2357 4452 vitam
2380 4397 2579 4453 ducere
2600 4397 2865 4464 nesciens,
2897 4397 3252 4469 coepiscopos
3291 4412 3440 4463 suos,
3475 4395 3628 4453 [llus-

2021 4502 2160 4548 trem
2187 4493 2395 4548 scilicet
2421 4499 2478 4547 et
2502 4490 2837 4557 Januarium,
2867 4490 3116 4546 habitare
3141 4506 3328 4547 secum
3356 4491 3627 4562 persuasit

2020 4584 2286 4639 volentes.
2319 4582 2524 4650 Quibus
2550 4583 2710 4639 unico
2739 4583 2982 4638 serviens
3010 4582 3252 4639 caritatis
3289 4581 3516 4652 affectu,
3546 4583 3627 4637 si-

271 4725 280 4730 .
307 4675 508 4741 terior,
539 4677 628 4732 sed
647 4655 922 4748 patientiae
949 4685 1005 4733 et
1031 4655 1272 4733 caritatis
1303 4676 1504 4730 virtute
1533 4691 1642 4731 non
1672 4674 1910 4730 inferior.
1943 4655 1998 4718 Ῑ)
2021 4675 2379 4731 militudinem
2401 4675 2581 4744 magni
2609 4673 2895 4748 cujusdam
2919 4675 3236 4730 monasterii
3263 4673 3543 4728 monachis
3568 4678 3627 4730 et

308 4765 370 4822 In
402 4765 566 4821 rebus
611 4768 756 4823 enim
792 4767 998 4834 dubiis,
1030 4767 1123 4824 ubi
1168 4783 1328 4839 quam
1361 4769 1597 4823 maxime
1625 4767 1912 4824 consilium

316 4859 629 4928 petebatur,
665 4860 712 4915 si
756 4861 974 4930 quando
997 4860 1139 4915 inter
1159 4875 1218 4915 se
1247 4859 1588 4916 confessores
1614 4859 1912 4916 beatissimi

307 4950 379 5028 de
409 4952 684 5006 communi
709 4952 940 5006 utilitate
977 4951 1312 5015 tractabant,
1343 4950 1561 5006 ultimus
1588 4951 1804 5020 quidem
1827 4967 1913 5008 se-

309 5041 510 5108 debat;
562 5053 934 5100 verumtamen
981 5043 1150 5114 ipsius
1197 5042 1520 5096 sententiam
1569 5043 1771 5113 primas
1825 5043 1913 5098 vel

306 5149 505 5189 clunes
533 5136 624 5205 qui
654 5137 937 5206 primatem
982 5133 1346 5205 sequebantur
1392 5133 1578 5189 audire
1623 5143 1680 5190 et
1730 5133 1913 5191 facere

305 5224 639 5296 cupiebant,
681 5228 928 5297 quamvis
975 5227 1085 5291 ille,
1134 5225 1268 5281 nihil
1295 5240 1392 5296 per
1436 5225 1651 5281 inanem
1688 5227 1915 5296 gloriam
1951 5244 1955 5249 ·

303 5311 415 5372 sibi
449 5316 746 5386 vindicans,
768 5318 1007 5375 deferret
1033 5319 1296 5375 honorem
1325 5332 1621 5388 congruum
1646 5320 1916 5389 prioribus

302 5411 444 5466 suis.
475 5410 554 5479 (ά)
575 5409 665 5465 Sic
715 5412 858 5466 enim
898 5413 1189 5482 cogebatur
1211 5409 1541 5481 respondere
1582 5411 1914 5466 consulenti-

302 5501 438 5569 bus,
467 5509 528 5555 ut
577 5511 798 5573 paratus
848 5512 994 5560 esset
1030 5519 1246 5576 semper
1289 5501 1510 5560 obedire
1559 5501 1912 5572 jubentibus,

379 5619 464 5688 (a)
497 5621 646 5684 Ant.,
672 5619 789 5691 Tali
813 5636 950 5685 vero,
983 5620 1036 5674 in
1066 5636 1258 5690 marg,
1289 5616 1622 5691 praecipiebat
1646 5618 1806 5675 um'ri.

379 5691 460 5763 (b)
486 5692 640 5760 Apud
669 5690 872 5756 Chilll.,
893 5707 1069 5746 curam
1097 5693 1173 5746 vel
1202 5690 1604 5745 consolationem
1631 5700 1906 5762 postpone-

297 5772 384 5818 ret
419 5763 811 5818 monachorum.

409 5835 463 5907 c_)
489 5831 663 5907 μυῖαι.
697 5850 818 5907 cum
841 5851 969 5901 ms.,
994 5837 1049 5891 in
1077 5835 1254 5907 paucis
1279 5833 1404 5887 suis.

407 5902 469 5975 ά)
491 5901 552 5959 ln
571 5919 698 5970 ms.,
730 5904 792 5961 Si
819 5908 1045 5963 enim...
1077 5901 1162 5961 ita
1193 5913 1405 5976 paratus
1432 5910 1544 5959 erat
1569 5918 1769 5976 semper
1785 5903 1906 5958 obe-

559 5996 842 6062 Pnnon.
887 5987 1085 6067 LXV.

2022 4768 2234 4825 clericis
2273 4767 2520 4822 adunatis
2569 4766 2844 4836 sapienter
2883 4764 3080 4821 ell'ecit.
3115 4763 3246 4818 Erat
3290 4763 3490 4834 quippe
3545 4762 3626 4818 eis

2023 4861 2326 4919 communis
2371 4873 2593 4924 mensa,
2641 4871 2930 4914 commune
2975 4856 3272 4918 cellarium,
3322 4854 3625 4911 communis

2021 4952 2222 5021 oratio,
2250 4950 2411 5006 simul
2436 4956 2491 5004 et
2517 4948 2699 5004 lectio.
2730 4947 2918 5003 Nullus
2938 4963 2998 5003 se
3025 4962 3188 5018 super
3211 4946 3440 5001 alterum
3471 4945 3623 5000 inso-

2023 5045 2200 5101 lenter
2218 5043 2498 5111 eflerebat,
2527 5059 2704 5114 neque
2730 5042 2965 5114 propriis
2990 5040 3242 5097 fratribus
3270 5041 3501 5112 amplius
3527 5047 3625 5094 aut

2021 5138 2348 5210 peculiarius
2374 5138 2710 5202 consulebat,
2743 5137 2847 5191 nisi
2876 5121 3022 5206 quod
3047 5135 3220 5204 magis
3261 5135 3337 5189 illi
3366 5134 3624 5211 monachi

2017 5234 2113 5302 qui
2158 5234 2376 5288 beatum
2423 5231 2763 5300 Fulgentium
2819 5230 3220 5300 sequebantur,
3279 5229 3622 5285 districtioris

2019 5325 2361 5380 abstinentiae
2386 5323 2627 5393 regulam
2656 5320 3042 5385 custodientes,
3074 5321 3208 5377 nihil
3237 5321 3458 5376 omnino
3486 5335 3621 5390 pro-

2021 5416 2199 5486 prium
2227 5413 2597 5486 possidebant,
2625 5411 2697 5485 (e)
2728 5426 2830 5466 nec
2864 5411 3004 5468 inter
3031 5411 3169 5466 alios
3199 5411 3428 5465 clericos
3456 5409 3620 5464 cleri.

2023 5523 2211 5564 corum
2237 5522 2389 5563 more
2416 5505 2692 5561 vivebant.
2723 5503 2868 5560 Talis
2888 5512 3006 5560 erat
3029 5503 3175 5559 beati
3195 5501 3463 5570 Fulgentii
3490 5517 3618 5556 eru-

2015 5623 2130 5676 dire
2149 5620 2467 5693 jubentibus,
2497 5638 2563 5676 ne
2600 5629 2953 5692 praesumeret,
2982 5628 3089 5675 etc.
3119 5616 3268 5684 Ant.,
3310 5617 3372 5671 Si
3410 5619 3616 5673 enim...

2015 5703 2129 5747 erat
2186 5703 2432 5746 aratas...
2465 5709 2559 5746 nec
2585 5693 2948 5763 prwsumebat.

2017 5712 2307 5888 Chﬁgl‘lon
2347 5762 2572 5832 legimus
2620 5779 2740 5834 quae
2785 5779 2948 5834 sequu

2017 5757 2172 5891 “se”;
2193 5763 2307 5820 Non
2347 5757 2740 5834 legimus'quze
2785 5769 3082 5834 sequuntur
3110 5762 3164 5816 in
3212 5777 3311 5816 ms.
3347 5764 3447 5818 nec
3475 5757 3617 5832 apud

3086 5975 3147 6055 ’ὅ
