4122 6330
479 369 585 435 159

1639 375 1698 434 S.
1736 368 2164 434 FULGENTIUS
2200 373 2588 437 RUSPENSIS.

3643 379 3744 437 MO

481 494 634 559 ditio,
662 507 783 566 qum
815 492 1142 566 spiritalibus
1178 491 1397 548 monitis
1431 492 1506 548 ita
1555 491 1917 562 subjectorum
1962 491 2060 548 sibi
2088 492 2138 552 Δ
2167 491 2368 560 dirigit,
2422 507 2452 547 a
2496 509 2606 564 quo
2648 467 2772 550 .sine
2821 509 2971 551 mora
3017 495 3208 552 ductus
3236 502 3396 565 atque
3435 494 3744 566 perductus,

404 618 407 622 -
479 585 642 643 corda
670 585 986 642 transferret
1008 602 1036 640 a
1066 585 1295 640 terrenis
1315 582 1678 653 voluptatibus
1703 583 1772 638 ad
1799 583 2067 654 spiritales

480 679 834 749 caelestesque
858 678 1076 735 delicias
1091 720 1106 743 ,
1140 687 1198 732 ut
1222 677 1347 732 boni
1368 675 1632 747 propositi
1659 686 1911 733 manente
1933 692 2064 733 cen-

479 785 626 838 sura,
656 787 761 827 non
791 771 1176 828 seducerentur
1200 769 1532 826 inﬁrmorum
1579 771 1799 826 fratrum
1847 771 2063 840 inertia,

480 863 778 918 nolentium
808 863 1002 918 imitari
1045 876 1164 932 quas
1189 861 1430 930 quotidie
1475 869 1602 916 ante
1647 862 1833 918 oculos
1876 877 2064 918 eorum

480 956 804 1025 gerebantur
839 955 1104 1022 exempla.
1155 953 1286 1020 Quis
1333 953 1474 1008 illius
1511 953 1858 1011 habitationis
1908 955 2066 1026 digne

480 1046 712 1116 explicet
738 1044 959 1099 laudes?
983 1045 1184 1100 Domus
1213 1045 1302 1099 illa
1332 1053 1459 1100 tunc
1491 1044 1806 1102 Ca'ralitanaz
1837 1047 2067 1104 civitatis

480 1138 756 1193 oraculum
787 1136 904 1192 fuit.
929 1137 1058 1192 Illuc
1085 1137 1228 1192 enim
1257 1136 1505 1192 veniebat
1533 1135 1761 1194 afﬂictus
1787 1137 2067 1208 percipere

478 1231 775 1286 remedium
805 1230 1208 1293 consolationis,
1235 1231 1308 1285 ibi
1335 1231 1661 1299 gerebantur
1693 1230 1834 1286 inter
1859 1229 2067 1285 discor-

477 1321 670 1376 dantes
698 1320 845 1390 pacis
873 1329 928 1374 et
954 1319 1255 1407 concordia:
1284 1329 1439 1391 pacta
1465 1320 1638 1376 ﬁdelia
1656 1361 1672 1387 ,
1703 1321 1938 1376 divinam
1964 1337 2065 1376 vo-

476 1412 710 1468 lentibus
737 1413 925 1468 audire
955 1413 1260 1483 diligentius
1295 1413 1583 1469 lectionem
1626 1414 1967 1469 ministrabat
1994 1413 2068 1469 ibi

474 1504 738 1563 Dominus
764 1507 1085 1575 plenissimae
1117 1505 1466 1578 expositionis
1491 1506 1920 1562 mdiﬁcationem.
1964 1506 2067 1561 De-

475 1599 711 1655 lectabat
735 1599 945 1654 nobiles
974 1597 1148 1667 viros,
1188 1599 1232 1653 si
1277 1597 1390 1654 ﬁeri
1437 1607 1639 1669 posset,
1673 1598 1911 1668 quotidie
1937 1598 2066 1653 bea-

473 1696 591 1744 tum
622 1688 956 1758 Fuigentium
986 1705 1211 1746 cernere
1250 1690 1613 1761 disputantem
1643 1709 1657 1744 :
1686 1690 1888 1746 libebat
1928 1691 2068 1746 indi:

474 1781 710 1852 gentiam
750 1782 1080 1838 sustinentes
1106 1782 1231 1838 inde
1268 1790 1453 1852 petere
1493 1782 1805 1852 suppliciter
1831 1779 2068 1838 eleemoL-

2163 584 2411 653 pervenit
2437 583 2814 652 Carthaginem
2843 586 3022 640 laetus.
3058 584 3156 642 Ubi
3206 594 3460 656 tanquam
3500 585 3748 640 fidelissi-

2165 691 2285 731 mus
2306 675 2675 746 dispensator,
2718 679 2971 746 erogandi
3002 679 3198 732 talenta
3227 679 3327 732 sibi
3356 677 3556 733 credita
3587 693 3747 748 repe-

2164 767 2310 823 riens
2335 767 2694 832 occasionem,
2718 769 2882 838 cmpit
2898 752 3263 847 in‘liospitiolo
3290 768 3510 839 proprio
3533 770 3751 824 venien-

2165 864 2248 913 tes
2283 857 2350 912 ad
2399 873 2460 914 se
2503 859 2794 914 catholicos
2843 860 3173 916 orthodoxos
3223 861 3505 928 diligenter
3532 862 3748 927 docere,

2164 952 2430 1006 rationem
2453 951 2680 1007 reddens
2707 953 2978 1023 quomodo
3013 946 3171 1008 Pater
3211 962 3266 1009 et
3305 953 3468 1008 Filius
3496 961 3550 1008 et
3578 953 3748 1024 Spiri-

2167 1050 2254 1097 tus
2291 1051 2527 1107 sanctus,
2559 1054 2811 1100 manente
2854 1044 3010 1098 trium
3040 1060 3388 1114 personarum
3429 1044 3746 1110 differentia,

2167 1131 2310 1187 Deus
2331 1149 2466 1188 unus
2500 1149 2530 1188 a
2573 1134 2814 1189 lidelibus
2843 1134 3180 1204 prmdicetur.
3231 1135 3403 1190 Tanta
3450 1143 3628 1188 autem
3653 1134 3752 1190 fuit

2166 1222 2327 1278 beato
2356 1223 2636 1293 Fuigentio
2684 1225 2896 1280 facundi
2923 1227 3188 1280 sermonis
3216 1226 3479 1286 suavitas.
3521 1233 3666 1279 tanta
3693 1225 3751 1280 in

2167 1315 2318 1386 vultu
2345 1315 2462 1382 ejus
2488 1317 2718 1371 micabat
2745 1317 2984 1371 hilaritas
3001 1359 3014 1382 ,
3050 1326 3108 1371 ut
3134 1317 3381 1372 certatim
3415 1316 3599 1370 fideles
3627 1316 3750 1369 uni-

2167 1422 2356 1462 versos
2381 1417 2566 1462 sancta
2595 1409 2792 1464 caritas
2843 1410 3108 1473 traheret,
3141 1409 3228 1463 vel
3267 1410 3598 1478 interrogare
3625 1408 3751 1464 doc«

2168 1499 2432 1553 tissimum
2465 1499 2668 1563 virum,
2701 1500 2784 1554 vel
2828 1500 3034 1566 audire,
3081 1501 3292 1572 quoties
3320 1501 3388 1556 ad
3428 1502 3751 1566 interrogata

2167 1588 2548 1659 respondebat.
2593 1589 2684 1643 llle
2731 1604 2860 1644 vero
2901 1590 3126 1644 verbum
3156 1590 3252 1645 Dei
3278 1591 3395 1644 sine
3435 1589 3632 1644 invidia
3673 1597 3752 1642 ta~

2164 1678 2420 1735 bescente
2472 1679 2904 1745 communicans,
2951 1679 3267 1734 occurrebat
3311 1679 3748 1747 interrogationi-

2166 1769 2270 1825 bus
2293 1769 2552 1834 omnium,
2599 1769 2866 1824 neminem
2893 1769 3228 1838 despiciens,
3261 1770 3461 1824 nullum
3504 1769 3752 1838 judicans

473 1887 661 1946 synam
708 1873 1076 1943 corporalem,
1124 1873 1268 1928 unde
1295 1872 1598 1928 doctrinam
1625 1887 1842 1943 quoque
1885 1887 2062 1928 sume-
2093 1865 2143 1928 Β
2165 1864 2490 1934 ἰωρτοδιιω,
2520 1871 2740 1933 Paratus
2769 1865 2932 1919 etiam
2956 1865 3104 1935 ipse,
3131 1866 3175 1920 si
3201 1865 3288 1921 cui
3322 1863 3461 1920 forte
3489 1865 3628 1920 Deus
3654 1879 3754 1935 per

469 1971 596 2020 rent
623 1963 937 2034 spiritalem.
976 1963 1312 2034 Frequenter
1349 1965 1495 2020 enim
1535 1964 1726 2018 beatus
1749 1961 2063 2032 Fulgentius

472 2071 610 2125 quos
636 2057 803 2112 multa
848 2056 1124 2126 largiendo
1161 2057 1230 2112 de
1268 2057 1548 2128 temporali
1592 2056 1733 2114 fame
1775 2057 2059 2124 liberabat,

470 2147 781 2203 renuntiare
809 2149 1036 2214 sccculo,
1069 2150 1344 2220 sapienter
1388 2149 1760 2216 admonendo,
1791 2149 2058 2216 faciebat;

470 2247 529 2294 et
554 2241 798 2310 quamvis
826 2239 960 2295 nihil
1000 2240 1258 2296 habentes
1275 2280 1292 2308 ,
1322 2241 1552 2297 habendi
1579 2241 1908 2297 voluntatem
1932 2258 2065 2298 con-

470 2335 715 2384 temnere
736 2329 1013 2393 suadebat,
1047 2332 1121 2385 ita
1149 2330 1375 2402 cupidus
1401 2347 1615 2401 semper
1634 2331 1971 2400 acquirendae
1994 2333 2062 2388 ad

469 2423 775 2478 etenobium
817 2421 1195 2487 fraternitatis,
1246 2431 1308 2478 ut
1334 2425 1579 2494 quamvis
1607 2423 1786 2478 omnia
1815 2424 2066 2479 omnibus

466 2521 653 2568 nosset
685 2528 831 2578 esse,
864 2515 1252 2570 monachorum
1296 2525 1474 2571 tamen
1502 2515 1823 2586 professioni
1857 2518 2065 2572 sociare

467 2611 695 2660 cunctos
722 2612 779 2659 et
807 2613 1023 2675 optaret
1051 2613 1107 2660 et
1135 2607 1317 2662 vellet.
1349 2605 1477 2663 Haec
1519 2607 1658 2662 fama
1686 2623 1788 2677 per
1813 2607 1927 2662 dies
1948 2609 2062 2662 sin-

467 2698 622 2767 gulos
649 2713 921 2766 crescens,
952 2698 1393 2768 Carthaginensis
1427 2716 1642 2770 quoque
1680 2699 1938 2756 Ecclesia:
1968 2717 2064 2770 po-

463 2789 625 2860 pulos
653 2791 721 2844 ad
761 2792 968 2860 majora
1007 2792 1198 2862 gaudia
1245 2793 1594 2864 provocabat,
1645 2801 1702 2848 et
1754 2794 2064 2849 certissimis

465 2881 695 2936 testibus
723 2897 789 2936 ex
814 2882 904 2936 illa
933 2883 1211 2953 provincia
1243 2883 1579 2938 venientibus
1592 2884 1809 2939 beatum
1835 2884 2065 2954 Fulgen-

464 2970 599 3028 tium
621 2973 1038 3028 commendabat
1066 2975 1396 3031 absentibus.

464 3058 647 3136 Carm
679 3077 789 3118 xxt.
825 3062 1124 3136 Persecutio
1160 3065 1711 3136 regisiTrasamundi.
1746 3066 2064 3123 Trasamun-

535 3132 879 3256 dus‘tzccersit
905 3132 1261 3206 Fulgentiuni.
1290 3135 1515 3192 Fructus
1544 3138 1793 3193 doctrina:
1821 3137 1882 3193 S.
1925 3137 2062 3193 Ful-

536 3220 631 3256 aen
659 3220 674 3256 ι
700 3242 714 3255 .

535 3219 714 3274 genm.

537 3295 626 3352 44.
658 3296 868 3352 Interea
911 3296 1264 3356 Trasamundi
1293 3300 1434 3370 regis
1461 3300 1717 3357 adversus
1744 3300 2060 3371 religionem

465 3387 787 3446 catholicam
818 3407 970 3446 mens
1021 3391 1375 3462 implacabilis
1427 3402 1484 3448 et
1523 3396 1601 3449 ira
1625 3394 1895 3460 terribilis,
1921 3394 2062 3449 inter

463 3496 686 3552 asperas
707 3482 1114 3552 persecutiones
1138 3481 1499 3556 subdolasque
1528 3483 1819 3550 factiones,
1869 3484 2060 3554 quibus

463 3575 724 3644 aqualem
753 3575 866 3632 Deo
893 3573 1042 3632 Patri
1075 3589 1273 3647 negare
1308 3577 1579 3634 Christum
1603 3577 1897 3636 catholicos
1916 3592 2060 3633 nunc

462 3668 760 3738 terroribus
792 3669 1051 3741 cogebat,
1101 3687 1244 3726 nunc
1289 3671 1732 3744 promissionibus
1778 3668 2057 3736 invitabat,

463 3759 563 3813 sub
589 3759 888 3815 intentione
917 3761 1036 3830 plus
1060 3761 1390 3831 decipienda:
1413 3761 1766 3816 multitudinis
1805 3759 2059 3814 simulare

460 3851 628 3920 cmpit
669 3852 936 3906 rationem
980 3868 1038 3907 se
1090 3852 1409 3923 simpliciter
1453 3852 1726 3921 inquirere
1781 3851 2057 3907 catholica:

460 3939 758 4009 religionis,
792 3941 1016 4011 reperiri
1045 3942 1315 3996 neminem
1346 3951 1544 4013 putans
1583 3940 1736 4010 cujus
1773 3948 1955 4012 posset
2001 3941 2056 3994 in

461 4029 576 4083 suis
602 4029 878 4084 erroribus
908 4033 1203 4086 assertione
1233 4032 1499 4087 convinci.
1531 4030 1878 4100 Proponebat
1903 4030 2055 4085 deni-

461 4128 567 4190 que
594 4121 672 4193 (α)
700 4122 896 4178 multas
916 4123 1216 4193 ineptarum
1239 4123 1535 4178 tendiculas
1556 4123 1932 4193 quaastionum,
1956 4138 2058 4176 nec

463 4211 509 4266 si
538 4213 661 4279 quis
688 4213 738 4266 ei
764 4214 1092 4284 respondere
1120 4213 1415 4278 voluisset,
1460 4223 1551 4268 aut
1579 4212 1934 4283 despiciebat,
1963 4222 2057 4266 aut

459 4302 791 4372 repellebat,
825 4306 932 4360 imo
971 4307 1125 4375 quasi
1164 4305 1435 4376 patienter
1471 4303 1715 4369 audiens,
1761 4305 1892 4359 satis
1939 4303 2054 4358 ﬁeri

459 4394 565 4450 sibi
586 4411 693 4451 non
715 4412 874 4466 posse
895 4397 1155 4468 jactabat.
1180 4396 1250 4453 Et
1275 4413 1462 4452 revera
1492 4398 1612 4468 quis
1633 4398 1795 4452 homo
1824 4406 1933 4451 tam
1958 4397 2056 4451 ob-

458 4493 658 4542 durato
713 4490 862 4545 cordi
909 4491 1170 4547 valuisset
1221 4491 1400 4546 lumen
1445 4491 1730 4546 ostendere
1776 4489 2055 4544 veritatis?

2165 1956 2422 2028 Spiritum
2444 1965 2690 2014 sanctum
2717 1957 2908 2012 melius
2954 1958 3265 2023 revelasset,
3297 1957 3481 2012 audire
3519 1957 3602 2012 vel
3637 1956 3752 2011 dis-

2164 2064 2310 2116 cere,
2334 2056 2551 2116 tenere,
2591 2050 2773 2118 sequi,
2815 2051 3138 2118 approbare,
3174 2050 3273 2105 sub
3301 2048 3478 2104 ofﬁcio
3515 2048 3753 2104 doctoris

2163 2138 2520 2194 humilitatem
2575 2139 2819 2209 discipuli
2867 2140 3131 2208 benignus
3175 2148 3233 2194 et
3281 2140 3424 2194 mitis
3475 2154 3750 2195 exercens.

2172 2229 2324 2286 Unde
2338 2231 2564 2299 contigit
2584 2237 2643 2285 ut
2665 2231 2834 2285 multo
2855 2229 3067 2286 doctior
3091 2239 3147 2286 et
3165 2231 3343 2302 seipso
3365 2232 3558 2287 melior
3578 2231 3753 2297 ﬁeret,

2165 2323 2314 2378 lucra
2335 2321 2549 2378 Christo
2582 2322 2786 2392 majora
2815 2324 3148 2394 perquirens.
3179 2322 3327 2379 Alios
3357 2323 3498 2378 enim
3523 2322 3631 2394 jam
3659 2339 3752 2379 re-

2163 2415 2464 2485 baptizatos
2505 2430 2744 2472 errorem
2783 2431 2937 2470 suum
2982 2415 3236 2487 plangere
3283 2415 3546 2481 docebat,
3576 2423 3630 2470 et
3657 2432 3748 2472 rc-

2166 2506 2519 2571 conciliabat;
2553 2505 2688 2560 alios
2715 2513 2915 2570 autem,
2941 2520 3008 2560 ne
3029 2521 3156 2562 suas
3175 2507 3380 2562 animas
3399 2522 3497 2576 pro
3524 2506 3750 2561 terrenis

2167 2593 2464 2648 commodis
2493 2593 2802 2664 perderent,
2833 2593 3177 2650 admonebat.
3209 2593 3274 2650 Et
3312 2610 3447 2664 quos
3485 2594 3592 2663 jam
3627 2610 3751 2665 per-

2167 2682 2360 2738 ditioni
2397 2685 2669 2754 proximos
2710 2685 2994 2749 sentiebat,
3045 2686 3118 2740 ita
3163 2685 3373 2742 blandis
3419 2686 3753 2741 sermonibus

2167 2775 2421 2842 leniebat,
2457 2786 2512 2832 ut
2541 2786 2764 2847 propter
2798 2777 2915 2847 ejus
2950 2778 3378 2834 benevolentiam
3423 2779 3751 2834 verecunda-

2165 2877 2355 2922 rentur
2383 2868 2673 2936 cogitatam
2703 2868 2928 2938 implere
2957 2870 3245 2934 malitiam,
3271 2871 3580 2940 reversique
3602 2871 3750 2926 velo-

2166 2959 2302 3014 citer
2325 2967 2545 3030 agerent
2573 2959 2964 3029 pmnitentiam.
2993 2958 3292 3015 Confortati
3321 2960 3410 3014 alii
3439 2961 3616 3015 verbis
3637 2960 3751 3028 ejus

2167 3057 2223 3104 et
2251 3049 2510 3105 doctrinm
2540 3050 2655 3118 ejus
2682 3050 2795 3105 sale
2823 3051 3052 3115 conditi,
3092 3051 3480 3120 redarguebant
3525 3052 3752 3108 Arianos

2166 3141 2451 3196 haereticos
2479 3157 2600 3196 cum
2631 3142 2778 3195 omni
2804 3139 3016 3196 ﬁducia.
3056 3140 3146 3196 Sic
3185 3141 3415 3195 mirabili
3455 3143 3626 3210 gratia
3666 3140 3746 3194 fa-

2091 3216 2140 3283 C
2168 3243 2312 3291 ctum
2336 3232 2435 3288 fuit
2463 3241 2522 3288 ut
2546 3249 2642 3304 per
2667 3250 2830 3289 unum
2869 3233 3228 3299 sacerdotem,
3260 3233 3407 3302 cujus
3432 3233 3750 3304 sapientiam

2165 3340 2262 3380 rex
2289 3324 2536 3378 voluerat
2563 3324 2816 3394 experiri,
2842 3324 3142 3393 sapientum
3165 3339 3418 3383 numerus
3447 3324 3585 3394 apud
3622 3324 3750 3379 Car-

2163 3415 2436 3483 thaginem
2467 3422 2753 3480 cresceret,
2785 3423 2838 3470 et
2857 3430 2955 3484 per
2982 3415 3335 3469 ministerium
3366 3416 3751 3486 persecutionis

2165 3504 2300 3560 ﬁdes
2339 3504 2607 3560 catholica
2645 3505 3032 3560 incrementum
3079 3503 3257 3576 potius
3298 3518 3458 3574 quam
3483 3503 3749 3562 defectum

2164 3596 2454 3666 acciperet.

2163 3687 2346 3744 CAPUT
2379 3703 2506 3742 xxii.
2543 3686 2828 3759 Responsio
2869 3686 2930 3740 Β.
2969 3685 3235 3759 Fulgentii
3282 3687 3352 3739 ad
3395 3687 3562 3742 decem
3601 3687 3746 3757 obje-

2673 3759 2865 3812 ctiones
2893 3758 3224 3812 Arianorum.

2235 3849 2324 3903 46.
2357 3849 2483 3904 Haec
2511 3850 2688 3904 omnia
2719 3865 2814 3922 rex
2863 3864 2959 3919 per
3005 3848 3246 3904 occultos
3283 3850 3497 3904 nuntios
3536 3849 3748 3904 discens

2163 3940 2364 4010 egregii
2393 3940 2688 3994 sacerdotis
2714 3940 3003 4008 ingenium,
3041 3940 3357 4010 sapientiam
3381 3982 3395 4005 ,
3427 3940 3743 4006 doctrinam,

2161 4028 2342 4094 fidem,
2368 4031 2643 4100 pietatem,
2668 4031 3132 4088 mansuetudinem
3154 4075 3169 4099 ,
3200 4032 3583 4087 continentiam
3616 4048 3744 4102 pro~-

2161 4120 2272 4186 bat,
2301 4130 2356 4176 et
2382 4123 2765 4177 convenienter
2793 4121 2947 4176 famas
2967 4137 3077 4178 sum
3105 4123 3384 4192 praeconiis
3402 4162 3417 4188 ,
3441 4123 3602 4177 talem
3630 4137 3746 4178 esse

2163 4212 2339 4283 qualis
2357 4213 2750 4284 praedicabatur
2771 4215 3030 4285 agnoscit.
3056 4214 3205 4270 Dicta
3234 4214 3461 4285 proinde
3481 4215 3742 4284 quaedam,

2160 4321 2372 4361 veneno
2399 4305 2638 4376 perfidiae
2663 4307 2850 4376 plena,
2885 4307 3107 4376 legenda
3149 4308 3199 4362 ei
3237 4307 3485 4363 celeriter
3528 4307 3744 4374 dirigit,

2161 4399 2569 4469 responsionem
2605 4400 2707 4454 sibi
2746 4397 2992 4469 ﬂagitans
3020 4399 3189 4454 reddi.
3235 4398 3484 4468 Suscepit
3512 4398 3627 4453 haec
3646 4398 3745 4453 do-

2159 4491 2431 4547 ctissimus
2459 4490 2718 4561 pontifex,
2752 4499 2807 4546 et
2836 4490 3156 4560 longissima:
3184 4489 3502 4544 narrationis
3521 4488 3746 4559 ineptias

455 4576 740 4638 Efficiebat
767 4591 947 4639 tamen
996 4584 1259 4655 plurimos
1293 4584 1574 4653 religiosos
1612 4581 1685 4656 (b)
1727 4582 1901 4636 audax
1928 4582 2055 4636 ﬁdei
2084 4599 2134 4660 ι)
2159 4599 2255 4654 per
2283 4583 2644 4651 objectionum
2660 4582 2890 4651 capitula
2913 4581 3185 4644 dividens,
3209 4581 3589 4650 responsiones
3616 4580 3745 4636 sub-

457 4686 570 4726 suae
602 4675 905 4728 constantia
935 4688 1036 4748 per
1059 4675 1374 4730 occasiones
1402 4689 1432 4728 a
1461 4673 1690 4729 Domino
1721 4681 2052 4744 praaparatas

457 4764 685 4820 studiosi
714 4766 856 4835 regis
883 4767 1208 4822 convincere
1233 4765 1615 4836 blasphemias.
1641 4763 1844 4820 Dicitur
1867 4773 2051 4820 tamen

457 4858 755 4923 requirenti
789 4859 992 4915 diutius
1031 4859 1152 4929 quis
1179 4858 1489 4929 plenissime
1514 4865 1700 4928 posset
1727 4856 2053 4912 testimoniis

457 4947 797 5005 evidentibus
833 4951 1109 5007 vindicare
1139 4950 1420 5005 veritatem
1461 4949 1712 5004 catholici
1767 4933 2052 5016 dogmatis,

459 5034 536 5105 (c)
567 5051 686 5092 esse
712 5040 854 5094 inter
881 5043 1168 5113 episcopos
1209 5041 1518 5096 exsulantes
1558 5039 1778 5094 beatum
1818 5037 2052 5104 Fulgen-

457 5123 621 5191 tium,
664 5129 750 5182 cui
781 5131 912 5185 nihil
938 5131 1157 5187 deesset
1183 5133 1236 5186 in
1275 5129 1518 5195 scientia,
1548 5128 1834 5199 plurimum
1861 5125 2059 5181 reditu--

456 5217 611 5273 daret
634 5219 685 5272 in
720 5221 924 5287 gratia,
969 5224 1060 5291 qui
1094 5224 1368 5294 sapienter
1402 5228 1460 5277 et
1497 5219 1815 5289 eloquenter
1842 5217 2054 5286 roganti

455 5311 569 5377 regi
594 5312 946 5367 satisfaceret.

527 5402 617 5457 45.
648 5403 897 5459 Protinus
925 5419 1021 5459 rex
1049 5405 1282 5475 probare
1307 5405 1532 5477 cupiens
1559 5401 1896 5460 sacerdotem
1918 5442 1933 5466 ,
1962 5400 2051 5455 cui

455 5496 782 5560 generaliter
807 5497 1175 5551 testimonium
1217 5498 1419 5552 bonum
1460 5506 1573 5554 tota
1597 5496 1874 5565 religionis
1917 5508 2046 5549 nos-

456 5592 554 5640 trcc
600 5591 916 5657 perhibebat
940 5589 1214 5658 Ecclesia,
1263 5607 1480 5648 servum
1509 5600 1788 5648 strenuum
1811 5588 2060 5646 celeriter

550 5785 603 5853 a)
633 5785 756 5852 Ms.,
779 5800 973 5844 mium.

550 5787 603 5853 a)
633 5787 756 5852 Ms.,
779 5800 973 5844 mium.

519 5787 603 5932 ἑὸ)
623 5857 774 5926 ADL,
800 5860 1038 5918 audaces.

2158 4673 2286 4744 jecit
2341 4675 2569 4740 breves,
2627 4673 2964 4744 probabiles,
3024 4672 3374 4738 necessarias,
3428 4672 3747 4728 auctoritate
3805 4703 3813 4713 α

2163 4765 2596 4823 testimoniorum
2627 4779 2846 4837 graves,
2895 4772 2951 4819 et
2978 4764 3144 4819 totius
3170 4765 3396 4819 rationis
3427 4764 3628 4818 lumine
3653 4779 3745 4818 ra-

2162 4858 2393 4914 diantes.
2423 4856 2564 4924 Quas
2589 4871 2711 4913 cum
2749 4856 2934 4910 multis
2970 4856 3298 4925 sapientibus
3326 4856 3452 4909 viris
3483 4856 3576 4910 diu
3605 4855 3745 4909 mul-

2162 4957 2385 5017 tumque
2407 4948 2648 5011 collatas,
2675 4954 2730 5001 et
2758 4947 2824 5001 ad
2855 4946 3036 5017 populi
3066 4946 3236 5001 ﬁdelis
3267 4947 3514 5001 notitiam
3553 4946 3746 5016 perdu-

2164 5048 2304 5102 ctas,
2337 5039 2450 5107 regi
2485 5053 2698 5107 quoque
2730 5039 2889 5106 longa
2927 5040 3328 5107 exspectatione
3357 5054 3615 5109 suspenso
3639 5047 3746 5093 tra-

2172 5130 2305 5184 didit
2326 5131 2663 5201 ingerendas.
2692 5131 2836 5199 Quas
2864 5145 2957 5185 rex
2989 5130 3078 5184 ille
3106 5131 3366 5187 barbarus
3394 5132 3747 5186 intentissima

2170 5223 2472 5293 perlegens,
2496 5236 2616 5285 QUIA
2646 5237 2889 5286 muscum
2914 5221 3325 5291 prmdestinatus
3358 5220 3531 5277 fuerat
3559 5221 3624 5276 ad
3663 5237 3748 5276 sa-

2169 5314 2356 5379 lutem,
2387 5314 2570 5368 laudat
2595 5314 2934 5383 sapientiam,
2960 5312 3186 5368 miratur
3207 5312 3587 5382 eloquentiam,
3612 5327 3749 5382 prae-

2163 5404 2309 5460 dicat
2337 5404 2724 5469 humilitatem,
2759 5417 2932 5472 neque
2959 5409 3138 5458 tamen
3167 5411 3407 5459 meretur
3448 5402 3751 5470 intelligere

2160 5498 2465 5552 veritatem.
2509 5496 2944 5566 Carthaginensis
2984 5503 3165 5551 autem
3217 5497 3448 5568 populus
3493 5493 3747 5565 triumphi

2168 5589 2429 5659 spiritalis
2453 5589 2740 5658 interpres,
2770 5588 3166 5658 propositiones
3193 5589 3334 5658 regis
3372 5588 3533 5648 fuisse
3557 5586 3746 5644 convi-

2160 5784 2304 5912 ναξ.)
2326 5783 2459 5849 Ms.,
2503 5781 2707 5838 Dicitur
2745 5787 2950 5844 tandem
2991 5760 3360 5866 requirere“...
3391 5789 3596 5848 Dicitur
3635 5809 3744 5851 esse
