4068 6342
300 395 397 458 ιιι

1665 416 2190 479 PROLEGOMENA.

3467 447 3569 503 142

297 527 414 574 ctas
442 517 567 575 laeto
603 536 879 581 murmure
913 527 1218 595 conﬁtetur,
1263 535 1320 584 et
1357 529 1678 588 catholicam
1723 533 1882 590 fidem
1910 539 1967 598 Α
1987 535 2167 594 Cnor
2195 557 2318 596 xxv.
2352 539 2549 623 Iterum
2577 547 2835 623 relegatur
2863 545 3186 623 Fulgentius.
3221 546 3466 613 Praidicit
3488 578 3570 613 ce-

296 625 511 683 semper
529 627 649 668 esse
675 615 972 686 victricem,
995 619 1294 690 conjunctis
1321 621 1466 678 beati
1485 622 1750 694 Fulgentii
1769 625 1885 682 lau-

297 704 468 770 dibus,
495 707 774 776 gloriatur.

294 798 474 887 Cspnr
493 819 657 887 ἔκιε.
678 804 876 887 .Libelli
913 818 1013 887 tres
1051 811 1120 864 ad
1141 811 1551 887 1_‘r_asamundum
1572 831 1762 887 regem.
1789 814 1882 872 Li-

367 871 547 1000 ὺεεηΒ.
583 873 848 947 Futgentii
876 879 1120 934 adversus
1150 881 1360 939 Pintam
1404 871 1699 958 episcome
1727 871 1884 942 Arin-

367 960 434 995 nu
496 983 511 998 ο

367 960 511 998 num.

363 1031 455 1086 47.
488 1034 679 1091 Adhuc
707 1044 888 1094 tamen
915 1057 1014 1096 rex
1050 1045 1221 1100 virum
1250 1047 1620 1104 doctissimum
1648 1049 1881 1120 probare

291 1123 626 1191 desiderans,
657 1128 725 1183 de
754 1129 872 1185 aliis
910 1147 1032 1188 eum
1062 1139 1445 1205 quaestionibus
1482 1157 1666 1198 rursus
1709 1141 1880 1197 inter-

287 1225 444 1283 rogat
489 1227 545 1271 et
573 1219 1052 1290 interrogationem
1081 1243 1230 1282 suam
1270 1232 1437 1286 semel
1467 1241 1674 1288 tantum
1717 1233 1878 1290 beato

287 1303 571 1374 Fulgentio
599 1313 856 1382 praecepit
886 1313 1010 1386 legi,
1043 1333 1218 1387 neque
1248 1322 1563 1391 meditandi,
1592 1337 1766 1393 neque
1783 1325 1878 1380 de-

284 1397 554 1453 scribendi
577 1401 817 1457 tribuens
839 1402 1168 1463 facultatem.
1189 1409 1434 1467 Timebat
1453 1415 1595 1468 enim
1618 1429 1686 1470 ne
1708 1417 1873 1472 verba

283 1486 400 1556 ejus
428 1490 796 1548 convincenda
844 1496 982 1551 sicut
1009 1499 1160 1568 prius
1201 1504 1538 1561 sermonibus
1565 1505 1684 1574 ejus
1726 1508 1872 1563 inse-

279 1589 554 1649 rerentur,
597 1584 868 1655 totiusque
899 1585 1105 1656 judicio
1135 1593 1368 1649 civitatis
1394 1596 1570 1652 victus
1604 1613 1726 1654 esse
1765 1599 1870 1654 ite-

277 1685 398 1727 rum
428 1673 773 1744 probaretur.
825 1677 1024 1734 Beatus
1071 1697 1201 1738 vero
1229 1683 1541 1754 Fulgentius
1567 1692 1736 1746 semel
1769 1690 1871 1746 sibi

275 1764 414 1821 lecta
445 1766 538 1821 vix
566 1768 808 1824 recolere
836 1771 1150 1839 prmvalens,
1202 1777 1533 1846 respondere
1559 1778 1867 1847 differebat;

272 1856 371 1912 sed
395 1858 730 1961 respondere
755 1876 878 1916 eum
916 1879 1014 1919 rex
1042 1867 1212 1935 magis
1246 1884 1311 1924 ac
1347 1871 1516 1940 magis
1545 1872 1864 1942 imperabat,
1898 1909 1947 1970 Β

275 1947 652 2018 responsionis
676 1965 906 2019 arguens
925 1969 1124 2022 moras,
1147 1967 1202 2014 et
1230 1961 1493 2016 cautelam
1522 1963 1622 2018 viri
1650 1965 1873 2024 sanctis-

271 2039 392 2094 simi
413 2036 767 2098 diﬂidentiam
783 2043 1054 2112 judicans.
1075 2045 1227 2104 Unde
1251 2049 1391 2106 idem
1414 2052 1653 2121 pontifex
1667 2054 1863 2114 discre-

272 2135 440 2191 tionis
469 2137 675 2193 virtute
699 2137 977 2204 subnixus,
1013 2157 1080 2196 ne
1107 2157 1216 2210 qua
1241 2143 1467 2202 forsitan
1491 2161 1588 2216 per
1609 2150 1868 2219 populum

269 2227 556 2283 mendacia
603 2239 1003 2299 spargerentur,
1047 2233 1242 2302 quibus
1283 2232 1576 2304 fingeretur
1622 2247 1716 2296 aut
1756 2257 1867 2298 non

268 2321 536 2390 potuisse,
571 2329 664 2376 aut
690 2322 927 2380 noluisse
964 2325 1179 2382 beatum
1223 2326 1561 2398 Fulgentium
1600 2333 1868 2406 regalibus

268 2413 662 2480 quaestionibus
707 2414 943 2478 obviare,
998 2423 1110 2472 tres
1157 2417 1367 2475 libellos
1411 2421 1684 2479 mirabiles
1711 2424 1864 2492 facit,

270 2504 359 2560 ubi
389 2516 755 2562 memoratum
795 2522 979 2577 regem
1005 2509 1324 2579 simpliciter
1349 2512 1648 2582 alloquens,
1698 2517 1868 2575 totius

269 2599 586 2669 quaestionis
618 2598 692 2671 (α)
715 2600 910 2655 seriem
935 2615 1096 2669 quam
1136 2602 1283 2658 tenui
1309 2603 1493 2660 auditu
1523 2617 1862 2678 perceperat,

269 2689 376 2746 late
397 2691 785 2760 reventilabat,
814 2691 1016 2748 docens
1044 2693 1280 2752 animam
1308 2695 1627 2754 rationalem
1648 2699 1865 2766 Christo

271 2780 500 2836 Domino
531 2782 586 2836 in
614 2783 958 2853 susceptione
980 2784 1159 2840 carnis
1187 2785 1407 2842 minime
1436 2786 1688 2846 defuisse.
1713 2789 1866 2848 Tunc

269 2887 361 2928 rex
389 2873 753 2930 admiratione
783 2877 1018 2932 maxima
1038 2876 1300 2949 repletus,
1343 2879 1475 2935 nihil
1523 2889 1608 2937 est
1633 2883 1864 2954 amplius

271 2964 607 3033 interrogare
637 2964 712 3036 (ὁ)
740 2982 920 3032 ausus,
970 2968 1073 3024 nisi
1113 2968 1261 3039 quod
1310 2985 1449 3026 unus
1486 2985 1553 3026 ex
1594 2972 1864 3044 episcopis

269 3057 402 3124 ejus,
427 3055 585 3111 Pinta
609 3057 848 3122 nomine,
873 3059 1028 3130 quasi
1049 3060 1383 3131 respondere
1407 3071 1656 3131 conatus,
1678 3071 1863 3121 tacere

272 3148 447 3216 potius
475 3147 652 3202 noluit
697 3163 858 3218 quam
897 3151 1226 3221 respondere
1264 3153 1470 3225 aliquid
1512 3155 1706 3226 potuit.
1758 3153 1860 3213 Cui

2483 619 2640 670 lerem
2662 619 2884 674 reditum
2906 619 3072 678 suum.

2057 721 2148 778 49.
2179 723 2599 794 Suggerentibus
2627 730 2753 786 talia
2785 747 2881 787 rex
2905 735 3058 803 quasi
3087 752 3280 808 magna
3330 743 3567 796 necessi-

1984 821 2100 870 tate
2152 819 2473 875 censtrictus
2501 824 2743 890 assentit,
2775 833 2830 878 et
2856 826 3072 882 beatum
3092 829 3430 902 Fulgentium
3453 851 3571 890 rur-

1984 923 2105 963 sum
2131 910 2194 964 ad
2225 912 2468 966 exsilium
2491 913 2749 970 Sardinia:
2775 933 3031 975 revocare
3052 926 3345 994 compellit.
3373 927 3570 983 Intem-

1981 1009 2135 1071 pesta
2163 1001 2322 1071 igitur
2346 1013 2504 1059 nocte
2537 1006 2633 1078 (sic
2669 1008 2812 1063 enim
2852 1026 2948 1066 rex
2981 1013 3091 1067 fieri
3114 1006 3476 1091 délegaverat)
3501 1020 3568 1075 ad

1981 1094 2160 1146 navim
2182 1095 2369 1150 beatus
2383 1096 2692 1165 Fulgentius
2716 1103 2911 1170 populo
2941 1103 3219 1170 ignorante
3238 1110 3564 1178 perducitur.

1981 1183 2089 1239 Sed
2112 1189 2384 1242 contrario
2414 1188 2542 1244 ﬂatu
2580 1192 2954 1250 resistentibus
2983 1199 3174 1262 ventis,
3228 1217 3392 1271 super
3419 1203 3567 1260 littus

1980 1285 2158 1334 tantas
2178 1295 2367 1351 passus
2393 1292 2476 1336 est
2504 1298 2705 1352 moras,
2755 1296 2812 1340 ut
2843 1303 2937 1357 per
2962 1288 3075 1344 dies
3107 1291 3364 1360 plurimos
3393 1296 3567 1350 omnis

1979 1386 2119 1442 pene
2149 1372 2273 1428 illuc
2301 1375 2490 1431 civitas
2526 1379 2864 1447 conveniret,
2909 1390 2964 1436 et
2992 1381 3057 1437 de
3088 1400 3248 1440 manu
3278 1386 3394 1457 ejus
3421 1389 3566 1444 vale-

1979 1458 2182 1516 faciens
2210 1466 2652 1521 communicaret.
2702 1465 2779 1522 lbi
2828 1479 3006 1526 autem
3035 1475 3344 1544 prophetica
3393 1479 3565 1546 gratia

1977 1567 2077 1622 per
2103 1552 2362 1623 Spiritum
2388 1565 2635 1613 sanctum
2660 1561 2911 1630 repletus,
2967 1561 3036 1635 (ε)
3067 1562 3296 1621 Juliateo
3324 1569 3441 1624 viro
3477 1585 3564 1624 re-

1976 1644 2169 1713 ligioso
2202 1647 2359 1702 nimis
2407 1647 2608 1703 aﬂlicto
2649 1653 2989 1721 graviterque
3021 1670 3118 1724 pro
3143 1655 3381 1712 discessu
3421 1657 3566 1714 beati

1976 1736 2244 1809 pontiﬁcis
2287 1740 2681 1812 ingemiscenti,
2715 1743 2940 1812 Diutius,
2991 1747 3086 1812 ait,
3124 1747 3254 1805 flere
3295 1752 3424 1814 noli,
3456 1753 3566 1810 cito

1975 1841 2312 1888 revertemur
2340 1833 2406 1888 ad
2433 1851 2560 1903 vos;
2593 1838 2870 1893 catholica:
2900 1839 3153 1897 Ecclesia:
3197 1843 3447 1902 libertate
3476 1863 3565 1903 re-

1973 1933 2161 1995 parata
2187 1923 2436 1981 videbitis
2461 1943 2577 1981 uos.
2611 1926 2724 1983 Hoc
2753 1939 2951 1996 autem,
2974 1947 3172 2001 quaeso,
3206 1948 3470 1992 secretum
3498 1939 3565 1996 sit

1975 2015 2117 2085 apud
2147 2023 2221 2083 te,
2251 2019 2397 2086 quod
2428 2018 2590 2072 ιιὶιιιί3
2629 2021 2826 2076 caritas
2872 2023 3106 2079 indicare
3153 2041 3239 2081 me
3282 2029 3561 2100 compulit.

1973 2104 2065 2161 Sic
2110 2107 2340 2163 sollicite
2389 2123 2605 2180 semper
2654 2111 2845 2167 beatus
2887 2113 3200 2182 Fulgentius
3246 2117 3564 2186 jactantiam

1972 2195 2128 2267 fugit,
2174 2214 2276 2254 nec
2324 2199 2378 2253 in
2420 2200 2576 2255 donis
2625 2204 2956 2272 spiritalibus
2998 2207 3286 2262 humanam
3335 2211 3564 2279 gloriam

1972 2290 2237 2361 qumsivit,
2286 2292 2596 2349 testimonio
2633 2297 2978 2354 conscientia:
3022 2315 3132 2356 sua:
3159 2310 3465 2370 contentus,
3510 2313 3564 2363 et

1973 2384 2041 2438 de
2073 2385 2188 2441 sola
2218 2386 2586 2464 misericordia
2616 2389 2708 2443 Dei
2742 2387 2932 2446 fretus.
2967 2389 3119 2449 Dnde
3149 2396 3311 2450 etiam
3340 2397 3563 2454 mirabi-

1971 2478 2043 2532 lia
2071 2465 2248 2534 facere
2276 2496 2547 2552 nunquam
2569 2481 2887 2549 delectatus,
2914 2484 3054 2541 hanc
3075 2489 3301 2556 gratiam
3325 2488 3440 2544 dari
3460 2491 3562 2550 sibi

1971 2570 2276 2626 nullatenus
2305 2570 2647 2627 desideravit.
2681 2572 2785 2628 Sed
2825 2575 2869 2629 si
2910 2576 3127 2644 quando
3153 2579 3438 2648 petebatur
3465 2597 3562 2650 pro

1971 2661 2194 2715 infirmis
2222 2670 2278 2716 et
2307 2659 2698 2731 laborantibus,
2741 2665 2826 2719 vel
2873 2667 3252 2722 necessitatem
3287 2678 3560 2740 tempora-

1969 2751 2100 2806 lium
2149 2753 2555 2810 tribulationum
2609 2756 2990 2827 tolerantibus,
3032 2758 3317 2816 Dominum
3365 2763 3559 2833 depre-

1969 2845 2104 2914 cari,
2146 2861 2337 2916 preces
2365 2863 2490 2902 suas
2517 2849 2618 2902 sub
2648 2848 2750 2905 hac
2777 2849 3064 2908 devotione
3094 2852 3353 2911 fundebat
3377 2874 3391 2908 :
3418 2855 3556 2920 Sors,

1966 2937 2194 3006 Domus,
2224 2941 2353 3012 quid
2381 2942 2681 2998 animarum
2724 2955 3031 3003 nostrarum
3063 2949 3220 3005 saluti
3250 2954 3555 3009 conveniat.

1967 3030 2322 3089 Poscentibus
2351 3048 2480 3104 ergo
2510 3035 2665 3092 nobis
2694 3037 2838 3106 quod
2877 3047 3065 3094 monet
3093 3044 3407 3112 necessitas,
3454 3045 3558 3102 hoc

1964 3125 2332 3181 misericordia
2361 3133 2453 3181 tua
2479 3127 2762 3194 concedat,
2794 3129 2935 3186 unde
2963 3133 3220 3202 spiritalis
3248 3152 3354 3191 non
3386 3135 3557 3206 impe-

275 3214 455 3297 tamen
481 3240 624 3297 illico
646 3214 836 3299 beatus
861 3214 1193 3314 Fulgentius,
1221 3214 1444 3303 alterius
1484 3214 1684 3319 operis,
1712 3249 1931 3320 quod},
1962 3214 2155 3320 diam:
2190 3217 2412 3320 “imus:
2464 3215 2649 3275 oratio
2695 3220 2857 3320 igni".
2899 3232 3099 3280 "osum
3144 3225 3481 3320 pumi'imus’
3511 3229 3557 3287 si

281 3334 528 3391 adversus
549 3334 763 3392 Pintam
789 3337 1022 3393 titulavit
1042 3337 1406 3408 disputatione
1425 3341 1661 3398 veridica
1693 3342 1856 3399 resti-

281 3426 367 3492 tit,
412 3434 466 3480 et
505 3427 552 3480 in
582 3427 756 3497 prima
804 3427 1118 3485 defensione
1154 3446 1252 3487 sua
1300 3430 1473 3488 victos
1517 3432 1858 3491 adversarios

281 3525 475 3574 temere
497 3519 628 3574 satis
651 3518 890 3574 ostendit
908 3521 1192 3590 repetiisse
1219 3531 1518 3581 certamen.

285 3605 452 3664 Cum
494 3625 638 3666 xxiv.
698 3609 851 3691 Liber
876 3629 985 3691 seu
1036 3615 1491 3691 commonitorium
1538 3617 1603 3672 de
1652 3617 1856 3691 Spiritu

562 3691 742 3737 sancto
765 3682 834 3735 ad
853 3682 1156 3756 Abragilam
1175 3683 1547 3758 presbyterum.

350 3769 429 3825 l8.
457 3770 533 3827 De
546 3770 746 3843 Spiritu
763 3780 950 3830 sancto
971 3775 1323 3845 interroganti
1346 3779 1663 3852 presbytero
1686 3781 1856 3838 Abra-

305 3861 391 3928 plz
437 3879 533 3934 per
584 3865 1056 3921 commonitorium
1111 3868 1490 3937 parvissimum
1545 3872 1856 3930 testimonia

313 3957 492 4024 protulit
513 3957 694 4028 plura,
727 3957 924 4014 docens
953 3975 1077 4015 eum
1107 3975 1229 4016 cum
1257 3959 1418 4017 Patre
1441 3972 1498 4018 et
1527 3963 1661 4019 Filio
1687 3981 1854 4020 unum

308 4043 436 4104 Deum
464 4037 780 4120 simplicitér
797 4051 1183 4110 confitendum.
1215 4051 1380 4124 Cujus
1413 4056 1574 4110 etiam
1604 4073 1849 4113 commo-

297 4139 450 4197 nitorii
507 4143 805 4198 sententias
864 4145 1005 4198 inter
1060 4152 1349 4215 utrumque
1400 4147 1542 4202 illius
1594 4151 1853 4219 temporis

293 4245 406 4300 opus
431 4233 696 4290 ordinavit
725 4225 976 4304 opertere
1019 4235 1284 4303 describi;
1333 4237 1633 4306 legentibus
1671 4241 1851 4295 omni-

289 4319 375 4377 bus
391 4324 628 4380 ﬁdelibus
653 4325 934 4382 catholicis
962 4334 1018 4382 et
1042 4327 1384 4396 mirantibus,
1411 4331 1853 4388 erubescentibus

286 4414 480 4470 Asianis
506 4424 562 4470 et
604 4415 792 4472 dolore
823 4417 898 4486 (c)
928 4425 1117 4473 contra
1147 4419 1321 4488 ipsum
1351 4423 1806 4480 murmurantibus
1832 4443 1848 4477 :

283 4505 442 4561 donec
465 4507 614 4562 mala:
643 4509 1002 4577 suggestionis
1033 4510 1318 4565 occasione
1363 4521 1596 4581 reperta,
1647 4514 1853 4569 volenti

288 4612 403 4650 eum
428 4600 527 4665 regi
556 4599 695 4653 intra
718 4597 1096 4668 Carthaginem
1120 4601 1318 4657 diutius
1357 4603 1608 4670 retinere,
1639 4604 1850 4661 dicere-

281 4695 365 4741 tur
387 4687 452 4742 ab
484 4690 657 4759 impiis
700 4698 755 4744 et
777 4689 934 4744 malis
963 4690 1268 4748 hominibus
1299 4711 1312 4746 :
1349 4691 1474 4748 Sine
1497 4709 1681 4759 causa,
1725 4712 1842 4764 rex,

276 4777 501 4845 laboras;
532 4780 664 4834 nihil
688 4789 775 4834 tua
799 4781 1074 4851 diligentia
1095 4781 1326 4853 proiicit.
1343 4783 1401 4839 In
1424 4793 1630 4840 tantum
1647 4789 1848 4860 quippe

273 4872 372 4940 jam
397 4872 636 4928 doctrina
669 4871 934 4944 Fulgentii
961 4875 1200 4945 episcopi
1230 4876 1529 4946 praevaluit,
1569 4884 1630 4932 ut
1658 4879 1726 4934 de
1752 4895 1839 4936 sa-

271 4965 565 5020 cerdotibus
610 4965 718 5020 tuis
757 4966 1070 5022 reconciliet
1110 4967 1414 5036 aliquantos
1439 4987 1450 5022 :
1476 4969 1703 5038 proinde
1741 4970 1846 5048 nisi

270 5059 370 5113 cito
395 5059 729 5123 subveneris,
773 5059 850 5130 (ά)
898 5059 1086 5128 religio
1116 5069 1298 5115 nostra
1345 5059 1588 5129 deﬁciet;
1640 5073 1695 5120 et
1723 5065 1845 5136 qui-

268 5164 469 5220 cunque
505 5166 538 5204 a
579 5149 734 5205 nobis
775 5159 858 5204 est
899 5149 1230 5219 baptizatus,
1279 5149 1602 5207 homousion
1649 5153 1845 5209 iterum

267 5241 568 5311 praedicabit
589 5241 802 5313 publice
831 5242 1239 5308 reconciliatus;
1291 5258 1390 5297 nec
1428 5244 1474 5297 si
1503 5247 1838 5314 persecutio-

265 5347 378 5386 nem
408 5333 644 5389 volueris
663 5333 957 5395 concitare,
984 5333 1156 5388 timeri
1179 5333 1379 5404 poterit
1401 5336 1596 5404 regalis
1615 5337 1839 5393 saevitia.

271 5420 487 5477 Multum
533 5424 735 5494 quippe
781 5423 1051 5479 confortat
1108 5423 1435 5494 stabilesque
1481 5423 1607 5480 facit
1654 5443 1847 5484 omnes

263 5514 538 5584 episcopos
565 5513 832 5582 Fulgentii
862 5516 1163 5584 praesentia.

328 5631 400 5700 (α)
431 5627 553 5703 Μεη
588 5631 745 5685 totius
766 5629 1092 5703 Aquoastionis,
1122 5646 1274 5700 quam
1300 5631 1439 5684 tenui
1467 5631 1645 5686 auditu
1672 5649 1846 5703 perce-

260 5710 418 5770 perat,
453 5701 617 5754 latera
640 5699 938 5754 ventilabat.

348 5771 399 5831 ὁ)
431 5770 554 5836 Ms.,
587 5774 750 5825 nisus.

325 5776 396 5911 ἒς)
429 5840 551 5905 Ms.,
583 5845 637 5894 in
660 5845 750 5911 ipsi

325 5840 396 5912 (c)
429 5840 551 5905 Ms.,
583 5845 637 5894 in
660 5845 792 5911 ipso.

320 5913 400 5982 (ἀ)
428 5911 551 5978 Ms.,
577 5912 817 5982 religioni
843 5918 1058 5976 nostris,
1083 5907 1307 5980 deﬁciet.

1883 3291 1932 3356 ο
1963 3310 2202 3380 expedit,
2226 3317 2354 3367 tunc
2385 3311 2458 3366 ita
2490 3327 2522 3366 a
2549 3323 2602 3368 te
2625 3313 2964 3384 exaudiatur,
2995 3326 3055 3373 ut
3084 3318 3338 3377 voluntas
3368 3291 3554 3398 tuam

1960 3401 2332 3471 principaliter
2358 3403 2713 3473 compleatur.
2744 3401 2812 3458 Et
2841 3404 3153 3476 frequenter
3177 3408 3390 3478 quidem
3415 3411 3556 3468 Deus

1962 3496 2308 3568 omnipotens
2355 3498 2532 3553 oranti
2579 3499 2848 3554 sacerdoti
2897 3516 2996 3556 suo
3041 3502 3210 3557 multa
3257 3506 3552 3573 concessit;

1961 3587 2060 3645 sed
2089 3588 2180 3644 ille
2206 3589 2340 3643 nihil
2369 3590 2602 3660 propriis
2633 3591 2872 3646 tribuens
2900 3591 3126 3658 meritis,
3157 3608 3345 3649 eorum
3375 3597 3553 3667 potius

1959 3680 2085 3738 fidei
2113 3697 2212 3752 pro
2240 3682 2436 3752 quibus
2475 3681 2864 3738 exaudiebatur
2887 3684 3067 3739 omnia
3105 3685 3418 3755 deputabat,
3450 3704 3550 3744 ne-

1958 3790 2065 3844 que
2092 3774 2214 3841 sibi,
2246 3773 2341 3829 sed
2370 3775 2473 3829 illis
2501 3789 2820 3832 concessum
2850 3775 2956 3832 hoc
2982 3791 3102 3832 esse
3123 3776 3355 3834 dicebat.

1957 3865 2142 3922 Caru'r
2171 3882 2316 3921 xxvi.
2355 3864 2508 3920 Redit
2547 3867 2601 3920 in
2639 3864 2948 3922 Sardiniam
2991 3869 3189 3923 cunctis
3229 3869 3544 3928 laetantibus.

2034 3956 2124 4014 50.
2152 3957 2257 4013 Sed
2288 3972 2356 4013 ne
2379 3957 2471 4013 diu
2499 3972 2678 4012 moras
2716 3957 3052 4027 longissimas
3089 3959 3360 4028 faciamus,
3386 3979 3550 4019 unam

1959 4050 2075 4120 ejus
2114 4050 2436 4106 sententiam
2466 4049 2534 4105 de
2562 4048 2819 4106 faciendis
2863 4049 3199 4107 mirabilibus
3226 4053 3544 4112 inseramus.

1959 4143 2242 4210 Mirabilia,
2299 4142 2496 4208 aiebat,
2545 4158 2654 4198 non
2703 4141 2988 4198 conferunt
3035 4145 3238 4201 homini
3263 4147 3545 4216 justitiam,

1957 4235 2053 4290 sed
2077 4235 2357 4289 hominum
2403 4233 2671 4290 notitiam.
2721 4232 2974 4306 Quisquis
3014 4245 3195 4292 autem
3241 4238 3549 4298 hominibus

1957 4325 2120 4382 fuerit
2149 4335 2330 4390 notus,
2375 4326 2476 4381 nisi
2521 4323 2685 4381 fuerit
2718 4325 2916 4396 justus,
2943 4326 3014 4383 ad
3039 4337 3239 4384 aeterna
3267 4333 3550 4401 perveniet

1958 4417 2219 4488 supplicia
2256 4415 2662 4473 condemnatus.
2705 4414 2800 4474 llle
2850 4434 2977 4475 vero
3027 4421 3120 4490 qui
3164 4423 3548 4480 misericordiae

1957 4509 2194 4566 caelestis
2221 4523 2387 4578 opera
2419 4507 2763 4577 justificatus,
2809 4509 2864 4564 in
2913 4519 3204 4582 conspectu
3245 4511 3340 4568 Dei
3381 4514 3548 4570 solius

1957 4601 2369 4670 vixeritjustus,
2421 4600 2630 4655 etiamsi
2666 4617 2856 4672 parum
2901 4603 2972 4657 sit
3011 4603 3316 4660 hominibus
3362 4615 3547 4675 notus,

1954 4693 2117 4750 beata
2146 4699 2456 4748 sanctorum
2485 4692 2679 4761 gaudia
2708 4694 2970 4764 percipiet
2994 4704 3304 4750 coronatus.
3335 4696 3431 4751 Vir
3458 4697 3547 4766 igi~

1959 4795 2049 4841 tur
2075 4784 2337 4840 mirabilis
2379 4784 2556 4837 timuit
2601 4783 2802 4838 habere
2841 4783 3057 4839 laudem
3097 4785 3163 4840 de
3191 4785 3545 4854 mirabilibus,

1959 4874 2205 4947 quamvis
2235 4875 2310 4946 (g)
2354 4873 2600 4942 ampliori
2640 4873 2880 4942 quotidie
2910 4875 3170 4931 miraculo
3218 4875 3418 4932 faceret
3447 4892 3546 4933 ex-

1959 4966 2266 5022 hortatione
2295 4964 2630 5022 sanctissima
2651 4965 2845 5021 multos
2876 4963 3115 5021 inﬁdeles
3145 4968 3387 5038 credere,
3409 4971 3546 5024 mul~

1958 5067 2047 5114 tos
2076 5057 2357 5114 haereticos
2400 5056 2757 5122 reconciliari,
2802 5057 3003 5112 multos
3031 5058 3279 5128 pessimis
3307 5061 3546 5116 moribus

1955 5152 2168 5207 deditos
2203 5149 2546 5207 continentia:
2581 5148 2781 5204 faciens
2816 5147 2962 5216 leges
2990 5150 3269 5221 excipere;
3299 5151 3425 5206 dum
3447 5167 3546 5222 per

1954 5242 2076 5312 ejus
2102 5241 2454 5297 saluberrima
2480 5239 2684 5295 monita
2707 5239 3056 5295 sobrietatem
3081 5241 3353 5298 discerent
3375 5243 3545 5297 ehrio~

1952 5336 2024 5400 si,
2054 5335 2359 5390 castitatem
2387 5339 2728 5387 sectarentur
2760 5331 3013 5403 adulteri,
3064 5334 3386 5389 distribuere
3428 5351 3546 5388 om~

1956 5429 2046 5482 nia
2069 5425 2392 5496 pauperibus
2415 5423 2560 5477 avari
2582 5428 2915 5493 rapacesque
2944 5423 3300 5488 docerentur;
3337 5433 3391 5476 et
3421 5440 3542 5477 mna

1959 5531 2076 5576 tato
2124 5519 2429 5589 proposito,
2478 5517 2724 5587 superbis
2768 5517 3076 5585 humilitas,
3124 5516 3369 5585 litigiosis
3416 5532 3540 5586 pax,

2029 5636 2102 5704 (ε)
2139 5633 2289 5702 Apud
2320 5630 2498 5687 Chiﬂl.
2531 5631 2690 5688 codd.
2722 5633 2832 5699 alii,
2862 5631 3086 5697 Juliteo;
3135 5631 3244 5696 alii,
3289 5629 3532 5695 Viliateo,

1954 5708 2095 5763 alter
2135 5706 2315 5759 Villeo.

2061 5780 2104 5856 ι’)
2130 5777 2283 5856 ent»
2317 5776 2569 5856 [ειὲάτςντ
2774 5845 2802 5856 ..
3037 5845 3064 5856 _.
3091 5843 3119 5856 ..
3235 5843 3246 5853 .

2061 5781 2086 5849 Γ
2137 5780 2283 5840 Αηι.,
2317 5780 2556 5846 feliciter.
3053 5845 3064 5856 .
3109 5845 3119 5855 .
3235 5843 3246 5853 ι

2031 5780 2106 5920 égi
2129 5846 2218 5920 Sic
2245 5862 2344 5901 ms.
2369 5845 2442 5920 At
2471 5849 2619 5911 Ant.,
2645 5845 2898 5916 ampliora
2925 5843 3150 5915 quotidie
3175 5842 3426 5896 miracula
3457 5843 3536 5911 {av

1952 5918 2094 5974 ceret
2120 5918 2498 5974 exhortatione.
