4122 6330
501 441 604 503 M3

1666 438 1724 495 S.
1763 430 2196 496 FULGENTIUS
2234 431 2624 493 RUSPENSIS.
3680 431 3770 496 144

498 555 936 616 inobedientibus
963 551 1268 614 obedientia
1291 549 1445 609 ﬁeret
1472 551 1663 609 dulcis.
1689 552 1907 608 Talibus
1927 552 2088 623 plane
2115 557 2163 615 Α
2193 548 2404 604 etiamsi
2431 553 2733 603 mereretur
2762 548 3026 619 accipere,
3057 546 3241 605 dicens
3265 548 3560 605 monachos
3589 548 3770 607 debere

495 650 834 708 mirabilibus
882 649 1070 703 beatus
1102 645 1413 716 Fulgentius
1435 645 1580 713 piam
1621 660 1834 715 semper
1863 659 2085 714 operam

495 744 664 812 dedit,
713 743 908 812 quibus
937 757 1120 796 secum
1151 737 1558 805 comitantibus,
1607 737 1660 791 in
1690 739 1836 792 omni
1879 737 2002 792 loco
2032 744 2088 791 et

494 841 742 904 tempore
782 833 1069 900 gloriosus,
1128 829 1344 884 favente
1393 828 1681 900 aliquando
1722 829 1898 885 sereni
1945 828 2087 884 aeris

493 928 881 998 tranquillitate
910 926 1214 982 Sardiniam
1235 933 1560 994 reportatus,
1587 924 1946 979 exsulantium
1969 938 2090 979 coe-

491 1020 838 1090 piscoporum
869 1019 1021 1072 laetos
1050 1032 1260 1071 animos
1287 1015 1538 1081 reddidit,
1573 1016 1851 1087 ipsamque
1871 1017 2090 1086 provin-

491 1112 652 1176 ciam,
685 1113 771 1167 cui
815 1119 1088 1165 tantorum
1129 1108 1417 1180 praesentia
1443 1108 1787 1164 sacerdotum
1817 1108 2088 1163 tribuebat

491 1212 760 1268 ornatum,
788 1204 1088 1272 prmsentiae
1112 1217 1223 1256 sua:
1253 1201 1370 1256 luce
1400 1199 1527 1256 fecit
1557 1198 1921 1270 splendidam;
1955 1215 2088 1254 con-

491 1293 832 1348 currentibus
861 1291 1099 1362 undique
1128 1308 1251 1348 cum
1281 1291 1477 1360 gaudio
1502 1290 1823 1346 Christianis
1851 1289 2085 1344 homini-

490 1380 592 1438 bus
625 1384 806 1438 videre
834 1384 1093 1439 athletam
1121 1381 1322 1438 Christi
1356 1381 1728 1446 fortissimum,
1783 1381 1875 1452 qui
1906 1388 2086 1436 certa-

490 1475 635 1530 mine
663 1475 914 1544 singulari
940 1476 1208 1529 saevientis
1233 1476 1490 1544 impetum
1523 1473 1663 1542 regis
1709 1472 1966 1541 fregerat,
2017 1469 2090 1526 ad

489 1568 671 1622 divina
713 1578 891 1623 castra
921 1568 1145 1622 rediisse
1174 1568 1470 1636 insignibus
1514 1567 1714 1622 laureis
1743 1566 2084 1628 adornatum,

490 1670 546 1717 et
575 1664 808 1732 antiquis
836 1663 1295 1718 commilitonibus
1340 1662 1606 1732 junctum,
1662 1669 1816 1722 tanto
1858 1659 2087 1730 amplius

489 1754 712 1822 singulis
744 1754 1055 1810 exhibuisse
1084 1754 1424 1810 laudabiliter
1463 1753 1844 1823 humilitatem,
1884 1759 2087 1822 quanto

488 1844 694 1899 sciebat
720 1859 873 1898 suam
918 1845 1041 1910 plus
1086 1845 1348 1902 enituisse
1387 1845 1663 1911 virtutem,
1715 1860 1926 1900 memor
1970 1845 2088 1899 sine

2192 643 2256 698 iis
2274 658 2392 712 qua:
2409 642 2719 712 acceperint
2741 657 2858 698 esse
2881 652 3186 698 contentos.
3206 641 3470 699 Caeterum
3488 644 3581 714 qui
3597 644 3692 699 sibi
3708 642 3767 717 (ε)

2192 744 2480 804 antequam
2510 735 2778 804 accipiant
2808 743 3018 805 petunt,
3052 735 3333 818 desideriis
3363 735 3540 791 adhuc
3567 736 3772 792 carnali-

2189 827 2292 882 bus
2321 829 2583 892 serviunt,
2631 835 2686 883 et
2716 829 2937 884 omnino
2964 844 3073 885 non
3103 829 3341 900 perfecte
3386 830 3453 886 de
3481 830 3773 888 coelestibus

2192 922 2450 989 cogitant,
2483 921 2723 991 quandiu
2743 917 2870 992 quid
2897 922 3000 978 sibi
3026 924 3387 979 necessarium
3408 925 3495 991 sit,
3540 925 3642 995 ipsi
3663 925 3770 994 sibi,

2191 1013 2317 1080 quia
2347 1028 2453 1068 non
2477 1021 2704 1082 possunt
2729 1013 3074 1083 negotiando,
3115 1014 3348 1086 petendo
3389 1015 3578 1071 saltem
3607 1017 3774 1086 provi-

2193 1100 2324 1157 dere
2366 1103 2642 1159 festinant.
2685 1104 2809 1159 lllos
2861 1121 3078 1177 quoque
3122 1121 3282 1162 veros
3328 1121 3449 1162 esse
3490 1107 3773 1163 monachos

2190 1195 2402 1251 dicebat
2430 1198 2541 1267 qui,
2567 1198 2903 1254 mortificatis
2929 1199 3009 1271 (ά)
3035 1198 3404 1254 voluntatibus
3431 1199 3561 1264 suis,
3609 1198 3769 1271 parati

2192 1296 2377 1342 essent
2401 1289 2534 1342 nihil
2563 1290 2700 1344 velle
2727 1299 2818 1344 aut
2841 1290 3020 1356 nolle;
3051 1290 3144 1345 sed
3174 1290 3382 1346 abbatis
3408 1289 3768 1346 tantummodo

2192 1380 2414 1435 consilia
2464 1381 2546 1435 vel
2594 1390 2862 1451 praecepta
2907 1397 3144 1436 servare.
3194 1380 3490 1453 Propterea
3535 1382 3653 1437 sine
3687 1396 3776 1437 suo

2193 1472 2419 1527 consilio
2463 1487 2564 1526 nec
2592 1488 2714 1528 eum
2745 1472 2962 1528 fratrem
3001 1474 3090 1542 qui
3120 1475 3392 1544 przepositi
3418 1474 3640 1543 gerebat
3666 1471 3773 1528 oili-

2192 1565 2356 1632 cium,
2405 1565 2613 1620 sinebat
2654 1566 2854 1635 aliquid
2897 1579 3076 1633 agere.
3111 1565 3448 1622 Laborantes
3499 1563 3689 1621 fratres
3727 1572 3778 1620 et

2193 1675 2359 1731 opera
2380 1661 2618 1716 carnalia
2639 1659 2924 1718 indefessis
2948 1661 3152 1716 viribus
3179 1669 3519 1726 exercentes,
3544 1659 3777 1716 lectionis

2192 1763 2374 1809 autem
2405 1754 2641 1810 studium
2691 1770 2797 1809 non
2848 1754 3128 1821 habentes,
3180 1755 3358 1808 minus
3386 1753 3659 1822 diligebat,
3686 1766 3778 1807 nec

2191 1843 2402 1901 honore
2431 1845 2666 1900 maximo
2695 1845 2886 1914 dignos
2907 1845 3205 1914 judicabat.
3236 1844 3295 1899 ln
3317 1860 3426 1915 quo
3448 1852 3628 1900 autem
3657 1843 3776 1900 fuis-

490 1937 653 1992 dubio
677 1937 970 2008 Scriptura:
1017 1941 1285 1995 monentis
1309 1959 1322 1993 :
1348 1939 1477 2006 Fili,
1528 1951 1718 2013 quanto
1759 1957 1979 2014 magnus
2005 1957 2082 2006 es,
2114 1945 2162 2006 Β
2190 1948 2276 1995 set
2299 1939 2538 1995 scientiae
2559 1940 2814 2009 spiritalis
2837 1937 3078 2004 affectus,
3097 1939 3307 1994 etiamsi
3338 1939 3535 1993 virtute
3550 1937 3778 2009 corporis

490 2028 708 2082 humilia
735 2038 785 2084 te
812 2032 867 2084 in
895 2031 1152 2099 omnibus,
1190 2042 1239 2087 et
1268 2050 1444 2088 coram
1465 2033 1579 2089 Deo
1605 2035 1832 2089 invenies
1860 2035 2088 2105 gratiam

491 2115 680 2190 (Eccli.
713 2136 788 2184 ιιι,
823 2119 935 2191 20).

491 2208 673 2266 Csrur
703 2229 870 2269 xxvu.
903 2211 1109 2270 Novum
1148 2217 1220 2271 ibi
1250 2221 1502 2273 construit
1539 2221 1929 2275 monasterium.
1967 2219 2091 2276 Veri

1037 2289 1280 2342 monachi
1310 2291 1396 2362 qui
1419 2291 1545 2344 sint.

562 2371 650 2426 51.
680 2373 860 2430 Noluit
889 2376 1051 2446 plane
1091 2377 1204 2446 jam
1232 2379 1423 2434 beatus
1452 2379 1764 2450 Fulgentius
1809 2384 1862 2437 in
1907 2383 2091 2452 priore

489 2467 652 2523 domo
678 2459 866 2524 multis.
886 2470 1141 2526 fratribus
1166 2473 1552 2528 comitantibus
1577 2473 1778 2530 diutius
1802 2475 2047 2530 habitare
2072 2494 2086 2529 :

489 2558 585 2614 sed
608 2559 764 2629 juxta
791 2561 1070 2617 basilicam
1099 2564 1273 2619 sancti
1301 2565 1553 2636 martyris
1575 2565 1872 2633 Saturnini,
1902 2568 2091 2638 procul

489 2651 770 2720 a‘strepitu
787 2652 1022 2708 civitatis
1044 2664 1328 2710 vacantem
1352 2657 1629 2726 reperiens
1646 2658 1843 2725 locum,
1865 2657 2091 2731 (a)Brn-

487 2740 661 2795 masio
715 2742 791 2813 (ὁ)
838 2741 1162 2800 Calaritana:
1215 2746 1449 2802 civitatis
1501 2749 1742 2806 antistite
1793 2751 2090 2806 venerabili

489 2831 661 2902 prius,
690 2833 830 2889 sicut
855 2834 1056 2904 decuit,
1087 2838 1384 2907 postulato,
1435 2856 1636 2896 novum
1664 2844 1898 2913 propriis
1938 2860 2088 2910 sum-

488 2923 671 2993 ptibus
715 2928 1105 2982 monasterium
1158 2928 1464 2987 fabricavit.
1509 2931 1570 2987 In
1599 2925 1706 3002 quo
1736 2935 2089 3004 quadraginta

488 3025 548 3069 et
585 3017 813 3087 amplius
855 3020 1112 3076 fratribus
1159 3025 1522 3094 congregatis,
1564 3026 1859 3097 disciplina:
1905 3045 2090 3085 emno-

488 3105 646 3162 bialis
673 3107 920 3165 ordinem
949 3111 1239 3168 custodivit
1263 3114 1510 3182 illaesum,
1535 3115 1747 3172 nemini
1767 3117 1900 3174 dans
1919 3119 2087 3177 licen-

489 3200 620 3255 tiam
639 3202 991 3271 professionis
1011 3215 1210 3260 sanctae
1233 3207 1793 3281 regulamprazterire,
1820 3211 1916 3266 sed
1937 3212 2088 3283 prin-

488 3293 739 3363 cipaliter
765 3294 873 3350 hoc
899 3297 1294 3352 observandum
1321 3301 1600 3356 monachis
1629 3302 1865 3368 tradens,
1889 3313 1951 3358 ut
1969 3305 2088 3359 nul-

489 3384 575 3440 lus
614 3400 801 3440 eorum
841 3387 1135 3458 quidquam
1174 3391 1453 3460 proprium
1492 3392 1594 3446 sibi
1623 3393 1942 3459 vindicaret,
1989 3396 2088 3451 sed

488 3484 670 3532 essent
697 3479 946 3534 omnibus
975 3481 1156 3534 omnia
1192 3487 1520 3538 communia.
1550 3483 1775 3539 Dicebat
1803 3487 1947 3541 enim
1976 3485 2086 3543 fre-

487 3577 736 3638 quenter,
780 3585 883 3628 nec
910 3571 1130 3640 debere,
1160 3590 1264 3630 nec
1286 3591 1450 3646 posse
1475 3578 1796 3632 monachum
1832 3578 2082 3648 judicari,

486 3659 576 3714 cui
600 3660 850 3717 voluntas
877 3663 1080 3720 habere
1119 3667 1390 3735 privatum
1418 3668 1689 3738 peculium
1733 3673 2083 3741 persuaserit.

487 3749 560 3806 Ut
586 3755 729 3807 enim
757 3757 1056 3814 monachus
1092 3759 1413 3815 lautioribus
1442 3760 1666 3817 forsitan
1715 3764 1853 3820 cibis
1877 3772 2082 3832 utatur,

485 3841 758 3898 interddm
787 3848 932 3914 cogit
958 3847 1240 3903 inﬁrmitas
1280 3853 1554 3921 corporis;
1606 3863 1665 3908 ut
1692 3865 1876 3910 autem
1904 3859 2086 3928 cupiat

484 3935 539 3989 in
569 3936 866 4004 quamlibet
894 3939 1103 4008 exiguis
1141 3943 1304 3998 rebus
1346 3943 1483 4012 juris
1530 3949 1738 4016 proprii
1784 3949 2085 4007 dominium

483 4025 796 4091 vindicare,
844 4032 1092 4100 superbae
1134 4034 1428 4090 voluntatis
1473 4044 1530 4091 et
1570 4052 1746 4093 avarae
1775 4042 2086 4111 cupiditatis

483 4118 704 4175 evidens
735 4123 1104 4179 testimonium
1126 4135 1229 4182 est.
1255 4128 1622 4186 Distribuebat
1644 4133 1802 4202 plane
1823 4135 1938 4205 ipse
1959 4152 2083 4192 cum

483 4223 693 4265 Summa
723 4211 1051 4270 discretione
1079 4218 1249 4272 servis
1278 4219 1374 4274 Dei
1402 4225 1712 4278 necessaria
1740 4225 1863 4280 vita:
1906 4229 2078 4282 subsi-

483 4301 593 4367 dia,
634 4304 966 4374 singulorum
990 4309 1138 4364 vires
1181 4310 1656 4386 infirmitatemque
1707 4322 2079 4380 considerans.

481 4391 868 4452 Verumtamen
897 4400 1306 4473 quibuscunque
1350 4407 1471 4475 plus
1493 4411 1704 4466 caeteris
1741 4415 2078 4481 consulebat,

481 4503 577 4544 eos
599 4487 959 4549 humilitatem
981 4499 1251 4554 custodire
1272 4503 1502 4572 amplius
1526 4505 1871 4574 admonebat,
1895 4509 2082 4566 dicens

480 4580 578 4647 eis,
627 4599 694 4638 ne
732 4601 1054 4644 sues'ranm
1100 4595 1372 4648 communi
1420 4597 1663 4667 quisquis
1709 4601 1910 4671 aliquid
1960 4604 2082 4673 plus

2190 2033 2477 2089 destitutus
2521 2033 2737 2102 operari
2783 2032 3030 2088 manibus
3057 2046 3334 2101 nunquam
3374 2038 3580 2100 posset,
3621 2030 3686 2086 ab
3713 2044 3775 2086 eo

2191 2125 2540 2196 peculiariter
2566 2125 2868 2180 habebatur
2893 2123 3120 2179 dilectus
3148 2130 3203 2177 et
3230 2131 3432 2192 gratus.

2264 2217 2353 2273 5'5.
2384 2218 2612 2274 Amabat
2640 2225 2821 2272 autem
2843 2216 3060 2287 quando
3087 2231 3274 2272 coram
3321 2215 3576 2270 fratribus
3603 2213 3778 2284 dispu-

2192 2311 2365 2381 tabat,
2395 2313 2440 2368 si
2468 2312 2588 2382 quis
2611 2311 2662 2367 ei
2697 2310 3025 2381 qumstiones
3052 2308 3425 2380 proposuisset
3472 2305 3776 2372 acerrimas,

2193 2403 2250 2458 in
2278 2404 2472 2472 quibus
2501 2400 2960 2458 excellentissimo
3000 2399 3274 2454 laboraret
3299 2398 3534 2467 ingenio,
3571 2396 3781 2453 licebat~

2194 2510 2301 2566 que
2329 2496 2655 2565 generaliter
2675 2496 2926 2552 omnibus
2953 2494 3210 2550 fratribus
3239 2494 3401 2550 etiam
3439 2491 3782 2548 natura’sim-

2191 2588 2441 2658 plicibus,
2475 2603 2734 2659 parumve
2764 2588 3213 2656 intelligentibus,
3235 2585 3378 2641 unde
3392 2585 3596 2642 vellent
3621 2591 3781 2640 mter-

2192 2696 2414 2751 rogare;
2446 2697 2546 2738 nec
2573 2681 2886 2753 priusquam
2917 2680 3249 2736 satisfactum
3278 2680 3380 2735 sibi
3408 2677 3782 2734 confiterentur

2195 2778 2463 2832 rationem
2509 2776 2738 2831 reddere
2765 2776 2938 2831 victus
2982 2774 3142 2830 taedio
3174 2774 3258 2829 vel
3287 2773 3473 2829 labore
3519 2771 3778 2826 cessabat.

2194 2868 2326 2925 Erat
2353 2871 2497 2925 enim
2545 2872 2781 2925 maxima
2810 2870 2860 2925 ei
2889 2878 2946 2925 et
2972 2868 3234 2925 mirabilis
3275 2869 3466 2938 gratia,
3517 2867 3782 2937 corripere

2194 2962 2466 3032 inquietos
2495 2963 2658 3017 corde
2688 2961 2994 3032 tranquillo,
3048 2962 3121 3015 ita
3149 2969 3209 3015 ut
3237 2970 3365 3015 tunc
3384 2960 3553 3029 magis
3575 2957 3783 3028 quando

2193 3055 2488 3126 putabatur
2515 3055 2584 3110 ab
2612 3055 2731 3111 aliis
2779 3055 3129 3110 vehementer
3161 3055 3338 3118 irasci,
3389 3070 3594 3110 summa
3637 3055 3691 3108 in
3720 3067 3784 3109 eo

2195 3147 2402 3215 vigeret
2428 3155 2793 3216 regnaretque
2820 3145 3124 3216 placiditas,
3157 3155 3211 3202 et
3240 3148 3357 3201 sine
3385 3146 3786 3216 perturbatione

2190 3239 2509 3311 perturbato
2537 3239 2727 3294 similis
2768 3240 2969 3295 multos
3003 3240 3143 3296 male
3176 3248 3396 3309 agentes
3425 3239 3648 3294 salutari
3683 3240 3784 3292 im-

2116 3320 2163 3383 C
2193 3341 2324 3404 petu
2353 3332 2725 3402 perturbabat.
2757 3329 2955 3388 Odiens
2982 3334 3125 3388 enim
3165 3333 3313 3399 vitia,
3357 3333 3583 3402 diligens
3609 3331 3785 3387 homi-

2194 3440 2309 3492 nes,
2345 3423 2534 3478 tandiu
2580 3439 2799 3479 severus
2843 3425 3161 3494 apparebat,
3209 3425 3446 3494 quandiu
3495 3423 3788 3494 disciplina:

2193 3517 2450 3587 spiritalis
2477 3516 2682 3571 utilitas
2704 3517 2975 3586 exigebat.
3006 3516 3152 3572 Alias
3177 3525 3358 3572 autem
3385 3518 3527 3572 circa
3549 3516 3790 3586 singulos

2192 3609 2270 3664 ita
2296 3618 2612 3665 mansuetus
2642 3608 2760 3675 fuit,
2807 3619 2863 3665 et
2891 3610 3194 3665 communis
3221 3619 3277 3666 et
3308 3610 3496 3672 facilis,
3531 3618 3591 3665 ut
3617 3609 3793 3664 nemi-

2193 3714 2321 3755 nem
2361 3698 2587 3756 fratrum
2634 3717 2771 3772 puro
2819 3703 3037 3757 nomine
3080 3702 3403 3770 clamitaret,
3444 3699 3622 3772 neq'ue
3665 3715 3793 3758 cum

2194 3793 2363 3866 typho
2388 3795 2660 3851 saecularis
2690 3794 3075 3852 dominationis
3099 3797 3366 3867 aliquibus
3393 3796 3639 3867 quamvis
3664 3810 3794 3866 para

2192 3886 2333 3940 vulis
2368 3887 2677 3956 imperaret.

2194 3975 2380 4033 CAPUT
2413 3995 2600 4053 xxviii.
2652 3978 2784 4053 Qua:
2831 3981 3099 4052 scripserit
3134 3979 3467 4053 Fulgentius.
3494 3981 3796 4037 Hildericus

2363 4066 2455 4103 rea:
2488 4051 2771 4105 catholicus
2794 4051 3061 4123 episcopos
3091 4051 3154 4105 ab
3176 4051 3361 4107 exsilio
3391 4061 3612 4107 revocat.

2265 4141 2354 4196 54.
2387 4141 2610 4212 Scripsit
2640 4144 2832 4199 eodem
2873 4153 3118 4214 tempore
3163 4145 3238 4216 (e)
3267 4143 3788 4213 Carthaginensibus

2193 4235 2478 4303 epistolam
2509 4235 2724 4290 sublimi
2753 4238 3128 4293 exhortatione
3151 4240 3512 4308 perSpicuam,
3535 4240 3625 4294 ubi
3648 4255 3800 4310 pene

2193 4337 2419 4383 cunctos
2434 4329 2588 4384 dolos
2613 4339 2668 4384 et
2689 4329 2898 4385 fallacia
2927 4331 3310 4398 blandimenta,
3331 4333 3524 4401 quibus
3549 4333 3803 4389 infelices

2193 4421 2591 4478 seducebantur
2613 4423 2803 4478 anima:
2830 4424 2896 4478 ad
2925 4433 3178 4491 mortem,
3210 4425 3520 4494 gravissima
3552 4426 3622 4497 (f)
3651 4442 3800 4481 con-

2193 4509 2476 4585 questione
2505 4516 2744 4585 digessit.
2778 4516 2930 4571 Tunc
2957 4518 3119 4571 etiam
3149 4517 3216 4572 de
3250 4519 3567 4574 remissione
3597 4534 3805 4589 pecca-

2191 4615 2372 4662 torum
2402 4609 2704 4664 consulenti
2734 4608 3024 4680 Eutbymio
3055 4611 3167 4665 viro
3191 4612 3442 4680 religioso
3470 4612 3683 4668 duobus
3725 4613 3804 4666 li-

477 4675 694 4776 accipit,
725 4680 966 4776 omnium
995 4680 1054 4734 ﬁt
1083 4682 1317 4752 debitor,
1349 4702 1579 4755 quorum
1609 4699 1692 4746 cst
1713 4692 1800 4746 illa
1822 4694 2077 4750 substano
2103 4707 2160 4767 Ι)
2187 4698 2344 4755 bellis
2373 4701 2490 4755 sine
2521 4717 2672 4756 mora
2701 4675 2999 4772 respondit.
3027 4675 3359 4759 Testimon'ia
3391 4721 3606 4775 quoque
3651 4721 3808 4776 pite-

478 4769 554 4823 tia
580 4788 593 4822 :
619 4785 783 4840 porro
808 4773 1106 4830 debitorem
1136 4777 1250 4832 sola
1267 4777 1420 4848 juvat
1441 4781 1734 4842 humilitas.
1757 4785 1850 4842 Sic
1877 4786 2080 4843 efﬁcie-

473 4861 569 4918 bat
624 4881 693 4920 ne
722 4867 843 4935 quis
871 4857 1185 4924 scandalum
1214 4880 1513 4942 pateretur,
1567 4879 1784 4946 quando
1826 4883 1916 4934 uni
1948 4897 2077 4950 pro-

475 4965 596 5025 pter
626 4958 990 5016 infirmitatem
1019 4963 1141 5033 plus
1169 4963 1300 5020 dare
1326 4967 1622 5023 videbatur.

550 5045 636 5099 52.
681 5046 811 5104 Erat
856 5066 1070 5122 quoque
1117 5055 1166 5109 ei
1212 5057 1378 5111 nimia
1421 5059 1726 5116 sollicitudo
1775 5065 2073 5132 przevenire

474 5145 793 5193 cunctorum
821 5145 1215 5201 monachorum
1261 5149 1568 5219 petitiones,
1615 5161 1740 5208 ante
1787 5154 2072 5215 tribuendo

473 5227 731 5296 quidquid
761 5230 1102 5288 tribuendum
1127 5238 1348 5293 cuilibet
1374 5241 1455 5294 vel
1477 5243 1788 5310 necessitas,
1815 5247 1902 5300 vel
1931 5248 2072 5303 ratio

472 5318 757 5377 manifesta
784 5332 1131 5382 monstraret.
1164 5327 1219 5382 Si
1256 5333 1377 5401 quis
1422 5341 1600 5390 autem
1640 5340 2074 5410 prmsumpsisset

472 5412 783 5483 priusquam
841 5417 1112 5487 acciperet
1157 5428 1372 5489 petere,
1420 5427 1651 5496 negabat
1700 5430 1749 5485 ei
1792 5433 2071 5500 continuo,

545 5636 623 5710 (α)
648 5639 730 5720 _Ex
969 5638 1224 5695 Brimasio
1255 5641 1430 5700 ferunt
1461 5651 1736 5719 nonnulli;
1767 5655 1876 5720 alii,
1913 5651 2076 5711 Vilia-

473 5717 583 5771 teo;
614 5712 768 5776 alter,
809 5711 992 5766 Vilico.

544 5777 616 5846 (b)
642 5781 840 5847 Chilll.,
875 5782 1213 5838 Caralitauw.

542 5855 610 5932 (ε.)
645 5853 793 5932 ξιιμ,
823 5854 911 5923 qui
936 5852 1047 5932 sibi.
1058 5856 1176 5932 plus
1207 5873 1355 5924 quam
1388 5859 1677 5932 indigeant.

541 5925 617 5980 td)
651 5921 770 5978 Ms..
802 5921 1143 5978 voluntatibus
1167 5921 1292 5980 suis.

2186 4791 2560 4848 destinationis
2613 4802 2669 4847 et
2715 4795 2899 4862 gratim
2951 4795 3054 4866 (g)
3102 4794 3431 4851 differentias
3481 4797 3809 4865 cupientem

2185 4900 2345 4940 nosse
2388 4886 2677 4941 salubriter
2722 4886 3004 4958 disputans
3052 4888 3253 4944 docuit.
3310 4887 3428 4943 Jam
3497 4889 3811 4944 familiares

2187 4977 2468 5046 epistolas,
2499 4978 2553 5031 in
2579 4978 2774 5047 quibus
2804 4987 2985 5035 tamen
3016 4981 3272 5051 spiritalis
3301 4979 3585 5036 mdiﬁcatio
3613 4981 3812 5036 conti-

2186 5079 2369 5138 netur,
2401 5080 2455 5126 et
2485 5071 2558 5127 ibi
2598 5073 2738 5142 apud
2764 5071 3066 5128 Sardiniam
3111 5073 3596 5139 commanentibus,
3649 5082 3710 5128 et
3743 5073 3814 5128 in

2186 5160 2367 5217 Africa
2387 5163 2724 5232 degentibus,
2751 5174 2806 5220 et
2822 5165 3100 5234 Romanis,
3127 5167 3398 5237 prmcipue
3423 5165 3809 5230 senatoribus,

2185 5254 2468 5325 viduisque
2499 5272 2561 5311 ac
2588 5258 2901 5326 virginibus,
2945 5273 3172 5328 quarum
3201 5257 3341 5312 fama
3371 5257 3653 5313 laudabilis
3685 5256 3813 5310 hau

2183 5347 2444 5415 bebatur,
2501 5347 2812 5420 frequenter
2851 5350 3066 5404 direxit.
3117 5350 3197 5405 Ad
3241 5351 3474 5407 Probam
3519 5351 3816 5419 virginem

2191 5436 2410 5506 Christi,
2445 5439 2514 5495 de
2537 5439 2752 5509 Jejunio
2778 5448 2832 5496 et
2860 5439 3115 5498 Oratione
3139 5442 3274 5498 duos
3303 5443 3512 5500 libellos
3539 5441 3818 5499 conscri-

2227 5658 2334 5739 ⁸(ε)
2365 5658 2442 5739 De
2469 5661 2575 5716 hoc
2597 5676 2761 5731 opere
2787 5663 2841 5718 in
2870 5665 2994 5718 Ant.
3027 5664 3263 5739 editione
3291 5664 3345 5718 in
3373 5681 3465 5739 ora
3491 5665 3610 5720 libri
3640 5662 3818 5721 seri-

2185 5727 2520 5808 bitur,_[’uto
2542 5727 2656 5786 eam
2684 5750 2972 5808 essequam
2996 5736 3066 5790 ad
3085 5735 3349 5790 Donatum
3378 5738 3640 5792 habemus.

2262 5801 2332 5887 gf)
2355 5801 2600 5887 'Ms.,cum
2625 5801 2928 5887 egestione.

2257 5869 2332 5942 (9)
2355 5872 2416 5928 In
2441 5889 2572 5944 ms.,
2600 5869 2913 5947 diﬂ'erentia.
