4122 6330
372 387 481 444 145

1766 385 2290 448 PROLEGOMENA.

3548 383 3644 437 ﬂii

367 506 501 580 psit.
534 506 612 578 (a)
637 505 714 562 lta
743 522 973 579 namque
1002 508 1180 563 notior
1217 507 1314 562 fuit
1341 522 1480 578 pene
1505 507 1752 562 omnibus
1781 506 1953 576 genti—
1980 506 2037 567 Α
2059 513 2116 560 et
2135 505 2468 575 praecedens,
2501 504 2873 560 confessorum
2903 504 3184 558 beatorum
3208 502 3536 570 triumphum
3556 515 3648 555 uo-

366 598 476 657 bus
516 608 575 655 ut
619 600 781 655 etiam
815 601 892 656 illi
931 601 1037 656 duo
1076 602 1197 656 libri
1225 617 1363 672 quos
1401 601 1630 657 Faustus
1675 602 1960 672 episcopus

365 689 668 751 Galliarum
696 706 884 750 contra
923 696 1149 766 gratiam
1195 695 1420 752 subdolo
1446 710 1696 751 sermone
1734 710 1958 766 compo-

368 785 502 850 suit,
532 785 719 841 favens
754 787 964 842 occulte
987 786 1308 856 Pelagianis,
1337 788 1432 843 sed
1455 787 1756 844 catholicus
1778 794 1962 842 tamen

367 876 569 934 volens
595 876 782 942 videri,
815 877 1281 949 Constantinopoli
1324 877 1540 934 offensis
1582 879 1825 950 plurimis
1851 877 1961 934 fra-

369 968 569 1033 tribus,
598 968 664 1023 ad
687 968 904 1023 beatum
931 968 1269 1038 Fulgentium
1296 968 1561 1040 probandi
1581 969 1956 1039 dirigerentur.

368 1058 600 1127 Quibus,
646 1074 714 1114 ne
759 1059 1030 1115 occultum
1075 1069 1318 1131 serperet
1344 1061 1508 1128 virus,
1555 1068 1766 1132 septem
1810 1061 1961 1118 libris

367 1151 489 1222 ipse
514 1150 810 1221 respondit,
839 1151 960 1222 plus
986 1152 1237 1209 laborans
1255 1167 1529 1224 exponere
1555 1168 1718 1224 quam
1738 1153 1961 1208 convin-

368 1257 518 1307 cere,
551 1241 675 1312 quia
719 1240 912 1298 dubios
939 1257 1219 1299 sermones
1249 1243 1364 1313 ejus
1388 1259 1680 1315 exponere,
1710 1243 1816 1299 hoc
1842 1251 1961 1298 erat

368 1332 654 1388 delirantis
677 1341 993 1401 argumenta
1021 1333 1362 1390 convincere.

441 1423 536 1478 55.
558 1423 780 1494 Magnus
825 1425 987 1495 plane
1036 1424 1194 1494 hujus
1241 1426 1420 1496 operis
1460 1426 1613 1481 labor
1652 1425 1960 1482 mercedem

368 1519 610 1574 debitam
638 1519 746 1574 cito
774 1519 1030 1589 suscepit.
1058 1517 1185 1573 Mox
1206 1519 1350 1574 enim
1370 1527 1430 1574 ut
1449 1528 1532 1575 est
1551 1519 1773 1575 dictatio
1793 1520 1962 1589 ipsius

370 1611 524 1666 ﬁnita
549 1651 566 1676 ,
614 1610 860 1680 protinus
910 1618 994 1666 est
1038 1610 1362 1680 longissimze
1405 1611 1728 1681 captivitatis
1770 1618 1962 1666 catena

369 1702 635 1771 disrupta.
668 1700 810 1756 Mors
835 1701 976 1757 enim
1014 1701 1367 1758 Trasamundi
1409 1703 1572 1770 regis,
1622 1709 1678 1757 et
1705 1702 1962 1758 mirabilis

370 1795 588 1850 bonitas
608 1792 862 1850 Hilderici
886 1808 1112 1863 regnare
1141 1795 1464 1865 incipientis,
1495 1794 1746 1850 Ecclesia:
1767 1795 1960 1850 catho-

2062 597 2230 652 bilem
2269 597 2596 653 celebrabat.
2652 595 2936 650 Multitudo
2987 602 3165 648 autem
3206 591 3438 645 maxima
3463 590 3649 661 populi

2062 690 2284 744 beatum
2314 687 2671 757 Fulgentiuin,
2703 702 2865 758 quem
2903 687 3024 758 plus
3066 685 3274 741 czeteris
3321 682 3646 750 honorabat,

2064 795 2395 836 concurrens
2447 781 2698 836 alacriter
2743 779 3179 850 comprimebat:
3243 775 3417 831 donec
3463 783 3652 830 sancta

2064 873 2419 946 quorumdam
2443 874 2872 929 Christianorum
2893 871 3129 944 provisio
3149 877 3326 925 rotam
3350 869 3405 924 iu
3424 869 3652 925 circuitu

2061 967 2266 1024 faciens
2307 968 2554 1024 aestuanti
2619 967 2845 1023 liberum
2913 965 3184 1036 praeberet
3227 963 3332 1018 iter
3369 962 3426 1018 in
3471 960 3652 1017 medio

2065 1061 2386 1115 transeunti.
2430 1058 2666 1114 Probare
2712 1068 2889 1112 tamen
2933 1055 3114 1112 adhuc
3138 1054 3401 1110 Dominus
3427 1052 3652 1124 cupiens

2063 1151 2303 1207 virorum
2327 1150 2564 1205 ﬁdelium
2592 1149 2894 1214 caritatem,
2926 1147 3159 1218 copiosis
3185 1143 3444 1200 imbribus
3471 1143 3652 1198 ambu-

2063 1243 2240 1298 lantes
2265 1241 2585 1296 mirabiliter
2628 1239 2924 1294 inundavit.
2965 1237 3035 1292 Et
3072 1238 3193 1308 quis
3234 1250 3401 1307 opera
3436 1235 3652 1307 pietatis

2067 1332 2164 1402 (al.
2202 1330 2464 1401 caritatis)
2503 1344 2758 1384 enarrare
2791 1327 2971 1383 valeat
3007 1327 3209 1396 absque
3244 1325 3524 1396 dispendio
3560 1337 3652 1380 ve-

2063 1423 2285 1477 ritatis?
2332 1420 2598 1490 lmmensa
2625 1420 2805 1490 pluvia
2835 1418 3104 1473 neminem
3132 1417 3344 1485 terruit,
3376 1425 3468 1472 aut
3495 1416 3652 1471 obse-

2065 1512 2250 1581 quium
2272 1509 2347 1583 (ο)
2377 1509 2645 1565 sacerdoti
2665 1509 2920 1576 religioso
2940 1507 3184 1578 praebere
3204 1507 3513 1576 prohibuit;
3542 1506 3652 1560 imo

2066 1603 2265 1673 potius,
2300 1600 2449 1656 velut
2485 1600 2865 1656 benedictione
2902 1599 3112 1654 caelesti
3156 1598 3388 1668 desuper
3429 1595 3651 1651 descen-

2066 1691 2246 1759 dente,
2279 1700 2485 1746 tantum
2507 1691 2642 1746 ﬁdes
2670 1691 2930 1746 nobilium
2959 1689 3155 1757 crevit,
3195 1697 3256 1743 ut
3288 1687 3517 1759 planetis
3543 1685 3654 1741 suis

2067 1800 2229 1851 super
2254 1786 2472 1840 beatum
2507 1783 2848 1854 Fulgentium
2875 1791 3153 1852 gratanter
3180 1781 3459 1852 expansis,
3489 1778 3656 1850 repel~

371 1885 490 1942 liae
534 1901 633 1958 per
677 1886 911 1943 Africam
955 1888 1260 1943 constituta;
1298 1887 1601 1944 libertatem
1648 1887 1958 1952 restituens,
1993 1882 2044 1942 B
2068 1876 2243 1932 lerent
2264 1877 2481 1941 imbres,
2513 1886 2570 1932 et
2597 1893 2799 1932 novum
2826 1876 3157 1932 tabernaculi
3181 1889 3350 1945 genus
3369 1872 3656 1931 artiﬁciosa

371 1976 786 2045 Carthaginensi
833 1977 978 2048 plebi
1039 1978 1315 2048 proprium
1370 1977 1592 2033 donavit
1643 1977 1958 2043 antistitem,

371 2068 691 2137 cunctisque
719 2069 772 2122 in
799 2068 934 2123 locis
959 2068 1327 2126 ordinationes
1353 2069 1668 2140 pontificum
1698 2069 1812 2124 fieri
1845 2068 1960 2124 cle-

371 2160 710 2215 mentissima
740 2160 1062 2216 auctoritate
1089 2160 1384 2217 mandavit.

371 2268 557 2328 Carur
586 2288 736 2327 χχιι.
782 2270 1091 2396 Fulgentius
1130 2273 1649 2342 honorificentissime
1683 2273 1962 2342 suscipitur

446 2353 497 2396 et
543 2343 834 2396 deducitur.
927 2342 1197 2396 arthaaine
1233 2342 1512 2396 eareditur.
1565 2339 1753 2396 Oblata
1794 2343 1962 2396 aloria

446 2353 497 2396 et
543 2343 834 2414 deducitur.
884 2339 1197 2414 Carthagine
1233 2339 1512 2414 egreditur.
1565 2339 1753 2414 Oblata
1794 2339 1962 2414 gloria

450 2413 622 2467 reddit
649 2413 986 2483 Fulgentium
1022 2412 1367 2483 humiliorem.
1409 2412 1692 2467 Monachos
1721 2412 1959 2466 ministe-

447 2486 540 2554 riis
579 2481 945 2538 ecclesiasticis
979 2481 1205 2554 adhibet.
1253 2481 1485 2554 Insignis
1523 2484 1636 2553 ejus
1677 2483 1960 2554 humilitas.

455 2553 717 2608 Plurimus
757 2554 969 2623 scripsit
1013 2552 1254 2607 homilias
1297 2552 1576 2623 ac:habuit
1601 2568 1858 2623 sermones
1893 2552 1964 2604 ad

459 2627 714 2694 populum.
752 2621 894 2677 Libri
923 2623 1099 2676 decem
1123 2633 1308 2677 contra
1340 2621 1650 2694 Fabianum.
1687 2622 1828 2694 Libri
1859 2632 1964 2676 tres

463 2693 772 2747 de’Veritate
799 2694 1274 2763 prwdestinationis
1301 2702 1352 2764 et
1377 2694 1581 2764 gratim.
1609 2693 1722 2764 §ub
1746 2700 1964 2764 mortem

462 2766 681 2818 maxime
703 2781 756 2818 se
796 2761 888 2818 dat
917 2765 1246 2834 pmnitentiat.
1311 2761 1552 2834 Precatio
1598 2761 1873 2834 Fulgentii
1908 2762 1964 2814 in

467 2836 672 2888 summis
697 2845 748 2888 et
774 2832 1043 2888 acerrimis
1071 2834 1354 2888 doloribus.
1412 2832 1718 2903 Fulgentius
1746 2833 1962 2886 moritu-

461 2922 548 2960 rus
579 2905 837 2959 distribuit
859 2905 1034 2958 omnia
1063 2904 1390 2974 pauperibus.
1421 2901 1652 2974 Moritur
1675 2903 1737 2957 S.
1768 2903 1965 2974 episco-

453 2993 566 3047 pus.
599 2975 732 3046 Ejus
759 2971 1102 3047 honoriﬁcum
1137 2971 1543 3047 monumentum.
1603 2971 1963 3026 Mauri’Rus-

452 3044 611 3102 pense
640 3044 953 3100 territorium
989 3044 1321 3115 populantur.

375 3196 382 3201 ,
450 3138 650 3194 Beatus
689 3137 872 3206 itaque
901 3135 1231 3205 Fulgentius,
1251 3144 1533 3207 postquam
1561 3135 1832 3205 sapienter
1868 3148 1964 3189 ex-

2066 1967 2295 2024 caritate
2323 1974 2716 2035 componerent
2740 1984 2754 2021 :
2788 1967 3089 2022 imitatores
3115 1981 3301 2021 eorum
3330 1963 3506 2019 eﬁ’ecti
3540 1963 3653 2034 qui,

2065 2058 2340 2130 prioribus
2365 2058 2732 2128 temporibus,
2777 2055 3045 2113 Salvatori
3072 2071 3235 2127 super
3259 2055 3467 2126 pullum
3493 2053 3657 2110 asina)

2065 2149 2387 2215 considenti,
2410 2157 2466 2205 et
2489 2149 2916 2220 Hierosolymam
2946 2148 3220 2214 venienti,
3243 2147 3541 2201 vestimenta
3563 2161 3658 2199 sua

2067 2241 2229 2316 (sicut
2254 2241 2608 2311 Evangelium
2639 2241 2900 2312 loquitur)
2923 2244 2978 2297 in
3006 2243 3088 2296 via
3107 2239 3408 2296 sternebant
3439 2238 3655 2310 (Matth.

2065 2349 2177 2400 xxi,
2204 2331 2280 2403 8).
2313 2331 2444 2388 Tale
2465 2333 2665 2402 quippe
2691 2332 2894 2402 aliquid
2920 2339 2978 2387 et
2998 2331 3085 2386 isti
3106 2330 3394 2396 faciebant,
3418 2329 3510 2400 qui
3535 2341 3658 2397 pro-

2065 2425 2202 2495 priis
2229 2422 2562 2479 indumentis
2585 2423 2731 2480 beati
2758 2423 3029 2493 Fulgentii
3056 2421 3256 2477 nudum
3285 2427 3448 2491 caput
3467 2418 3658 2473 unani-

2066 2514 2228 2568 miter
2244 2513 2621 2583 protegebant.
2655 2512 2759 2568 Vix
2780 2527 2909 2582 ergo
2933 2512 3394 2582 appropinquante
3412 2521 3656 2578 vespere,

2068 2613 2270 2662 sanctae
2317 2606 2592 2660 memoriae
2635 2604 2913 2660 Bonifacio
2963 2603 3217 2674 episcopo
3266 2599 3656 2671 reprmsentati,

2068 2694 2464 2752 beuedixerunt
2522 2708 2711 2748 omnes
2765 2701 2822 2748 et
2881 2693 3234 2747 laudaverunt
3302 2686 3658 2745 communiter

2071 2787 2260 2841 Deum.
2295 2783 2445 2840 Tunc
2467 2783 2658 2839 beatus
2684 2783 2999 2852 Fulgentius
3019 2797 3119 2853 per
3145 2794 3335 2836 omnes
3361 2779 3510 2833 vicos
3535 2775 3659 2830 Car-

2068 2874 2402 2944 thaginensis
2430 2874 2666 2930 civitatis
2694 2873 3000 2943 ubicunque
3031 2872 3294 2928 transibat
3330 2870 3574 2925 manibus
3605 2877 3660 2924 et

2072 2969 2244 3024 oculis
2272 2968 2770 3034 demonstrabatur,
2813 2965 3170 3037 laudibusque
3198 2963 3490 3021 innumeris
3527 2978 3660 3034 prte-

2070 3057 2371 3114 dicabatur.

2145 3147 2239 3204 57.
2272 3147 2565 3221 Postquam
2591 3164 2722 3204 vero
2749 3149 2942 3204 domos
2970 3149 3208 3204 omnium
3238 3145 3573 3216 diligentium
3602 3159 3662 3200 se

376 3238 683 3307 pugnasset
705 3228 1027 3298 Pelagianos
1053 3268 1069 3294 ,
1109 3229 1406 3284 laetificatos
1433 3227 1629 3282 meruit
1656 3227 1841 3281 videre
1873 3241 1966 3281 ca-

2078 3243 2158 3316 (d)
2188 3242 2433 3299 concitus
2459 3242 2714 3306 visitaVit,
2746 3240 3038 3305 benedixit,
3072 3248 3126 3296 et
3153 3239 3389 3308 gaudere
3417 3237 3664 3305 dignatus

377 3325 637 3381 tholicos.
697 3321 861 3388 lude,
911 3321 1202 3377 secundum
1248 3320 1388 3392 quod
1435 3336 1534 3391 per
1574 3335 1696 3374 eum
1743 3318 1973 3390 Spiritus

377 3425 605 3474 sanctus
631 3416 954 3488 prmdixerat
979 3453 995 3479 ,
1045 3429 1292 3470 reversus
1333 3423 1416 3468 est
1444 3413 1819 3482 Carthaginem
1847 3427 1973 3468 cum

379 3510 640 3566 omnibus
667 3508 1170 3577 consacerdotibus,
1201 3509 1343 3564 unde
1366 3510 1512 3564 solus
1540 3510 1764 3564 exierat.
1815 3507 1971 3563 Inve-

380 3602 464 3658 uit
490 3600 666 3670 laetos,
697 3615 834 3670 quos
862 3599 1154 3669 reliquerat
1180 3609 1421 3656 mrestos.
1450 3599 1660 3655 Invenit
1681 3600 1844 3654 nimia
1873 3615 1970 3654 ex-

379 3691 680 3749 sultatione
719 3690 1022 3754 ferventes,
1075 3705 1212 3760 quos
1248 3691 1540 3761 reliquerat
1581 3691 1972 3760 persecutionis

381 3782 700 3839 violentiam
728 3781 1062 3838 suﬁ‘erentes.
1120 3781 1328 3838 Invenit
1370 3783 1628 3838 habentes
1677 3782 1975 3853 spiritalem

384 3885 624 3948 patrem,
648 3891 784 3946 quos
803 3875 1094 3946 reliquerat
1113 3876 1360 3931 dolentes
1379 3875 1654 3930 viduatam
1680 3875 1975 3931 Ecclesiam

363 3977 644 4026 matrem.
683 3967 892 4023 Invenit
926 3976 1301 4039 exspectantes
1328 3983 1387 4023 se
1411 3984 1534 4025 cum
1571 3967 1768 4038 gaudio
1794 4011 1809 4036 ,
1838 3984 1974 4038 quos

382 4060 686 4130 reliquerat
711 4066 986 4129 gementes
1014 4060 1069 4114 in
1099 4060 1278 4116 taedio.

464 4150 560 4206 56.
591 4149 762 4206 Tanta
790 4159 974 4206 autem
996 4148 1096 4204 fuit
1125 4151 1341 4208 devotio
1369 4151 1868 4222 Carthaginiensium
1897 4152 1976 4208 ci-

389 4243 547 4298 vium
573 4285 589 4311 ,
617 4243 834 4298 beatum
869 4241 1208 4312 Fulgentium
1237 4245 1475 4300 revisere
1502 4246 1832 4318 cupientium
1855 4287 1870 4311 ,
1901 4247 1979 4302 sic

387 4333 681 4390 universus
707 4333 937 4405 populus
961 4335 1310 4404 exspectabat
1341 4336 1592 4392 ardenter
1627 4353 1787 4406 quem
1826 4337 1977 4393 vide-

381 4434 482 4484 rat
499 4427 557 4481 in
577 4434 868 4496 conspectu
889 4441 986 4481 suo
1007 4441 1274 4497 pugnasse
1295 4427 1540 4496 viriliter,
1560 4437 1619 4484 ut
1637 4431 1758 4485 aliis
1777 4430 1982 4500 episco-

387 4519 486 4590 pis
512 4526 636 4574 ante
664 4519 838 4590 ipsum
867 4517 1347 4587 descendentibus,
1381 4521 1544 4576 silens
1571 4521 1860 4577 multitudo
1889 4537 1980 4576 su-

2078 3349 2201 3390 cum
2229 3334 2586 3404 gaudentibus
2609 3374 2625 3399 ,
2674 3334 2766 3404 qui
2795 3335 2944 3405 prius
2971 3331 3194 3388 fleverat
3231 3346 3351 3387 cum
3393 3329 3664 3396 flentibus,

2078 3432 2398 3480 cunctorum
2427 3425 2692 3480 desideria
2721 3424 2964 3492 satiavit,
3016 3423 3136 3477 vale
3177 3420 3379 3476 faciens
3411 3419 3663 3473 fratribus

2078 3529 2327 3584 egressus
2346 3523 2430 3570 est
2456 3515 2522 3570 de
2549 3515 2874 3584 Carthagine
2898 3532 2910 3566 :
2945 3527 3030 3582 per
3076 3527 3261 3569 omnes
3288 3510 3484 3581 prolixi
3506 3510 3662 3563 itine-

2077 3606 2156 3663 ris
2181 3605 2297 3661 vias
2324 3606 2516 3675 gaudia
2539 3606 2745 3674 majora
2777 3604 3054 3674 reperiens
3073 3644 3090 3672 ,
3120 3604 3174 3658 in
3197 3617 3662 3658 occursum-suum

2077 3694 2292 3770 populis
2320 3695 2556 3764 undique
2601 3694 2978 3759 tendentibus,
3026 3708 3148 3748 cum
3186 3691 3418 3747 lucernis
3455 3699 3510 3746 et
3538 3693 3660 3747 lam-

2078 3785 2306 3860 padibus
2332 3793 2389 3840 et
2416 3785 2667 3840 arborum
2690 3783 2972 3839 frondibus
2989 3825 3004 3849 ,
3055 3784 3132 3853 (e)
3175 3782 3522 3838 reddentibus
3548 3797 3660 3852 gra-

2077 3878 2210 3934 tiam
2239 3875 2491 3933 iueﬁ‘abili
2524 3875 2634 3931 Deo
2667 3876 2757 3946 qui
2788 3875 3005 3930 beatum
3037 3874 3659 3944 Fulgentiummirabili-

2079 3979 2164 4028 ter
2205 3972 2260 4026 in
2304 3977 2603 4042 conspectu
2647 3970 2891 4026 omnium
2937 3969 3139 4024 fecerat
3183 3969 3498 4038 gratiosum.
3560 3967 3662 4024 Per
3721 4033 3726 4040 ,

2080 4079 2268 4120 omnes
2294 4061 2565 4120 Ecclesias
2606 4071 2866 4133 tanquam
2897 4063 3147 4134 proprius
3176 4063 3459 4133 episcopus
3488 4064 3661 4118 susci-

2079 4159 2328 4230 piebatur
2347 4199 2363 4223 ,
2394 4165 2450 4214 et
2475 4158 2555 4212 sic
2581 4155 2648 4212 de
2677 4155 2852 4211 reditu
2880 4155 2997 4226 ejus
3021 4154 3197 4210 omnis
3225 4154 3500 4226 Byzacena
3531 4169 3660 4224 pro-

2080 4248 2258 4304 vincia
2287 4247 2432 4303 velut
2459 4246 2612 4317 plebs
2633 4260 2739 4300 una
2770 4244 3055 4314 gaudebat.
3096 4243 3266 4311 Quem
3296 4243 3522 4299 obsecro
3549 4245 3664 4312 glo-

2082 4340 2177 4395 rite
2205 4339 2364 4410 hujus
2393 4354 2500 4394 non
2527 4336 2798 4392 attolleret
2826 4335 3137 4405 magnitudo
3161 4335 3184 4388 ?
3223 4334 3448 4389 Beatum
3482 4341 3664 4393 tamen

2079 4430 2420 4498 Fulgentium
2448 4427 2516 4483 ad
2543 4427 2764 4497 majoris
2792 4425 3106 4480 humilitatis
3133 4424 3366 4480 studium
3394 4440 3661 4495 provoca-

2082 4522 2178 4575 vit.
2222 4520 2457 4576 Veniens
2486 4533 2716 4588 namque
2744 4533 2866 4574 cum
2894 4517 3062 4586 gloria
3092 4516 3369 4586 populari,
3410 4524 3465 4570 et
3493 4516 3664 4584 digni-

392 4625 506 4682 per
543 4609 692 4665 littus
734 4617 944 4677 staret,
991 4609 1165 4666 oculis
1202 4619 1259 4666 et
1299 4612 1570 4666 mentibus
1615 4613 1754 4668 inter
1791 4628 1980 4668 omnes
2003 4634 2059 4697 υ
2083 4617 2250 4666 tatem
2278 4608 2550 4682 pontiﬁcis
2592 4609 2871 4680 privilegio
2899 4606 3145 4678 specialis
3182 4607 3545 4661 venerationis
3571 4622 3664 4662 ac-

389 4700 682 4773 episcopos
709 4701 927 4756 beatum
954 4700 1293 4771 Fulgentium
1323 4703 1505 4776 (quem
1526 4703 1859 4760 familiariter
1879 4723 1978 4763 uo-

387 4790 575 4862 verat)
611 4805 876 4861 quaerens,
910 4801 968 4847 et
994 4808 1116 4847 eum
1147 4808 1179 4846 a
1208 4793 1416 4848 cunctis
1449 4793 1674 4849 navibus
1697 4803 1974 4865 expetens.

395 4879 508 4938 Ubi
543 4895 670 4937 vero
706 4881 870 4938 facies
911 4882 1030 4952 ejus
1070 4883 1359 4954 apparuit,
1414 4884 1707 4938 immensus
1744 4887 1982 4941 nascitur

386 4973 641 5044 clamor,
703 4975 1086 5031 altercantibus
1131 4976 1381 5030 omnibus
1417 4976 1536 5045 quis
1566 4976 1742 5048 primo
1777 4977 1980 5032 saluta-

387 5076 485 5126 ret
514 5067 589 5140 (b)
619 5069 1013 5138 agnoscendum
1033 5110 1048 5134 ,
1077 5069 1198 5138 quis
1221 5078 1382 5139 caput
1408 5068 1749 5124 benedicenti
1773 5085 1980 5140 suppo-

386 5168 592 5227 neret,
643 5161 764 5230 quis
809 5151 1064 5217 extremis
1106 5161 1193 5216 vel
1233 5159 1425 5216 saltem
1464 5159 1642 5228 digitis
1685 5169 1985 5216 mereretur

391 5262 626 5320 tangere
663 5251 999 5322 gradientem
1025 5295 1040 5321 ,
1083 5253 1203 5323 quis
1247 5251 1431 5307 videre
1472 5253 1559 5306 vel
1598 5254 1768 5310 oculis
1795 5255 1985 5324 procul

391 5353 654 5402 stantem.
696 5345 1003 5402 Resonabat
1038 5346 1218 5402 divina
1248 5345 1366 5400 laus
1397 5361 1464 5401 ex
1493 5347 1740 5401 omnibus
1769 5347 1981 5416 linguis.

391 5437 486 5494 Ad
513 5435 697 5494 Sancti
724 5437 924 5508 quippe
950 5437 1122 5508 Agilei
1162 5437 1440 5493 basilicam
1477 5451 1706 5507 sequens
1752 5439 1984 5510 populus

472 5599 551 5668 (a)
578 5599 658 5655 Ita
678 5597 852 5654 Chim.
887 5598 953 5652 At
978 5613 1106 5652 vero
1137 5596 1284 5661 Ant,
1316 5597 1399 5651 Ita
1419 5608 1531 5650 erat
1560 5599 1730 5652 notior
1751 5601 1984 5656 omnibus

393 5671 636 5743 gentibus
685 5680 742 5724 ut
783 5670 884 5743 duo
919 5669 1191 5743 libri
1239 5668 1684 5743 constanlt'rwpoli
1735 5670 1920 5743 offensi
1952 5689 1986 5725 a

392 5737 638 5813 plurimis
677 5739 924 5813 fratribus
955 5740 1022 5792 ad
1060 5737 1261 5791 beatum
1289 5738 1621 5810 Fulgentium
1660 5737 1984 5810 probandum

394 5812 764 5866 diriaerentur.

476 5881 554 5954 (b)
583 5882 707 5954 Ms,
737 5881 1080 5954 agnoscendo,
1107 5881 1219 5955 ouis
1241 5890 1394 5938 caput
1418 5890 1722 5951 supponeret
1743 5885 1813 5938 ad
1833 5884 1984 5941 bene-

2088 4703 2387 4770 cumulans,
2411 4711 2692 4772 postquam
2710 4699 3018 4756 cathedram
3042 4698 3198 4764 sedit,
3217 4699 3358 4752 inter
3375 4698 3665 4754 monachos

2089 4793 2266 4847 adhuc
2303 4793 2550 4846 habitare
2573 4790 2914 4846 desideravit.
2957 4788 3024 4843 Et
3061 4804 3130 4844 ne
3157 4788 3428 4842 videretur
3454 4787 3664 4842 abbatis
3726 4813 3733 4820 -

2089 4887 2284 4943 Felicis
2311 4887 2543 4941 adventu
2572 4900 2669 4940 suo
2695 4885 2936 4939 minuere
2963 4888 3287 4954 potestatem
3312 4924 3328 4949 ,
3368 4881 3664 4950 imperandi

2092 4982 2372 5038 monachis
2398 4995 2611 5037 omnem
2640 4979 2741 5035 sibi
2769 4976 2969 5032 ademit
2994 4975 3295 5032 voluntarie
3331 4973 3664 5039 facultatem,

2093 5091 2203 5131 non
2227 5090 2400 5142 suam,
2429 5076 2525 5130 scd
2548 5073 2769 5130 alterius
2794 5071 2982 5126 volens
3010 5070 3123 5140 ipse
3149 5083 3362 5139 quoque
3392 5069 3543 5137 sequi
3572 5083 3666 5122 vo-

2095 5173 2380 5228 luntatem.
2430 5171 2499 5225 Et
2539 5171 2630 5241 qui
2670 5169 2845 5224 adhuc
2879 5166 3172 5222 monachus
3212 5166 3666 5237 dispensationem

2091 5271 2407 5336 susceperat
2432 5263 2652 5318 fratrum
2677 5303 2692 5329 ,
2737 5262 2847 5330 jam
2886 5260 3170 5331 episcopus
3200 5258 3462 5313 dominari
3492 5257 3665 5312 noluit

2093 5357 2147 5412 in
2175 5356 2398 5428 proprio
2425 5352 2750 5409 monasterio
2777 5370 2789 5405 :
2822 5352 2899 5407 sic
2934 5351 3160 5406 sollicite
3200 5363 3396 5405 cavens
3427 5362 3498 5402 ne
3526 5346 3666 5402 Feli-

2097 5463 2213 5504 cem
2243 5447 2588 5503 contristaret
2611 5444 2882 5512 abbatem,
2912 5451 2970 5498 ut
2998 5442 3257 5498 exhibens
3283 5437 3665 5508 supervenien-

2094 5607 2385 5662 dicendum.

2165 5680 2247 5761 (cn)
2271 5679 2400 5761 ys,
2432 5675 2781 5761 sacerdotibus
2812 5677 3062 5761 gloriosis.

2165 5748 2243 5820 (ά)
2385 5765 2507 5820 ius;
2539 5750 2744 5820 caeteri,
2774 5748 2978 5820 pe_tilus.

2168 5815 2239 5892 (e)
2272 5817 2450 5875 Chil'll.
2468 5862 2482 5890 ,
2514 5815 2784 5893 agentibus
2810 5817 2918 5873 Deo
2941 5818 3136 5887 gratias
3164 5815 3470 5888 ineﬁ‘abites.
