4026 6336
458 409 563 469 147

1626 406 1685 461 S.
1723 400 2154 462 FULGENTIUS
2190 401 2580 464 RUSPENSlS.

3632 411 3739 469 M8

456 529 604 585 tibus
638 525 1061 597 hospitalitatem
1081 563 1097 589 ,
1142 523 1188 581 si
1215 519 1432 594 quando
1457 520 1547 577 vel
1572 519 1917 591 multiplicari
1945 535 2043 591 pa-
2072 524 2126 587 Α
2148 534 2208 577 se
2238 519 2353 577 ﬁeri
2397 524 2665 577 minorem
2708 537 2872 591 quam
2901 524 3016 580 sine
3036 524 3264 581 caritate
3291 525 3551 595 majorem
3573 566 3589 593 ,
3638 526 3744 585 Su-

454 634 606 678 nem.
634 618 722 673 vel
751 616 951 687 aliquid
970 613 1201 685 amplius
1223 610 1466 669 exhiberi
1492 609 1784 667 necessitas
1805 612 2046 682 expetis-

455 719 582 783 set,
626 710 838 768 abbatis
868 711 1041 781 primo
1070 706 1266 763 Felicis
1307 704 1591 762 consilium
1629 705 1947 777 requireret.
1988 704 2048 760 ln

456 803 608 862 omni
633 800 868 874 denique
896 799 1127 857 concilio
1146 796 1447 873 Byzaceno,
1479 795 1547 854 de
1571 797 1733 853 rebus
1755 796 2051 868 majoribus

455 898 575 969 ipse
603 895 811 970 primus
838 891 1263 957 consulebatur;
1295 889 1349 945 in
1377 889 1711 946 monasterio
1739 890 1959 961 proprio
1980 888 2050 946 de

453 987 621 1044 rebus
660 985 897 1042 minimis
934 982 1186 1040 abbatem
1224 980 1463 1038 Felicem
1498 981 1815 1053 suppliciter
1849 995 2048 1038 consu—

452 1079 623 1226 Ιθῗὲῐ
663 1162 861 1222 Parum
890 1162 990 1221 fuit
1018 1162 1183 1219 beato
1207 1160 1493 1233 Fulgentio
1513 1162 1695 1218 verbis
1721 1167 1777 1218 et
1797 1162 2053 1233 operibus

453 1262 599 1319 hanc
625 1257 988 1315 humilitatem
1014 1254 1168 1327 sequi
1191 1271 1258 1311 ac
1281 1252 1547 1321 retinere,
1573 1253 1676 1309 nisi
1697 1267 1794 1324 per
1813 1253 2051 1333 scriptu-_

452 1333 576 1409 ram
596 1364 813 1422 quoque
840 1345 1079 1403 ﬁrmaret
1108 1346 1241 1402 nihil
1269 1360 1329 1401 se
1357 1345 1409 1400 in
1440 1344 1534 1401 illo
1560 1344 1890 1401 monasterio
1925 1356 2055 1416 pro-

454 1444 637 1517 prium
666 1441 962 1506 vindicare,
992 1454 1091 1495 nec
1118 1452 1219 1509 pro
1249 1444 1541 1509 potestate,
1572 1437 1666 1493 sed
1695 1452 1796 1508 pro
1824 1430 2053 1493 caritate

454 1537 600 1594 inter
625 1534 924 1591 monachos
947 1531 1211 1587 habitare.
1254 1530 1612 1586 Considerans
1637 1530 1779 1586 enim
1808 1530 1893 1585 vir
1918 1540 2049 1601 pro-

455 1628 612 1683 vidus
661 1642 729 1682 ne
769 1624 913 1697 quod
941 1624 1084 1679 servi
1115 1622 1210 1678 Dei
1248 1623 1523 1693 simplices
1558 1620 1924 1693 pmjudicium
1957 1636 2052 1691 po-

452 1726 573 1775 stea
596 1726 927 1789 paterentur,
945 1714 1156 1770 obicem
1178 1713 1619 1769 contradictionis
1634 1713 1688 1768 in
1706 1712 1807 1769 hac
1822 1714 2053 1783 scriptu-

453 1822 518 1865 ra
547 1806 951 1893 successoribus
990 1804 1102 1860 suis
1131 1804 1412 1875 apposuit,
1455 1804 1580 1875 quia
1610 1805 1827 1861 utiiztati
1857 1820 2050 1860 mona-

2151 612 2372 684 pbetani
2412 620 2599 684 postea
2638 613 2852 670 concilii
2899 614 3191 684 gloriosum
3231 616 3522 687 respiciens
3551 618 3744 677 adesse

2153 712 2498 769 conventum,
2528 721 2743 785 precem
2773 707 3074 778 supplicem
3101 723 3283 764 coram
3305 700 3557 767 omnibus
3583 707 3743 781 fudit,

2151 806 2235 864 ut,
2263 797 2366 853 sibi
2393 812 2607 854 rursum
2648 813 2709 855 se
2751 798 2988 863 volente,
3017 798 3423 866 Quodvultdeus
3457 801 3745 872 episcopus

2153 888 2517 962 pmferretur,
2550 898 2612 946 ut
2639 891 2858 947 nomine
2883 905 2985 948 suo
3012 891 3280 962 posterius
3307 893 3556 959 recitato,
3588 894 3743 951 laetus

2152 983 2410 1055 deinceps
2444 983 2655 1040 viveret
2694 984 3099 1042 consacerdotis
3148 985 3330 1043 animo
3369 987 3740 1045 reconciliata.

2156 1070 2334 1129 Mirati
2382 1080 2510 1129 sunt
2554 1074 2794 1147 episcopi
2835 1075 3191 1132 humilitatem
3229 1076 3358 1132 talia
3401 1078 3746 1148 postulantis,

2153 1180 2258 1221 nec
2278 1167 2603 1223 contristare
2627 1167 2915 1223 voluerunt
2940 1165 3257 1224 oﬁ’erentem
3285 1167 3398 1225 Deo
3424 1167 3745 1226 sacriﬁcium

2153 1256 2505 1325 humilitatis,
2545 1258 2613 1315 ad
2640 1257 3053 1316 custodiendam
3082 1258 3303 1329 spiritus
3329 1260 3649 1317 societatem
3687 1262 3746 1319 in

2155 1349 2374 1405 vinculo
2401 1350 2662 1407 caritatis.
2705 1349 2807 1406 Ubi
2832 1357 2959 1407 sunt
2979 1366 3123 1407 nunc
3148 1349 3224 1405 illi
3251 1348 3448 1421 quibus
3474 1351 3747 1410 eminendi

2156 1456 2322 1511 super
2354 1452 2583 1498 caeteros
2608 1442 2916 1498 dominatur
2944 1440 3196 1507 allectus,
3232 1443 3324 1513 qui
3350 1457 3413 1499 se
3441 1444 3603 1499 etiam
3633 1446 3745 1501 suis

2156 1533 2429 1605 prioribus
2456 1541 2826 1604 anteponunt,
2874 1532 3109 1589 indebita
3136 1533 3238 1590 sibi
3268 1533 3544 1604 privilegia
3574 1535 3746 1591 vindi~

2155 1628 2384 1682 cantes?
2412 1625 2552 1683 Ecce
2577 1626 2769 1683 beatus
2796 1625 3123 1695 Fuigentius,
3158 1641 3257 1682 nec
3276 1626 3560 1696 primatum
3582 1643 3743 1698 quem

2155 1720 2353 1775 meruit
2378 1719 2666 1776 defendere
2690 1720 2881 1784 voluit,
2914 1718 3039 1790 quia
3072 1720 3188 1775 sine
3210 1720 3436 1777 caritate
3455 1721 3605 1791 prior
3624 1737 3747 1780 esse

2155 1812 2317 1868 alicui
2344 1812 2565 1867 minime
2587 1813 2913 1882 concupivit.

436 1898 682 1958 achorum
710 1898 822 1955 Deo
846 1896 1194 1955 servientium
1220 1896 1352 1951 nihil
1376 1898 1683 1968 praeposuit.
1706 1895 1852 1952 Emit
1873 1906 2051 1953 tamen
2081 1913 2130 1975 Β
2227 1902 2315 1957 6i.
2372 1902 2666 1958 Catholica:
2731 1902 2986 1959 Ecclesia:
3038 1904 3323 1972 singularis
3378 1905 3634 1974 magister
3688 1916 3746 1961 et

453 1993 609 2065 juxta
636 1990 921 2048 ecclesiam
946 1989 1165 2044 domum
1184 2031 1198 2056 ,
1250 1989 1334 2045 eui
1361 1988 1683 2045 fabricandas
1721 2002 1906 2045 curam
1930 2002 2049 2045 ma-

455 2086 659 2142 ximam
692 2082 979 2152 diiigenter
1018 2080 1281 2152 impendit
1308 2096 1376 2137 ne
1407 2081 1585 2138 futuro
1619 2084 1917 2139 successori
1952 2098 2051 2140 suo

455 2175 672 2232 deesset
698 2174 1012 2246 hospitium.
1053 2172 1386 2229 Clericorum
1408 2188 1539 2230 vero
1567 2175 1611 2230 si
1641 2188 1744 2245 qua
1769 2172 2053 2232 defuerunt

452 2269 756 2326 ministeria
782 2284 1044 2340 reparans
1068 2310 1083 2337 ,
1132 2266 1392 2339 probatos
1420 2264 1518 2323 sibi
1550 2267 1748 2324 multos
1782 2280 1849 2324 ex
1872 2269 2052 2325 fratri-

453 2362 557 2420 bus
585 2363 866 2419 monachis
901 2362 968 2418 ad
993 2360 1415 2418 ecclesiasticam
1449 2360 1697 2417 militiam
1732 2363 2047 2429 transtulit;

455 2455 533 2512 ibi
571 2468 788 2526 quoque
818 2453 1030 2510 caritati
1068 2453 1355 2508 consulens
1377 2494 1392 2517 ,
1438 2459 1498 2508 ut
1539 2453 1664 2509 dum
1695 2466 1832 2524 pene
1860 2468 2050 2509 omnes

457 2547 686 2603 clericos
714 2562 781 2602 ex
810 2544 904 2602 illo
931 2547 1263 2602 monasterio
1289 2546 1530 2613 ordinat,
1558 2547 1791 2617 antiqua:
1822 2546 2051 2604 familia-

455 2638 636 2703 ritatis
663 2646 917 2697 monente
937 2637 1150 2704 notitia,
1183 2636 1324 2692 nulla
1357 2637 1422 2693 lis
1449 2635 1736 2709 aliquando
1765 2637 1907 2695 inter
1935 2650 2051 2694 mo-

456 2731 665 2787 nachos
697 2739 755 2786 et
781 2730 1010 2787 clericos
1037 2729 1407 2785 ventilaretur.

532 2822 623 2881 59.
664 2824 943 2882 Summam
967 2838 1187 2895 quoque
1219 2820 1550 2893 diligentiam
1579 2824 1809 2895 praebuit
1838 2838 1906 2880 ne
1932 2823 2054 2896 quis

458 2920 691 2977 clericus
734 2918 1035 2974 ambitiosis
1073 2916 1316 2985 vestibus
1351 2927 1638 2973 ornaretur
1660 2960 1676 2987 ,
1723 2932 1786 2973 ac
1822 2917 2053 2986 negotiis

457 3012 805 3070 sacularibus
834 3018 1132 3081 occupatus
1159 3008 1226 3065 ab
1248 3006 1427 3065 oﬁiciu
1458 3008 1823 3067 ecclesiastico
1851 3005 2053 3064 diutius

458 3115 784 3176 vagaretur:
811 3103 1010 3175 jubens
1036 3117 1226 3159 omnes
1253 3117 1361 3158 non
1391 3101 1550 3170 longe
1581 3101 1649 3154 ab
1690 3097 1919 3155 ecclesia
1948 3098 2046 3153 do—

459 3213 578 3254 mos
605 3196 809 3253 habere
828 3230 844 3261 ,
874 3194 1121 3250 manibus
1143 3192 1377 3264 propriis
1405 3188 1621 3247 hortum
1650 3189 1830 3247 colere
1849 3230 1864 3253 ,
1909 3191 2051 3262 psal-

2155 1993 2375 2060 doctor,
2414 1994 2541 2049 licet
2580 1993 2721 2049 inter
2747 1994 2925 2049 varias
2949 1994 3338 2065 occupationes
3365 1995 3453 2050 hic
3479 1995 3533 2050 in
3563 1995 3744 2052 Alrica

2155 2101 2348 2158 parum
2386 2093 2638 2153 vacaret,
2686 2085 2949 2156 plurimos
2997 2094 3176 2141 tamen
3205 2086 3601 2143 ecclesiasticos
3629 2103 3746 2143 ser-

2154 2190 2369 2244 mones,
2399 2189 2538 2245 quos
2566 2175 2618 2230 in
2650 2175 2864 2246 populis
2890 2175 3121 2242 diceret,
3151 2176 3464 2233 scribendos
3480 2178 3742 2235 dictavit:

2155 2277 2213 2324 et
2255 2266 2564 2337 ubicunque
2603 2282 2905 2323 sermonem
2946 2266 3215 2335 faciebat,
3265 2270 3506 2326 ninnium
3535 2272 3747 2328 animos

2155 2357 2495 2416 demulcebat
2519 2401 2533 2425 ,
2574 2375 2678 2418 nec
2701 2362 2890 2418 inanes
2913 2370 2970 2417 et
2994 2364 3315 2419 vanissimos
3342 2364 3563 2435 plausus
3583 2405 3598 2429 ,
3648 2367 3745 2424 sed

2155 2450 2635 2523 compunctionem
2684 2464 2949 2522 generans
2977 2448 3175 2509 cordis.
3233 2448 3577 2526 Exspectavit
3619 2471 3744 2514 eum

2154 2552 2358 2599 sanctae
2386 2544 2662 2600 memoriae
2690 2543 2996 2603 Bonifacius
3024 2547 3313 2618 episcopus
3340 2544 3591 2606 Ecclesia:
3612 2548 3744 2606 Car-

2154 2636 2487 2706 thaginensis
2522 2637 2663 2709 apud
2689 2635 2902 2696 Burnos
2929 2640 3023 2711 (at.
3052 2640 3285 2713 Furnos)
3316 2639 3614 2698 Ecclesiam
3650 2643 3743 2699 de-

2154 2722 2362 2796 dicans,
2393 2726 2603 2785 duobus
2630 2728 2821 2787 diebus
2848 2742 2909 2789 se
2936 2736 3201 2803 praesente
3228 2739 3572 2796 tractantem,
3609 2748 3744 2804 quo-

2155 2822 2301 2878 niam
2331 2831 2540 2881 tantum
2585 2820 2886 2881 delectatus
2930 2826 3013 2882 est
3048 2822 3238 2881 audire
3277 2825 3497 2881 verbum
3529 2822 3744 2886 Domini

2155 2916 2223 2972 de
2250 2932 2346 2973 ore
2374 2911 2513 2990 ejus,
2543 2927 2603 2974 ut
2627 2921 2802 2975 donec
2826 2919 2914 2975 ille
2940 2934 3247 2975 sermonem
3275 2917 3487 2985 ﬁniret,
3518 2918 3634 2990 ipse
3664 2918 3743 2992 (ὁ)

2156 3016 2354 3065 terram
2378 3009 2628 3082 lacrymis
2657 3010 2900 3081 irrigaret
2925 3054 2941 3080 ,
2982 3011 3182 3081 gratias
3209 3022 3373 3080 agens
3400 3009 3512 3065 Deo
3536 3051 3552 3076 ,
3585 3011 3743 3080 cujus

2157 3102 2331 3171 gratia
2358 3117 2575 3173 semper
2610 3104 2663 3158 in
2705 3102 2946 3159 Ecclesia
2983 3102 3250 3158 catholica
3277 3112 3518 3159 summos
3543 3102 3745 3162 excitat

2155 3190 2552 3267 prmelarosque
2576 3192 2850 3253 doctores.
2893 3194 3055 3250 Multa
3079 3196 3188 3265 jam
3219 3208 3469 3253 reversus
3496 3194 3564 3251 de
3592 3196 3746 3252 exsi-

459 3288 712 3358 lendique
745 3287 984 3343 suaviter
1011 3291 1105 3341 aut
1131 3280 1517 3356 pronuntiandi
1544 3297 1729 3337 curam
1760 3280 2051 3337 maximam
2078 3292 2123 3364 ρ
2157 3283 2230 3339 lio
2258 3280 2499 3341 condidit
2538 3301 2711 3353 nova,
2754 3286 2941 3342 decem
2983 3286 3147 3341 libros
3177 3282 3397 3341 Fabiani
3436 3286 3745 3345 mentientis

458 3395 668 3451 gerere.
709 3379 815 3436 Per
852 3377 1093 3449 singulas
1132 3377 1466 3447 septimanas
1503 3390 1693 3431 omnes
1732 3374 1960 3430 clericos
1988 3388 2053 3431 ac

459 3473 673 3541 viduas,
713 3482 770 3529 et
795 3473 1105 3543 quicunque
1145 3467 1412 3541 potuisset
1452 3482 1521 3523 ex
1551 3466 1721 3533 iaicis,
1771 3474 1962 3538 quarta
1998 3474 2054 3521 et

458 3574 614 3625 sexta
642 3564 776 3622 feria
803 3563 996 3622 statuit
1016 3562 1290 3633 jejunare,
1319 3556 1650 3630 quotidianis
1678 3554 1895 3627 vigiliis,
1919 3554 2056 3628 jeju-

457 3660 601 3726 niis,
673 3656 953 3714 matutinis
997 3662 1054 3711 et
1099 3652 1420 3725 vespertinis
1474 3646 1810 3708 orationibus
1864 3648 2053 3704 adesse

458 3751 776 3823 praecipiens
804 3762 1017 3803 omnes.
1048 3746 1370 3816 Aliquantos
1410 3744 1682 3814 inquietos
1704 3741 1881 3797 verbis
1904 3785 1917 3807 ,
1952 3740 2052 3795 ali-

458 3852 692 3913 quantus
719 3839 1037 3896 verberibus
1066 3839 1384 3905 coercebat,
1414 3854 1553 3909 quos
1582 3836 1739 3907 culpa
1770 3836 2053 3891 manifesta

459 3931 723 4002 ﬂagellari
760 3936 1033 3999 coegerat.
1084 3928 1164 3983 lta
1195 3928 1325 3984 vitia
1367 3937 1681 3981 cunctorum
1712 3925 1909 3982 salubri
1941 3922 2052 3980 dis-

459 4026 743 4098 putatione
785 4021 1111 4090 mordebat,
1160 4029 1219 4075 ut
1256 4020 1455 4076 nullius
1494 4020 1822 4075 interserens
1856 4009 2052 4076 nomen

460 4133 652 4175 omnes
677 4122 899 4185 cogeret
926 4122 1202 4179 metuere,
1245 4124 1300 4170 et
1331 4114 1556 4168 latentia
1586 4127 1801 4183 quoque
1830 4121 2052 4184 peccata

459 4210 750 4266 salubriter
778 4206 1023 4263 timendo
1053 4206 1323 4262 deserere.
1364 4204 1748 4262 Verumtamen
1780 4205 2053 4275 quomodo

460 4301 603 4357 inter
627 4297 879 4369 proprios
913 4296 1141 4353 clericos
1178 4296 1443 4351 minorem
1482 4304 1668 4366 posset
1694 4292 1894 4351 habere
1923 4312 2052 4351 cau-

460 4394 661 4461 telam,
698 4392 791 4464 qui
820 4390 1101 4447 diuturnas
1129 4389 1290 4444 etiam
1322 4386 1663 4443 ﬁnitimarum
1698 4386 1934 4459 plebium
1974 4384 2052 4443 ri-

462 4502 563 4544 xas
598 4493 655 4541 et
702 4483 1041 4541 contentiosa
1068 4481 1363 4537 certamina
1393 4479 1726 4536 dirimebat?
1753 4476 1875 4551 Ipse
1902 4478 2056 4535 deni—

462 4596 570 4651 que
595 4576 1035 4634 Maximianensis
1072 4574 1471 4630 animositatem
1501 4573 1705 4644 plebis,
1749 4568 2051 4629 ordinatum

2154 3372 2287 3431 falsa
2318 3385 2468 3445 gesta
2498 3377 2864 3444 convinccns;
2908 3377 2976 3433 de
3008 3376 3236 3433 veritate
3261 3377 3745 3449 prtedestinationis

2155 3474 2209 3522 ct
2236 3469 2422 3539 gratia:
2450 3466 2659 3542 libellos
2688 3477 2797 3524 tres
2824 3467 3083 3539 confecit,
3115 3463 3327 3538 aliaque
3362 3468 3530 3523 multa
3556 3468 3737 3537 diges-

2152 3559 2225 3613 sit
2247 3600 2261 3624 ,
2282 3582 2285 3585 -
2309 3573 2428 3629 quae
2456 3560 2502 3615 si
2526 3561 2647 3629 quis
2674 3560 2814 3615 scire
2852 3560 3122 3629 voluerit,
3174 3558 3228 3615 in
3268 3559 3386 3631 ejus
3413 3562 3745 3617 monasterio

2154 3652 2425 3707 veraciter
2452 3654 2652 3723 scripta
2682 3653 2935 3724 reperiet.

2227 3742 2314 3798 6'2.
2357 3742 2523 3801 Nobis
2566 3754 2744 3801 autem
2768 3745 2881 3816 jam
2913 3754 3122 3815 tempus
3148 3752 3230 3800 est
3264 3742 3443 3800 dicere
3470 3744 3743 3815 quomodo

2156 3844 2279 3908 post
2308 3838 2487 3892 omnia
2520 3838 2665 3893 bona
2694 3850 2858 3908 opera
2886 3852 2980 3893 sua
3022 3835 3383 3907 requieverit,
3418 3836 3484 3890 ad
3513 3835 3634 3891 οωιί
3658 3849 3745 3891 re-

2155 3942 2259 3996 gna
2291 3929 2598 3983 translatus.
2642 3928 2780 3984 Ante
2810 3943 3006 3983 annum
3033 3927 3201 3983 ferme
3223 3942 3382 3998 quam
3412 3924 3480 3982 de
3508 3928 3612 3982 isto
3637 3941 3742 3982 ste-

2155 4022 2277 4073 culo
2315 4027 2625 4089 raperetur,
2670 4020 2935 4090 profunda
2963 4018 3141 4076 cordis
3164 4019 3577 4089 compunctione
3608 4030 3740 4089 per-

2157 4119 2338 4165 motus
2363 4152 2377 4177 ,
2427 4112 2645 4180 reliquit
2690 4113 2871 4167 subito
2908 4111 3300 4167 ecclesiasticas
3339 4110 3742 4180 occupationes.

2155 4202 2221 4257 Et
2249 4203 2315 4259 de
2343 4204 2458 4274 ipso
2486 4218 2700 4275 quoque
2729 4206 3056 4261 monasterio
3091 4216 3188 4258 suo
3217 4212 3428 4259 secreto
3459 4203 3742 4273 recedens,

2156 4297 2221 4351 ad
2262 4297 2488 4352 insulam
2521 4297 2790 4354 Circinam
2831 4288 3017 4369 paucis
3063 4293 3444 4353 comitantibus
3493 4295 3746 4354 iratribtta

2156 4390 2456 4459 navigavit,
2489 4384 2579 4445 ubi
2611 4390 2662 4445 in
2692 4388 2925 4461 quodam
2952 4388 3102 4443 brevi
3133 4384 3356 4458 scopulo
3376 4424 3391 4452 ,
3432 4386 3517 4441 cui
3548 4400 3745 4444 nomen

2156 4488 2239 4537 est
2267 4481 2479 4547 Chilmi,
2508 4482 2599 4536 ubi
2620 4478 2731 4551 jam
2760 4480 3146 4535 monasterium
3172 4474 3419 4533 fabricari
3450 4476 3747 4531 mandave-

2158 4583 2263 4640 rat,
2299 4572 2517 4628 lectioni
2545 4579 2601 4628 et
2635 4572 2866 4627 orationi
2891 4580 2945 4626 et
2968 4570 3187 4641 jejuniis
3217 4580 3433 4637 vacans,
3452 4570 3614 4624 veluti
3641 4569 3745 4624 sci-

460 4674 563 4730 sibi
583 4673 896 4744 episcopum
917 4669 1161 4740 recipere
1181 4667 1432 4731 nolentis,
1457 4666 1655 4723 salubri
1685 4665 2055 4721 admonitione
2083 4688 2129 4747 ι)
2155 4670 2241 4720 ret
2272 4666 2708 4737 appropinquare
2728 4664 2831 4719 sibi
2868 4664 3216 4719 novissimum
3242 4656 3381 4718 diem
3400 4706 3414 4730 ,
3437 4662 3513 4717 sic
3543 4676 3606 4716 ex
3629 4670 3747 4718 toto

366 4796 369 4801 -
463 4766 704 4833 sedavit,
746 4762 1097 4833 debitumque
1123 4757 1282 4815 ﬁnem
1310 4758 1628 4829 gravissimo
1660 4756 1916 4813 seandalo
1942 4766 2052 4814 sta-

462 4866 645 4922 tuens,
674 4863 869 4912 cuncta
898 4854 1044 4909 inter
1066 4866 1165 4908 eos
1192 4850 1437 4908 modeste
1465 4859 1522 4907 et
1547 4850 1835 4906 salubriter
1861 4844 2050 4921 paciﬁ-

374 4984 389 4995 -.
462 4963 594 5003 cans
622 4944 911 5002 ordinavit.

384 5080 399 5117 ,
534 5039 625 5094 60.
666 5037 725 5093 In
754 5038 986 5093 concilio
1012 5050 1229 5107 quoque
1251 5036 1327 5107 (a)
1350 5034 1622 5099 Vincensi,
1650 5032 1851 5103 judicio
1871 5048 2052 5089 sacer-

463 5131 651 5187 dotum
690 5128 933 5184 omnium
972 5126 1066 5198 qui
1102 5133 1501 5192 convenerant,
1547 5122 1804 5196 episcopo
1842 5122 2053 5179 cuidam

464 5222 685 5278 nomine
709 5218 1087 5288 Quodvultdeo
1110 5259 1125 5285 ,
1180 5217 1272 5290 qui
1302 5217 1537 5289 priorem
1566 5231 1623 5271 se
1650 5215 1794 5270 illius
1821 5215 2055 5271 existere

462 5313 859 5379 coniirmabat,
909 5312 1243 5383 antepositus
1285 5320 1341 5366 et
1380 5306 1671 5382 praelatus,
1723 5306 1840 5381 ipso
1869 5306 1956 5364 die
1998 5316 2053 5363 et

464 5420 709 5479 tempore
734 5406 929 5471 tacuit,
960 5421 1062 5462 nec
1088 5407 1468 5461 auctoritatem
1496 5403 1710 5461 concilii
1739 5401 2052 5459 excusando

465 5503 708 5556 minuere
734 5498 926 5555 voluit.
966 5496 1074 5554 Sed
1101 5498 1193 5553 ubi
1213 5506 1338 5569 post
1363 5496 1650 5553 concilium
1676 5494 1859 5551 dolere
1887 5495 2054 5551 sensit

464 5593 810 5663 episcopum,
850 5591 1045 5645 timens
1069 5597 1293 5661 propter
1321 5604 1476 5643 suum
1507 5588 1771 5643 honorem
1804 5586 2052 5658 generari

2158 4756 2323 4814 corde
2366 4774 2464 4814 suo
2491 4754 2864 4829 pmnitentiam
2892 4756 3075 4825 gessit.
3118 4748 3185 4811 Et
3210 4757 3455 4827 quamvis
3485 4760 3597 4809 tota
3637 4755 3746 4810 vita

2156 4849 2292 4921 ejus,
2324 4866 2391 4906 ex
2430 4829 2537 4922 quo
2589 4850 2973 4920 monachorum
3014 4849 3399 4921 professionem
3450 4858 3746 4904 converstts

2157 4959 2224 4997 ex
2254 4950 2369 4998 toto
2412 4943 2575 4998 corde
2618 4944 2890 5014 suscepit,
2941 4942 3265 5014 pmnitentim
3308 4940 3469 4997 fuerit
3514 4950 3746 5011 tempus,

2156 5035 2209 5091 in
2241 5032 2344 5091 hac
2365 5044 2542 5091 tamen
2576 5035 2748 5091 insula
2779 5034 2949 5093 multo
2974 5036 3202 5105 amplius
3225 5050 3287 5090 ac
3315 5036 3482 5089 multo
3512 5032 3745 5101 diligen-

2161 5129 2298 5194 tius,
2335 5128 2606 5183 inchoanti
2636 5128 2822 5185 similis
2847 5170 2862 5195 ,
2893 5128 3129 5183 membra
3158 5142 3253 5182 sua
3284 5122 3659 5191 mortiﬁcavit,
3691 5134 3746 5183 et

2162 5221 2213 5274 in
2244 5229 2538 5290 conspectu
2568 5220 2734 5276 solius
2763 5216 2857 5275 Dei
2898 5216 3061 5271 licvit.
3101 5215 3229 5271 Inde
3246 5215 3356 5286 jam
3388 5215 3632 5287 plurimis
3676 5215 3746 5272 de

2160 5310 2404 5366 absentia
2431 5311 2731 5367 sacerdotis
2759 5308 3239 5373 murmurantibns,
3284 5308 3522 5364 caritatis
3558 5320 3745 5364 neces-

2160 5401 2320 5458 sitate
2349 5402 2675 5457 constrictus
2723 5398 2915 5455 iterum
2957 5396 3234 5454 descendit
3262 5398 3327 5454 ad
3355 5400 3744 5460 monasterium

2156 5508 2335 5560 suum,
2366 5501 2623 5550 consdeta
2644 5492 2946 5547 hominibus
2964 5488 3229 5561 religlosis
3250 5492 3505 5548 exhibere
3527 5491 3741 5559 solatia,

2159 5590 2481 5659 laboresque
2523 5587 2839 5643 durissimos
2880 5601 2979 5657 pro
3009 5586 3331 5642 utilitatibus
3372 5586 3742 5657 proximorum

464 5681 617 5738 fratri
644 5680 957 5739 scandalum
977 5720 995 5748 ,
1043 5680 1342 5749 meliusque
1363 5674 1612 5750 judicans
1640 5693 1738 5749 per
1766 5679 2048 5735 caritatem
2151 5681 2527 5752 longanimiter
2556 5680 2842 5736 sustinere.

534 5910 612 5982 (a)
641 5908 763 5975 Ms.,
794 5905 1062 5961 Juncensi.
1096 5903 1247 5969 Ant.,
1286 5902 1563 5955 Vircccnst.

2222 5894 2298 5965 (ὁ)
2330 5895 2487 5965 Apud
2507 5891 2713 5962 Chiﬂl.,
2743 5894 2854 5963 ipse
2882 5893 3125 5963 lacrymis
3154 5909 3314 5964 genus
3341 5893 3553 5963 rigaret.
