4026 6336
248 430 342 489 N9

1617 417 2142 480 PROLEGOMENA.

3424 419 3527 478 150

311 549 396 603 63.
439 549 556 604 Νοη
586 547 742 603 multi
765 555 945 603 autem
976 545 1244 603 auxerant
1270 545 1386 601 dies
1407 583 1425 610 ,
1477 551 1534 600 et
1556 558 1685 599 ecce
1712 559 1831 600 ser—
1859 553 1914 611 Α
1942 552 2056 600 tum
2087 543 2333 599 manibus
2377 541 2446 597 ad
2499 541 2782 597 ecclesiam
2811 541 3066 609 civitatis,
3105 554 3224 611 quae
3277 538 3527 594 Secunda

250 658 365 698 vum
393 641 606 697 fidelem
636 643 810 697 bonus
831 639 1088 696 Dominus
1108 637 1437 710 requirebat.
1463 637 1655 693 Incidit
1681 638 1825 694 enim

253 743 462 805 repente
484 734 538 788 in
560 734 858 804 corporalis
877 732 1201 788 infirmitatis
1215 731 1506 786 acerrimas
1525 731 1823 802 passiones,

255 827 334 881 ubi
361 827 702 896 septuaginta
749 840 918 896 prope
953 824 1143 880 diebus
1187 823 1504 893 aegritudine
1551 822 1824 894 fatigatus,

255 920 346 973 hoc
365 919 541 972 solum
567 917 878 988 frequenter
896 918 1138 973 dicebat:
1157 916 1403 984 Domine,
1416 915 1483 970 da
1506 916 1639 970 mihi
1665 915 1827 973 modo

253 1013 332 1068 hic
369 1011 684 1081 patientiam
709 1050 725 1076 ,
775 1020 966 1082 postea
1003 1010 1411 1080 indulgentiam.
1474 1007 1586 1066 Nec
1625 1009 1694 1065 ab
1726 1009 1830 1065 isto

251 1119 491 1159 sermone
518 1103 907 1175 aliquantulum
939 1104 1034 1174 (al.
1066 1101 1376 1175 aliquando)
1408 1102 1670 1171 cessavit,
1713 1103 1832 1159 sive

249 1197 395 1252 dolor
417 1193 698 1267 afﬂigeret,
729 1197 844 1254 sive
876 1196 1039 1253 febris
1069 1196 1396 1264 incenderet,
1423 1198 1539 1253 sive
1567 1195 1829 1252 lassitudo

247 1287 580 1343 dissolveret.
610 1287 1061 1345 Persuadeutibus
1085 1298 1262 1345 autem
1293 1288 1512 1344 medicis
1534 1288 1832 1344 utlavacris

247 1379 587 1436 balnearibus
615 1389 859 1438 uteretur
888 1402 900 1437 τ
924 1381 1174 1453 Nunquid
1199 1382 1426 1446 balneae,
1459 1383 1649 1452 inquit,
1681 1382 1830 1438 face-

249 1487 301 1525 re
329 1480 584 1541 poterunt
611 1487 681 1527 ne
708 1473 870 1528 homo
899 1474 1142 1529 mortalis
1171 1474 1387 1544 expleto
1408 1474 1529 1528 vita:
1557 1491 1664 1530 sum
1691 1481 1829 1530 tem-

246 1578 372 1633 pore
403 1564 712 1618 moriatur?
756 1565 832 1637 (a)
871 1564 928 1620 Si
969 1581 1098 1620 vero
1142 1581 1442 1636 proximam
1473 1573 1700 1620 mortem
1731 1581 1833 1620 nec

245 1671 506 1725 aquarum
537 1657 831 1713 calidarum
872 1667 1101 1730 possunt
1127 1660 1363 1714 fomenta
1392 1659 1656 1730 repellere
1680 1703 1694 1726 ,
1735 1677 1833 1716 cur

246 1747 391 1814 mihi,
419 1750 668 1814 obsecro,
687 1750 1020 1820 persuadetis
1034 1753 1335 1820 utrigorem
1349 1749 1440 1805 diu
1462 1758 1687 1806 servatae
1711 1766 1834 1822 pro.

244 1838 491 1894 fessionis
515 1840 568 1894 in
599 1839 704 1895 fine
731 1839 1063 1897 dissolvam?
1092 1841 1182 1897 Sic
1209 1842 1435 1896 salutem
1465 1858 1614 1896 suam
1644 1858 1838 1913 super-

1932 635 2150 700 dicitur,
2180 635 2271 689 ubi
2299 635 2462 690 etiam
2489 629 2741 705 reliquias
2767 633 3134 703 apostolorum
3154 631 3525 696 constituerat,

1931 730 2268 801 deportatus,
2323 727 2546 784 sortitus
2591 735 2673 781 est
2728 725 3044 780 honorabile
3098 729 3524 778 monumentum.

1934 820 2148 878 Primus
2161 821 2328 891 .plane
2356 821 2408 874 in
2438 817 2627 874 eadem
2644 817 2860 872 basilica
2891 814 3131 887 pontifex
3159 813 3286 885 poni
3309 812 3531 881 meruit,

1936 913 2030 969 ubi
2059 913 2262 968 nullum
2293 918 2581 975 mortuum,
2615 925 2792 981 neque
2817 908 3154 964 sacerdotem
3174 949 3192 975 ,
3223 919 3398 976 neque
3432 904 3531 958 lai-

1932 1022 2061 1063 cum
2088 1003 2303 1076 sepeliri
2332 1001 2664 1059 consuetudo
2694 1000 2906 1056 sinebat
2943 999 3179 1069 antiqua.
3211 995 3317 1052 Sed
3339 1009 3531 1064 magna

1935 1102 2020 1156 vis
2047 1098 2351 1154 dilectionis
2374 1094 2690 1151 removebat
2716 1091 3155 1166 impedimentum
3184 1088 3532 1145 consuetudi-

1935 1194 2044 1260 nis,
2093 1192 2448 1248 ambientibus
2495 1189 2757 1245 universis
2802 1186 3028 1254 civibus,
3072 1192 3128 1239 et
3172 1198 3293 1237 cum
3324 1196 3532 1235 summa

1934 1283 2227 1342 devotione
2274 1281 2659 1353 quaerentibus,
2711 1285 2770 1334 ut
2825 1277 2914 1334 ubi
2968 1277 3051 1332 vir
3097 1283 3314 1332 sanctus
3339 1281 3395 1328 et
3419 1270 3532 1326 Deo

1937 1375 2185 1431 amabilis
2213 1373 2387 1430 fuerat
2413 1381 2787 1437 consecratus,
2829 1370 2901 1426 ibi
2925 1367 3261 1425 orationibus
3290 1364 3529 1435 singulo-

1937 1487 2059 1525 rum
2087 1485 2302 1539 semper
2330 1467 2491 1523 etiam
2520 1461 2765 1520 localiter
2783 1461 3055 1518 videretur
3074 1459 3374 1531 adjunctus.
3401 1455 3536 1513 Pro-

1937 1564 2207 1619 baverunt
2257 1563 2456 1632 quippe
2505 1559 2699 1629 saepius
2749 1563 2947 1630 quanta
3002 1556 3144 1612 bona
3202 1553 3304 1609 illis
3358 1553 3534 1608 oratio

1938 1656 2087 1712 beati
2115 1653 2379 1723 Fulgentii
2410 1652 2823 1723 priestiterat,et
2843 1659 3043 1720 quanta
3071 1647 3212 1703 mala
3240 1643 3535 1716 repulerat,

1941 1749 2083 1805 sicut
2134 1755 2323 1819 postea
2371 1744 2668 1801 manifestis
2707 1742 2918 1798 indiciis
2947 1739 3229 1796 evidenter
3253 1737 3534 1809 apparuit,

1942 1838 2160 1910 quando
2191 1854 2298 1894 non
2321 1845 2445 1909 post
2468 1837 2730 1907 plurimos
2759 1833 2873 1890 dies
2902 1833 3270 1889 accersitionis
3301 1831 3396 1902 (al.
3439 1829 3537 1884 de-

243 1950 322 1990 na:
351 1936 620 1990 voluntati
661 1934 886 1993 ﬁdeliter
919 1936 1179 2002 credens,
1239 1946 1524 2008 postquam
1563 1953 1622 1993 se
1667 1937 1838 1992 sensit
1869 1929 1919 1990 Β
1943 1929 2226 2001 cessionis)
2267 1929 2414 2000 ejus,
2465 1928 2679 1982 inimica
2726 1941 2857 1996 gens
2899 1925 3208 1981 Maurorqu
3259 1925 3540 1996 Ruspense

242 2029 356 2082 sine
397 2027 584 2098 aliqua
613 2025 947 2084 dubitatione
983 2029 1379 2084 dissolvendum
1404 2071 1419 2096 ,
1468 2045 1668 2084 vocans
1711 2029 1834 2083 uni-

243 2134 432 2174 versos
465 2119 691 2174 clericos
713 2135 840 2174 suos
860 2121 1213 2190 praesentibus
1243 2121 1541 2185 monachis,
1568 2119 1834 2176 allocutus

242 2220 321 2263 est
342 2223 441 2264 eos
471 2209 658 2265 dicens
681 2251 696 2276 ,
742 2209 855 2280 Ego
878 2252 893 2276 ,
928 2211 1121 2266 fratres
1144 2253 1158 2277 ,
1202 2211 1501 2266 animarum
1532 2221 1833 2267 vestrarum

241 2301 396 2356 saluti
431 2303 787 2372 prospiciens,
816 2301 1074 2358 molestus
1095 2302 1234 2375 apud
1260 2321 1357 2359 vos
1378 2304 1600 2360 forsitan
1621 2313 1676 2360 et
1696 2303 1836 2360 ditii-

241 2394 354 2448 cilis
379 2393 608 2460 exstiti;
655 2407 708 2449 et
752 2394 873 2450 ideo
903 2397 1128 2451 obsecro
1176 2412 1274 2453 vos
1316 2404 1374 2451 ut
1415 2384 1660 2465 ignoscat
1702 2397 1835 2453 mihi

240 2489 488 2559 quisquis
515 2488 716 2560 aliquid
745 2491 907 2546 dolet.
952 2489 1020 2546 Et
1039 2493 1084 2546 si
1112 2493 1337 2548 forsitan
1359 2495 1621 2550 severitas
1651 2503 1834 2550 nostra

241 2578 460 2634 modum
487 2589 822 2649 transgressa
844 2592 928 2638 est
956 2581 1196 2638 debitum
1223 2623 1238 2646 ,
1271 2592 1422 2638 orate
1461 2599 1530 2638 ne
1561 2583 1691 2638 mihi
1730 2581 1836 2638 hoc

243 2667 502 2725 Dominus
531 2671 761 2741 imputet
789 2672 855 2726 ad
891 2681 1192 2742 peccatum.
1233 2671 1478 2743 Cumque
1520 2672 1648 2727 talia
1674 2672 1834 2727 beato

244 2759 527 2830 Fulgentio
552 2763 865 2835 lacrymosis
894 2765 1210 2835 singultibus
1235 2765 1572 2836 exprimente
1596 2806 1610 2830 ,
1655 2764 1835 2820 cuncti

245 2852 394 2906 simul
426 2867 598 2923 super
639 2867 809 2921 genua
853 2853 970 2924 ejus
999 2855 1292 2921 caderent,
1355 2870 1568 2925 semper
1609 2854 1830 2918 bonum,

246 2960 458 3016 semper
484 2944 773 3008 affabilem,
827 2963 924 3016 pro
964 2947 1204 3002 omnium
1231 2946 1422 3011 salute,
1471 2946 1605 3000 sicut
1634 2943 1834 3012 decuit,

249 3034 556 3106 invigilasse
579 3037 896 3106 clamantes,
928 3036 1216 3094 Provideat
1243 3052 1371 3107 ergo
1393 3037 1566 3104 vobis,
1603 3037 1699 3104 ait,
1729 3034 1839 3091 Do-

253 3128 425 3184 minus
445 3126 593 3183 Deus
619 3144 771 3184 meus
796 3138 1066 3199 pastorem
1096 3128 1315 3200 dignum
1345 3144 1419 3183 se.

316 3218 407 3274 65.
449 3219 602 3276 Tunc
639 3221 902 3292 imperato
932 3223 1179 3290 silentio,
1230 3220 1507 3291 paululum
1547 3218 1831 3288 requievit.

1944 2027 2276 2083 territorium
2301 2034 2524 2097 repente
2552 2025 2783 2090 vexavit,
2814 2024 3036 2094 rapinis,
3069 2021 3320 2087 caedibus,
3355 2023 3539 2076 incen-

1942 2118 2064 2182 diis,
2099 2118 2264 2173 multa
2293 2117 2607 2184 devastans,
2637 2125 2799 2188 atque
2830 2117 2969 2170 intra
2996 2116 3144 2186 ipsos
3173 2114 3416 2170 ecclesia:
3446 2128 3542 2183 pa-

1941 2212 2108 2268 rietes
2139 2226 2275 2281 quos
2306 2210 2545 2264 invenire
2573 2209 2750 2280 potuit
2781 2208 3056 2278 jugulans.
3091 2206 3222 2274 Quis
3253 2205 3394 2260 beati
3417 2202 3542 2258 Ful-

1941 2303 2111 2374 gentii
2141 2304 2370 2373 gratiam
2403 2318 2512 2357 non
2545 2300 2806 2355 miretur?
2835 2298 3081 2368 Quandiu
3125 2298 3258 2353 vixit
3305 2295 3542 2351 furorem

1939 2397 2069 2453 belli
2099 2398 2288 2453 civitas
2326 2395 2401 2452 illi
2439 2395 2725 2452 commissa
2771 2411 2877 2450 non
2926 2395 3112 2450 sensit.
3163 2393 3230 2448 Et
3277 2407 3398 2448 cum
3429 2399 3541 2446 tota

1940 2506 2084 2564 pene
2129 2489 2403 2560 provincia
2455 2488 2821 2558 captivitatem
2868 2487 3160 2543 sustineret
3205 2486 3540 2550 horribilem,

1941 2581 2125 2652 Ruspa
2155 2579 2256 2636 fuit
2284 2579 2598 2645 incolumis,
2631 2587 2852 2650 propter
2891 2579 3230 2633 sacerdotem
3261 2576 3544 2632 venerabi-

1940 2673 2068 2740 lem,
2099 2672 2251 2743 cujns
2278 2675 2388 2728 vita
2418 2673 2648 2744 propriis
2675 2672 2879 2728 civibus
2907 2687 3092 2726 murus
3118 2670 3238 2726 fuit.

2014 2766 2101 2820 66.
2134 2765 2244 2822 Nec
2272 2767 2375 2821 hoc
2420 2766 2635 2821 interim
2669 2766 3101 2837 pmterenndum
3142 2765 3359 2820 silentio
3400 2764 3544 2835 judi-

1939 2858 2078 2922 cavi,
2103 2856 2246 2929 quod
2301 2855 2428 2911 dum
2486 2857 2535 2911 ci
2590 2871 2868 2911 successor
2922 2855 3150 2911 idoneus
3188 2865 3542 2925 quaereretur,

1940 2947 2372 3003 discordantibus
2402 2945 2552 3002 laicis
2580 2956 2635 3002 et
2662 2945 2874 3002 clericis
2899 2990 2914 3016 ,
2959 2961 3157 3002 annum
3209 2963 3378 3019 pr0pe
3408 2947 3544 3002 inte-

1941 3053 2096 3109 grum
2127 3039 2409 3110 prolixitas
2437 3038 2802 3094 contentionis
2836 3038 3043 3108 exegit;
3075 3046 3131 3093 et
3160 3035 3253 3093 illo
3297 3039 3385 3094 die
3428 3053 3546 3093 sau-

1941 3133 2101 3186 ctitas
2131 3140 2221 3186 tua
2248 3147 2412 3204 super
2439 3125 2754 3185 cathedram
2783 3129 2901 3200 ejus
2928 3129 3100 3196 sedit,
3151 3144 3260 3198 quo
3309 3128 3425 3199 ipse
3453 3129 3548 3184 de-

1941 3221 2158 3280 functus
2185 3234 2286 3280 est.
2317 3223 2508 3280 Ornari
2535 3225 2734 3296 quippe
2761 3224 2865 3280 hoc
2896 3223 3176 3294 privilegio
3211 3225 3409 3279 meruit
3440 3225 3549 3294 pri-

258 3313 324 3366 Et
352 3311 536 3368 deinde
565 3318 867 3384 pauperum
893 3329 1076 3369 curant
1105 3327 1318 3383 gerens,
1341 3311 1598 3382 requisita
1625 3325 1834 3365 summa
1865 3320 1913 3385 C
1941 3335 2029 3375 ma
2061 3318 2376 3374 solemnitas
2422 3317 2539 3388 ejns
2568 3318 2949 3388 depositionis,
2993 3326 3052 3373 ut
3097 3317 3269 3373 multo
3316 3318 3547 3388 amplius

256 3407 525 3476 pecuniae,
579 3403 649 3459 de
695 3420 800 3475 qua
846 3405 1185 3461 fidelissimus
1232 3405 1572 3476 dispensator
1601 3401 1844 3473 quotidie

256 3498 529 3567 egentibus
581 3497 952 3562 ministrabat,
1005 3507 1176 3552 totum
1221 3497 1380 3567 jussit
1426 3495 1696 3566 expendi;
1748 3509 1845 3565 per

259 3592 482 3660 seipsum
513 3590 829 3644 memoriter
856 3589 1103 3645 recolens
1128 3589 1446 3655 viduarum,
1489 3585 1839 3657 pupillorum,
1877 3635 1880 3637 Α

264 3684 685 3754 peregrinorum,
712 3689 1135 3751 cunctorumque
1158 3680 1264 3735 illic
1286 3678 1639 3747 indigentium
1671 3675 1846 3730 nomi-

271 3791 346 3838 na,
373 3776 570 3844 quibus
598 3774 724 3846 quid
754 3775 1058 3844 singulatim
1085 3774 1304 3829 daretur
1331 3771 1548 3843 propria
1579 3767 1844 3824 delibera-

282 3867 397 3921 tisne
426 3867 746 3931 constituit;
780 3867 1017 3922 hmredcs
1054 3867 1106 3921 in
1128 3867 1233 3920 hoc
1261 3864 1458 3919 smculo
1491 3879 1596 3918 non
1618 3861 1843 3926 habens,

289 3957 628 4012 lnreditatem
661 3959 814 4027 hujus
855 3957 1132 4014 benevola:
1165 3955 1546 4013 sollicitudinis
1588 3954 1846 4026 pauperi-

284 4043 360 4100 bus
382 4046 781 4117 derelinquens.
824 4048 930 4104 Sed
956 4064 1056 4104 nec
1085 4061 1210 4102 suos
1241 4047 1467 4102 clericos
1488 4045 1668 4101 debita
1690 4046 1850 4100 bene-

275 4139 491 4194 dictione
513 4139 778 4196 fraudavit
802 4159 816 4209 ;
851 4143 1086 4212 ipsorum
1114 4148 1330 4211 quoque
1357 4141 1658 4211 paupertati
1688 4141 1852 4195 mise-

273 4233 545 4288 ricorditer
574 4235 879 4301 consulens;
913 4252 976 4290 ac
1001 4245 1210 4290 secrete
1240 4235 1419 4289 omnia
1459 4235 1849 4307 praeordinans,

270 4347 424 4385 orans
441 4332 665 4400 jugiter,
697 4340 751 4386 et
772 4333 1032 4386 intrantes
1052 4330 1292 4399 singulos
1314 4331 1656 4395 benedicens,
1682 4345 1852 4400 usque

269 4421 340 4476 ad
368 4434 663 4480 extremam
698 4425 888 4478 horam
916 4441 1046 4479 sana
1074 4434 1263 4499 mente.
1279 4424 1594 4495 permansit.
1638 4423 1852 4480 Postre-

271 4532 363 4569 mo
393 4516 473 4570 die
500 4516 850 4572 kalendarum
886 4515 1260 4572 Ianuariarum
1299 4525 1422 4589 post
1449 4528 1722 4588 peractam
1756 4533 1852 4573 ve-

277 4622 515 4676 speram,
560 4609 778 4663 beatum
809 4610 1054 4681 spiritum
1085 4608 1314 4666 feliciter
1341 4610 1395 4665 in
1422 4626 1614 4666 manus
1642 4609 1854 4665 Domini

1947 3409 2271 3467 venerabilis
2301 3409 2454 3466 ﬁeret
2483 3426 2579 3481 per
2624 3410 2820 3480 gaudia
2871 3415 2975 3464 tua:
3023 3409 3398 3465 ordinationis.
3455 3408 3549 3464 Vis

1947 3511 2130 3557 autem
2180 3517 2341 3557 nosse
2411 3500 2688 3572 quomodo
2744 3517 2851 3558 non
2897 3500 3135 3556 fortuitis
3164 3502 3397 3555 motibus
3447 3501 3549 3554 ista

1947 3603 2338 3668 provenerunt,
2395 3596 2490 3650 sed
2521 3595 2664 3652 illius
2718 3595 3055 3650 orationibus
3110 3593 3549 3649 demonstrantur

1949 3703 2070 3742 esse
2111 3687 2406 3743 concessa?
2433 3685 2635 3742 Recole
2683 3685 2946 3742 visionem
2996 3685 3360 3742 ﬁdelissimam
3403 3685 3550 3741 beati

1948 3775 2201 3835 Pontiani
2231 3779 2471 3850 episcopi
2502 3775 2808 3844 Thenitani,
2833 3790 2996 3849 quam
3023 3778 3101 3833 sic
3131 3777 3245 3849 ipse
3275 3777 3546 3832 narravit:

1948 3863 2109 3926 Eunti
2132 3871 2261 3925 mihi
2291 3873 2580 3926 secundum
2612 3880 2938 3942 pricccptum
2969 3869 3176 3926 Datiani
3207 3872 3468 3942 primatis,
3491 3881 3551 3925 ut

1951 3964 2219 4035 Buspensi
2250 3961 2503 4020 Ecclesia:
2531 3965 2823 4032 eligeretur
2851 3965 3096 4030 antistes,
3128 3962 3269 4019 idem
3301 3963 3550 4020 beatissi-

1951 4076 2072 4116 mus
2100 4059 2408 4128 Fulgentius
2438 4075 2535 4130 per
2564 4067 2773 4129 tempus
2803 4059 2998 4128 quietis
3026 4061 3303 4130 apparuit;
3336 4067 3391 4113 et
3418 4057 3550 4112 atl‘a-

1951 4151 2069 4221 bili,
2087 4153 2226 4207 sicut
2253 4153 2718 4224 solebat,aspectu
2747 4153 2987 4208 salutans
3015 4151 3553 4221 amicahiliter,Quo,

1953 4244 2146 4314 inquit,
2199 4260 2342 4301 nunc
2392 4246 2654 4300 sanctitas
2708 4253 2800 4300 tua
2830 4245 3092 4302 velociter
3136 4245 3408 4300 ambulat?
3456 4243 3553 4300 Cui

1953 4337 2230 4408 respondi,
2279 4335 2349 4393 Ut
2397 4338 2683 4408 episcopus
2711 4335 2978 4409 Ruspensi
3017 4335 3272 4394 Ecclesia:
3302 4335 3552 4405 eligatur.

1953 4431 2048 4488 llle
2074 4447 2207 4487 vero
2234 4431 2538 4500 subridens,
2563 4430 2702 4495 Jam,
2735 4433 2928 4501 inquit,
2941 4430 3222 4488 ordinatus
3241 4438 3344 4485 est.
3369 4428 3556 4488 Nonne

1957 4533 2182 4595 apparet
2209 4525 2351 4579 illius
2379 4523 2715 4580 orationibus
2752 4523 2917 4578 fuisse
2949 4521 3244 4593 perfectum
3286 4521 3432 4591 quod
3471 4531 3555 4577 est

1957 4619 2211 4674 visitante
2241 4617 2589 4689 pnedictumz
2618 4618 2719 4685 Qui
2740 4632 2869 4686 ergo
2889 4615 3357 4674 confirmationem
3387 4631 3557 4671 nove-

281 4699 545 4766 ‘ndldl‘v'
576 4716 776 4756 annum
822 4701 906 4756 διιί
955 4701 1301 4772 episcopatus
1341 4715 1507 4770 agens
1544 4701 1856 4757 ViceSimllm
1883 4701 1937 4764 D
1959 4717 2046 4765 rat
2073 4708 2305 4765 necdum
2328 4709 2488 4764 electi
2530 4709 2614 4764 vel
2648 4707 2905 4774 ordinati,
2935 4707 3078 4763 diem
3117 4720 3334 4776 quoque
3361 4721 3470 4776 quo
3502 4705 3555 4758 in

273 4795 513 4864 quintum
536 4834 553 4860 ,
595 4795 718 4848 vitae
765 4802 944 4848 autem
972 4794 1136 4848 totius
1164 4792 1561 4862 sexagesimum
1588 4793 1854 4862 quintum,

273 4887 410 4941 sicut
457 4886 634 4941 multis
693 4893 819 4940 ante
865 4881 1118 4940 fratribus
1161 4884 1324 4941 morti
1377 4884 1657 4954 proximus
1720 4881 1859 4939 indi-

271 4979 435 5032 cavit.

342 5068 435 5123 65.
465 5069 585 5140 ipso
614 5077 793 5124 autem
821 5067 909 5123 die
954 5075 1200 5124 sanctum
1241 5082 1438 5138 corpus
1476 5065 1594 5138 ejus
1643 5066 1864 5138 sepeliri

274 5164 493 5217 minime
520 5162 722 5232 potuit;
773 5161 868 5216 sed
907 5160 961 5214 in
989 5157 1230 5214 oratorio
1259 5159 1573 5214 monasterii
1601 5159 1864 5215 constitu-

274 5268 409 5319 tum,
460 5266 570 5310 tota
611 5263 772 5309 nocte
813 5254 902 5308 illa
930 5255 982 5308 in
1006 5253 1259 5324 psalmis,
1301 5253 1515 5325 hymnis
1560 5260 1616 5308 et
1644 5252 1868 5308 canticis

274 5346 852 5419 spiritalibusvigilare
879 5346 1176 5400 monachos
1203 5344 1361 5399 simul
1390 5352 1446 5399 et
1475 5345 1702 5401 clericos
1728 5344 1863 5399 invi-

275 5443 432 5494 tavit.
465 5440 618 5494 Mane
647 5453 778 5493 vero
805 5445 1090 5507 postquam
1123 5436 1411 5492 multitudo
1433 5437 1665 5491 maxima
1695 5451 1869 5506 popu-

277 5535 458 5589 lorum
487 5533 552 5588 de
582 5532 716 5587 locis
742 5529 980 5585 ﬁnitimis
1005 5529 1072 5584 ad
1101 5531 1386 5600 exsequias
1412 5532 1594 5598 venit,
1622 5528 1872 5586 sacerdo-

355 5716 439 5788 (α)
467 5718 582 5782 δίδη
616 5722 661 5773 si
680 5734 796 5774 vero
815 5719 1075 5787 proximat
1093 5735 1253 5783 mors,
1281 5727 1384 5774 etc.

1959 4799 2216 4856 cathedra
2255 4797 2550 4854 consedere
2597 4805 2813 4868 poterat
2859 4795 3140 4853 ordinatus
3180 4794 3293 4866 jam
3345 4789 3554 4851 orando

1961 4891 2100 4946 scire
2127 4896 2419 4944 meruerat.
2451 4887 2605 4943 Votis
2634 4888 2818 4956 itaque
2838 4885 3110 4941 continuis
3136 4893 3194 4941 et
3223 4883 3366 4939 fideli
3394 4885 3558 4941 devo-

1962 4982 2114 5038 tione
2150 4995 2366 5051 semper
2391 4988 2644 5050 optamus
2681 4988 2741 5034 ut
2777 4977 2961 5048 gloriae
2999 4975 3141 5031 illius
3176 4974 3350 5031 factus
3391 4977 3558 5048 parti~

1964 5088 2094 5143 ceps
2121 5073 2175 5128 in
2219 5081 2504 5140 aeternum,
2553 5087 2660 5126 non
2708 5069 2957 5138 indignus
3008 5077 3160 5124 tanto
3207 5083 3555 5139 prmcessore,

1965 5162 2193 5220 feliciter
2241 5163 2418 5227 vivas,
2461 5162 2748 5233 Operisque
2784 5158 2942 5230 hujus
2989 5151 3056 5215 de
3101 5157 3433 5230 perfectione
3459 5177 3558 5213 no-

1966 5256 2174 5311 biscum
2214 5255 2443 5311 Domino
2469 5254 2672 5323 gratias
2717 5266 2865 5322 agas,
2903 5259 2962 5308 et
2984 5267 3083 5324 pro
3112 5252 3197 5308 his
3233 5267 3355 5322 qua:
3383 5253 3558 5308 minus

1967 5345 2108 5402 forte
2135 5346 2277 5401 dicta
2305 5354 2432 5401 sunt
2474 5343 2795 5413 eloquenter
2834 5343 2902 5400 ab
2946 5343 3197 5401 omnibus
3226 5341 3559 5413 sapientibus

1971 5439 2260 5496 lectoribus
2279 5438 2492 5494 veniam
2513 5446 2684 5507 petas.
