4122 6330
418 5291 432 5346 ξ

451 415 550 472 151

1439 410 1495 466 S.
1535 404 1897 466 FULGENTII
1931 403 2233 464 EPISCOPI
2274 404 2661 464 BUSPENSIS.

3617 401 3719 457 I53

897 583 1423 664 PROLOGUS
1464 583 1549 663 S.
1599 579 2164 662 FULGENTII
2203 579 2660 661 EPISCOPI
2717 577 3262 659 RUSPENSIS

1254 762 1264 772 '
1485 743 1568 806 IN
1595 742 1796 804 TRES
1822 741 2103 804 LIBROS
2133 741 2240 801 AD
2273 740 2689 805 MONIMUM.

527 983 570 1049 ι
602 976 812 1032 Gratias
836 990 935 1046 ago
956 970 1182 1029 Domino
1208 970 1345 1043 quod
1368 969 1436 1026 de
1461 969 1608 1025 bono
1635 969 1888 1026 thesauro
1920 987 2036 1026 cor-
2061 973 2117 1033 Α
2140 971 2398 1042 possimus
2425 970 2640 1026 reddere
2667 973 2804 1044 quod
2840 940 3096 1028 debemus.
3125 972 3225 1028 Ille
3252 975 3410 1046 igitur
3437 989 3616 1034 auctor
3655 991 3731 1036 est

450 1069 531 1124 dis
558 1069 700 1122 bona
748 1061 992 1134 proferre
1041 1060 1257 1126 (Matth.
1295 1075 1404 1128 xu,
1444 1057 1539 1130 35)
1583 1076 1688 1114 non
1726 1060 1948 1123 desinis,
1978 1059 2050 1114 Et

450 1159 632 1229 lingua
664 1153 938 1229 Eugharis,
969 1167 1082 1223 qua:
1102 1151 1161 1205 in
1187 1148 1320 1206 bono
1342 1149 1549 1206 homine
1583 1150 1832 1211 abundat,
1856 1152 2053 1221 purita-

451 1256 554 1302 tem
579 1245 652 1298 tui
673 1243 843 1299 cordis
882 1243 1133 1298 insinuat.
1187 1239 1317 1306 Qua:
1344 1241 1464 1296 licet
1508 1242 1752 1296 divinitus
1793 1243 2051 1297 concessis

453 1337 757 1409 eloquentia:
783 1336 990 1408 ﬂuentis
1017 1333 1293 1400 exuberet,
1324 1349 1432 1389 non
1465 1342 1637 1388 tamen
1665 1341 1865 1388 tantum
1898 1334 2053 1388 credo

441 1427 774 1485 sermonibus
803 1428 1042 1500 exprimi,
1072 1434 1323 1498 quantum
1344 1427 1454 1482 scio
1475 1426 1646 1481 cordis
1667 1426 1741 1479 tui
1766 1426 2052 1495 penetrali-

452 1523 546 1576 bus
572 1520 844 1575 contineri.
875 1518 1069 1572 Divino
1097 1519 1286 1572 etenim
1316 1519 1436 1590 igne
1471 1533 1777 1582 succensus,
1808 1519 1883 1572 sic
1905 1518 2055 1572 nobis

451 1614 643 1689 jugiter
670 1612 1002 1682 compateris,
1021 1617 1080 1663 ut
1102 1610 1260 1664 etiam
1276 1608 1398 1663 illas
1420 1607 1779 1663 tribulationes
1797 1624 1912 1680 qua:
1933 1648 1948 1674 ,
1984 1608 2055 1662 li-

453 1715 533 1760 cet
555 1703 838 1760 acciderint
860 1702 1030 1769 nobis,
1064 1701 1292 1756 Domino
1329 1711 1500 1755 tamen
1533 1700 1814 1772 adjuvante
1863 1701 2058 1773 fuerint

453 1807 744 1869 superatae,
789 1804 842 1850 tu
875 1796 949 1850 sic
979 1810 1069 1849 eas
1099 1811 1193 1864 pro
1220 1791 1369 1848 nobis
1416 1809 1546 1864 pene
1592 1808 1791 1861 semper
1836 1793 2053 1864 pateris,

455 1899 514 1944 ut
535 1891 730 1964 quoties
761 1905 851 1942 eas
869 1886 1022 1943 corde
1051 1885 1344 1950 revolveris,
1377 1885 1526 1938 toties
1553 1900 1642 1937 eas
1671 1885 1779 1953 pati
1807 1883 2056 1955 quodam-

457 1985 610 2043 modo
655 1983 1003 2052 compellaris.
1056 1978 1192 2032 Ecce
1215 1987 1462 2051 quantum
1501 1977 1622 2031 boni
1653 1978 1845 2030 caritas
1885 1977 2056 2044 habet,

457 2097 574 2136 ecce
593 2086 842 2148 quantam
863 2075 1069 2130 laudem
1089 2090 1265 2127 coram
1283 2072 1396 2126 Deo
1417 2081 1466 2126 et
1487 2070 1776 2126 hominibus
1809 2072 2056 2141 possidet,

457 2184 517 2229 ut
537 2173 656 2227 dum
672 2171 809 2225 dolet
835 2168 972 2238 quod
993 2167 1181 2222 accidit
1203 2166 1280 2221 illi
1294 2183 1443 2239 quem
1457 2175 1616 2232 amat,
1634 2167 1951 2238 frequentius
1974 2181 2058 2219 re-

460 2265 728 2322 cordando
755 2263 924 2334 magis
950 2262 1067 2332 ipsa
1085 2261 1356 2315 sustineat.
1391 2258 1508 2313 Hoc
1537 2275 1660 2329 ergo
1691 2267 1954 2330 superest,
2000 2265 2058 2310 ut

2154 1061 2331 1127 debiti,
2361 1063 2449 1136 qui
2475 1072 2654 1118 auctor
2674 1072 2752 1118 est
2779 1064 2920 1119 doni.
2955 1063 3096 1120 Nam
3123 1076 3171 1120 et
3190 1068 3413 1138 seipsum
3441 1086 3535 1124 sua
3568 1071 3731 1142 largi~

2155 1163 2260 1207 tate
2287 1154 2530 1226 dignatus
2556 1164 2634 1209 est
2662 1158 2834 1228 facere
2860 1156 3157 1223 debitorem,
3200 1175 3304 1214 non
3332 1161 3454 1231 quia
3497 1162 3734 1234 indigens

2155 1245 2220 1298 ab
2249 1246 2421 1318 aliqua
2449 1248 2673 1318 accepit,
2708 1249 2799 1302 sed
2822 1250 3063 1320 quoniam
3102 1248 3373 1305 abundans
3395 1251 3610 1324 largiter
3637 1255 3734 1310 tris

2156 1333 2283 1391 buit.
2312 1336 2629 1392 Seminecem
2655 1340 2840 1410 quippe
2863 1356 2956 1395 suo
2976 1340 3536 1412 jumentoimpositum,
3562 1343 3737 1399 stabu-

2156 1426 2387 1499 larioque
2406 1428 2690 1483 curandum
2712 1429 2942 1497 tradens,
2970 1430 3167 1486 duobus
3195 1433 3428 1488 denariis
3467 1435 3633 1505 datis,
3663 1438 3740 1491 ita

2155 1535 2214 1573 se
2239 1519 2518 1574 debitorem
2545 1521 2834 1590 proﬁtetur,
2879 1532 2935 1576 ut
2959 1524 3180 1590 diceret,
3213 1525 3270 1581 Si
3297 1527 3427 1596 quid
3455 1543 3740 1599 superera-

2157 1611 2386 1680 gaveris,
2417 1610 2445 1650 ι)
2474 1627 2596 1667 cum
2625 1627 2848 1682 venero,
2875 1614 3096 1670 reddam
3116 1618 3212 1672 tibi
3230 1617 3381 1692 (Luc.
3405 1636 3459 1685 χ,
3477 1619 3742 1692 55).Quid

2158 1711 2236 1758 est
2264 1711 2456 1768 autem,
2484 1703 2530 1757 si
2559 1702 2687 1772 quid
2714 1709 3204 1774 supererogaveris,
3236 1710 3366 1776 nisi,
3387 1713 3432 1765 si
3459 1713 3582 1783 quid
3602 1731 3635 1767 a
3661 1731 3743 1770 me

2159 1795 2327 1865 magis
2353 1796 2646 1865 acceperis?
2683 1795 2827 1850 Nam
2859 1807 2910 1852 et
2935 1799 3047 1870 ipse
3072 1803 3159 1872 qui
3185 1803 3579 1876 supererogabat
3603 1807 3658 1861 in
3682 1825 3743 1863 eo

2159 1884 2297 1956 quod
2323 1901 2429 1940 non
2457 1897 2727 1958 acceperat
2752 1900 3064 1961 prteceptum
3081 1934 3097 1960 ,
3133 1894 3222 1946 sed
3255 1893 3412 1949 dabat
3440 1913 3506 1951 ea:
3529 1899 3745 1954 caritate

2161 1976 2451 2058 consilium,
2483 1977 2891 2032 misericordiam
2937 1997 2993 2035 se
3047 1982 3386 2052 proﬁtebatur
3423 1988 3597 2060 utique
3647 1989 3743 2060 (al.

2162 2068 2368 2138 itaque)
2393 2079 2734 2124 consecutum.
2777 2072 2862 2124 Ait
2890 2074 3026 2127 enim
3055 2091 3074 2128 :
3112 2073 3190 2130 De
3227 2077 3520 2146 virginibus
3565 2090 3748 2139 autem

2163 2166 2490 2228 prmceptum
2542 2159 2755 2214 Domini
2794 2177 2904 2217 non
2945 2163 3141 2231 habeo,
3185 2166 3278 2222 sed
3320 2145 3612 2226 consilium
3652 2145 3754 2240 do,‘

2163 2260 2420 2321 tanquam
2439 2253 2862 2309 misericordiam
2886 2267 3208 2316 consecutus
3228 2276 3258 2316 a
3287 2261 3538 2332 Domino,
3564 2274 3622 2320 ut
3647 2267 3750 2323 sim

460 2355 598 2429 quod
615 2356 732 2427 ipsa
753 2354 946 2407 caritas
976 2353 1148 2423 facere
1166 2351 1442 2417 consuevit,
1475 2367 1568 2420 pro
1598 2348 1744 2403 nobis
1765 2350 1962 2420 jugiter
1980 2352 2064 2422 fa-
2095 2342 2142 2401 B
2166 2344 2336 2400 ﬁdelis
2367 2344 2422 2418 (1
2449 2345 2569 2401 Cor.
2599 2362 2690 2414 vn,
2722 2347 2837 2420 25.)
2866 2348 3283 2409 Misericordiam
3305 2365 3380 2414 est
3404 2357 3564 2428 igitur
3581 2375 3751 2415 ροηδε.

460 2448 634 2502 ciatis.
670 2444 810 2510 Quid
829 2452 1002 2498 autem
1025 2450 1103 2497 est
1129 2441 1295 2506 aliud,
1327 2441 1427 2495 nisi
1455 2449 1511 2493 ut
1550 2441 1725 2506 illum,
1758 2441 1811 2494 in
1841 2457 1939 2511 quo
1968 2457 2061 2495 nos

462 2556 592 2612 pure
620 2538 864 2609 diligitis,
895 2537 1064 2606 ipsum
1093 2550 1295 2605 semper
1314 2550 1408 2604 pro
1452 2532 1600 2588 nobis
1630 2533 1821 2588 oretis?
1850 2535 2065 2604 Semper

463 2632 604 2684 enim
647 2629 842 2683 caritas
886 2643 981 2698 pro
1003 2625 1084 2679 his
1139 2641 1268 2696 quos
1309 2625 1478 2695 diligit
1514 2626 1706 2695 poscit,
1757 2624 1879 2678 dum
1907 2627 2064 2678 etiam

463 2721 558 2776 illa
578 2735 694 2793 qutz
723 2726 834 2774 tuta
866 2727 988 2773 sunt
1020 2717 1218 2771 metuit.
1251 2715 1439 2770 Metuit
1467 2725 1638 2770 autem
1665 2732 1770 2770 non
1796 2732 1856 2770 eo
1883 2717 2066 2771 timore

464 2828 616 2884 quem
640 2811 756 2882 ipsa
786 2811 930 2881 foras
963 2806 1196 2878 expellit,
1238 2822 1364 2859 nam
1399 2803 1635 2875 perfecta
1676 2806 1872 2860 caritas
1920 2803 2066 2862 foras

467 2904 638 2959 mittit
663 2902 913 2956 timorem
944 2897 999 2972 (1
1026 2897 1187 2953 Joan.
1209 2899 1294 2962 ’lv,
1326 2895 1448 2968 ‘18),
1481 2896 1572 2949 sed
1595 2896 1687 2950 illo
1717 2898 1899 2951 timore
1917 2914 2065 2968 quem

470 3018 576 3055 non
598 2999 667 3054 ad
690 3001 944 3065 timorem,
979 2995 1072 3050 sed
1092 2995 1162 3048 ad
1183 3010 1410 3048 amorem
1440 2992 1628 3045 habere
1648 2993 1926 3046 consuevit.
1971 2991 2066 3044 Ti-

473 3099 578 3146 met
605 3109 727 3163 ergo
767 3106 873 3144 non
904 3087 1084 3142 timido
1116 3095 1143 3122 ι
1165 3087 1349 3140 timore
1379 3083 1474 3157 (al.
1499 3085 1727 3151 amore),
1770 3082 1861 3135 sed
1899 3091 2061 3135 casto.

472 3183 598 3238 Non
625 3183 762 3236 enim
792 3181 934 3234 timet
955 3177 1233 3250 formidine
1260 3175 1512 3239 criminis,
1544 3174 1636 3228 sed
1653 3172 1836 3228 robore
1861 3174 2064 3244 purita-

472 3279 538 3330 tis
566 3285 616 3328 et
642 3275 890 3345 firmitate
910 3273 1132 3326 virtutis.
1160 3268 1346 3340 Exigis
1375 3284 1408 3321 a
1429 3284 1508 3320 me
1532 3274 1785 3337 prwterea
1819 3265 2064 3333 debitum,

473 3368 608 3440 quod
629 3384 709 3422 me
737 3366 999 3429 celeriter,
1046 3363 1268 3418 Domino
1301 3360 1600 3431 adjuvante,
1641 3357 1870 3429 spondeo
1890 3357 2066 3412 reddi-

473 3475 662 3518 turum.
694 3458 818 3514 Non
848 3460 983 3512 enim
1023 3456 1117 3512 hoc
1156 3454 1380 3510 debitum
1416 3453 1492 3506 sic
1531 3452 1779 3522 proﬁteor
1822 3450 2067 3523 quemad-

473 3553 684 3610 modum
711 3551 775 3605 de
801 3550 1026 3623 quodam
1048 3558 1159 3602 tuus
1189 3544 1344 3600 Maro
1371 3551 1624 3599 memorat
1641 3585 1658 3611 ,
1687 3543 1822 3614 quod
1847 3544 1958 3614 ipse
1979 3543 2064 3613 fa-

476 3645 695 3710 tebatur,
728 3643 818 3698 sed
837 3641 1052 3697 reddere
1072 3655 1221 3713 posse
1243 3637 1505 3709 negabat:
1537 3635 1627 3690 sed
1665 3633 1798 3688 illud
1823 3633 1916 3707 (al.
1951 3634 2066 3705 illo)

2165 2447 2335 2504 cutus,
2365 2455 2470 2492 non
2498 2438 2666 2492 solum
2692 2448 2748 2493 ut
2776 2443 3091 2514 erogandum
3109 2448 3378 2517 acciperet,
3405 2466 3576 2505 verum
3594 2452 3751 2507 etiam

2164 2540 2222 2584 ut
2242 2532 2462 2603 amplius
2485 2544 2739 2605 erogaret.
2762 2531 2898 2590 Ecce
2918 2539 3082 2609 qualis
3104 2550 3180 2592 est
3200 2538 3450 2596 Dominus
3477 2554 3670 2612 noster,
3694 2555 3752 2600 ut

2168 2625 2410 2680 donando
2439 2626 2638 2692 debeat,
2671 2637 2720 2682 et
2747 2639 2937 2702 quanto
2967 2633 3134 2703 magis
3168 2633 3349 2703 donat,
3392 2637 3534 2694 tanto
3579 2641 3753 2712 magis

2167 2733 2284 2770 eum
2312 2717 2590 2774 debitorem
2619 2735 2729 2774 esse
2756 2738 2860 2776 non
2888 2725 3078 2796 pigeat.
3105 2723 3172 2780 In
3193 2738 3440 2798 quantum
3467 2733 3603 2786 enim
3631 2752 3753 2806 gra-

2171 2809 2233 2862 tis
2262 2810 2504 2880 largitur,
2529 2812 2586 2865 in
2607 2819 2807 2865 tantum
2830 2810 3031 2868 debitor
3057 2815 3332 2870 invenitur.
3358 2816 3470 2872 Nec
3489 2822 3626 2875 enim
3652 2841 3752 2894 po-

2169 2909 2267 2955 test
2287 2902 2473 2973 aliquis
2507 2904 2784 2957 debitorem
2814 2904 3028 2973 habere,
3057 2907 3162 2961 nisi
3188 2909 3242 2961 in
3279 2925 3338 2963 eo
3365 2911 3500 2981 quod
3535 2913 3646 2983 ipse
3672 2915 3755 2969 di-

2167 3002 2352 3066 gnatus
2377 2994 2530 3064 fuerit
2549 2999 2778 3065 gratuita
2813 2996 3055 3068 largitate
3095 3002 3345 3071 conferre.
3375 3001 3556 3073 Ipsum
3597 3007 3755 3077 igitur

2166 3100 2261 3154 pro
2289 3100 2370 3137 me
2391 3084 2586 3155 jugiter
2605 3103 2778 3156 posce,
2799 3095 2855 3141 ut
2877 3089 3002 3141 mihi
3028 3090 3284 3160 largiatur
3322 3093 3570 3148 reddendi
3596 3096 3755 3152 debiti

2169 3175 2486 3245 facultatem,
2517 3194 2599 3248 qui
2627 3177 2852 3246 donavit,
2874 3187 2929 3232 ut
2948 3180 3004 3233 in
3022 3181 3134 3251 ipso
3163 3183 3393 3238 caritatis
3424 3183 3513 3239 tibi
3542 3185 3754 3242 liberam

2168 3267 2379 3322 debeam
2406 3270 2714 3326 servitutem.

2244 3355 2312 3410 Ut
2341 3358 2478 3410 enim
2517 3374 2631 3411 vere
2672 3367 2755 3412 tuo
2799 3362 2966 3431 cordi,
2997 3365 3132 3436 quod
3161 3381 3249 3418 cor
3275 3383 3442 3421 meum
3467 3377 3563 3436 est,
3595 3377 3758 3426 totum

2171 3448 2358 3519 fatear,
2387 3449 2650 3518 quoniam,
2673 3452 2805 3505 sicut
2823 3456 2970 3509 cordi
2997 3473 3108 3510 meo
3128 3499 3141 3522 ,
3174 3460 3247 3512 ita
3274 3459 3419 3514 cordi
3449 3468 3533 3514 tuo
3562 3461 3757 3533 aliquid

2170 3538 2340 3592 celare
2367 3555 2470 3593 non
2493 3558 2722 3611 possunt,
2745 3545 2993 3601 reddendi
3015 3547 3172 3602 debiti
3195 3549 3493 3603 tarditatem
3517 3550 3610 3604 illa
3631 3552 3758 3604 mihi

2170 3635 2306 3688 ratio
2331 3637 2643 3704 procuravit.
2678 3634 2936 3700 Quoniam
2961 3640 3203 3695 adversus
3230 3642 3499 3712 cujusdam
3531 3642 3758 3697 hwretici

477 3755 558 3794 me
577 3735 760 3792 debere
788 3738 973 3809 fateor,
995 3736 1052 3787 in
1079 3749 1177 3803 quo
1205 3747 1287 3785 me
1313 3727 1530 3784 reddere
1569 3741 1716 3798 posse
1766 3743 1869 3779 non
1916 3741 2065 3796 nego,
2095 3721 2141 3785 C
2173 3725 2468 3796 vaniloquia
2496 3728 2804 3798 respondere
2840 3731 3131 3802 compulsus
3158 3749 3269 3786 sum
3290 3775 3304 3800 ,
3344 3734 3428 3804 qui
3456 3749 3558 3786 non
3595 3720 3760 3787 solum

479 3831 571 3886 sed
592 3829 836 3898 spondeo.
866 3825 989 3896 Ipse
1016 3825 1156 3878 enim
1187 3821 1315 3876 mihi
1347 3821 1508 3876 donat
1545 3819 1680 3873 unde
1709 3818 1944 3881 reddam,
1987 3818 2075 3887 qui

481 3921 691 3974 donavit
711 3927 767 3971 ut
789 3915 1020 3970 debeam.
1047 3912 1171 3967 Nisi
1192 3914 1330 3966 enim
1357 3913 1421 3965 ab
1447 3911 1540 3965 illo
1574 3910 1941 3980 acciperemus,
1969 3925 2075 3961 non

483 4012 654 4067 solum
679 4009 926 4075 reddere,
954 4005 1046 4060 sed
1085 4021 1179 4059 nec
1205 4005 1374 4074 ipsum
1402 4001 1586 4056 debere
1614 4017 1902 4072 possemus.
1940 3997 2077 4062 Quid

484 4104 623 4157 enim
667 4101 817 4155 nobis
865 4099 1100 4162 invicem,
1151 4096 1253 4150 nisi
1301 4095 1572 4148 caritatem
1617 4091 1898 4145 debemus?
1927 4087 2077 4153 Quod

487 4194 658 4262 utique
678 4190 741 4245 B.
767 4188 967 4242 Paulus
988 4187 1096 4242 htec
1119 4187 1331 4258 loquens
1344 4183 1601 4256 ﬁdelibus,
1627 4183 1884 4237 evidenter
1907 4188 2078 4235 osten-

489 4284 565 4338 dit
589 4301 606 4337 :
629 4281 839 4338 Nemini
868 4279 1160 4350 quidquam
1204 4277 1481 4346 debeatis,
1512 4281 1563 4349 2
1608 4276 1716 4331 nisi
1759 4283 1817 4329 ut
1849 4274 2078 4329 invicem

491 4374 724 4445 diligatis
753 4371 931 4443 (Rom.
963 4383 1076 4438 xm,
1107 4370 1184 4442 8).
1219 4369 1346 4434 Quis
1375 4379 1546 4423 autem
1575 4370 1802 4442 fateatur
1833 4365 2077 4430 debitum,

491 4471 539 4523 si
567 4475 718 4539 neget
743 4465 1044 4536 acceptum?
1068 4462 1135 4518 In
1153 4479 1213 4518 eo
1233 4463 1420 4534 igitur,
1441 4461 1576 4534 quod
1612 4477 1709 4515 nos
1760 4459 1942 4514 debere
1996 4459 2079 4510 di-

495 4561 678 4621 cimus,
709 4559 938 4629 profecte
952 4572 1047 4610 nos
1075 4555 1332 4626 accepisse
1348 4561 1715 4608 monstramus.
1740 4550 1881 4606 Dicit
1900 4550 2083 4622 quippe

495 4653 559 4709 B.
593 4648 869 4722 Apostolus
892 4665 910 4702 :
940 4645 1080 4714 Quid
1108 4646 1253 4701 enim
1280 4644 1456 4700 habes
1468 4642 1616 4714 quod
1644 4659 1751 4698 non
1791 4640 2083 4712 accepisti?

497 4747 557 4802 Si
567 4754 747 4800 autem
757 4741 1030 4813 accepisti,
1054 4740 1180 4810 quid
1203 4738 1471 4808 gloriaris,
1487 4737 1640 4808 quasi
1676 4753 1783 4794 non
1811 4735 2084 4807 acceperis

501 4837 679 4908 (Rom.
718 4851 772 4902 ν,
804 4833 896 4905 5)?
920 4823 1072 4886 'Nam
1097 4829 1271 4886 etalio
1299 4831 1411 4884 loco
1445 4837 1662 4884 testatur
1687 4845 1704 4882 :
1728 4827 1863 4895 Quia
1889 4827 2084 4882 caritas

501 4929 601 4984 Dei
627 4926 820 4982 diffusa
849 4933 933 4981 est
961 4925 1015 4980 in
1037 4924 1285 4980 cordibus
1308 4923 1509 4978 nostris
1534 4937 1632 4992 per
1660 4920 1920 4990 Spiritum
1959 4933 2054 4972 san
2071 4948 2084 4958 -

507 5027 652 5073 ctum
682 5019 774 5088 qui
802 5017 957 5073 datus
984 5025 1066 5073 est
1094 5015 1268 5072 nobis.
1308 5013 1409 5078 Qui
1435 5029 1556 5084 ergo
1586 5011 1732 5068 nobis
1769 5010 1912 5064 dedit
1951 5008 2086 5080 quod

2177 3833 2343 3871 meum
2371 3835 2575 3887 nomen,
2605 3819 2697 3875 sub
2725 3819 2996 3878 Fotiniani
3025 3825 3116 3895 (al.
3149 3823 3385 3894 Fotiani)
3406 3827 3595 3880 erroris
3615 3836 3760 3895 nota,

2178 3924 2282 3962 non
2313 3907 2560 3964 dubitavit
2581 3911 2860 3979 lacessere;
2887 3917 3008 3987 quin
3038 3918 3191 3970 etiam
3214 3927 3507 3971 sanctorum
3528 3916 3762 3988 Augusti-

2178 4002 2233 4053 ni
2261 4011 2310 4054 et
2333 4000 2638 4074 Hieronymi
2663 4005 2831 4073 dicta,
2865 4015 3108 4078 tanquam
3135 4025 3262 4062 mete
3296 4009 3610 4080 professioni
3639 4025 3762 4061 con-

2180 4094 2362 4158 traria,
2396 4095 2449 4148 in
2479 4112 2559 4150 me
2588 4096 2745 4150 voluit
2766 4105 3073 4167 retorquere.
3106 4097 3266 4168 Cujus
3307 4115 3491 4152 nomen
3521 4115 3655 4151 nunc
3676 4098 3762 4150 lit-

2180 4184 2305 4238 teris
2326 4185 2588 4239 insinuare
2610 4186 2820 4253 distuli,
2853 4187 2944 4240 sed
2973 4196 3114 4258 potes
3149 4189 3260 4258 ipse
3284 4189 3463 4259 procul
3500 4187 3654 4242 dubio
3681 4205 3764 4240 re-

2180 4277 2406 4331 cordari.
2467 4275 2611 4332 Nam
2660 4277 2728 4333 ibi
2782 4287 2830 4332 te
2885 4278 3146 4333 nobiscum
3201 4279 3340 4350 apud
3405 4277 3764 4348 Carthaginem

2181 4369 2369 4439 posito,
2397 4367 2522 4420 mihi
2552 4366 2689 4422 dicta
2719 4370 2830 4438 ejus
2861 4367 3023 4421 allata
3065 4378 3201 4432 sunt,
3249 4379 3297 4421 et
3341 4371 3385 4421 si
3427 4367 3549 4421 bene
3579 4368 3767 4431 recolo,

2181 4459 2335 4512 etiam
2364 4459 2416 4510 in
2442 4466 2576 4510 tuam
2619 4459 2855 4512 notitiam
2882 4467 3250 4529 pervenerunt;
3291 4457 3423 4511 nihil
3451 4458 3586 4510 enim
3625 4466 3672 4509 le
3700 4457 3768 4509 ibi

2182 4553 2348 4620 posito
2371 4550 2536 4621 legere
2556 4568 2775 4622 possem,
2802 4550 2936 4622 quod
2961 4547 3051 4602 tibi
3072 4547 3439 4603 recensendum
3460 4547 3649 4616 offerre
3669 4563 3769 4599 non

2183 4658 2404 4714 possem.
2441 4640 2665 4695 Eosdem
2691 4644 2850 4713 igitur
2878 4639 3077 4695 libellus
3101 4682 3116 4706 ,
3155 4642 3198 4695 si
3230 4638 3482 4694 Dominus
3536 4639 3768 4700 voluerit,

2183 4744 2366 4790 vestra:
2385 4734 2592 4786 caritati
2614 4731 2846 4786 celeriter
2870 4730 3158 4786 destinabo.
3201 4729 3270 4784 Et
3294 4747 3396 4784 non
3436 4728 3610 4784 dubito
3638 4731 3791 4801 quod

2185 4842 2352 4880 meam
2383 4824 2680 4878 tarditatem
2709 4825 2763 4877 in
2789 4833 2872 4877 tuo
2894 4823 3064 4878 debito
3085 4823 3315 4895 digneris
3338 4823 3592 4893 patienter
3613 4823 3766 4892 ferre.

2189 4915 2444 4982 Quoniam
2476 4918 2583 4970 scio
2614 4926 2859 4986 quantum
2915 4915 3209 4980 delecteris,
3257 4915 3333 4969 vel
3380 4922 3624 4986 quantum
3676 4928 3770 4966 nos

2190 5027 2386 5081 semper
2405 5010 2517 5078 ipse
2537 5007 2834 5078 compellas,
2864 5016 2921 5060 ut
2949 5024 3064 5074 nos,
3097 5006 3320 5064 Domino
3349 5006 3646 5078 adjuvante,
3670 5019 3770 5058 nou

509 5108 767 5164 reddendo
788 5107 1085 5175 debeamus,
1116 5110 1225 5179 ipse
1251 5107 1396 5162 nobis
1425 5104 1636 5161 donabit
1666 5103 1962 5177 facultatem
1988 5119 2088 5174 qua
2114 5100 2165 5159 Ι)
2192 5102 2362 5174 pigeat
2382 5099 2633 5154 haereticis
2657 5100 2977 5171 respondere.

584 5301 610 5329 ι
631 5287 764 5345 Cod.
785 5302 886 5342 ms.
911 5284 1141 5354 Thuan.,
1174 5289 1371 5342 timore.

583 5362 611 5402 δ
641 5360 767 5416 Haec
783 5357 966 5421 verba,
981 5372 1095 5411 cum
1115 5346 1312 5424 uenero,
1336 5355 1550 5410 reddam
1570 5351 1679 5419 tibi,
1701 5351 1894 5407 absunt
1913 5366 1943 5406 a
1963 5350 2083 5407 cod.
2113 5363 2215 5405 ms.
2246 5346 2454 5404 Thuan.
