4026 6336
209 373 328 439 [53

1494 381 1586 437 AD
1622 377 1941 435 MONIMUM
1979 378 2106 436 LIB.
2147 368 2204 436 1.,

3386 372 3491 432 154

209 483 3491 538 W

1161 770 1166 780 ἱ
1245 596 1392 710 S.
1440 593 2460 780 APULGENTII

665 783 920 911 AD
1014 773 1841 975 MONIMLJiy

1942 775 2470 974 _I_.[BRI
2581 776 3048 905 TRES.

1479 1057 1766 1135 LIBER
1824 1053 2236 1154 PRIMUS,

279 1232 392 1285 DE
419 1229 730 1283 DUPLIGE
754 1221 1450 1278 PBEDES'I‘INATIONE
1481 1221 1630 1285 DEI,
1661 1219 1841 1267 UNA]

1942 1219 2192 1268 NOBUM
2225 1218 2326 1266 AD
2356 1215 2715 1277 GLOBIAM,
2739 1214 3032 1264 ALTERA
3055 1213 3431 1268 MALOIUM

1656 1311 1756 1358 AD
1783 1309 2099 1358 PGNAM.

1719 1421 2000 1437 .—

204 1531 406 1588 αβουτ
456 1539 673 1581 ιιιιιιιυιι.
715 1530 856 1574 Deus
883 1526 937 1571 ut
965 1533 1080 1588 eum
1125 1529 1414 1588 qumrariius
1458 1512 1679 1582 inspirat
1709 1522 1757 1564 et
1787 1529 1818 1564 a
1845 1495 1898 1553 Α
1922 1488 2135 1588 debui?"
2155 1487 2529 1588 (Ῑίξίξῖδιίοηυηιν
2560 1482 2693 1538 duas
2719 1483 2784 1536 ad
2810 1497 3046 1552 Pmsens
3073 1484 3331 1555 epistolas
3353 1487 3511 1557 potui
3536 1537 3543 1547 .

705 1586 1046 1662 quaerentibus
1068 1586 1342 1640 invenitur.

283 1693 347 1764 3
372 1691 589 1746 Littera:
618 1694 742 1750 tute,
770 1681 843 1736 (ili
861 1679 1137 1736 carissime
1164 1676 1418 1740 Monime,
1435 1681 1691 1745 quantum
1719 1672 1817 1728 de-

206 1790 535 1844 monstrant
560 1776 931 1834 delectabilem
964 1773 1040 1827 tui
1069 1771 1236 1826 animi
1280 1769 1666 1832 sinceritatem,
1699 1767 1816 1820 lau-

206 1879 569 1944 dabilemque
597 1870 760 1926 studii
787 1865 1046 1938 spiritalis
1075 1863 1355 1930 ardorem,
1386 1869 1595 1916 tantum
1622 1867 1822 1915 nostra:

206 1965 621 2041 responsionis,
659 1959 884 2033 querula
926 1955 1285 2025 benignitate,
1315 1953 1566 2008 videntur
1595 1965 1823 2020 arguere

209 2064 562 2118 tarditatem.
593 2057 872 2124 Tanquam
902 2053 957 2107 in
979 2066 1046 2106 eo
1074 2050 1250 2104 minus
1276 2062 1438 2117 quam
1458 2046 1631 2101 debeo
1667 2053 1723 2100 te
1751 2045 1828 2099 vi-

209 2159 357 2214 dear
383 2155 627 2222 diligere,
675 2147 822 2219 quod
849 2143 1288 2215 inquisitiouibus
1317 2141 1422 2196 tuis
1450 2155 1560 2194 non
1590 2153 1823 2195 curave-

212 2251 326 2306 rim
381 2245 633 2302 celeriter
678 2237 1026 2310 respondere.
1079 2233 1186 2289 Sed
1212 2231 1371 2288 crede
1409 2230 1540 2285 mihi
1587 2229 1727 2284 sicut
1770 2227 1824 2282 in

213 2343 460 2401 caritate
487 2335 684 2392 Christi
710 2345 998 2404 personam
1026 2337 1175 2382 tuam
1205 2337 1546 2394 nequaquam
1587 2321 1640 2375 in
1663 2319 1828 2375 corde

217 2451 354 2493 meo
393 2437 786 2499 contemptam,
817 2425 895 2480 sic
922 2421 1330 2492 responsionem
1371 2430 1570 2480 meam,
1593 2429 1703 2469 non
1734 2427 1830 2467 vo-

217 2529 462 2588 luntate,
497 2520 594 2577 sed
618 2517 1031 2588 occupationum
1051 2511 1314 2567 varietate
1341 2507 1582 2563 dilatam.
1606 2505 1831 2560 Verum-

219 2631 412 2678 tamen
440 2616 588 2672 inter
607 2614 751 2683 ipsas
780 2605 1166 2677 occupationes
1198 2617 1333 2673 quas
1360 2599 1560 2654 invitus
1592 2596 1830 2651 tolerare

218 2710 535 2783 compellor
563 2711 772 2760 tantum
812 2699 990 2756 studio
1033 2704 1127 2750 tuo
1166 2689 1531 2761 congratulor,
1568 2693 1830 2758 quantum

222 2816 318 2862 tua
346 2803 580 2859 caritate
609 2795 871 2851 delector.
903 2789 981 2844 Eo
1011 2787 1182 2856 magis
1211 2783 1546 2854 amplectens
1579 2785 1828 2835 sanctum

1923 1580 2182 1650 reperire.
2210 1578 2382 1632 Unam
2408 1577 2778 1631 continentem
2807 1576 2980 1630 sancti
3013 1577 3292 1644 Augustini
3321 1578 3509 1645 Verba,

1922 1688 2042 1743 quin
2072 1673 2125 1726 in
2153 1672 2289 1726 libro
2313 1669 2380 1724 de
2406 1667 2743 1723 Perfectione
2789 1668 3008 1737 iustitia:
3055 1669 3306 1738 hominis,
3339 1670 3402 1723 de
3434 1670 3513 1724 his

1922 1764 2007 1834 qui
2029 1763 2097 1816 ad
2117 1762 2381 1816 interitum
2411 1760 2769 1829 prtedcstinati
2795 1768 2935 1824 sunt,
2970 1759 3111 1814 inter
3141 1760 3243 1814 alia
3270 1760 3515 1831 posuisse

1923 1855 2280 1925 cognoscitur.
2316 1852 2415 1908 Cui
2438 1853 2663 1907 alteram
2691 1853 2874 1907 statim
2902 1851 3242 1921 subjunctam
3270 1853 3516 1922 quaestio.

1926 1961 2050 2002 nem
2078 1945 2267 2000 videor
2292 1945 2584 2012 invenisse,
2619 1945 2720 1999 hoc
2746 1952 2848 2010 est,
2874 1945 2938 1998 de
2959 1945 3241 2015 sacriﬁcio,
3268 1947 3402 2016 quod
3417 1946 3515 2000 soli

1927 2039 2079 2094 Patri
2107 2038 2317 2111 quidam
2343 2040 2642 2093 existimant
2667 2037 2947 2091 immolari.
2971 2035 3028 2092 In
3059 2037 3228 2092 altera
3258 2053 3388 2092 vero
3409 2037 3516 2108 epi-

1927 2131 2066 2188 stola
2109 2130 2341 2201 positam
2386 2129 2791 2199 inquisitionem
2835 2128 3054 2183 inveni:
3088 2126 3226 2192 Quid
3267 2136 3342 2182 est
3382 2128 3517 2200 quod

1928 2226 2205 2296 Apostolus
2235 2222 2431 2278 duobus
2458 2222 2686 2277 denariis
2729 2238 2854 2294 quos
2902 2223 3119 2292 accepit,
3152 2237 3519 2293 supererogare

1927 2315 2191 2387 potuerit?
2218 2311 2354 2367 Cum
2393 2329 2524 2382 ergo
2551 2313 2647 2367 has
2683 2311 3062 2367 tantummodo
3101 2312 3236 2367 duas
3265 2311 3518 2382 epistolas

1930 2406 2248 2466 invenirem.
2282 2405 2454 2460 tertiae
2495 2419 2711 2475 quoque
2740 2420 2857 2458 sum
2887 2405 3134 2474 protinus
3176 2404 3518 2474 recordatus,

1929 2513 2051 2570 quae
2071 2497 2200 2553 mihi
2229 2512 2260 2552 a
2289 2497 2500 2552 notario
2542 2512 2647 2550 non
2692 2497 2790 2551 luit
2829 2497 3040 2565 oblata,
3069 2497 3124 2551 in
3166 2507 3271 2566 qua
3301 2497 3520 2553 memini

1930 2608 2094 2648 unam
2124 2591 2392 2647 contineri
2419 2589 2487 2644 de
2512 2598 2700 2644 sancto
2740 2589 2943 2659 Spiritu
2992 2590 3345 2658 quaestionem
3373 2607 3384 2642 :
3418 2587 3522 2642 Cur

1929 2685 2124 2739 scilicet
2145 2700 2176 2737 a
2211 2683 2367 2737 Patre
2385 2681 2660 2735 mittendus
2692 2682 2759 2734 ad
2786 2681 3190 2737 consecrandum
3211 2681 3521 2750 sacriﬁcium

1931 2778 2163 2849 corporis
2191 2785 2240 2830 et
2264 2776 2532 2847 sanguinis
2559 2773 2767 2828 Domini
2797 2776 3102 2854 postuletur.
3157 2773 3250 2828 Ha:
3283 2781 3409 2828 sunt
3437 2774 3523 2827 in-

225 2893 504 2953 avi-ditatis
534 2898 642 2944 ture
668 2883 1026 2957 propositum,
1070 2875 1216 2947 quod
1243 2875 1382 2929 sicut
1421 2885 1549 2926 vere
1577 2867 1833 2940 spiritalis
1859 2871 1908 2932 Β
1935 2871 2091 2927 terim
2138 2877 2372 2939 quatuor
2415 2870 2757 2940 quzestiones,
2803 2883 3030 2940 quarum
3075 2877 3185 2923 tres
3213 2883 3282 2922 ex
3320 2867 3526 2922 duabus

228 2986 559 3055 negotiator,
574 2976 839 3034 interioris
856 2971 1076 3027 hominis
1089 2969 1234 3022 lucra
1250 2971 1590 3024 consectans,
1606 2968 1663 3016 et
1676 2959 1832 3015 calle

227 3047 390 3136 stium
411 3070 680 3128 mercium
696 3071 930 3137 quaestus
953 3059 1125 3128 magis
1145 3073 1209 3112 ac
1224 3055 1392 3123 magis
1404 3049 1737 3122 amplificare
1748 3047 1836 3104 de-

229 3169 496 3229 siderans,
512 3143 752 3232 primum
764 3153 907 3225 quod
937 3168 968 3206 a
998 3166 1086 3206 me
1106 3147 1316 3218 ﬂagitas
1337 3138 1836 3209 debitum,subinde

231 3261 482 3321 cumulas
501 3256 693 3311 fenore
721 3247 1099 3320 quaestionum,
1124 3251 1184 3297 ut
1208 3241 1418 3296 scilicet
1445 3245 1659 3292 tuorum
1682 3248 1834 3289 com-

235 3353 532 3414 modorum
557 3345 761 3403 militet
788 3335 1138 3396 incrementis
1173 3334 1288 3404 ipsa
1311 3337 1515 3386 nostrae
1545 3325 1838 3380 necessitas

237 3446 527 3507 tarditatis.
559 3437 801 3495 Proinde
820 3431 1033 3490 conﬁdo
1055 3431 1108 3484 in
1123 3422 1511 3483 misericordia.
1524 3419 1620 3474 Dei
1645 3415 1834 3481 nostri,

243 3542 365 3615 quia
392 3537 438 3592 si
465 3531 603 3606 quid
630 3527 763 3583 mihi
795 3524 950 3594 hujus
980 3515 1342 3591 inquisitionis
1371 3529 1433 3567 ac
1462 3506 1840 3580 disputationis

252 3598 407 3704 opere
431 3598 536 3700 pro
578 3635 705 3678 meo
736 3617 928 3674 merito
958 3629 1068 3668 non
1096 3607 1430 3671 conceditur,
1461 3618 1561 3674 pro
1588 3610 1682 3656 tuo
1711 3598 1842 3653 mihi

264 3696 512 3782 desiderio
533 3713 886 3774 concedetur.
901 3707 1086 3776 Neque
1105 3703 1248 3758 enim
1271 3696 1674 3768 inquisitionem
1699 3701 1843 3745 tuam

275 3815 385 3870 beas
419 3803 759 3867 inventionis
784 3800 978 3857 ellectu
1008 3792 1244 3850 fraudari
1274 3791 1542 3844 ullatenus
1562 3786 1723 3848 sinet,
1752 3781 1844 3851 qui

284 3913 329 3959 te
349 3904 396 3957 ad
427 3895 816 3970 inquirendum
853 3886 1167 3961 spiritaliter
1195 3879 1569 3942 inﬂammavit,
1601 3890 1724 3930 cum
1767 3874 1847 3942 ip-

284 3995 373 4050 sius
393 3967 551 4048 ﬁdele
583 3985 909 4059 promissum
955 3978 1103 4034 nulla
1147 3975 1360 4029 ratione
1387 3976 1632 4026 cassetur
1659 3967 1846 4021 dicen-

279 4087 363 4141 tis:
389 4057 601 4146 Petito,
626 4088 677 4133 et
719 4074 1010 4146 accipietis;
1041 4069 1280 4140 quaerite,
1321 4073 1371 4120 et
1407 4062 1704 4125 invenietis;
1735 4057 1850 4146 pul-

275 4190 385 4242 sate,
419 4184 469 4230 et
514 4132 780 4245 aperietur
805 4132 945 4221 vobis
992 4161 1142 4234 (Luc.
1191 4132 1274 4226 xi,
1306 4155 1385 4227 9).
1413 4155 1660 4209 lnternus
1689 4132 1850 4219 igiiur

271 4240 528 4339 Magister,
551 4240 595 4317 ia
623 4276 731 4331 quo
774 4255 1068 4313 subsidium
1096 4251 1357 4306 doctrina:
1393 4245 1626 4302 cmlestis
1655 4240 1854 4310 accipi—

272 4331 399 4424 mus,
441 4371 553 4412 non
583 4352 760 4408 solum
807 4343 1198 4414 inquirentibus
1237 4338 1392 4394 nobis
1429 4349 1651 4392 suorum
1681 4331 1856 4402 aperit

269 4463 462 4505 arcana
486 4454 826 4506 sermonum,
863 4435 955 4493 sed
975 4443 1036 4489 ut
1058 4434 1220 4489 etiam
1247 4444 1569 4500 quaeramus,
1600 4426 1714 4495 ipse
1733 4437 1857 4492 gra-

269 4545 342 4598 tis
363 4541 579 4610 inspirat
608 4534 882 4591 affectum.
913 4527 1051 4595 Quia
1095 4541 1196 4581 nec
1225 4524 1432 4580 esurire
1456 4533 1653 4592 panem
1681 4517 1851 4581 illum,

273 4636 366 4708 qui
391 4633 452 4686 de
474 4632 587 4685 calo
625 4624 891 4683 descendit
928 4621 1107 4695 (Joan.
1137 4636 1212 4685 vi,
1256 4617 1373 4686 35),
1404 4629 1711 4686 possumus,
1755 4611 1858 4666 nisi

271 4704 345 4784 et
381 4726 495 4795 ipso
516 4723 570 4794 4
596 4715 994 4775 fastidientibus
1031 4711 1238 4768 esuries
1263 4709 1440 4774 detur,
1473 4707 1565 4778 qui
1585 4721 1645 4761 se
1675 4704 1743 4759 ad
1772 4718 1859 4757 sa-

273 4816 484 4874 tiandos
510 4813 812 4870 esurientes
835 4807 1040 4862 donare
1078 4804 1348 4873 dignatur.
1398 4800 1481 4856 Ab
1530 4801 1646 4870 ipso
1693 4798 1858 4854 etiam

275 4910 430 4966 nobis
457 4914 539 4962 est
573 4902 721 4973 quod
745 4900 815 4955 ad
841 4899 1046 4955 fontem
1082 4896 1327 4952 sitientes
1354 4891 1640 4954 currimus,
1669 4889 1762 4958 qui
1801 4901 1860 4942 se

278 5003 428 5057 nobis
446 4997 654 5064 tribuit,
683 5002 745 5048 ut
761 4993 1030 5048 bibamus.
1060 4988 1182 5060 ipse
1201 4987 1361 5057 igitur
1383 4981 1681 5039 laudandus
1705 4989 1788 5036 est
1805 4979 1858 5034 in

280 5095 554 5162 utriusque
582 5099 608 5126 ει
636 5086 877 5142 muneris
897 5083 1071 5155 gratia
1094 5099 1110 5147 ;
1135 5081 1261 5136 sive.
1278 5094 1400 5150 cum
1421 5093 1521 5133 nos
1547 5075 1614 5131 ad
1635 5091 1695 5130 se
1717 5087 1862 5144 qua:-

280 5184 503 5240 rendum
547 5179 883 5236 dormientes
927 5172 1223 5232 exsuscitat
1245 5213 1262 5240 ,
1309 5185 1408 5225 seu
1451 5184 1574 5225 cum
1613 5183 1673 5222 se
1713 5166 1864 5220 inve-

281 5279 534 5338 niendum
582 5276 742 5332 nobis
795 5272 1156 5343 quaerentibus
1217 5268 1401 5322 donat.
1457 5264 1560 5330 Qui
1613 5259 1859 5332 profecto

284 5372 585 5427 nullatenus
622 5366 914 5429 invenitur,
963 5363 1066 5418 nisi
1107 5362 1224 5432 ipse
1251 5373 1350 5413 nos
1378 5357 1596 5418 excitet,
1628 5361 1687 5406 ut
1712 5365 1860 5422 quae-

283 5470 447 5519 ratur.

603 5551 788 5607 CAPUT
819 5565 875 5604 ιι.
920 5546 998 5602 De
1019 5545 1196 5600 eodem
1215 5548 1536 5615 argumento.

1932 2963 2176 3034 epistolis
2201 2962 2330 3029 tuis,
2361 2976 2524 3016 unam
2551 2977 2680 3016 vero
2706 2963 2968 3015 memoria
3013 2968 3336 3028 suggerente
3365 2974 3524 3014 reco-

1933 3055 2027 3110 lui.
2061 3054 2085 3092 b
2114 3053 2271 3122 Quod
2296 3054 2340 3108 si
2366 3051 2505 3108 forte
2533 3061 2658 3106 sunt
2679 3052 2798 3106 alite
2825 3051 2916 3122 (at.
2951 3052 3186 3122 positae),
3214 3065 3350 3120 quas
3373 3049 3528 3106 nobis

1935 3149 2130 3204 misisti
2158 3147 2466 3216 solvendas,
2497 3162 2600 3202 nec
2641 3146 2694 3200 in
2742 3148 2845 3200 hoc
2892 3144 3100 3199 invenis
3130 3159 3295 3214 opere
3324 3143 3528 3214 positas

1938 3251 2032 3299 aut
2057 3242 2282 3303 solutas,
2315 3255 2497 3309 quaeso
2527 3247 2584 3292 ut
2615 3255 2722 3292 non
2750 3237 2817 3292 ad
2847 3243 3218 3305 contemptum
3248 3234 3335 3290 vel
3376 3232 3528 3288 fasti-

1939 3338 2086 3394 dium
2109 3337 2340 3403 redigas,
2362 3333 2459 3390 sed
2485 3331 2744 3387 oblivioni
2781 3329 3052 3400 patienter
3080 3327 3361 3395 ignoscas;
3392 3334 3531 3396 pra:-

1939 3428 2146 3494 sertim,
2174 3443 2296 3481 cum
2327 3425 2473 3480 illam
2499 3423 2566 3478 de
2589 3421 2790 3491 Spiritu
2805 3426 3015 3484 sancto,
3047 3433 3206 3488 quam
3233 3431 3353 3485 ego,
3371 3415 3532 3471 etiam

1943 3520 2174 3591 epistola
2204 3533 2311 3572 non
2342 3518 2580 3578 inventa,
2613 3511 2836 3574 recolui,
2869 3509 3084 3564 silentio
3122 3507 3402 3578 praeterire
3433 3520 3531 3560 ile-

1943 3612 2110 3682 quivi.
2144 3610 2248 3665 Sed
2288 3608 2414 3678 quia
2445 3615 2505 3660 tu
2545 3612 2858 3659 cunctarum
2888 3601 2955 3673 (si
2985 3615 3104 3669 quae
3134 3598 3356 3653 forsitan
3387 3599 3532 3666 sunt)

1945 3707 2062 3760 sine
2089 3703 2251 3758 dubio
2273 3699 2584 3764 meministi,
2610 3713 2719 3752 non
2748 3706 2801 3750 te
2829 3695 3030 3765 pigeat,
3049 3701 3108 3748 ut
3133 3701 3184 3747 te
3206 3690 3534 3746 rescribente

1948 3808 2360 3852 commemorer.
2405 3789 2473 3845 Et
2517 3805 2677 3860 spero
2715 3788 2839 3859 quia
2883 3787 2935 3840 in
2974 3792 3233 3856 quantum
3281 3780 3535 3837 Dominus

1949 3887 2214 3958 adjuverit
2254 3892 2437 3940 nostra
2477 3881 2760 3954 responsio
2802 3879 3191 3947 subsequetur,
3240 3874 3285 3928 si
3333 3887 3538 3944 praecec

1949 3981 2128 4036 dentis
2154 3988 2349 4034 vestra:
2373 3975 2632 4032 orationis
2655 3973 2922 4043 adjutorio
2951 3970 3219 4025 fulciatur.

1951 4070 2133 4127 CAPUT
2166 4087 2241 4125 ιιι.
2285 4068 2466 4122 Prima
2496 4067 2708 4138 quwstio
2745 4064 2809 4118 de
2855 4060 3334 4138 prmdestinatione.
3380 4057 3540 4112 Verba

2219 4141 2276 4196 M
2281 4141 2441 4193 animi
2471 4132 2534 4190 de
2562 4137 2769 4208 gemina
2798 4132 3274 4205 pr'azdestinatione.

1882 4245 1928 4308 ρ
2031 4232 2225 4288 Prima:
2273 4233 2433 4300 igitur
2479 4227 2794 4298 quaestionis
2849 4223 3274 4292 intelligentiam,
3320 4221 3374 4276 in
3405 4221 3542 4278 illius

1958 4325 2177 4381 nomine
2204 4323 2525 4392 quaesiturus
2553 4320 2620 4374 de
2649 4334 2756 4387 quo
2785 4317 3046 4387 scriptum
3076 4323 3178 4380 est,
3208 4315 3333 4384 quia
3359 4312 3544 4368 Domi-

1959 4433 2054 4471 nus
2081 4415 2173 4467 dat
2201 4413 2529 4484 sapientiam,
2577 4419 2625 4462 et
2653 4427 2686 4462 a
2716 4410 2850 4481 [acie
2879 4408 2991 4478 ejus
3019 4408 3238 4461 scientia
3269 4414 3320 4459 et
3346 4404 3546 4459 intelle.

1960 4518 2069 4563 ctus
2099 4506 2276 4580 (Prov.
2311 4522 2377 4572 ii,
2400 4504 2454 4573 6)
2477 4545 2492 4572 ,
2523 4503 2630 4557 hoc
2658 4501 3064 4557 convenientius
3102 4508 3265 4570 atque
3304 4513 3546 4554 comma-

1961 4602 2082 4657 dius
2112 4601 2399 4654 arbitratus
2424 4611 2562 4662 sum,
2609 4605 2670 4650 ut
2712 4603 2821 4649 tam
2867 4594 3033 4650 verba
3071 4601 3163 4648 tua
3205 4607 3365 4663 quam
3405 4591 3546 4650 beati

1962 4693 2262 4764 Augustini,
2291 4705 2412 4760 qua:
2441 4691 2493 4745 in
2521 4698 2616 4742 tua
2644 4687 2872 4758 epistola
2901 4687 3146 4758 posuisti,
3170 4685 3505 4740 revolverem
3533 4702 3546 4737 :

1962 4797 2022 4844 ut
2051 4787 2133 4841 his
2161 4785 2396 4849 relectis,
2421 4781 2629 4836 facilius
2650 4787 2972 4849 agnoscatur
3002 4786 3110 4831 tam
3141 4775 3367 4830 intentio
3389 4790 3548 4845 quam

1962 4881 2160 4938 solutio
2199 4876 2530 4952 quaestionis.
2574 4873 2797 4942 Legenti
2845 4887 2954 4940 me,
3002 4871 3198 4940 inquis,
3247 4869 3444 4924 librum
3482 4869 3551 4925 de

1964 4971 2300 5028 Perfectione
2335 4967 2555 5037 justiti-.1:
2585 4965 2838 5028 hominis,
2872 4963 3236 5017 testimonium
3275 4961 3552 5032 praphetzn

1964 5066 2019 5121 in
2049 5064 2297 5120 ordinem
2318 5062 2585 5130 relegens,
2617 5058 2798 5114 auditu
2828 5063 2988 5110 cauto
3015 5055 3347 5126 pedetentim
3371 5055 3553 5126 paulu-

1965 5164 2074 5217 lum
2095 5158 2408 5223 retractavi,
2431 5156 2522 5212 ubi
2544 5155 2619 5209 ait
2644 5172 2657 5206 :
2685 5151 2808 5206 Non
2829 5160 2905 5205 est
2927 5152 3012 5221 qui
3040 5150 3201 5222 faciat
3221 5150 3427 5213 bonum,
3448 5164 3552 5200 non

1966 5266 2042 5312 est
2066 5272 2223 5328 usque
2251 5254 2322 5306 ad
2348 5267 2506 5305 unum
2535 5247 2706 5319 (Psal.
2753 5261 2862 5310 xm,
2887 5243 2965 5314 5).
2998 5241 3068 5296 Ει
3095 5243 3212 5297 sine
3244 5240 3422 5308 aliqua
3452 5254 3551 5293 ne-

1965 5351 2110 5410 bula,
2148 5348 2266 5404 sine
2293 5345 2469 5412 aliqua
2495 5339 2830 5396 dubitatione
2858 5336 3124 5408 expressit
3149 5335 3415 5402 interpres
3438 5331 3553 5402 ipse

1967 5441 2294 5502 verissimus,
2323 5450 2491 5507 genus
2517 5433 2624 5487 tale
2649 5446 2768 5487 esse
2785 5430 3082 5494 hominum,
3100 5424 3244 5497 quod
3262 5439 3369 5479 non
3389 5423 3552 5478 iaciat

1969 5538 2192 5595 bonum,
2240 5528 2370 5585 illud
2415 5525 2857 5598 przedestinatum
2905 5522 3090 5590 utique
3137 5517 3206 5572 ad
3249 5517 3547 5572 interitum.

353 5647 655 5704 Revolveris
682 5644 847 5713 igitur
864 5641 1064 5710 scripta
1086 5647 1196 5704 tua,
1225 5609 1481 5707 tanquam
1505 5631 1859 5700 chirographa
1891 5633 1942 5693 ι)
1964 5628 2139 5696 Atque
2168 5632 2225 5677 ut
2242 5631 2362 5676 tuus
2382 5635 2561 5675 sermo
2578 5618 2787 5690 praefati
2807 5616 2979 5672 sancti
3005 5612 3106 5668 viri
3134 5610 3412 5666 fulciretur
3432 5609 3549 5664 elo--

283 5754 423 5805 mea,
450 5747 511 5793 ut
529 5753 598 5793 ex
623 5737 709 5792 his
737 5735 1036 5790 instruerer
1053 5737 1183 5801 quot
1211 5730 1294 5786 vel
1313 5743 1538 5800 quarum
1560 5726 1658 5782 tibi
1685 5740 1857 5782 essem

355 5922 379 5950 ι
405 5908 545 5969 Cod.
579 5922 684 5967 ms.
715 5903 950 5970 Tbuan.,
974 5915 1182 5960 mutam
1193 5898 1402 5972 gratim.

1970 5721 2120 5792 quio,
2151 5714 2338 5774 eadem
2367 5714 2548 5779 verba,
2580 5727 2700 5782 quas
2731 5727 2762 5766 a
2789 5710 2949 5766 beato
2970 5705 3268 5779 Augustino
3299 5704 3386 5776 (de
3416 5701 3550 5758 Per-

2049 5891 2076 5933 δ
2097 5887 2362 5949 ϐοᾱ.,ιιιε.
2395 5885 2627 5952 Tbuan.,
2647 5886 2800 5952 forte.
