4122 6330
507 446 619 505 1551

1533 444 1589 500 8.
1628 440 1988 500 FULGENTII
2023 439 2324 501 EPISCOPI
2364 437 2752 502 RUSPENSIS.

3691 449 3784 506 .‘56

505 568 626 636 fect.
665 568 907 636 justitia,
953 579 1070 635 cap.
1105 562 1197 631 15)
1226 567 1352 616 sunt
1393 558 1559 622 dicta,
1607 560 1972 614 subnectens:
2002 557 2092 613 Ait
2118 563 2170 624 Α
2195 562 2355 612 tenus
2383 557 2714 627 intelligendi
2739 573 3015 623 concessa,
3054 561 3187 617 nihil
3225 561 3372 618 aliud
3410 561 3777 634 accipiendum

503 661 668 722 enim,
720 658 912 726 inquis,
966 657 1108 711 idem
1145 653 1562 724 gloriosissimus
1601 649 1972 722 Augustinus:
2005 651 2088 708 De

499 751 588 803 illo
620 749 756 801 enim
776 749 908 804 bono
937 749 1130 802 dictum
1169 746 1250 802 hic
1293 745 1531 801 debemus
1555 747 1812 819 accipere,
1851 746 1988 817 quod
2013 745 2088 802 ibi

497 843 614 896 ait:
647 841 790 896 Deus
818 840 885 895 de
907 839 1047 895 casio
1075 837 1355 910 prospexit
1398 851 1562 907 super
1607 837 1744 893 ﬁlios
1785 827 2086 906 hominum,

498 944 555 986 ut
583 933 765 988 videat
793 931 842 1002 5
870 931 915 984 si
941 937 1024 985 est
1069 929 1390 998 intelligens,
1450 936 1542 983 aut
1592 929 1872 998 requirens
1917 930 2087 985 Deum

499 1022 672 1086 (Psal.
705 1037 818 1089 xm,
842 1019 920 1091 2).
954 1019 1070 1072 Hoc
1098 1035 1219 1090 ergo
1269 1017 1473 1082 bonum,
1517 1019 1654 1091 quod
1701 1028 1779 1074 est
1829 1021 2086 1090 requirere

497 1113 684 1177 Deum,
714 1129 819 1167 non
848 1120 959 1165 erat
984 1111 1071 1182 qui
1101 1113 1309 1183 faceret,
1342 1127 1446 1166 non
1473 1120 1586 1165 erat
1610 1128 1770 1184 usque
1799 1112 1868 1165 ad
1905 1126 2082 1177 unum,

499 1204 588 1258 sed
612 1206 665 1258 in
693 1219 751 1260 eo
781 1219 965 1274 genere
1001 1203 1262 1258 hominum
1288 1203 1423 1274 quod
1450 1203 1871 1274 praedestinatum
1903 1214 1981 1260 est
2017 1205 2087 1259 ad

497 1294 783 1349 interitum.
814 1293 913 1349 liic
936 1292 1079 1348 dicta
1107 1293 1278 1348 sancti
1311 1293 1592 1362 Augustini
1622 1294 2006 1362 determinans,
2032 1305 2089 1353 et

499 1383 564 1439 ad
591 1399 679 1440 me
707 1383 1059 1439 intentionem
1089 1390 1300 1437 tuarum
1329 1382 1563 1452 dirigens
1586 1384 1906 1452 litterarum,
1954 1385 2086 1442 dicis

495 1480 698 1536 sentire
718 1470 804 1535 me
824 1477 934 1548 jam
964 1493 1062 1534 cur
1088 1478 1281 1534 iterum
1311 1477 1425 1533 haec
1446 1478 1701 1547 inculces,
1717 1480 1923 1535 scilicet
1941 1480 2084 1549 quod

495 1574 689 1644 saepius
714 1571 999 1628 reluctanti
1031 1579 1084 1628 te
1112 1571 1262 1634 mihi,
1280 1570 1811 1641 prmdestiuationem
1841 1587 1946 1626 non
1965 1580 2084 1626 tan-

496 1672 612 1720 tum
640 1665 693 1719 in
721 1665 864 1719 bono
891 1664 1018 1729 dici,
1050 1663 1142 1720 sed
1173 1663 1336 1718 etiam
1378 1663 1433 1717 in
1481 1664 1645 1730 malo,
1688 1663 1815 1719 dum
1859 1663 1911 1719 in
1942 1665 2083 1720 malo

495 1754 1022 1824 praedestinationem
1053 1761 1108 1810 te
1137 1753 1393 1823 relegisse
1441 1753 1670 1819 diceres,
1723 1754 1838 1823 ipse
1880 1753 2083 1810 docens

496 1845 710 1900 aiebam
754 1845 819 1899 ad
857 1861 1071 1916 poenam
1112 1845 1372 1910 debitam,
1420 1860 1527 1900 non
1556 1845 1621 1899 ad
1651 1846 1850 1901 malum
1878 1845 2080 1902 facien-

2193 647 2446 703 existimo
2470 647 2524 702 in
2554 648 2646 703 illo
2671 651 2845 705 sancti
2875 650 3157 720 Augustini
3189 668 3459 719 sermone,
3481 669 3590 724 quo
3620 656 3684 710 ad
3711 657 3785 713 in-

2192 739 2412 794 teritum
2434 739 2700 810 quosdam
2722 740 3130 812 prmdestinatos
3155 744 3354 811 ﬁrmat,
3384 746 3487 800 nisi
3513 747 3580 800 ad
3610 747 3783 803 interi-

2191 834 2306 886 tum
2335 829 2606 902 supplicii,
2639 846 2747 886 non
2794 827 3011 900 delicti;
3054 847 3231 904 neque
3279 833 3346 889 ad
3382 837 3603 900 malum,
3641 839 3779 906 quod

2191 920 2391 992 injuste
2419 923 2726 988 admittunt,
2759 923 2854 978 sed
2883 923 2952 978 ad
2981 926 3294 994 cruciatum,
3312 942 3472 997 quem
3489 927 3779 996 justissime

2189 1015 2496 1086 patientur;
2527 1031 2630 1070 nec
2655 1016 2721 1070 ad
2754 1024 3054 1085 peccatum,
3087 1033 3195 1088 quo
3218 1018 3403 1088 prima:
3432 1022 3781 1076 resurrectio-

2189 1111 2274 1165 nis
2309 1109 2652 1176 beneﬁcium,
2681 1116 2776 1165 aut
2801 1126 2908 1165 non
2938 1111 3226 1180 accipiunt,
3259 1120 3354 1166 aut
3383 1114 3656 1179 amittunt,
3687 1114 3779 1170 sed

2189 1200 2258 1254 ad
2297 1208 2654 1266 tormentum,
2686 1203 2741 1272 6
2777 1199 2923 1271 quod
2963 1199 3068 1256 illis
3099 1200 3317 1271 propria
3355 1201 3612 1271 iniquitas
3641 1205 3781 1260 male

2187 1290 2350 1361 parit,
2380 1298 2435 1355 et
2458 1291 2686 1360 aequitas
2725 1289 2905 1343 divina
2936 1289 3078 1344 bene
3106 1289 3388 1354 retribuit;
3415 1306 3513 1346 nec
3541 1291 3607 1346 ad
3633 1309 3778 1348 mor-

2187 1387 2301 1435 tem
2331 1379 2522 1433 anima:
2550 1380 2797 1448 primam,
2828 1380 2880 1432 in
2906 1395 3011 1450 qua
3042 1388 3337 1434 nascuntur
3359 1381 3588 1450 parvuli,
3610 1383 3695 1436 vel
3725 1383 3776 1437 in

2186 1485 2347 1540 quam
2385 1470 2546 1543 (sicut
2573 1470 2765 1525 beatus
2794 1469 3027 1526 Iacobus
3053 1471 3205 1540 dicit)
3239 1473 3653 1543 concupiscentia
3681 1492 3774 1529 sua

2186 1560 2436 1615 abstracti
2482 1571 2531 1615 et
2576 1561 2734 1616 illecti
2766 1559 2968 1633 (Jacob.
3009 1560 3168 1632 1,14)
3209 1563 3456 1618 recidunt
3484 1563 3777 1632 eriminosi,

2183 1653 2281 1709 sed
2303 1653 2371 1708 ad
2392 1663 2621 1709 mortem
2650 1653 2960 1720 secundam,
3007 1668 3169 1724 quam
3209 1669 3431 1711 necesse
3458 1663 3542 1711 est
3570 1657 3776 1726 patian-

2185 1753 2296 1812 tur,
2319 1745 2651 1800 retribuente
2676 1744 2976 1814 justissimo
3010 1745 3211 1814 judice,
3243 1761 3338 1801 seu
3368 1762 3462 1817 qut
3490 1757 3616 1802 ante
3653 1763 3774 1818 per~

2184 1845 2398 1909 ceptam
2428 1839 2656 1909 gratiam
2687 1838 2937 1908 baptismi
2967 1838 3252 1893 discedunt
3301 1838 3368 1893 de
3413 1840 3641 1921 sarculo,
3662 1841 3774 1896 sive

494 1932 644 2000 dum,
674 1950 834 2004 posse
854 1936 954 1990 dici
979 1935 1138 1991 aliam
1165 1935 1715 2004 prtedestinationem.
1739 1935 1892 2002 Quod
1921 1939 2082 1993 etiam

2191 1932 2303 2000 qui,
2334 1932 2388 1985 in
2412 1948 2624 1986 vacuum
2654 1932 2880 2004 gratiam
2900 1929 2996 1985 Dei
3026 1932 3332 2002 recipientcs
3357 1931 3444 2002 (ΙΙ
3471 1933 3590 1988 Cor.
3618 1951 3689 1999 vr,
3718 1935 3769 2008 l)

494 2031 574 2090 tu,
604 2026 744 2080 sicut
772 2027 1051 2096 scripsisti,
1082 2027 1388 2082 conﬁrmas.
1419 2026 1572 2084 Scire
1605 2035 1657 2084 te
1685 2036 1864 2096 tamen
1887 2031 2083 2087 asseris

495 2117 625 2190 quid
649 2125 703 2173 et
731 2119 821 2175 hic
852 2120 1230 2190 respondeam,
1262 2125 1323 2175 ut
1348 2128 1504 2176 tuear
1528 2123 1851 2177 sententiam
1881 2139 2079 2189 meam,

494 2208 600 2266 hoc
626 2218 710 2266 est
735 2211 998 2266 interitum
1027 2227 1135 2266 non
1156 2211 1283 2278 dici,
1313 2212 1416 2267 nisi
1442 2221 1692 2268 mortem.
1726 2212 1791 2268 Et
1811 2213 2076 2283 adjungis,

493 2300 708 2366 interim
736 2301 932 2370 legisse
963 2311 1014 2357 te
1042 2302 1166 2368 hoc,
1199 2311 1255 2356 et
1278 2318 1616 2360 asseverasse
1653 2305 1813 2359 etiam
1844 2305 2078 2374 prindes-

493 2392 721 2448 tinatum
766 2392 1022 2462 populum
1073 2391 1140 2446 ad
1184 2393 1468 2450 interitum.
1501 2394 1707 2450 Deinde
1734 2396 1994 2452 admones
2023 2406 2081 2452 ut

493 2482 829 2540 considerem
865 2484 1030 2552 ipsius
1054 2484 1158 2540 loci
1179 2499 1508 2552 sermonem,
1542 2493 1597 2540 et
1625 2493 1684 2540 ut
1711 2485 1902 2542 doctor
1929 2501 2079 2541 meo-

492 2583 611 2628 rum
635 2573 1036 2643 discipulorum,
1071 2587 1176 2628 non
1222 2581 1281 2629 ut
1327 2584 1564 2629 assertor
1600 2590 1845 2630 arearum
1875 2591 2078 2648 propo-

492 2664 767 2732 sitionum,
799 2663 990 2719 faciam
1021 2680 1116 2719 vos
1143 2665 1416 2734 sequenda
1444 2680 1792 2735 cognoscere.

526 2752 707 2810 CAPUT
733 2771 803 2810 tv.
847 2753 1113 2810 Invocatio
1141 2758 1368 2810 auctoris
1411 2757 1644 2812 modesta
1665 2767 1713 2812 et
1734 2758 2038 2832 theologica.

562 2843 676 2914 Ego
696 2844 936 2915 quidem,
965 2846 1264 2915 carissime,
1293 2856 1556 2918 quantum
1600 2849 1828 2904 Domino
1876 2853 2076 2920 gratui-

493 2943 604 2990 tam
630 2937 857 3005 gratiam
886 2937 1150 3005 largiente
1173 2938 1450 2994 modulum
1472 2955 1688 3010 possum
1717 2943 1945 3012 propriae
1964 2959 2079 3012 par-

493 3026 672 3082 vitatis
700 3040 1012 3097 agnoscere,
1044 3029 1144 3083 sub
1175 3028 1268 3084 illo
1294 3045 1401 3084 uno
1449 3029 1678 3085 Domino
1707 3041 1867 3102 atque
1907 3032 2075 3105 Magi-

493 3125 626 3184 stro,
678 3118 732 3173 in
779 3118 896 3188 ejus
943 3118 1128 3175 schola
1169 3119 1398 3189 positus,
1439 3137 1546 3176 non
1578 3120 1804 3177 fratrum
1834 3139 2076 3180 meorum

493 3211 673 3266 vocari
702 3212 958 3280 magister
983 3219 1075 3266 aut
1111 3210 1304 3266 doctor
1331 3211 1546 3278 allecto,
1591 3228 1820 3284 quorum
1851 3216 1902 3271 in
1933 3219 2076 3273 veri-

2184 2031 2310 2094 post
2335 2031 2613 2094 acceptum
2636 2023 2984 2094 baptismum,
3018 2039 3186 2094 usque
3222 2025 3276 2080 in
3308 2023 3469 2081 ﬁnem
3498 2031 3773 2098 praesentis

2183 2115 2309 2168 vitm
2338 2114 2544 2168 malunt
2571 2115 2702 2169 servi
2726 2131 2838 2170 esse
2877 2117 3097 2186 peccati,
3119 2132 3219 2172 nec
3258 2119 3467 2188 volunt,
3492 2121 3618 2176 dum
3643 2132 3771 2176 tem-

2179 2221 2276 2277 pus
2305 2214 2379 2259 est
2409 2203 2738 2276 acceptabile,
2770 2215 2817 2261 ct
2847 2207 2958 2262 dies
3002 2209 3206 2278 salutis,
3238 2212 3478 2266 converti
3511 2228 3538 2264 a
3575 2212 3658 2268 tia
3680 2231 3773 2269 sua

2181 2295 2341 2360 mala,
2376 2303 2435 2350 ut
2474 2295 2686 2359 vivant;
2739 2305 2788 2351 et
2836 2299 3153 2369 ignorantes,
3195 2304 3440 2371 quoniam
3482 2302 3771 2377 benignitas

2179 2385 2280 2442 Dei
2306 2389 2376 2442 ad
2411 2390 2766 2460 pwnitentiam
2793 2405 2878 2445 eos
2917 2392 3149 2460 adducit,
3179 2394 3278 2464 ipsi
3307 2397 3586 2452 secundum
3617 2400 3764 2454 duri-

2182 2478 2308 2532 tiam
2333 2495 2501 2548 suam,
2543 2487 2592 2534 et
2623 2481 2949 2552 intptenitens
2978 2499 3085 2548 cor,
3138 2486 3486 2542 tltesaurizant
3517 2491 3613 2544 sibi
3642 2495 3772 2548 iram

2179 2569 2234 2623 in
2258 2569 2342 2622 die
2369 2569 2463 2624 irae
2491 2579 2539 2624 et
2577 2571 2904 2626 revelationis
2921 2571 3052 2645 justi
3071 2574 3261 2646 judicii
3291 2577 3385 2632 Dei
3421 2577 3599 2650 (Rom.
3632 2599 3687 2648 ll,
3718 2583 3772 2652 ι,

2182 2657 2258 2731 5).
2290 2658 2368 2724 De
2403 2661 2493 2715 illa
2514 2676 2644 2731 ergo
2665 2673 2864 2730 morte,
2881 2680 3043 2736 quam
3070 2667 3169 2722 sibi
3200 2677 3514 2739 peCcatores
3533 2677 3773 2734 manibus

2181 2757 2238 2804 et
2275 2749 2453 2807 verbis
2503 2755 2892 2819 accersierunt,
2937 2765 2992 2811 et
3035 2759 3362 2817 mstimantes
3399 2779 3517 2819 eam
3548 2771 3771 2824 amicam

2180 2839 2539 2908 deﬂuxerunt,
2571 2845 2802 2900 dicitur:
2831 2844 3010 2902 Nolite
3038 2851 3208 2905 zelare
3230 2867 3445 2908 mortem
3465 2855 3518 2910 in
3547 2876 3770 2916 errarent

2179 2935 2300 2988 vita:
2327 2943 2526 3001 vestrw,
2559 2951 2720 3006 neque
2767 2939 3044 3010 acquiratis
3087 2941 3426 3011 perditionem
3477 2949 3769 3005 animarum

2180 3035 2488 3095 vestrarum,
2511 3029 2754 3099 quoniam
2786 3028 2926 3086 Deus
2952 3045 3166 3088 mortem
3202 3052 3304 3091 non
3333 3040 3473 3108 fecit,
3504 3058 3663 3115 neque
3690 3045 3772 3099 (te.

2181 3125 2324 3171 tatur
2365 3118 2421 3170 in
2461 3117 2752 3188 perditione
2799 3122 3025 3178 vivorum
3055 3124 3211 3198 (Sap.
3247 3144 3285 3197 ι,
3317 3127 3393 3200 9.).
3424 3129 3491 3185 Et
3517 3133 3622 3189 alio
3652 3135 3773 3194 loco

2182 3207 2250 3263 de
2279 3207 2381 3262 hac
2407 3218 2583 3265 morte
2607 3209 2806 3266 dicitur
2834 3231 2846 3266 :
2882 3212 3090 3270 Invidia
3120 3227 3289 3274 autem
3317 3221 3508 3278 diaboli
3532 3242 3670 3280 mors
3694 3229 3773 3282 in-

494 3307 606 3354 tate
633 3299 1028 3370 condiscipulus
1053 3315 1267 3370 semper
1288 3315 1408 3356 esse
1435 3301 1705 3358 desidero.
1735 3302 2079 3376 Quapropter
2105 3309 2152 3373 C
2183 3299 2353 3354 ενοὶυἱι
2380 3301 2434 3354 in
2461 3299 2637 3356 orbem
2661 3309 2935 3358 terrarum.
2987 3304 3274 3364 Imitantur
3312 3323 3482 3368 autem
3525 3333 3641 3370 eum
3685 3313 3774 3387 qui

495 3405 599 3448 noc
623 3389 688 3446 ab
710 3391 802 3454 illo
824 3406 954 3447 vero
985 3390 1213 3446 Domino
1230 3407 1294 3447 ac
1313 3391 1568 3462 Magistro
1597 3402 1782 3451 nostro
1803 3397 2079 3467 postulare

495 3497 604 3540 non
633 3483 840 3548 desino,
866 3491 922 3537 ut
950 3497 1012 3538 ea
1034 3498 1141 3549 me,
1172 3483 1283 3538 sive
1315 3499 1412 3554 per
1441 3485 1659 3555 eloquia
1682 3485 2079 3565 Scripturaru‘m

495 3589 732 3639 suarum,
763 3589 858 3628 seu
887 3589 985 3645 per
1003 3576 1513 3631 sermocinationem
1554 3575 1778 3632 fratrum
1809 3580 2076 3635 condisci-

496 3669 851 3740 pulorumque
899 3683 1164 3736 meorum,
1213 3670 1326 3725 sive
1375 3671 1538 3726 etiam
1586 3687 1682 3742 per
1712 3672 2077 3742 inspirationis

495 3777 607 3821 suae
628 3763 896 3818 internam
930 3763 1344 3834 suavioremque
1377 3764 1675 3820 doctrinam
1711 3763 1823 3836 (ubi
1853 3768 1970 3822 sine
1990 3783 2077 3822 so-

497 3855 581 3910 nis
603 3869 910 3910 sermonum
953 3864 1009 3909 et
1041 3856 1159 3911 sine
1188 3856 1469 3912 elementis
1512 3858 1814 3913 litterarum
1854 3874 1920 3916 eo
1960 3859 2080 3914 dul-

498 3947 612 4001 cius
658 3961 766 4016 quo
806 3945 1066 4000 secretius
1116 3947 1314 4001 veritas
1353 3946 1620 4017 loquitur)
1663 3964 1726 4003 ea
1764 3965 1850 4004 me
1885 3950 2081 4005 docere

497 4036 766 4107 dignetur,
794 4051 912 4104 quae
941 4037 1018 4092 sic
1050 4052 1371 4108 proponam,
1401 4038 1478 4093 sic
1506 4053 1764 4106 asseram,
1800 4041 1930 4095 utin
1954 4057 2077 4112 pro-

498 4127 852 4199 positionibus
877 4136 1040 4199 atque
1079 4127 1467 4185 assertionibus
1495 4131 1654 4196 meis,
1693 4131 1908 4186 veritati
1937 4134 2079 4204 (qua:

497 4235 601 4275 nec
626 4217 779 4284 fallit,
801 4234 902 4275 nec
922 4219 1142 4290 fallitur)
1160 4235 1372 4290 semper
1386 4220 1695 4288 inlueream,
1711 4237 1926 4293 semper
1946 4223 2078 4279 obe-

497 4313 649 4368 diens
691 4314 1142 4382 consentiensque
1182 4314 1438 4383 reperiar.
1470 4314 1735 4382 Quoniam
1766 4324 1826 4371 ut
1870 4317 2080 4372 veritati

496 4402 723 4460 obedire
750 4412 912 4474 atque
939 4405 1250 4461 consentire
1295 4405 1524 4472 valeam,
1574 4409 1689 4478 ipsa
1731 4408 1930 4464 veritas
1957 4409 2080 4466 illn-

497 4495 688 4562 minat,
717 4495 831 4565 ipsa
862 4494 1108 4564 adjuvat,
1133 4495 1245 4566 ipsa
1276 4495 1586 4565 conﬁrmat,
1623 4499 1690 4555 ab
1719 4500 1834 4570 ipsa
1863 4501 2080 4571 postulo

495 4588 679 4644 doceri
704 4589 874 4643 multo
903 4587 1053 4658 plura
1090 4603 1210 4659 qua:
1251 4591 1456 4658 nescio,
1486 4605 1516 4644 a
1545 4606 1652 4660 qua
1678 4592 1863 4662 accepi
1907 4607 2080 4663 pauca

495 4695 616 4750 qua:
638 4680 772 4736 scio.
797 4678 970 4751 Ipsam
991 4694 1147 4750 rogo,
1168 4688 1247 4748 ut,
1264 4683 1625 4752 praeveniente
1644 4699 1708 4740 ac
1725 4686 2084 4756 subsequente
2104 4685 2163 4749 D

496 4773 892 4843 misericordia,
933 4788 1267 4846 quaecunque
1303 4775 1594 4833 salubriter
1635 4778 1852 4834 scienda
1898 4779 2082 4838 nescio

496 4862 692 4919 doceat
718 4879 832 4930 me,
882 4865 937 4920 in
970 4865 1053 4920 liis
1087 4880 1207 4934 quae
1239 4881 1368 4922 vera
1402 4867 1526 4922 novi
1568 4869 1834 4924 custodiat
1868 4885 1985 4939 me,
2026 4871 2080 4926 in

495 4953 690 5021 quibus
720 4962 779 5008 ut
816 4955 978 5011 homo
1007 4955 1164 5012 fallor
1190 4958 1426 5026 corrigat
1464 4973 1582 5024 me,
1621 4959 1675 5014 in
1711 4961 1904 5028 quibus
1937 4963 2081 5020 veris

499 5041 674 5113 (vero)
709 5043 882 5100 titubo
912 5045 1193 5101 conﬁrmet
1230 5061 1336 5112 me,
1361 5055 1416 5102 et
1441 5063 1472 5101 a
1497 5046 1644 5103 falsis
1665 5063 1730 5102 ac
1761 5051 1939 5106 noxiis
1969 5053 2078 5107 eri-

498 5132 611 5200 piat
647 5148 762 5197 me,
813 5143 872 5188 ut
914 5136 969 5190 in
1013 5138 1428 5208 cogitationibus
1471 5155 1536 5195 ac
1577 5142 1913 5198 sermonibus
1946 5145 2081 5201 meis

498 5221 643 5291 quod
689 5222 976 5279 salubriter
1001 5225 1188 5297 donat,
1237 5230 1493 5296 inveniat,
1523 5239 1578 5286 et
1602 5245 1668 5286 ea
1699 5232 1858 5288 faciat
1885 5234 1954 5290 de
1983 5251 2078 5294 ore

497 5326 621 5368 tneo
661 5313 979 5384 procedere,
1020 5333 1139 5386 quae
1179 5321 1288 5376 sint
1326 5338 1511 5378 coram
1551 5323 1664 5395 ipsa
1712 5326 2080 5398 principaliter

497 5415 670 5474 grata,
695 5416 750 5462 et
773 5408 850 5464 sic
877 5407 1005 5463 ﬁant
1031 5408 1273 5469 ﬁdelibus
1296 5416 1501 5471 eductis
1525 5426 1769 5487 accepta.

499 5494 680 5580 Carp'r
709 5512 785 5580 ν..
805 5497 1088 5580 ῌωρωμξο
1118 5503 1187 5580 ad
1215 5507 1434 5573 primam
1471 5510 1796 5580 quaestionem
1826 5513 2078 5580 quomodo

567 5567 673 5622 sint
700 5567 916 5642 quidam
939 5569 1009 5625 ad
1035 5567 1308 5644 interitum
1335 5567 1708 5644 prcedestinati.
1743 5567 2076 5637 Peccatorum

571 5641 719 5692 mors
737 5652 840 5693 non
869 5649 947 5695 est
973 5659 1006 5695 a
1035 5641 1143 5698 Deo
1165 5641 1555 5714 prtedestinata.

571 5725 839 5792 Quantum
869 5730 1053 5799 igitur,
1094 5733 1209 5804 ipsa
1237 5735 1468 5790 veritate
1499 5739 1643 5809 (qua:
1684 5755 1870 5796 verum
1899 5745 2077 5800 lumen

501 5817 602 5907 est)
651 5818 975 5875 illuminante
1016 5823 1247 5879 tenebras
1273 5843 1414 5881 meas
1460 5828 1633 5896 (Psal.
1677 5848 1804 5900 xvu,
1859 5833 1971 5907 29),
2024 5838 2078 5892 in

501 5905 658 5978 hujus
683 5910 993 5978 quaestionis
1027 5918 1371 5988 scrutatione,
1411 5920 1637 5976 facultas
1681 5925 1810 5980 mihi
1841 5905 2080 5984 esthac-

2182 3399 2303 3444 sunt
2329 3407 2395 3446 ea:
2421 3401 2568 3462 parte
2591 3393 2733 3448 illius
2761 3393 2915 3467 (Sap.
2939 3412 2995 3464 ιι,
3029 3397 3138 3470 24).
3173 3399 3341 3467 Quam
3368 3415 3600 3472 mortem,
3633 3411 3773 3466 utab

2184 3497 2350 3552 opere
2377 3497 2443 3538 ac
2463 3481 2938 3553 prasdestinatione
2959 3487 3054 3544 Dei
3080 3505 3497 3559 agnosceretnus
3518 3497 3771 3564 alienam,

2182 3572 2323 3629 Deus
2366 3575 2480 3644 ipse
2507 3575 2586 3630 sic
2615 3575 2854 3645 loquitur
2882 3594 2979 3648 per
2997 3581 3314 3651 prophetam
3340 3603 3353 3640 :
3383 3585 3772 3658 Convertimini,

2182 3672 2231 3718 et
2261 3666 2472 3719 avertite
2499 3681 2586 3720 vos
2616 3665 2680 3719 ab
2719 3669 2954 3724 omnibus
2983 3670 3329 3743 impietatibus
3359 3679 3558 3744 vestris,
3592 3689 3642 3735 et
3670 3700 3774 3738 non

2183 3767 2334 3811 erunt
2355 3758 2496 3813 vobis
2524 3761 2579 3814 in
2605 3777 2808 3831 poenam
2834 3763 3140 3836 iniquitatis.
3175 3767 3424 3838 l’rojicite
3452 3791 3483 3825 α
3509 3775 3647 3828 vobis
3669 3795 3774 3830 om-

2182 3866 2273 3905 nes
2295 3851 2593 3922 iniquitates
2609 3862 2828 3924 vestras,
2858 3873 2984 3926 quas
3006 3857 3162 3929 impie
3179 3861 3373 3932 fecistis
3403 3864 3646 3919 adversus
3669 3884 3770 3933 me,

2179 3950 2230 3994 et
2254 3942 2409 4012 facile
2437 3941 2576 3997 vobis
2603 3959 2692 3998 cor
2713 3960 2897 4001 novum
2923 3957 2971 4001 et
2997 3949 3234 4004 spiritum
3264 3970 3464 4007 novum.
3492 3953 3558 4008 Et
3585 3959 3770 4030 utquid
3779 3957 3782 3960 ’

2181 4034 2445 4089 morimini
2464 4034 2646 4090 domus
2665 4029 2872 4093 Israel?
2897 4038 3153 4104 Quoniam
3177 4042 3297 4098 nolo
3319 4055 3534 4101 mortem
3556 4029 3774 4105 morien-

2183 4127 2270 4192 tis,
2293 4126 2386 4180 sed
2410 4127 2506 4188 (al.
2539 4129 2816 4200 quomodo)
2837 4138 2893 4183 ut
2913 4141 3174 4186 avertatur
3190 4135 3297 4190 ipse
3323 4153 3354 4188 a
3378 4138 3460 4190 via
3483 4155 3578 4194 sua
3609 4143 3770 4207 mala,

2181 4223 2230 4268 et
2259 4215 2392 4270 vivat
2419 4223 2596 4272 anima
2617 4235 2732 4290 ejus
2773 4218 2988 4292 (Ezec/t.
3032 4239 3182 4292 xvm,
3214 4225 3324 4294 50).
3362 4222 3487 4284 Haec
3512 4241 3596 4285 est
3632 4247 3775 4288 mors

2182 4307 2498 4377 impietatis,
2532 4326 2687 4380 quam
2712 4328 2816 4366 non
2856 4314 2977 4384 fecit
3015 4312 3176 4382 Deus,
3219 4333 3338 4387 qua:
3377 4337 3468 4392 per
3514 4323 3775 4380 diabolum

2181 4398 2411 4454 introivit
2436 4401 2490 4454 in
2509 4400 2682 4456 orbem
2714 4413 2985 4460 terrarum.
3016 4405 3074 4460 In
3101 4408 3200 4462 hac
3221 4428 3336 4465 eum
3364 4413 3632 4470 imitantur
3680 4412 3774 4488 qui

2182 4497 2303 4544 sunt
2329 4508 2395 4545 ea:
2416 4503 2565 4561 parte
2600 4495 2760 4549 illius.

2183 4579 2365 4638 CAPUT
2387 4599 2458 4640 γι.
2501 4583 2663 4663 Πετιέί
2689 4586 2805 4640 huic
2833 4591 2986 4663 morti
3014 4591 3226 4663 duplam
3264 4605 3480 4650 mortem
3513 4598 3772 4656 retribuit.

2605 4651 2752 4710 Mors
2779 4659 2968 4713 anima:
3005 4662 3059 4715 in
3087 4651 3338 4734 gehenna.
3548 4651 3553 4652 ί

2256 4739 2397 4798 Huic
2417 4745 2508 4798 uni
2537 4747 2721 4813 morti,
2748 4761 2906 4816 quam
2941 4763 3197 4820 peccator
3225 4757 3323 4810 sibi
3356 4771 3453 4826 per
3488 4769 3776 4831 contemp-

2185 4841 2303 4888 tum
2329 4835 2521 4889 divinas
2545 4835 2803 4915 jussionis
2846 4839 3043 4910 injuste
3080 4847 3511 4915 concupiscendo
3540 4853 3774 4907 arcessi-

2184 4923 2283 4990 vit,
2310 4924 2526 4996 duplam
2557 4912 2700 4983 Deus
2727 4937 2956 4987 mortem
2981 4935 3125 5004 juste
3165 4912 3455 5004 jud—icando
3483 4943 3774 5012 retribuit;

2185 5015 2289 5072 hoc
2318 5026 2416 5083 est,
2444 5019 2671 5088 primam
2701 5023 2755 5076 in
2783 5027 3126 5094 separatione
3172 5030 3364 5086 animre
3406 5041 3461 5088 et
3503 5039 3772 5106 corporis,

2185 5108 2476 5163 secundam
2501 5111 2555 5164 in
2595 5119 2798 5168 :eterna
2828 5117 3161 5173 cruciatioue
3200 5119 3391 5177 anima:
3419 5134 3474 5179 et
3502 5130 3771 5198 corporis.

2184 5196 2263 5254 Ac
2289 5213 2385 5268 per
2407 5199 2512 5256 hoc
2541 5203 2785 5273 primam,
2805 5220 2929 5274 qua,
2953 5205 3265 5266 discedente
3280 5213 3480 5284 anima,
3503 5196 3630 5272 caro
3651 5220 3772 5275 sol'a

2184 5288 2441 5355 moritur;
2469 5293 2762 5348 secundam
2785 5309 2938 5366 vero,
2977 5301 3192 5366 quando
3221 5303 3437 5359 rediens
3463 5307 3514 5361 in
3543 5321 3770 5366 carnem

2183 5379 2380 5445 anima,
2434 5383 2488 5436 in
2535 5383 2728 5439 eadem
2775 5394 2831 5440 et
2878 5399 2999 5442 cum
3025 5389 3234 5457 eadem,
3277 5393 3328 5448 in
3368 5411 3473 5464 qua
3502 5403 3773 5468 peccavit,

2183 5485 2346 5525 carne
2377 5480 2688 5542 torquetur;
2720 5484 2777 5530 ut
2796 5493 2918 5532 cum
2950 5495 3056 5549 qua
3085 5489 3504 5544 communicavit
3532 5502 3772 5552 mortem

2184 5563 2414 5631 peccati,
2457 5566 2601 5634 quod
2648 5566 2743 5622 Del
2788 5568 3006 5651 bonitas
3050 5574 3326 5634 interdixit
3372 5581 3599 5651 homini,
3639 5604 3768 5644 cum

2185 5654 2301 5724 ipsa
2330 5659 2690 5714 communicet
2717 5670 2944 5717 mortem
2966 5646 3231 5736 s‘upplicii,
3268 5673 3413 5740 quod
3435 5646 3644 5744 paravit
3677 5680 3767 5734 di-

2184 5747 2308 5801 vina
2323 5747 2531 5818 justitia
2556 5754 2850 5820 peccatori.
2875 5755 2952 5811 De
2979 5759 3081 5814 hac
3101 5771 3277 5819 morte
3303 5764 3554 5825 Salvator
3577 5781 3766 5830 noster

2185 5840 2315 5896 dicit
2341 5861 2352 5895 :
2385 5841 2564 5899 Nolite
2584 5846 2764 5901 timere
2789 5867 2873 5905 eos
2901 5853 2986 5920 qui
3012 5855 3249 5910 occidunt
3285 5874 3488 5929 corpus,
3531 5867 3768 5922 animam

2188 5941 2359 5988 autem
2386 5951 2489 5991 non
2527 5949 2746 6006 possunt
2774 5943 3022 5998 occidere.
3051 5944 3224 6017 Magis
3254 5930 3425 6007 autem
3450 5971 3566 6010 eum
3595 5958 3769 6022 timeto
