4026 6336
289 381 364 432 57
1552 385 1643 440 AD
1679 372 1998 444 MONIMUM
2037 387 2163 446 LIB.
2200 391 2241 447 1.

3421 403 3523 456 17.78

249 490 344 584 qui
376 498 538 584 potest
562 500 617 584 et
636 495 860 584 animam
900 502 950 548 et
995 507 1180 559 corpus
1227 494 1440 566 perdere
1462 495 1520 549 in
1551 497 1838 566 gehennam
1866 502 1920 563 Α
1943 498 2009 555 lis
2028 503 2370 569 postmodum
2410 505 2524 575 ipsa
2547 505 2796 564 voluntas
2821 510 2909 577 sit,
2933 518 2994 566 ut
3014 511 3210 566 malam
3239 514 3523 584 concupis-

249 579 480 650 (latth.
511 599 566 651 ι,
594 582 706 655 38).
747 585 900 652 Quod
927 599 1056 656 ergo
1101 594 1226 642 ante
1253 587 1555 658 gehennam
1585 588 1712 642 mali
1743 603 1839 659 pe-

247 683 440 740 reunt,
466 691 570 732 non
599 685 682 732 est
697 677 860 734 divini
887 681 1086 750 operis,
1103 679 1197 735 sed
1224 679 1461 736 humani.
1478 679 1632 748 Quod
1653 689 1836 738 autem

247 767 305 824 in
341 771 589 838 gehenna
614 772 836 842 perituri
863 780 1005 838 sunt,
1046 773 1151 829 hoc
1180 772 1308 830 facit
1335 774 1430 829 Dei
1468 775 1719 844 aequitas,
1750 778 1835 832 cui

249 862 410 917 nulla
437 863 612 933 placet
635 865 902 934 peccantis
930 865 1202 934 iniquitas.
1230 862 1331 930 Qui
1359 866 1496 920 enim
1534 865 1705 939 diligit
1730 867 1836 921 ini-

247 953 647 1023 ipitatemmdit
673 955 899 1009 animam
924 972 1071 1009 suam
1097 953 1265 1027 (Psal.
1280 972 1334 1022 x,
1349 953 1427 1026 6).
1442 956 1508 1012 Et
1535 955 1663 1012 dicit
1682 955 1841 1013 Joan-

248 1061 363 1100 nes
397 1066 410 1100 :
452 1048 582 1113 Quia
619 1049 781 1101 omnis
826 1047 912 1120 qui
949 1051 1075 1120 facit
1103 1059 1391 1120 peccatum,
1435 1057 1485 1104 et
1513 1049 1837 1120 iniquitatem

249 1139 425 1209 facit;
446 1146 496 1192 et
524 1147 779 1208 peccatum
800 1148 874 1192 est
892 1140 1138 1212 iniquitas
1155 1139 1207 1210 (Ι
1232 1139 1390 1195 Joan.
1417 1156 1492 1206 ιιι,
1516 1137 1838 1212 4).Ει[)ειιε

246 1243 364 1300 per
408 1230 722 1300 prophetam
769 1228 940 1287 dicit:
977 1230 1110 1296 Quia
1154 1232 1331 1286 animo
1370 1247 1482 1305 quae
1529 1234 1836 1303 peccaverit,

244 1325 382 1392 ipsa
409 1325 652 1379 morietur
695 1321 908 1394 (Ezech.
952 1341 1103 1392 xvm,
1146 1323 1224 1393 4).
1259 1324 1335 1380 De
1362 1323 1503 1380 Filio
1533 1333 1713 1381 autem
1743 1325 1838 1380 Dei

247 1417 420 1472 Joan.
445 1416 609 1474 dicit:
642 1417 843 1473 Scimus
865 1419 984 1490 quia
1007 1419 1094 1473 ille
1122 1421 1382 1491 apparuit,
1416 1427 1472 1472 ut
1502 1426 1713 1489 peccata
1734 1418 1836 1472 tol-

245 1512 414 1578 leret,
439 1519 491 1565 et
516 1521 774 1580 peccatum
800 1512 854 1565 in
884 1528 944 1566 eo
973 1527 1076 1566 non
1096 1520 1174 1566 est
1205 1509 1260 1583 (I
1283 1511 1442 1568 Joan.
1470 1527 1546 1575 ιιι,
1583 1509 1658 1581 5).
1689 1509 1840 1566 Sicut

245 1617 397 1671 ergo
424 1609 702 1672 peccatum
726 1603 778 1658 in
794 1617 862 1658 eo
890 1618 998 1658 non
1027 1609 1130 1669 est,
1156 1602 1228 1656 ita
1243 1611 1527 1672 peccatum
1551 1617 1620 1656 ex
1643 1616 1710 1655 eo
1732 1616 1838 1656 non

245 1705 369 1750 est.
393 1694 547 1761 Quod
572 1705 753 1750 autem
781 1709 844 1750 ex
874 1709 941 1750 eo
968 1711 1075 1750 non
1102 1701 1202 1757 est,
1221 1709 1359 1764 opus
1380 1693 1496 1762 ejus
1524 1694 1708 1762 utique
1730 1708 1838 1748 non

244 1795 368 1840 est.
400 1787 450 1855 7
481 1783 632 1852 Quod
659 1793 838 1839 autem
868 1799 1140 1854 nunquam
1159 1791 1244 1838 est
1269 1784 1320 1838 in
1349 1798 1514 1852 opere
1542 1781 1679 1852 ejus,
1702 1799 1840 1838 nun-

242 1899 430 1953 quam
459 1882 555 1937 fuit
580 1882 635 1936 in
659 1881 1130 1952 praedestinatione
1149 1878 1285 1948 ejus.

240 1973 448 2030 Cspc-r
495 1989 586 2028 vn.
623 1971 888 2037 Quomodo
917 1979 1036 2025 sunt
1081 1970 1210 2024 mali
1238 1987 1271 2024 a
1311 1967 1420 2022 Deo
1463 1968 1838 2038 praedestinati,

327 2061 437 2100 non
466 2043 533 2098 ad
559 2044 782 2112 culpam,
806 2042 896 2096 sed
915 2043 984 2095 ad
1004 2057 1224 2112 pinnam.
1253 2038 1396 2094 Deus
1424 2039 1700 2093 salvandos
1715 2054 1844 2108 prte-

329 2117 499 2182 venit,
530 2113 853 2168 damnandos
881 2114 1093 2166 invenit.

325 2206 452 2261 Non
479 2219 605 2275 ergo
625 2203 984 2276 praedestinati
1012 2209 1136 2257 sunt
1162 2201 1288 2256 mali
1318 2200 1386 2256 ad
1414 2200 1517 2256 hoc
1540 2197 1684 2269 quod
1705 2199 1844 2254 male

242 2307 580 2370 operantur,
608 2311 642 2350 a
681 2295 1115 2364 concupiscentia
1162 2309 1258 2349 sua
1289 2293 1543 2346 abstracti
1573 2299 1629 2346 et
1654 2287 1841 2355 illecti,

244 2389 354 2444 sed
380 2388 452 2443 ad
494 2388 599 2443 hoc
642 2385 786 2457 quod
808 2386 950 2456 juste
987 2386 1261 2456 patiuntur
1283 2384 1452 2438 inviti.
1487 2383 1844 2437 Prze'destina-

247 2480 424 2535 tionis
453 2479 600 2534 enim
623 2477 840 2532 nomine
859 2492 967 2532 non
994 2476 1170 2546 aliqua
1212 2475 1505 2530 voluntatis
1547 2473 1796 2527 humanm
1817 2483 1844 2509 ιι

247 2570 521 2627 coactitia
546 2570 838 2628 necessitas
873 2568 1210 2639 exprimitur,
1239 2567 1335 2623 sed
1356 2567 1665 2622 misericors
1684 2573 1739 2620 et
1756 2565 1844 2633 ju-

244 2673 335 2716 sta
359 2661 532 2716 futuri
548 2661 728 2732 operis
743 2659 908 2714 divini
935 2659 1259 2729 sempiterna
1279 2657 1560 2727 dispositio
1582 2655 1843 2726 przedica-

247 2760 362 2805 tur.
392 2750 510 2804 Deo
538 2758 720 2805 autem
747 2748 1150 2804 misericordiam
1169 2756 1219 2802 et
1235 2747 1492 2818 judicium
1515 2745 1684 2814 (Psal.
1709 2759 1760 2809 c,
1795 2743 1846 2811 l)

249 2850 437 2897 cantat
473 2839 745 2906 Ecclesia,
775 2840 928 2909 cujus
954 2839 1059 2894 hoc
1098 2855 1235 2909 opus
1277 2846 1360 2892 est
1404 2837 1456 2891 in
1504 2835 1742 2901 homine,
1792 2841 1851 2887 ut

250 2933 478 2986 occulto
502 2929 796 2986 voluntatis
826 2943 957 2994 sum,
989 2944 1098 2984 non
1141 2937 1318 2983 tamen
1349 2925 1570 2995 injusto,
1600 2922 1844 2985 consilio,

253 3030 353 3076 aut
416 3022 713 3091 gratuitam
786 3020 1207 3078 misericordiam
1283 3025 1546 3090 prteroget
1615 3016 1848 3078 misero,

249 3126 351 3172 aut
377 3117 624 3172 debitam
643 3115 906 3186 justitiam
935 3115 1192 3185 rependat
1220 3113 1439 3182 injusto.
1472 3111 1588 3166 lmo
1635 3117 1728 3164 aut
1750 3107 1850 3162 mi~

247 3211 611 3267 sericorditer
649 3209 878 3265 debitori
915 3208 1082 3264 donet
1106 3206 1252 3277 quod
1278 3207 1324 3262 si
1351 3205 1514 3261 vellet
1546 3205 1692 3274 juste
1720 3216 1850 3273 pos-

248 3309 349 3356 set
374 3302 609 3372 exigere,
641 3309 735 3354 aut
761 3298 902 3368 juste
921 3313 1043 3353 cum
1062 3297 1238 3352 usuris
1267 3295 1412 3366 quod
1439 3311 1592 3350 suum
1622 3302 1706 3350 est
1732 3293 1851 3348 exi-

251 3403 356 3464 gat
384 3389 603 3460 (Humi.
644 3406 771 3456 xxv,
805 3389 896 3458 27)
917 3431 933 3456 ,
961 3399 1016 3444 et
1042 3387 1226 3458 iniquo
1253 3386 1485 3442 debitori
1515 3384 1659 3455 quod
1689 3383 1853 3440 debe-

254 3491 349 3538 tur
386 3481 766 3551 iniquitatibus
815 3479 1021 3534 reddat.
1065 3479 1144 3533 Ac
1171 3479 1266 3542 sic,
1304 3485 1397 3531 aut
1443 3477 1600 3530 istum
1630 3487 1851 3544 prorsus

259 3571 538 3640 malignum
556 3570 912 3625 misericordia
931 3569 1229 3639 prteveniat,
1253 3573 1346 3621 aut
1359 3565 1506 3620 illum
1529 3565 1607 3619 ira
1631 3564 1850 3632 dignum

265 3665 524 3719 inveniat.
549 3662 674 3734 Ipse
702 3663 841 3718 enim
862 3661 1030 3718 donat
1056 3661 1221 3728 gratis
1245 3658 1462 3726 indigno
1475 3656 1719 3727 gratiam,
1743 3671 1850 3724 qua

274 3756 588 3824 jastiiicatus
636 3755 830 3824 impius
853 3753 1178 3808 illuminetur
1203 3765 1427 3806 munere
1458 3751 1616 3804 bona:
1659 3747 1851 3802 volun-

276 3848 402 3912 tatis,
422 3854 486 3903 et
510 3845 772 3901 facultate
796 3846 952 3900 bona:
986 3834 1322 3915 operationis
1340 3881 1356 3908 ,
1405 3850 1466 3896 ut
1491 3840 1853 3911 praeveniente

275 3937 638 3994 misericordia
680 3937 879 3992 bonum
917 3935 1055 3991 velle
1105 3935 1354 4005 incipiat,
1399 3941 1454 3988 et
1492 3933 1854 3999 subsequente

269 4028 636 4085 misericordia
665 4029 864 4085 bonum
891 4027 1034 4098 quod
1053 4029 1167 4082 vult
1197 4026 1373 4083 facere
1405 4026 1601 4080 valeat.
1635 4022 1853 4080 Utrum-

266 4134 366 4189 que
409 4128 601 4176 autem
650 4118 1081 4189 prtedestinando
1123 4118 1264 4173 Deus
1313 4117 1635 4187 praeparavit
1678 4115 1731 4169 in
1761 4113 1850 4169 illa

264 4210 696 4268 incommutabili
710 4209 1004 4274 voluntate,
1036 4210 1087 4262 in
1110 4223 1214 4276 qua
1236 4208 1316 4262 sic
1342 4206 1579 4260 futurum
1601 4204 1851 4260 effectum
1930 4251 1934 4258 .

262 4304 499 4359 hominis
519 4301 817 4359 renovandi
843 4301 1126 4371 disposuit,
1145 4307 1200 4354 ut
1213 4299 1329 4368 ejus
1347 4298 1595 4352 voluntas
1610 4298 1663 4351 in
1685 4311 1850 4366 opere

261 4406 404 4452 novo
430 4410 576 4450 nova
598 4408 720 4450 esse
748 4407 855 4448 non
882 4392 1069 4462 possit.

257 4486 449 4543 Caru-r
479 4501 589 4542 vni.
619 4483 805 4539 Gratia
843 4483 937 4536 Dei
981 4475 1460 4536 hominis'meritum
1497 4488 1547 4532 et
1575 4481 1750 4533 initiat
1781 4479 1851 4531 ad

326 4558 589 4628 justitiam
613 4565 665 4628 et
693 4561 1014 4628 consummat
1034 4552 1108 4628 ad
1141 4552 1384 4622 gloriam.
1417 4548 1686 4614 Quomodo
1712 4565 1850 4619 pra:-

338 4621 554 4696 paratur
574 4626 811 4680 voluntas
836 4640 868 4676 a
893 4621 1135 4678 Domino.

335 4715 513 4772 Donat
541 4718 706 4772 etiam
735 4715 961 4785 gratiam
991 4713 1150 4780 digno
1180 4712 1233 4766 in
1258 4711 1610 4766 retributione
1638 4726 1846 4765 merce-

258 4806 343 4863 dis
370 4816 610 4871 aeternze,
643 4814 704 4860 ut
724 4804 932 4860 scilicet
956 4803 1066 4858 sive
1093 4817 1214 4857 cum
1237 4801 1455 4870 impium
1483 4801 1570 4871 pie
1593 4799 1850 4869 justiiicat

255 4903 452 4972 justus,
476 4901 604 4970 quia
635 4899 704 4954 de
730 4899 848 4968 ipso
874 4896 1162 4967 Apostolus
1181 4895 1329 4960 dicit,
1348 4893 1416 4949 Ut
1435 4895 1501 4949 sit
1523 4894 1632 4964 ipse
1653 4896 1847 4966 justus,

253 5002 302 5048 et
316 4992 624 5063 justiﬁcans
647 5005 764 5043 eum
791 4988 877 5059 qui
905 5005 968 5042 ea:
1003 4987 1108 5058 ﬁde
1143 4994 1218 5040 est
1255 4985 1378 5040 Iesu
1411 4984 1590 5053 (Rom.
1621 5002 1676 5050 ιι,
1721 4983 1846 5056 26);

253 5102 353 5140 seu
383 5100 508 5139 cum
536 5081 744 5150 justum
773 5073 918 5148 juste
942 5076 1203 5145 gloriﬁcat
1229 5077 1368 5146 pius,
1402 5078 1522 5148 quia
1545 5092 1672 5144 quos
1686 5076 1847 5148 justi—

252 5177 455 5247 ficarit,
485 5173 606 5226 illos
633 5179 684 5224 et
714 5168 1022 5241 gloriﬁcavit
1047 5165 1231 5236 (Rom.
1263 5183 1377 5230 νιιι,
1427 5167 1513 5236 5),
1545 5166 1732 5222 eadem
1780 5167 1850 5220 sit

253 5265 506 5336 operatio
536 5261 751 5336 gratias,
807 5272 926 5326 quae
965 5256 1213 5311 meritum
1267 5257 1498 5311 hominis
1545 5257 1767 5320 bonum,
1794 5265 1848 5310 et

253 5358 432 5412 initiat
461 5355 532 5409 ad
565 5350 857 5422 justitiam,
888 5356 945 5403 et
971 5359 1300 5402 consummat
1319 5347 1387 5402 ad
1404 5349 1650 5417 gloriam.
1669 5347 1846 5404 Primo

251 5453 518 5506 inchoans
551 5448 608 5502 in
633 5443 856 5499 homine
877 5441 1209 5495 voluntatem
1234 5441 1448 5506 bonam,
1479 5440 1673 5496 deinde
1702 5457 1846 5495 eain-

249 5543 372 5595 dem
387 5540 737 5593 voluntatem
768 5531 1024 5600 adjuvans
1044 5530 1366 5598 inchoatam,
1391 5533 1646 5586 uteadem
1662 5534 1847 5588 volun-

248 5642 333 5685 tas
355 5640 414 5686 et
441 5629 633 5683 divino
661 5626 807 5679 dono
822 5623 963 5677 bona
984 5621 1074 5684 sit,
1087 5629 1142 5675 et
1161 5621 1340 5677 divino
1368 5624 1636 5693 adjutorio
1651 5625 1845 5680 malam

245 5737 514 5795 superare
534 5715 1031 5785 concupiscentiam
1053 5713 1238 5782 possit,
1261 5715 1438 5772 etDeo
1448 5716 1759 5788 perficiente
1773 5727 1852 5774 ta-

321 5871 346 5898 ι
376 5858 521 5921 Cod.
555 5869 661 5909 ins.
691 5851 926 5914 Thuan.,
957 5855 1201 5900 coactiva.

1941 594 2172 648 centiam
2198 594 2398 653 habere
2421 592 2534 654 'non
2578 603 2764 670 possit.
2798 603 2874 659 Ac
2911 605 2990 660 sic
3034 605 3088 659 in
3137 609 3386 676 presenti
3415 609 3523 663 vita

1940 685 2125 753 gratia
2145 684 2413 756 adjutorio
2443 689 2739 748 infirmitati
2769 710 2875 749 non
2908 697 3096 763 cedat,
3132 699 3183 753 in
3213 701 3388 754 futura
3434 716 3526 754 au~

1940 783 2072 840 tem,
2104 778 2287 847 gratiae
2330 778 2617 849 beneficio,
2665 783 3026 841 infirmitatem
3067 805 3173 844 non
3214 790 3427 845 habeat.
3462 789 3516 844 E-

1940 880 2086 922 nunc
2111 877 2389 925 recreetur
2415 873 2670 930 continuo
2687 873 2958 944 juvamine
2984 878 3372 944 medicaminis,
3403 891 3528 936 tunc

1939 970 2072 1012 vero
2097 957 2305 1016 fruatur
2323 969 2521 1018 :eterna
2552 963 2883 1035 plenitudine
2905 969 3163 1025 sanitatis.
3197 967 3322 1025 Haec
3348 980 3525 1025 autem

1941 1047 2106 1116 Deus,
2129 1051 2270 1107 sicut
2296 1052 2350 1108 in
2380 1053 2848 1125 praedestinatione
2865 1075 3080 1132 semper
3103 1061 3312 1130 habuit,
3332 1062 3408 1116 sic
3435 1079 3527 1132 per

1941 1143 2192 1213 gratiam,
2221 1145 2357 1201 sicut
2381 1148 2875 1220 praedestinaverat,
2904 1151 3049 1210 facit.
3094 1151 3526 1208 Pracdestinatio-

1940 1234 2028 1290 nis
2055 1235 2238 1306 itaque
2262 1236 2430 1308 ipsius
2457 1240 2756 1296 insinuatur
2786 1245 3010 1314 agnitio,
3041 1262 3161 1300 cum
3200 1246 3328 1300 dicit
3348 1246 3527 1314 Scrip-

1940 1332 2061 1381 tura
2095 1344 2108 1379 :
2138 1327 2207 1382 Et
2245 1340 2574 1402 praeparatur
2601 1333 2834 1390 voluntas
2858 1352 2888 1388 a
2918 1335 3141 1391 Domino
3185 1336 3379 1408 (Prov.
3412 1353 3522 1401 vui,

1943 1414 2035 1486 55,
2058 1418 2215 1489 juxta
2240 1418 2432 1493 LXX).
2457 1421 2572 1478 Non
2603 1433 2784 1505 autem
2811 1427 2881 1481 ob
2909 1427 3050 1482 aliud
3079 1439 3373 1500 prteparata
3402 1430 3526 1485 dici-

1943 1517 2048 1574 tur,
2079 1510 2181 1564 nisi
2211 1513 2336 1582 quia
2365 1512 2538 1569 danda
2568 1516 2896 1585 praedicitur.
2926 1518 2971 1572 A
3017 1535 3124 1588 quo
3151 1521 3295 1574 enim
3316 1537 3524 1590 prtepa-

1940 1607 2090 1653 ratur
2116 1617 2212 1670 per
2238 1600 2536 1659 bonitatem
2567 1607 2971 1676 sempiternam,
3002 1609 3070 1663 ab
3100 1611 3216 1679 ipso
3246 1610 3404 1664 datur
3432 1627 3527 1681 per

1941 1691 2232 1749 indebitam
2254 1698 2496 1764 gratiam.
2524 1699 2676 1766 Quod
2708 1701 2819 1770 ipse
2844 1701 3101 1757 Dominus
3123 1702 3416 1759 Ezechielis
3444 1713 3528 1758 Va-

1947 1787 2260 1844 ticinatione
2291 1796 2536 1856 testatur,
2587 1792 2770 1848 dicens
2803 1812 2816 1846 :
2847 1792 2998 1848 Dabo
3031 1795 3172 1850 vobis
3207 1812 3294 1850 cor
3321 1811 3525 1861 novum,

1868 1882 1918 1944 B
1944 1887 1992 1933 et
2020 1880 2259 1949 spiritum
2289 1896 2472 1936 novum
2492 1882 2624 1937 dabo
2653 1885 2705 1938 in
2728 1884 2885 1951 vobis,
2909 1894 2958 1938 et
2987 1889 3250 1959 auferetur
3278 1904 3366 1940 cor
3395 1889 3528 1958 lupi-

1946 1973 2098 2027 deum
2125 1974 2188 2026 de
2216 1989 2374 2028 carne
2399 1985 2588 2040 vestra,
2620 1987 2669 2030 et
2702 1977 2835 2032 dabo
2865 1978 3003 2033 vobis
3049 1996 3137 2034 cor
3177 1997 3417 2034 corneum
3436 2021 3449 2046 ,
3481 1988 3528 2035 et

1945 2063 2179 2134 spiritum
2208 2080 2372 2119 meum
2403 2065 2536 2121 dabo
2561 2069 2614 2120 in
2643 2070 2801 2123 vobis.
2826 2069 2897 2122 Et
2938 2071 3150 2142 faciam,
3181 2079 3235 2124 ut
3258 2072 3310 2124 in
3325 2071 3526 2142 justi/i-

1947 2156 2238 2210 catiombus
2263 2160 2386 2212 meis
2416 2158 2689 2215 ambuletis
2735 2171 2785 2216 et
2805 2161 3010 2234 judicia
3039 2179 3153 2217 mea
3182 2165 3452 2218 observetis
3482 2173 3528 2218 et

1948 2249 2155 2320 faciatis
2186 2249 2255 2322 (Ε
2261 2252 2400 2306 sec/1.
2427 2252 2732 2323 xxxvn,26).
2752 2253 2854 2308 Dat
2873 2269 3000 2324 ergo
3028 2255 3168 2311 Deus
3193 2271 3290 2312 cor
3309 2273 3530 2325 novum,

1948 2348 2009 2394 ut
2037 2342 2087 2395 in
2112 2341 2582 2411 justiiicationibus
2609 2345 2724 2415 ejus
2753 2347 3102 2415 ambulemus,
3134 2349 3276 2419 quod
3304 2351 3533 2419 pertinet

1949 2433 2016 2488 ad
2047 2435 2203 2490 bona:
2231 2437 2521 2492 voluntatis
2573 2440 2802 2493 initium.
2835 2439 2936 2494 Dat
2959 2441 3123 2495 etiam
3153 2448 3210 2496 ut
3252 2441 3448 2511 judicia
3477 2444 3533 2514 8

1949 2527 2066 2596 ejus
2095 2528 2443 2584 observemus
2473 2537 2528 2584 et
2547 2530 2804 2587 faciamUs
2859 2532 3001 2603 quod
3030 2533 3263 2603 pertinet
3291 2533 3358 2588 ad
3377 2533 3532 2589 bona:

1950 2621 2282 2690 Operationis
2311 2620 2580 2678 effectum.

1949 2750 2132 2809 CAPUT
2159 2771 2236 2828 ix.
2257 2754 2320 2828 _A
2345 2753 2455 2809 Deo
2474 2765 2560 2828 (est
2586 2767 2634 2810 et
2661 2757 2898 2812 voluntas
2925 2764 2973 2811 et
3003 2757 3124 2813 boni
3164 2759 3333 2828 operis
3364 2759 3531 2828 facul-

2024 2833 2122 2898 tas.
2149 2823 2214 2898 In
2245 2823 2355 2878 Deo
2378 2827 2627 2898 faciemus
2664 2829 2896 2881 virtutem
2915 2867 2930 2892 ,
2957 2829 3012 2880 id
3038 2836 3113 2881 est
3141 2823 3268 2898 opus
3313 2823 3531 2884 virtutis.

2025 2893 2122 2970 Qui
2149 2897 2271 2970 facit
2294 2893 2556 2970 veritatem
2579 2899 2712 2970 venit
2741 2898 2808 2950 ad
2836 2898 3016 2952 lucem.
3056 2893 3194 2952 Deus
3221 2914 3371 2953 omne
3410 2917 3532 2970 opus

2024 2964 2209 3019 bonum
2237 2967 2291 3019 in
2313 2964 2460 3021 nobis
2480 2973 2590 3037 ipse
2615 2969 2762 3038 facit.

2027 3072 2181 3129 Unde
2227 3077 2600 3143 cognoscimus
2621 3076 2719 3132 Dei
2748 3093 2891 3146 esse,
2936 3087 2992 3134 et
3013 3087 3073 3134 ut
3112 3079 3314 3135 bonum
3361 3080 3535 3137 facere

1951 3167 2201 3233 velimus,
2229 3177 2284 3222 et
2327 3173 2386 3224 ut
2422 3169 2621 3224 bonum
2671 3169 2848 3226 fatere
2888 3171 3180 3227 valeamus.
3229 3169 3327 3226 Cui
3357 3172 3536 3227 sensui

1875 3253 1926 3319 ϐ
1955 3259 2121 3330 David
2150 3259 2370 3314 omnino
2411 3259 2721 3325 concordat,
2772 3262 2999 3330 gratiam
3051 3261 3405 3318 benevolendi
3461 3263 3536 3318 sic

1951 3349 2244 3405 ostendens
2271 3350 2464 3405 divina:
2489 3350 2751 3420 largitatis
2771 3352 3069 3408 directione
3092 3351 3279 3408 donari
3309 3371 3322 3406 :
3355 3353 3398 3406 A
3428 3354 3536 3408 Do-

1951 3443 2093 3496 mino
2122 3457 2326 3513 gressus
2371 3442 2594 3497 hominis
2644 3443 2946 3515 dirigentur,
2997 3453 3047 3497 et
3094 3445 3227 3498 viam
3268 3445 3379 3516 ejus
3407 3446 3536 3500 volet

1955 3533 2180 3604 (Psalm.
2194 3547 2374 3599 xxxvi,
2405 3533 2670 3605 23).0pus
2686 3543 2899 3604 Quoque
2916 3537 3115 3590 bonum
3131 3552 3236 3590 non
3254 3537 3356 3590 nisi
3381 3553 3408 3590 a
3425 3537 3533 3593 Deo

1953 3626 2007 3678 in
2032 3625 2205 3686 nobis,
2229 3631 2284 3679 et
2313 3627 2364 3679 in
2401 3625 2514 3681 Deo
2539 3641 2569 3680 a
2600 3627 2754 3680 nobis
2783 3625 2895 3681 fieri
2924 3636 3272 3697 proteStatur,
3302 3630 3485 3684 dicens
3520 3649 3530 3684 ;

1953 3711 2217 3783 Confirma
2238 3714 2353 3778 hoc,
2385 3713 2545 3780 Deus,
2571 3716 2706 3785 quod
2726 3723 2963 3785 operatus
2997 3729 3050 3770 es
3088 3719 3141 3770 in
3187 3715 3331 3771 nobis
3362 3717 3532 3786 (Psal.

1954 3820 2114 3869 van,
2153 3804 2265 3875 29').
2308 3804 2375 3859 Et
2421 3806 2525 3862 alio
2573 3807 2724 3862 loco:
2760 3806 2824 3861 In
2854 3805 2964 3862 Deo
3013 3809 3257 3880 faciemus
3304 3810 3535 3865 virtutem

1955 3893 2127 3964 (Psal.
2161 3910 2273 3963 ιιι,
2304 3894 2412 3968 id),
2445 3895 2497 3950 id
2540 3903 2624 3951 est
2675 3912 2812 3968 opus
2840 3898 3070 3952 virtutis.
3102 3897 3191 3953 Sic
3228 3907 3406 3953 autem
3447 3900 3534 3955 hic

1953 3997 2054 4052 pro
2083 3998 2247 4052 opere
2277 3984 2486 4039 virtutis
2532 3987 2766 4039 virtutem
2802 3986 2937 4041 dixit
2964 3985 3100 4052 ﬁeri,
3139 3987 3276 4042 sicut
3303 3987 3536 4045 Joannes

1954 4089 2054 4144 pro
2078 4089 2242 4144 opere
2257 4074 2477 4145 justitiie
2495 4077 2754 4146 justitiam
2775 4078 2908 4132 dixit
2938 4078 3070 4132 fieri.
3102 4076 3189 4132 Ait
3221 4080 3362 4133 etiim
3395 4099 3407 4133 :
3438 4081 3535 4145 Qui

1955 4167 2081 4236 facit
2097 4167 2379 4235 justitiam,
2398 4168 2570 4238 justus
2597 4177 2691 4232 est,
2725 4170 2854 4222 sicut
2880 4170 2970 4224 ille
2990 4170 3164 4241 justus
3186 4181 3262 4224 est
3293 4170 3346 4241 (I
3372 4170 3530 4227 Joan.

1953 4270 2030 4320 ιιι,
2059 4255 2134 4325 7).
2162 4255 2356 4311 Paulus
2379 4272 2590 4326 quoque
2617 4265 2814 4327 optata
2846 4259 2998 4312 nobis
3029 4259 3124 4313 Dei
3153 4258 3267 4314 fieri
3289 4260 3535 4314 volunta-

1953 4355 2082 4409 tem,
2131 4346 2316 4402 dicens
2349 4365 2360 4399 :
2396 4345 2534 4400 Dens
2568 4357 2736 4401 autem
2759 4351 2902 4418 pacis
2922 4351 3006 4421 qui
3035 4351 3212 4404 eduxit
3239 4351 3301 4403 de
3321 4355 3535 4406 mortuis

1950 4443 2209 4505 pastorem
2228 4453 2472 4506 magnum
2497 4438 2684 4500 ovium,
2706 4438 2761 4490 in
2789 4441 3044 4510 sanguine
3073 4440 3356 4493 testamenti
3385 4450 3534 4494 arter-

1953 4528 2029 4593 ni,
2062 4525 2339 4581 Dominum
2378 4535 2609 4581 nostrum
2628 4527 2828 4591 Iesum,
2857 4537 2996 4596 aptet
3014 4544 3102 4582 vos
3131 4529 3186 4581 in
3215 4529 3354 4582 omni
3381 4528 3530 4593 bono,

1872 4617 1930 4680 Β
1952 4627 2009 4670 ut
2035 4619 2244 4688 faciatis
2289 4619 2602 4672 voluntatem
2629 4618 2742 4687 ejus
2788 4617 2973 4688 (Hebr.
3005 4635 3115 4682 ιιιι,
3148 4617 3257 4688 20).
3283 4617 3419 4684 Quid
3451 4629 3534 4672 est

1955 4715 2136 4761 autem
2187 4706 2363 4762 facere
2391 4709 2703 4762 voluntatem
2730 4709 2860 4777 ejus,
2889 4708 2991 4762 nisi
3020 4707 3195 4761 facere
3222 4723 3386 4776 opera
3415 4724 3533 4778 qua:

1951 4801 2107 4856 nobis
2138 4801 2359 4868 inspirat
2403 4808 2459 4852 et
2503 4800 2557 4852 in
2607 4800 2761 4853 nobis
2812 4807 3064 4867 operatur
3089 4799 3338 4851 voluntas
3381 4799 3534 4867 ejus?

1953 4891 2082 4946 Tale
2108 4890 2307 4958 aliquid
2337 4898 2392 4945 et
2420 4891 2471 4944 in
2495 4890 2662 4959 ipsius
2688 4888 3060 4957 Redemptoris
3083 4891 3249 4941 nostri
3279 4893 3534 4946 sermoni-

1952 4984 2054 5039 bus
2099 4986 2420 5051 invenimus,
2446 4983 2571 5038 dum
2601 4985 2865 5038 veritatem
2911 4981 3024 5034 ﬁeri
3055 4979 3206 5046 dicit,
3247 4997 3345 5051 pro
3369 5000 3535 5054 opere

1955 5079 2216 5133 veritatis.
2248 5078 2336 5134 Sic
2362 5079 2503 5133 enim
2533 5078 2768 5146 loquitur
2809 5093 2821 5128 :
2857 5073 3038 5128 Omnis
3089 5077 3174 5147 qui
3225 5078 3360 5131 male
3405 5083 3531 5150 agit,

1953 5171 2062 5224 odit
2091 5171 2272 5234 lucem,
2303 5179 2350 5224 et
2379 5187 2481 5223 non
2503 5171 2639 5222 venit
2687 5168 2755 5220 ad
2793 5168 2975 5232 lucem,
3004 5177 3060 5220 ut
3097 5184 3200 5222 non
3251 5180 3534 5240 arguantur

1953 5278 2111 5331 opera
2133 5261 2265 5330 ejus.
2292 5260 2390 5323 Qui
2420 5269 2587 5312 autem
2627 5259 2753 5327 facit
2782 5260 3065 5320 veritatem,
3095 5262 3230 5314 venit
3258 5263 3325 5314 ad
3349 5263 3531 5327 lucem,

1949 5361 2005 5406 ut
2036 5354 2432 5423 manifestcntur
2460 5351 2570 5420 ejus
2617 5367 2794 5420 opera,
2823 5352 2944 5420 quia
2985 5354 3038 5405 in
3088 5351 3199 5407 Deo
3244 5363 3364 5408 sunt
3396 5357 3535 5424 facta

1949 5444 2130 5514 (.Ioan.
2157 5460 2230 5504 ιιι,
2261 5443 2374 5509 20).
2410 5441 2523 5497 Hoc
2551 5451 2729 5498 autem
2763 5444 2814 5498 in
2845 5445 2956 5500 Deo
2981 5444 3218 5512 facimus,
3249 5448 3393 5515 quod
3425 5449 3534 5502 Deo

1956 5536 2009 5591 in
2039 5536 2196 5590 nobis
2235 5536 2461 5589 faciente
2488 5534 2646 5590 datur
2669 5536 2823 5591 nobis
2852 5545 2911 5591 ut
2929 5537 3203 5592 faciamus.
3236 5538 3391 5605 Quod
3419 5542 3533 5595 evi-

1953 5633 2144 5688 denter
2188 5625 2240 5685 ιη
2286 5629 2516 5700 Epistola
2545 5630 2609 5686 ad
2653 5631 2906 5687 Hebraeos
2944 5633 3262 5698 ostenditur,
3294 5635 3383 5689 ubi
3412 5651 3534 5690 cum

1957 5722 2026 5777 de
2048 5722 2160 5777 Deo
2186 5722 2390 5776 dictum
2418 5730 2561 5778 esset
2590 5741 2602 5775 :
2633 5724 2784 5793 Aput
2809 5739 2898 5777 vos
2921 5723 2975 5777 in
3015 5727 3158 5780 omni
3181 5726 3337 5793 bono,
3363 5737 3421 5782 ut
3450 5729 3532 5800 fa-
