4122 6330
543 363 654 428 159

1600 375 1655 429 8.
1699 373 2055 430 FULGE-NTII
2091 373 2389 434 EPISCOPI
2426 374 2794 434 RUSPENSIS

3709 376 3819 442 160

543 486 696 543 ciatis
716 495 1023 543 votuntatem
1044 492 1176 560 ejus,
1206 491 1461 544 continuo
1488 491 1732 558 sequitur
1765 509 1777 544 :
1808 491 2034 546 Faciens
2060 494 2116 546 in
2144 496 2198 555 Α
2220 489 2376 544 bonae
2402 490 2542 556 vitae,
2585 491 2729 546 illam
2759 500 2939 548 tamen
2966 493 3158 548 futurae
3176 495 3300 550 vitae
3319 495 3547 564 gratiam
3568 497 3816 553 omnibus

543 577 682 634 vobis
701 581 837 651 quod
859 582 1060 649 placeat
1080 599 1254 635 coram
1285 599 1338 635 se
1365 582 1551 652 (Hebr.
1568 597 1678 648 xm,
1699 582 1810 654 2|).
1829 583 1997 639 Omne
2020 585 2121 655 igi-

545 681 633 726 tur
653 687 810 741 opus,
840 669 983 742 quod
1004 689 1032 725 a
1056 673 1210 727 nobis
1239 676 1292 727 in
1322 673 1434 728 Deo
1464 672 1540 739 ﬁt,
1564 673 1704 730 Deus
1724 677 1776 730 in
1806 678 1960 732 nobis
1975 676 2121 732 facit.

542 763 628 818 Eat
647 766 758 835 ipso
780 767 936 831 enim,
955 773 1003 817 et
1030 781 1120 834 per
1146 766 1334 836 ipsum,
1353 775 1401 819 et
1427 768 1484 820 in
1508 767 1619 837 ipso
1633 777 1750 821 sunt
1766 769 2119 842 omnia(Rom.

538 871 610 920 ιιι,
645 856 755 925 56).
791 854 869 908 Ex
891 856 1008 924 ipso
1032 871 1160 925 ergo
1181 864 1280 920 est,
1300 867 1354 911 et
1377 858 1628 914 voluntas
1647 860 1789 914 bona
1807 870 1862 916 et
1876 862 2122 932 operatio

534 947 697 1002 bona.
717 945 868 1012 Quod
889 945 1090 1000 Doctor
1100 947 1343 1014 gentium
1371 947 1454 1002 his
1473 949 1654 1004 verbis
1673 950 1903 1005 aﬂirmat
1935 969 1948 1004 :
1981 951 2123 1006 Deus

533 1047 609 1091 est
621 1039 759 1090 enim
770 1037 856 1108 qui
870 1041 1112 1105 operatur
1124 1039 1179 1091 in
1196 1037 1397 1093 vobiset
1410 1038 1536 1093 velle
1555 1049 1605 1094 et
1625 1041 1977 1113 perﬁcerelpro
1988 1043 2123 1096 bona

532 1128 793 1181 voluntate
821 1127 1078 1199 (Philipp.
1109 1145 1166 1194 ιι,
1196 1128 1314 1200 15).
1347 1127 1662 1200 Pmpterea,
1697 1132 1838 1187 sicut
1864 1131 2120 1188 Salomon

531 1217 680 1285 dicit,
720 1218 841 1290 quia
888 1227 1215 1289 prwparatur
1243 1219 1480 1275 voluntas
1501 1239 1534 1274 ιι
1559 1220 1824 1286 Domino;
1853 1223 1932 1278 sic
1957 1224 2121 1278 etiam

531 1308 670 1364 bona
710 1325 875 1380 opera
906 1319 1088 1366 nostra
1117 1310 1314 1367 Paulus
1341 1327 1372 1367 a
1400 1312 1630 1370 Domino
1675 1316 1872 1370 asserit
1913 1330 2121 1385 praepa-

531 1409 670 1472 rata,
702 1401 805 1456 hoc
833 1410 916 1456 est
963 1403 1017 1456 in
1047 1403 1517 1472 praedestinatione
1544 1405 1823 1476 disposita.
1855 1404 1996 1460 Dicit
2022 1406 2121 1460 ita-

529 1508 634 1563 que
660 1511 672 1546 :
707 1491 887 1548 Gratia
921 1495 1049 1548 salvi
1071 1496 1199 1566 facti
1225 1498 1349 1550 estis
1389 1514 1480 1567 per
1506 1498 1662 1567 fidem
1681 1539 1695 1563 ,
1729 1507 1778 1551 et
1806 1499 1900 1552 hoc
1930 1514 2034 1552 non
2057 1515 2121 1552 ea:

528 1586 682 1648 vobis,
710 1592 801 1638 sed
832 1584 927 1639 Dei
946 1587 1136 1658 donum
1165 1596 1260 1641 est.
1287 1586 1412 1642 Non
1439 1605 1504 1642 ex
1535 1589 1790 1659 operibus,
1829 1599 1885 1642 ut
1913 1605 1978 1642 ne
2006 1590 2120 1661 quis

526 1676 808 1748 glorietur;
836 1677 998 1747 ipsius
1023 1679 1161 1732 enim
1190 1694 1364 1732 sumus
1386 1680 1612 1750 factura,
1645 1680 1802 1733 creati
1830 1681 1885 1733 in
1913 1679 2118 1735 Christo

526 1765 669 1829 Iesu,
696 1769 750 1820 in
773 1768 1013 1838 operibus
1044 1767 1210 1835 bonis,
1229 1787 1341 1842 qua:
1367 1774 1677 1843 prwparavit
1697 1770 1859 1837 Deus,
1887 1782 1942 1825 ut
1970 1774 2022 1826 in
2051 1774 2119 1828 il-

2226 582 2510 651 praesentis
2552 584 2810 653 temporis
2843 586 3182 654 passionibus
3219 588 3517 658 anteponit,
3571 589 3756 645 dicens
3792 610 3813 651 :

2225 667 2352 724 Non
2373 680 2492 725 sunt
2521 671 2792 743 condigna:
2820 675 3089 744 passiones
3129 675 3281 745 hujus
3307 678 3550 746 temporis
3578 678 3649 732 ad
3671 681 3818 752 futu-

2225 775 2340 812 ram
2367 761 2589 832 gloriam
2629 779 2743 832 qua:
2769 763 3078 818 revelabitur
3098 765 3150 818 in
3169 764 3313 820 nobis
3345 765 3527 838 (Rom.
3557 785 3667 838 vm,
3701 771 3816 846 18).

2212 846 2293 911 ,Εῐ
2313 850 2421 906 alio
2450 851 2573 906 loco
2606 869 2620 904 :
2654 850 2721 905 Id
2741 853 2876 907 enim
2899 855 3035 921 quod
3064 856 3119 908 in
3164 859 3406 925 praesenti
3435 868 3513 913 est
3533 873 3822 919 momenta-

2222 955 2374 992 neum
2401 948 2449 992 et
2471 939 2576 994 leve
2598 939 2944 995 tribulationis
2965 950 3175 1008 nostrae,
3217 960 3376 1015 supra
3413 948 3619 1004 modum
3649 951 3705 1004 in
3727 968 3821 1006 su-

2225 1027 2474 1084 blimitate
2514 1041 2762 1086 wternum
2809 1033 2991 1103 gloriae
3045 1035 3246 1106 pondus
3295 1049 3540 1109 operatur
3581 1043 3635 1096 in
3672 1043 3822 1100 nobis

2225 1120 2313 1190 (ΙΙ
2342 1121 2463 1177 Cor.
2490 1140 2577 1190 IV,
2611 1124 2718 1196 17).

2223 1210 2404 1298 Carur
2435 1230 2515 1298 ιιι...
2555 1213 2737 1298 Gratia
2766 1217 3125 1298 praeveniendo
3149 1221 3331 1298 incipit
3367 1231 3419 1298 et
3465 1224 3820 1298 subsequendo
3867 1290 3871 1293 _

2294 1284 2517 1358 custodit
2542 1301 2669 1350 opus
2692 1284 2900 1340 bonum.
2927 1285 2993 1341 In
3029 1284 3486 1358 praedestinatione
3529 1284 3822 1354 continetur

2295 1356 2461 1437 omnis
2508 1358 2680 1426 gratia
2703 1359 3001 1426 vocationis,
3029 1356 3436 1432 ijustiﬁeationis
3465 1374 3516 1419 et
3542 1366 3824 1438 gloriﬁca-

2296 1434 2450 1479 tionis
2457 1464 2470 1479 .
2670 1481 2679 1488 ,

2293 1513 2446 1570 Hanc
2473 1517 2702 1585 gratiam
2731 1534 2840 1575 non
2870 1519 3043 1575 solum
3079 1521 3133 1576 in
3163 1524 3446 1592 praesentis
3471 1527 3596 1582 vitae
3620 1530 3824 1598 justiﬁ-

2221 1606 2456 1672 catione,
2499 1607 2595 1663 sed
2639 1609 2801 1664 etiam
2847 1611 2900 1665 in
2937 1609 3105 1687 futuri
3133 1613 3313 1667 saeculi
3352 1619 3822 1692 remuneratione,

2222 1693 2354 1751 dicit
2381 1698 2612 1764 gratiam
2641 1714 2979 1769 permanere,
2998 1709 3054 1756 et
3083 1717 3246 1772 super
3270 1719 3392 1771 nos,
3417 1706 3518 1762 hoc
3544 1717 3628 1763 est
3655 1726 3824 1782 super

2220 1785 2403 1840 omnia
2427 1785 2568 1841 bona
2593 1788 2883 1855 cujuslibet
2903 1787 3142 1846 hominis
3164 1793 3358 1848 merita
3382 1796 3436 1850 in
3461 1789 3557 1852 Dei
3577 1799 3824 1859 bonitate

527 1855 589 1909 lis
619 1855 933 1948 ambulemus
983 1858 1199 1930 (Ephes.
1255 1877 1311 1926 ιι,
1341 1859 1417 1932 8).
1449 1861 1600 1917 Sicut
1645 1877 1774 1931 ergo
1817 1874 2115 1934 praeparata
2143 1883 2194 1945 Β
2218 1874 2410 1928 asserit
2433 1875 2732 1945 abundare,
2779 1879 3001 1935 dicens:
3039 1881 3108 1935 Ut
3133 1885 3372 1938 ostendat
3399 1888 3454 1940 in
3503 1855 3824 1948 seculisisu:

525 1953 608 2002 est
654 1963 753 2016 per
780 1947 1308 2017 praedestinationem
1355 1951 1603 2008 voluntas
1650 1969 1682 2008 a
1711 1953 1960 2022 Domino,
2009 1969 2115 2023 qua

524 2039 722 2095 bonum
751 2042 978 2097 velimus
1012 2061 1024 2096 :
1057 2044 1134 2099 sic
1183 2045 1347 2099 etiam
1392 2061 1557 2116 opera
1606 2047 1749 2102 bona
1795 2049 2118 2118 praeparavit

526 2131 685 2199 Deus,
717 2140 776 2188 ut
801 2133 855 2187 in
878 2134 982 2189 illis
1005 2136 1363 2194 ambulemus.
2039 2132 2050 2159 ‘

525 2263 702 2340 Cum
732 2282 786 2320 κ.
818 2266 1155 2340 Rt'teparatur
1183 2285 1214 2320 a
1247 2267 1352 2321 Deo
1382 2286 1472 2340 per
1481 2269 1991 2336 prwdestinationem
2013 2285 2118 2323 non

591 2337 757 2391 solum
778 2338 1036 2403 voluntas,
1059 2339 1149 2391 sed
1176 2348 1225 2392 et
1252 2337 1391 2409 opus
1410 2340 1597 2394 bonum
1617 2350 1667 2394 et
1695 2341 1799 2394 vita
1827 2349 2043 2394 teterna.

593 2428 949 2484 Attendamus
972 2431 1137 2484 etiam
1157 2431 1321 2485 vitam
1349 2441 1632 2498 aeternam,
1656 2447 1989 2504 regnumque
2018 2449 2122 2490 caa-

523 2516 702 2573 lorum
755 2519 1012 2574 divinitus
1057 2529 1081 2555 α
1131 2518 1237 2574 ﬁde
1285 2518 1533 2577 ﬁdelibus
1576 2532 1955 2592 praeparatum.
2002 2523 2122 2592 Ipse

525 2605 719 2679 quippe
747 2606 991 2662 Christus
1018 2607 1284 2663 dicturum
1308 2624 1368 2663 se
1386 2609 1590 2663 dextris
1609 2610 1842 2665 ostendit
1868 2629 1879 2664 :
1922 2611 2118 2676 Venite,

501 2680 777 2750 'benedicti
797 2695 978 2750 Patris
1000 2697 1118 2762 mei,
1138 2699 1383 2766 percipite
1410 2714 1624 2769 regnum
1649 2701 1785 2772 quod
1806 2700 1944 2756 vobis
1966 2719 2124 2772 pura-

526 2799 633 2844 tum
662 2800 738 2844 est
768 2787 830 2843 ab
858 2789 1008 2844 initio
1038 2791 1217 2843 mundi
1249 2790 1462 2862 (Matth.
1495 2808 1620 2856 xxv,
1652 2791 1766 2861 54).
1792 2792 1899 2847 Sed
1927 2802 1980 2848 et
2021 2794 2126 2852 hoc

525 2885 697 2956 ipsum
741 2900 876 2954 opus
914 2892 997 2938 est
1037 2886 1243 2952 gratiae.
1275 2881 1351 2937 Ex
1379 2885 1550 2951 gratia
1605 2885 1748 2938 enim
1805 2885 1962 2940 datur
2016 2903 2125 2943 non

525 2976 699 3030 solum
750 2975 1058 3044 justiﬁcatis
1094 2977 1202 3029 vita
1251 2976 1410 3041 bona,
1442 2977 1538 3030 sed
1597 2979 1758 3031 etiam
1817 2979 2128 3048 gloriﬁcatis

530 3067 640 3120 vita
669 3073 890 3120 aeterna.
932 3065 1088 3132 Quod
1118 3064 1268 3120 Pauli
1297 3074 1542 3122 tenemus
1569 3069 1950 3136 praedicatione
1977 3087 2126 3126 com-

482 3164 760 3228 ‘pertunt,
817 3157 1044 3212 dicentis
1099 3175 1112 3209 :
1163 3155 1491 3227 Stipendium
1539 3159 1676 3212 enim
1727 3161 1925 3214 peccati
1966 3177 2124 3215 mors.

528 3245 710 3302 Gratia
755 3255 925 3301 autem
971 3247 1090 3314 Dei,
1138 3247 1242 3301 vita
1270 3255 1464 3301 (eterna
1507 3249 1563 3302 in
1609 3248 1815 3303 Christo
1860 3249 1986 3305 Jesu
2017 3252 2129 3307 Do-
2161 3261 2205 3324 (ς

526 3343 662 3394 mitto
701 3348 877 3394 nostro
910 3339 1106 3412 (Rom.
1142 3357 1212 3406 νι,
1271 3338 1340 3394 25
1456 3340 1564 3396 Cur
1616 3351 1797 3398 autem
1836 3359 1982 3400 mors
2030 3345 2128 3423 sti-

525 3433 796 3504 pendium,
853 3433 909 3503 9
956 3432 1065 3485 vita
1112 3447 1245 3486 vero
1282 3439 1483 3487 aeterna
1527 3433 1697 3501 gratia
1751 3434 1982 3500 dicitur,
2024 3439 2128 3493 nisi

525 3526 648 3594 quia
704 3519 792 3577 illa
856 3522 1114 3589 redditur,
1164 3522 1278 3579 haec
1347 3523 1626 3579 donatur?
1655 3524 1760 3581 Sed
1815 3527 1909 3582 ubi
1979 3529 2126 3585 illam

513 3617 667 3686 Deus
695 3617 889 3682 reddit,
938 3633 1074 3688 opus
1118 3618 1320 3673 malum
1349 3619 1654 3689 peccatoris
1686 3619 1919 3676 hominis
1948 3624 2123 3692 punit.

512 3710 670 3781 quod
744 3709 1051 3765 nullatenus
1105 3709 1322 3765 fecisset
1378 3709 1562 3776 homo,
1632 3711 1736 3766 nisi
1794 3712 2126 3770 discessisset

523 3819 554 3857 a
599 3803 730 3858 Deo.
775 3799 909 3856 Cum
954 3817 1086 3856 vero
1112 3802 1254 3858 Deus
1273 3803 1436 3857 vitam
1466 3810 1724 3858 aeternam
1755 3804 1940 3870 donat,
1988 3823 2123 3877 opus

523 3910 678 3948 suum
707 3892 851 3962 quod
878 3892 1152 3948 inchoavit
1173 3892 1476 3962 justilicans
1497 3894 1743 3964 impium,
1769 3895 1979 3966 perﬁcit
2006 3898 2123 3965 glo-

522 3986 737 4042 riﬁcans
754 3985 979 4054 justum.
1012 3983 1141 4040 Haec
1168 3994 1349 4042 autem
1393 3995 1622 4056 utraque
1649 3989 1844 4057 gratia,
1877 3989 1930 4044 id
1955 4001 2038 4046 est
2066 4001 2121 4047 et

521 4079 631 4133 vita
660 4079 804 4133 bona
831 4088 886 4131 et
904 4077 1014 4131 vita
1034 4084 1256 4146 aeterna,
1278 4078 1333 4132 in
1360 4076 1576 4134 Christo
1604 4079 1730 4136 Jesu
1759 4081 1989 4138 Domino
2019 4101 2120 4140 no-

519 4181 634 4228 stro
656 4178 758 4226 est.
781 4169 860 4224 De
884 4170 1202 4242 plenitudine
1219 4171 1419 4242 quippe
1438 4173 1549 4243 ejus
1587 4191 1684 4229 nos
1709 4192 1888 4230 omnes
1908 4179 2114 4247 accepi-

520 4280 653 4327 mus,
683 4271 734 4317 et
753 4262 975 4332 gratiam
1002 4279 1098 4332 pro
1136 4265 1307 4335 gratia
1332 4262 1511 4334 (Joan.
1545 4281 1583 4332 ι,
1618 4264 1729 4338 16),
1759 4267 1964 4322 scilicet
1992 4281 2114 4334 gra-

520 4356 650 4410 tiam
673 4353 1080 4430 gloriﬁcationis
1105 4363 1319 4410 aeternae
1363 4371 1463 4426 pro
1500 4357 1673 4425 gratia
1712 4357 2112 4427 justilicationis

518 4447 790 4512 indebitae,
822 4457 882 4501 ut
907 4449 1078 4516 gratia
1098 4447 1499 4516 justiﬁcationis
1520 4467 1682 4506 omne
1703 4452 1954 4507 meritum
1994 4469 2111 4509 ma-

515 4539 626 4594 lum
649 4537 828 4592 deleat
873 4537 1112 4593 lndebito
1159 4539 1422 4596 beneﬁcio
1458 4558 1472 4594 :
1516 4548 1572 4595 et
1611 4543 1864 4597 meritum
1904 4542 2108 4600 bonum

513 4632 625 4705 jugi
655 4634 939 4690 conﬁrmet
959 4636 1181 4701 auxilio,
1205 4637 1290 4692 cui
1319 4637 1489 4705 gratia
1525 4637 2108 4710 gloriﬁcationisjusue
2134 4647 2189 4710 D

513 4725 770 4780 reddatur
797 4725 850 4780 in
879 4727 1120 4797 praemio.
1153 4726 1336 4782 Gratia
1384 4737 1564 4784 autem
1615 4731 1777 4785 etiam
1827 4733 1940 4802 ipsa
1979 4733 2101 4791 ideo

513 4831 623 4870 non
652 4815 848 4886 injuste
875 4817 1088 4885 dicitur,
1120 4817 1245 4888 quia
1272 4835 1382 4874 non
1429 4820 1603 4876 solum
1632 4821 1787 4889 donis
1813 4824 1922 4878 suis
1961 4824 2101 4880 Deus

510 4910 654 4964 dona
684 4926 780 4965 sua
803 4910 979 4965 reddit
1005 4910 1130 4964 :sed
1157 4910 1284 4979 quia
1311 4919 1516 4965 tantum
1531 4912 1693 4966 etiam
1724 4914 1794 4969 ibi
1816 4917 1986 4985 gratia
2015 4917 2099 4972 di-

509 5001 648 5054 vinae
677 5000 1046 5056 retributionis
1075 5000 1356 5061 exuberat,
1405 5008 1463 5056 ut
1491 5002 1984 5074 incomparabiliter
2011 5015 2096 5063 at-

509 5110 615 5164 que
641 5094 983 5150 ineﬁ‘abiliter
1003 5111 1162 5150 omne
1189 5095 1460 5163 meritum,
1493 5100 1739 5166 quamvis
1765 5101 1920 5157 bonae
1947 5112 2002 5159 et
2029 5120 2097 5159 ex

508 5186 620 5241 Deo
641 5185 802 5251 datae,
831 5187 1077 5241 humanae
1107 5187 1400 5243 voluntatis
1429 5197 1593 5258 atque
1622 5195 1972 5263 operationis,
2001 5211 2099 5252 ex-

507 5279 684 5336 cedat.
709 5278 962 5346 Quamvis
981 5280 1122 5333 enim
1144 5296 1253 5335 non
1275 5281 1450 5336 solum
1471 5283 1725 5340 credendi
1748 5286 1802 5341 in
1823 5285 2098 5344 Christum

507 5369 710 5437 lumen,
742 5369 837 5425 sed
865 5369 1027 5424 etiam
1079 5385 1178 5439 pro
1209 5371 1303 5425 illo
1357 5374 1598 5443 patiendi
1626 5376 1881 5434 virtutem
1911 5395 1941 5433 a
1985 5379 2097 5438 Deo

507 5461 663 5517 nobis
704 5461 896 5517 donari
923 5460 984 5514 B.
1018 5459 1216 5516 Paulus
1244 5465 1521 5532 apostolus
1559 5468 1830 5536 ostendat,
1863 5470 2048 5526 dicens
2081 5489 2093 5523 :

513 5552 671 5608 Vobis
689 5553 827 5607 enim
846 5551 1094 5606 donatum
1123 5561 1199 5608 est
1219 5571 1312 5625 pro
1342 5555 1569 5627 Christo,
1616 5577 1717 5616 non
1737 5563 1902 5616 solum
1942 5573 1997 5616 ut
2037 5567 2093 5619 in

504 5662 618 5700 eum
631 5645 874 5712 credatis,
907 5647 997 5700 sed
1021 5649 1247 5702 utetiam
1277 5667 1369 5720 pro
1391 5651 1480 5706 illo
1501 5656 1774 5722 patiamini
1797 5654 2016 5727 (Philip.
2049 5675 2086 5722 ι,

501 5732 616 5805 29),
671 5733 817 5804 quod
867 5735 1413 5809 utrumque'pertinet
1458 5741 1525 5795 ad
1553 5742 1780 5810 gratiam
1808 5748 2089 5814 praesentis

2217 1963 2628 2032 pervenientibus
2650 1965 2972 2022 abundantes
3001 1970 3208 2026 divitias
3229 1977 3414 2044 gratia:
3435 1994 3562 2044 suae,
3585 1982 3641 2034 in
3669 1980 3826 2038 boni-

2221 2058 2325 2104 tate
2348 2068 2503 2123 super
2527 2070 2620 2108 nos
2658 2056 2712 2109 in
2742 2055 2948 2112 Christo
2975 2058 3102 2114 Jesu
3141 2061 3358 2134 (Ep/tes.
3400 2084 3458 2133 ιι,
3516 2069 3586 2140 7).
3629 2071 3825 2132 Gratia

2219 2149 2305 2194 est
2329 2142 2493 2210 igitur
2519 2144 2804 2200 retributio
2833 2148 2941 2217 pia,
2981 2163 3086 2218 qua
3137 2151 3279 2207 Deus
3303 2154 3357 2208 in
3389 2162 3639 2226 praesenti
3680 2171 3829 2219 tem-

2219 2246 2356 2302 pore
2385 2233 2541 2288 malis
2569 2234 2711 2290 bona
2741 2238 3022 2293 retribuit:
3051 2240 3156 2296 illis
3176 2242 3429 2300 videlicet
3449 2264 3586 2318 quos
3622 2251 3828 2320 justiﬁ-

2221 2331 2311 2379 cat
2359 2324 2586 2395 impios,
2621 2337 2676 2382 ut
2710 2328 2998 2400 deputetur
3028 2329 3161 2387 ﬁdes
3204 2333 3272 2388 ad
3295 2335 3578 2403 justitiam.
3609 2341 3685 2398 De
3712 2361 3827 2414 qua

2221 2413 2579 2470 retributione
2608 2416 2777 2473 David
2804 2419 2934 2475 dicit
2964 2439 2977 2474 :
3013 2420 3151 2486 Quid
3180 2425 3458 2482 retribuam
3482 2429 3704 2490 Domino
3725 2413 3828 2507 pro

2222 2507 2458 2561 omnibus
2484 2525 2599 2578 qua:
2647 2510 2885 2566 retribuit
2926 2514 3054 2567 mihi
3085 2513 3257 2587 (Psal.
3310 2534 3445 2586 cxv,
3482 2521 3610 2593 i2)?
3637 2524 3828 2586 Gratia

2224 2606 2307 2652 est
2335 2607 2389 2652 et
2414 2599 2503 2652 illa
2526 2599 2670 2668 justa
2701 2603 3004 2668 retributio,
3028 2619 3134 2674 qua
3161 2605 3318 2662 bonis
3345 2610 3457 2665 suis
3476 2614 3699 2670 meliora
3727 2633 3828 2673 re-

2224 2689 2486 2754 tribuens,
2516 2689 2659 2745 Deus
2680 2691 3078 2761 gloriﬁcaturus
3107 2706 3189 2752 est
3210 2697 3401 2768 justos.
3437 2701 3505 2758 Et
3545 2706 3648 2762 hoc
3676 2709 3825 2765 enim

2225 2778 2409 2847 gratiae
2439 2794 2574 2849 opus
2620 2780 2740 2834 erit.
2769 2780 2904 2848 Quia
2944 2793 3002 2838 ut
3049 2785 3153 2841 hoc
3179 2799 3506 2859 mereantur,
3542 2794 3653 2865 ipsa
3684 2814 3824 2868 pm-

2225 2866 2513 2933 veniendo,
2544 2869 2969 2927 misericorditer
2997 2875 3216 2945 incipit;
3266 2879 3379 2948 ipsa
3411 2866 3824 2957 subsequendo,

2227 2955 2479 3009 custodit.
2508 2955 2613 3011 lsta
2643 2960 2815 3026 gratia
2846 2961 2899 3015 in
2928 2961 3220 3034 Scripturis
3246 2971 3409 3025 etiam
3451 2955 3823 3040 misericordia

2231 3044 2556 3099 nominatur.
2592 3046 2667 3102 De
2696 3064 2800 3118 qua
2849 3051 2979 3107 dicit
3013 3052 3179 3110 David
3210 3077 3222 3111 :
3259 3059 3401 3116 Deus
3429 3082 3590 3133 meus,
3619 3073 3826 3128 miseri-

2230 3133 2408 3226 cordia
2437 3136 2577 3226 _ejus
2613 3141 2892 3207 praeveniet
2942 3159 3022 3196 me
3069 3145 3242 3212 (Psal.
3295 3167 3439 3218 Lvm,
3477 3155 3584 3226 11).
3615 3157 3685 3214 Et
3713 3163 3824 3220 alio

2216 3217 2356 3275 'loco
2382 3239 2394 3273 :
2428 3221 2792 3280 Misericordia
2821 3238 2910 3282 tua
2931 3231 3253 3305 subsequitur
3281 3256 3361 3292 me
3397 3217 3489 3312 per
3517 3217 3691 3302 omnes
3709 3217 3824 3308 dies

2234 3309 2502 3407 adtremere
2531 3311 2704 3382 (Psal.
2731 3333 2861 3384 χχιι,
2894 3319 2970 3391 ϐ).
3001 3319 3266 3381 Praevenit
3296 3309 3456 3398 igitur
3493 3335 3732 3407 impium,
3760 3354 3824 3400 ut

2231 3396 2326 3452 tiat
2346 3398 2552 3469 justus;
2583 3405 2930 3476 subsequitur
2952 3412 3175 3481 justum,
3207 3434 3274 3473 ne
3304 3396 3395 3476 fiat
3435 3396 3646 3496 impius.

2228 3490 2379 3592 venit
2416 3507 2634 3592 caecum,
2669 3503 2726 3550 ut
2755 3496 2934 3554 lumen
2984 3504 3127 3572 quod
3184 3523 3290 3562 non
3343 3490 3560 3583 invenit,
3613 3521 3817 3592 donet;

2229 3580 2573 3650 subsequitur,
2599 3583 2889 3656 videntem,
2922 3598 2982 3644 ut
3017 3591 3197 3650 lumen
3227 3599 3370 3667 quod
3399 3580 3644 3673 contulit,
3701 3580 3823 3668 ser:

2228 3676 2336 3723 vet.
2362 3667 2628 3726 vaenit
2644 3673 2853 3740 elisum,
2874 3686 3122 3750 utsurgat
3137 3701 3150 3750 ;
3168 3686 3509 3758 subsequitur
3529 3667 3822 3770 elevatum,

2229 3773 2298 3812 ne
2323 3759 2499 3814 cadat.
2525 3759 2819 3832 Praevenit,
2849 3767 3074 3826 donans
3099 3774 3300 3832 homini
3335 3779 3531 3839 bonam
3567 3759 3821 3850 volunta;

2227 3854 2362 3912 tem;
2388 3849 2731 3920 subsequitur
2749 3853 3180 3929 benevolentem,
3197 3871 3471 3935 operando
3494 3874 3544 3928 in
3576 3878 3667 3934 illo
3687 3881 3819 3940 boui

2225 3938 2406 4031 operis
2428 3937 2758 3997 facultatem.
2794 3944 2910 4002 Hoc
2930 3948 3092 4017 igitur
3118 3952 3219 4008 ista
3243 3957 3610 4023 misericordia
3637 3969 3730 4026 Dei

2222 4023 2441 4128 homine
2476 4029 2837 4128 subsequitur,
2869 4036 3014 4103 quod
3042 4045 3378 4108 praeveniens
3422 4052 3536 4122 ipsa
3566 4023 3814 4128 largitur:

2220 4111 2288 4169 Et
2308 4115 2430 4172 ideo
2455 4134 2563 4174 non
2593 4121 2767 4176 solum
2798 4135 3068 4182 errantem
3093 4111 3529 4198 justiﬁeanddad
3561 4111 3698 4203 viain
3727 4111 3819 4206 re:

2220 4215 2400 4312 vocat,
2454 4210 2550 4264 sed
2579 4212 2744 4312 etiam
2773 4214 2914 4271 bene
2939 4220 3307 4312 ambulantem
3347 4233 3578 4288 custodit
3621 4245 3676 4292 et
3710 4243 3818 4312 ιο

2218 4297 2458 4396 adjuvat,
2488 4308 2548 4355 ut
2581 4302 2648 4357 ad
2675 4303 2876 4362 donum
2914 4307 3319 4376 gloriﬁcationis
3353 4328 3569 4378 aeternae
3612 4297 3818 4396 perdt:-

2216 4397 2322 4444 cat.
2354 4388 2481 4446 Haec
2522 4401 2701 4447 autem
2743 4397 2924 4451 omnia
2946 4439 2962 4462 ,
3003 4399 3055 4454 id
3085 4410 3170 4455 est
3198 4411 3251 4458 et
3279 4410 3575 4467 vocationis
3613 4388 3816 4473 nostrae

2215 4475 2386 4542 initia,
2420 4488 2476 4535 et
2496 4481 2896 4550 justilicationis
2941 4500 3258 4560 augmenta,
3307 4505 3363 4551 et
3403 4501 3814 4569 glorilicationis

2213 4571 2454 4639 praemia,
2471 4571 2522 4626 iu
2545 4573 3015 4641 praedestinatione
3031 4594 3246 4652 semper
3260 4585 3405 4642 Deus
3424 4589 3612 4646 habuit
3635 4611 3647 4646 :
3680 4597 3811 4664 quia

2211 4665 2268 4711 et
2297 4658 2352 4712 in
2366 4660 2669 4727 vocatione,
2689 4671 2744 4716 et
2766 4663 2818 4716 in
2835 4663 3241 4736 justilicatione,
3258 4682 3312 4728 et
3340 4677 3394 4731 in
3414 4658 3811 4747 gloriﬁcatione

2202 4758 2536 4819 sanctorum,
2589 4753 2777 4822 gratiae
2816 4770 2927 4809 suae
2976 4773 3140 4828 opera
3182 4762 3360 4820 futura
3401 4771 3683 4837 praesCivit.
3717 4772 3806 4831 0b

2202 4839 2307 4894 hoc
2337 4847 2509 4895 totum
2537 4841 2649 4898 Deo
2675 4843 3222 4918 assignatApostolus
3247 4853 3431 4910 dicens
3459 4875 3471 4910 :
3506 4857 3650 4914 Nam
3672 4880 3807 4932 quos

2200 4933 2456 5003 praesciuit
2478 4944 2529 4987 et
2553 4935 2939 5004 praedestinavit
2959 4946 3248 5014 conformes
3267 4949 3385 5018 fieri
3413 4952 3654 5025 imaginis
3675 4955 3812 5014 Filii

2203 5024 2336 5094 ejus,
2369 5032 2426 5076 ut
2448 5025 2514 5077 sit
2542 5025 2654 5096 ipse
2677 5029 3047 5101 primogenitus
3075 5035 3129 5087 in
3159 5037 3332 5092 multis
3355 5024 3624 5111 fratribus.
3653 5044 3802 5110 Quos

2210 5123 2382 5168 autem
2405 5116 2811 5186 prwdestinavit,
2839 5121 2929 5175 hos
2945 5132 2992 5176 et
3013 5129 3303 5183 vocavit:et
3322 5148 3447 5200 quos
3470 5138 3684 5200 vocavit,
3703 5138 3806 5194 hos

2207 5207 2581 5297 etjustiﬁcavit
2603 5226 2622 5263 :
2639 5227 2765 5282 quos
2776 5222 2945 5267 autem
2953 5216 3276 5287 justiﬁcavit,
3292 5222 3410 5278 illos
3427 5233 3476 5278 et
3487 5226 3809 5297 gloriﬁcavit

2210 5294 2390 5368 (Rom.
2421 5312 2536 5362 vni,
2561 5297 2676 5368 29).
2714 5300 3097 5360 Verumtamen
3125 5322 3245 5362 cum
3285 5311 3444 5367 simul
3477 5294 3807 5382 justiﬁcatos

2207 5394 2264 5440 et
2311 5388 2638 5456 gloriﬁcatos
2663 5391 2929 5459 audimus,
2962 5411 3069 5450 non
3118 5399 3278 5456 simul
3305 5410 3363 5458 et
3400 5403 3810 5474 justiﬁcationis

2204 5486 2260 5534 et
2286 5478 2692 5568 gloriﬁcationis
2722 5499 2858 5554 opus
2907 5491 3158 5556 praesenti
3184 5496 3416 5565 tempori
3453 5496 3804 5568 deputemus.

2201 5565 2607 5626 Justiﬁcationis
2635 5573 2776 5627 enim
2798 5575 2978 5643 gratia
3019 5577 3073 5632 in
3102 5584 3355 5650 praesenti
3383 5565 3558 5654 datur,
3591 5588 3805 5656 gloriﬁ-

2195 5664 2426 5720 cationis
2453 5674 2631 5720 autem
2654 5665 2834 5722 futura
2859 5678 3126 5728 servatur.
3157 5673 3262 5729 lsta
3283 5685 3367 5731 est
3389 5678 3531 5745 lidei,
3563 5680 3650 5734 illa
3681 5697 3805 5751 spe-

2191 5753 2298 5809 clei
2328 5755 2422 5826 (al.
2455 5753 2612 5827 spei).
2647 5755 2784 5813 Dicit
2829 5768 3007 5817 autem
3059 5763 3298 5821 Paulus:
3334 5765 3470 5833 Quia
3523 5787 3658 5827 nunc
3693 5789 3799 5844 per

573 5909 596 5938 ι
626 5901 683 5958 ιη
711 5901 871 5960 codd.
899 5903 1197 5975 editis,’fide
1217 5903 1480 5975 ﬁdelibus,
1510 5906 1605 5963 sed
1628 5922 1658 5962 a
1681 5925 1728 5965 c.
1754 5924 1856 5967 ms.
1890 5911 2097 5971 Thuan.
2128 5915 2235 5986 ﬁde
2263 5875 2439 5976 abest.
