4026 6336
233 393 321 452 ibi

1540 386 1628 447 AD
1656 379 1972 445 MONIMUM
2009 377 2134 442 LIB:
2166 349 2210 443 ι.

3390 373 3498 436 163

237 502 383 575 fidem
427 497 769 569 ambulamus,
819 511 926 557 nan
966 513 1058 574 per
1095 466 1317 573 speciem
1365 499 1453 574 (II
1481 499 1600 556 Cor.
1628 518 1692 567 v,
1723 501 1802 574 7).
1830 508 1882 566 Α
1980 499 2134 554 hibet.
2169 497 2372 553 Futura
2398 493 2496 552 Dei
2523 495 2606 551 ira
2662 492 3021 562 condemnatio
3047 499 3124 550 est
3163 494 3233 549 ad
3269 511 3492 566 poenam.

238 591 381 662 Quod
407 594 552 649 enim
577 608 721 648 nunc
747 591 921 647 sancti
957 590 1202 658 credunt,
1226 598 1354 646 tunc
1374 589 1648 646 videbunt.
1675 588 1808 645 Pro-

240 694 348 755 pter
372 683 513 754 quod
534 681 787 738 Ecclesia:
816 680 1030 747 dicitur,
1060 681 1220 750 Audi,
1251 682 1387 752 ﬁlia,
1436 691 1486 735 et
1505 681 1650 746 vide;
1683 681 1809 750 quia

242 771 359 830 ﬁdes
382 789 451 828 ex
473 771 676 837 auditu,
709 770 850 826 unde
884 769 1062 840 justus
1087 785 1154 825 ex
1181 769 1286 824 ﬁde
1311 771 1520 839 vivens,
1547 769 1810 825 ﬁduciali-

241 863 471 920 terdicit:
496 861 661 919 Credo
681 862 849 915 videre
874 859 1009 915 bona
1035 859 1267 925 Domini,
1288 861 1346 916 in
1370 867 1508 914 terra
1533 858 1807 912 viventium

243 959 397 1030 (Psal.
426 973 572 1022 xxv1,
598 955 710 1026 15).
735 954 840 1010 Iste
861 954 1023 1023 igitur
1043 962 1128 1009 est
1146 953 1201 1007 in
1228 951 1444 1007 homine
1465 949 1598 1006 ordo
1619 949 1808 1004 divinae

241 1047 609 1118 redemptionis
638 1060 702 1101 ac
724 1043 1192 1109 remunerationis,
1239 1050 1297 1095 ut
1325 1055 1466 1095 nunc
1480 1037 1809 1110 justiﬁcatus

240 1139 429 1203 credat,
474 1135 620 1209 quod
649 1144 774 1190 tunc
796 1130 1124 1205 gloriﬁcatus
1151 1130 1396 1201 accipiat.
1421 1127 1648 1198 Propter
1667 1125 1813 1199 quod

238 1228 422 1284 Paulus
437 1228 511 1282 ait
545 1245 558 1280 :
593 1223 717 1279 Non
740 1223 876 1293 quod
896 1223 1011 1294 jam
1044 1220 1346 1291 acceperim,
1369 1226 1459 1272 aut
1477 1217 1594 1288 jam
1614 1218 1816 1288 perfec-

237 1328 309 1372 tus
333 1318 430 1372 sim
462 1314 682 1388 (Philip.
707 1329 784 1378 ιιι,
817 1311 928 1382 12).

236 1454 405 1509 CAPUT
441 1467 534 1505 r1.
562 1447 700 1502 Deus
725 1448 908 1518 fecisse
931 1445 1122 1500 dicitur
1141 1444 1277 1517 quod
1306 1443 1599 1518 faciendum
1613 1441 1816 1518 prcede-

262 1521 492 1578 stinavit.
518 1515 788 1574 Promissa
810 1517 909 1571 Dei
929 1524 1069 1571 certa
1111 1515 1233 1571 sunt
1269 1515 1334 1570 ea:
1380 1515 1774 1585 omnipotentia.

298 1614 354 1667 lu
383 1613 489 1668 hac
512 1624 642 1678 ergo
651 1607 1037 1678 iustiﬁcatione
1059 1607 1232 1662 sancti
1251 1615 1428 1662 euntes
1449 1614 1570 1660 eunt
1590 1613 1642 1659 et
1668 1605 1814 1673 ﬂent,

231 1707 486 1759 mittentes
528 1701 728 1754 semina
777 1714 910 1764 sua;
941 1698 997 1752 in
1027 1697 1116 1752 illa
1143 1712 1275 1752 vero
1301 1695 1692 1765 gloriﬁcatione
1733 1711 1821 1749 ve-

231 1803 431 1848 nientes
479 1791 679 1845 venient
719 1789 774 1842 in
819 1788 1183 1852 exsultatione,
1234 1795 1499 1858 portantes
1524 1785 1820 1857 manipulos

1983 590 2117 658 Quia
2145 607 2273 662 ergo
2300 591 2442 646 Deus
2489 590 2634 648 nulla
2692 588 3012 645 necessitate
3052 587 3390 658 compellitur
3437 594 3497 642 ut

1911 682 2110 754 aliquid
2131 683 2320 737 nolens
2347 683 2629 752 promittat
2653 722 2667 744 ,
2702 681 2896 736 nullius
2923 679 3108 749 utique
3159 679 3497 734 adversitatis

1912 771 2200 840 impeditur
2219 770 2520 836 obstaculo,
2546 784 2655 840 quo
2678 767 2728 823 id
2749 768 2894 839 quod
2918 769 3182 838 promisn,
3208 775 3302 821 aut
3323 767 3498 820 minus

1912 869 2076 935 quam
2103 864 2238 935 vult,
2267 873 2362 919 aut
2393 863 2618 929 tardius,
2646 861 2825 918 faciat.
2859 860 3093 916 Proinde
3115 861 3308 930 potuit,
3361 860 3502 914 sicut

1912 952 2100 1018 voluit,
2130 951 2512 1024 prtedestinare
2542 951 2802 1021 quosdam
2828 950 2896 1005 ad
2943 951 3186 1019 gloriam,
3241 948 3502 1018 quosdam

1915 1046 1982 1102 ad
2003 1061 2234 1117 poenam.
2268 1044 2375 1101 Sed
2397 1061 2532 1117 quos
2573 1043 2972 1114 praedestinavit
2997 1044 3061 1098 ad
3090 1043 3332 1112 gloriam,
3362 1058 3500 1112 prae-

1915 1137 2204 1193 destinavit
2231 1136 2299 1191 ad
2324 1135 2610 1206 justitiam.
2637 1133 2782 1200 Quos
2809 1141 2987 1188 autem
3020 1132 3415 1202 prmdestinavit
3435 1129 3503 1185 ad

1914 1244 2151 1303 poenam,
2185 1243 2292 1283 non
2322 1223 2723 1296 praedestinavit
2769 1223 2836 1277 ad
2874 1223 3106 1292 culpam.
3136 1220 3328 1276 Posset
3357 1219 3502 1274 enim

1916 1329 2201 1392 peccatum
2257 1316 2475 1386 aliquod
2517 1332 2583 1370 ex
2639 1314 3109 1384 pncdestinatione
3150 1313 3245 1366 Dei
3275 1327 3412 1376 esse,
3453 1309 3500 1366 si

1915 1419 2106 1482 posset
2127 1410 2320 1480 aliquis
2351 1408 2624 1464 hominum
2652 1407 2796 1476 juste
2814 1422 3061 1476 peccare.
3085 1405 3270 1460 Nullus
3321 1413 3503 1459 autem

1917 1502 2196 1558 hominum
2216 1502 2360 1570 juste
2388 1507 2596 1570 peccat,
2621 1497 2866 1568 quamvis
2893 1512 3014 1550 eum
3033 1495 3177 1565 juste
3199 1493 3340 1549 Deus
3380 1508 3507 1564 pec-

1918 1608 2044 1647 care
2071 1591 2369 1660 permittat.
2404 1589 2554 1643 Juste
2575 1588 2719 1643 enim
2749 1586 3013 1642 deseritur
3041 1601 3071 1639 a
3103 1585 3232 1649 Deo,
3275 1585 3367 1654 qui
3414 1583 3508 1639 de-

1919 1685 2052 1740 serit
2098 1683 2286 1737 Deum.
2334 1681 2400 1735 Et
2455 1681 2578 1750 quia
2608 1680 2770 1734 homo
2799 1679 3054 1734 deserens
3082 1676 3249 1732 Deum
3298 1684 3507 1747 peccat,

1920 1773 2177 1829 deserens
2221 1779 2564 1842 peccatorem
2622 1769 2760 1823 Deus
2801 1767 3067 1837 justitiam
3113 1775 3315 1822 servat.
3369 1763 3512 1833 Quid

231 1901 367 1938 suos.
395 1881 454 1936 In
477 1881 578 1934 hac
615 1877 848 1948 operarii
895 1857 1297 1947 patrisfamilias
1325 1875 1380 1930 in
1406 1875 1564 1930 vinea
1589 1888 1822 1944 operan-
1849 1895 1902 1958 Β
1924 1873 2104 1920 autem
2134 1863 2304 1931 magis
2327 1862 2532 1930 justum
2557 1875 2720 1928 quam
2746 1867 2806 1913 ut
2827 1858 2917 1912 ille
2941 1858 3031 1928 qui
3063 1857 3329 1913 desiderio
3382 1872 3513 1927 pec-

232 1983 354 2038 tur;
382 1972 433 2024 in
459 1969 550 2024 illa
579 1975 759 2022 autem
778 1964 985 2020 denarii
1013 1963 1265 2020 mercede
1290 1963 1409 2019 sine
1428 1962 1590 2018 dubio
1616 1962 1825 2033 potien-

233 2071 338 2116 tur.
369 2042 529 2114 lstam
556 2057 697 2111 Deus
724 2069 867 2109 nunc
911 2053 1098 2119 donat,
1131 2059 1191 2107 ut
1229 2051 1441 2106 initium
1473 2049 1654 2106 meriti
1691 2049 1822 2105 boni

233 2150 398 2220 gratis
427 2147 676 2217 indignus
709 2144 970 2215 accipiat;
1001 2142 1148 2198 illam
1161 2157 1292 2198 vero
1320 2142 1377 2198 in
1398 2140 1635 2196 futurum
1661 2155 1826 2212 repo-

235 2243 394 2296 sitam
437 2244 638 2303 servat,
667 2249 774 2304 qua
801 2233 930 2290 boni
959 2231 1140 2288 meriti
1166 2230 1445 2302 praemium
1472 2228 1720 2300 accipere
1745 2228 1828 2284 di-

236 2346 370 2401 gnus
397 2326 588 2399 possit,
627 2325 720 2393 qui
747 2322 876 2379 boni
919 2319 1103 2377 meriti
1148 2318 1491 2390 principium,
1521 2333 1646 2374 cum
1683 2325 1831 2373 esset

237 2418 507 2487 indignus,
540 2413 766 2484 accepit.
812 2410 1006 2466 Dicens
1056 2409 1220 2478 igitur
1247 2406 1447 2464 Paulus
1479 2425 1492 2460 :
1527 2405 1663 2472 Quia
1702 2424 1830 2480 quos

239 2507 375 2563 Deus
417 2502 748 2577 justiﬁcavit,
789 2499 912 2554 illos
936 2506 987 2552 et
1015 2496 1326 2569 gloriﬁcavit
1356 2493 1533 2565 (Rom.
1568 2511 1675 2560 V111,
1713 2494 1830 2566 50),

241 2613 346 2653 non
366 2603 658 2664 utrumque
677 2587 927 2660 prmsenti
944 2586 1069 2642 vita:
1088 2585 1330 2656 deputat,
1353 2583 1450 2639 sed
1477 2600 1541 2639 ea
1556 2583 1667 2661 ﬁde
1686 2583 1832 2653 quod

237 2687 476 2742 futurum
501 2689 607 2745 est,
638 2680 788 2735 velut
833 2677 1034 2734 factum
1060 2675 1258 2742 ﬁrmat,
1290 2689 1397 2744 qua
1437 2674 1540 2729 ﬁde
1569 2677 1831 2763 propheta

239 2776 305 2832 de
332 2774 448 2830 Deo
468 2772 636 2829 dicit:
665 2768 767 2835 Qui
796 2769 915 2841 fecit
935 2783 1051 2840 qua
1072 2769 1248 2839 futura
1272 2776 1410 2820 sunt.
1441 2764 1500 2819 In
1526 2765 1614 2819 illa
1635 2766 1835 2836 quippe

239 2863 619 2921 immobilitate
646 2859 855 2916 consilii
882 2860 990 2928 sui,
1017 2856 1299 2914 secundum
1349 2856 1540 2912 bonum
1587 2857 1836 2928 placitum

245 2956 339 3027 (at.
367 2950 796 3024 beneplacitum)
823 2948 956 3020 ejus,
987 2947 1126 3021 quod
1166 2948 1435 3022 proposuit
1454 2949 1512 3002 in
1538 2964 1618 3013 eo,
1642 2949 1699 3002 in
1728 2948 1838 3002 dis-

241 3044 543 3116 pensatione
568 3039 907 3110 plenitudinis
959 3047 1262 3111 temporum,
1313 3040 1610 3094 instaurare
1661 3043 1838 3094 omnia

241 3134 297 3187 in
320 3131 548 3201 Christo,
576 3146 690 3203 qua
709 3130 767 3185 in
789 3129 949 3196 caelis,
979 3138 1029 3184 et
1048 3145 1162 3201 qua:
1183 3130 1241 3184 in
1281 3136 1421 3184 terra
1448 3138 1569 3185 sunt
1599 3127 1772 3201 (Eph.
1795 3145 1836 3200 1,

1925 1956 2083 2013 candi
2107 1955 2219 2025 jam
2268 1963 2472 2025 peccat,
2531 1969 2630 2024 pro
2656 1968 2722 2007 eo
2753 1951 2898 2022 quod
2927 1950 3236 2006 desiderans
3264 1965 3511 2020 peccare,

1926 2051 2044 2120 ipse
2094 2047 2196 2102 sibi
2246 2046 2440 2102 noxius
2492 2044 2742 2110 efﬁcitur,
2773 2042 3121 2113 semetipsum
3164 2050 3388 2111 peccato
3415 2055 3514 2096 suo

1927 2138 2123 2194 laedere
2143 2137 2522 2208 permittatur?

1998 2227 2059 2284 ln
2086 2229 2284 2284 sanctis
2315 2228 2477 2296 igitur
2494 2235 2722 2283 coronat
2750 2226 2891 2282 Deus
2914 2225 3180 2296 justitiam
3231 2241 3394 2297 quam
3441 2226 3519 2281 eis

1927 2319 2094 2390 gratis
2121 2320 2236 2390 ipse
2268 2319 2470 2385 tribuit,
2501 2319 2667 2388 gratis
2697 2319 2951 2386 servavit,
2974 2319 3247 2390 gratisque
3268 2316 3514 2389 perfecit.

1927 2414 2146 2483 lniquos
2167 2421 2348 2467 autem
2369 2411 2748 2467 condemnabit
2772 2426 2871 2481 pro
2902 2411 3177 2480 impietate
3204 2411 3289 2465 vel
3321 2408 3522 2478 injusti-

1936 2505 2026 2571 tia,
2059 2518 2220 2573 quam
2249 2503 2303 2556 in
2351 2503 2430 2556 eis
2479 2502 2594 2571 ipse
2641 2516 2748 2555 non
2779 2501 2926 2555 fecit.
2962 2498 3020 2554 In
3050 2500 3156 2554 illis
3184 2500 3328 2554 enim
3355 2513 3520 2569 opera

1934 2609 2032 2649 sua
2060 2592 2347 2663 gloriﬁcat,
2374 2592 2428 2646 in
2456 2592 2571 2647 istis
2599 2599 2780 2645 autem
2806 2605 2972 2661 opera
3002 2605 3116 2660 non.
3138 2605 3234 2644 sua
3265 2588 3523 2643 condem-

1935 2694 2047 2741 nat.
2080 2684 2198 2741 Hoc
2227 2686 2410 2756 itaque
2435 2683 2837 2754 praedestinavit
2864 2682 3026 2748 Deus,
3069 2681 3214 2750 quod
3252 2687 3370 2736 erat
3409 2680 3524 2749 ipse

1936 2781 2193 2846 facturus,
2226 2788 2319 2834 aut
2345 2777 2494 2849 quod
2538 2778 2714 2832 fuerat
2741 2777 3048 2846 largiturus.
3079 2774 3214 2830 Illud
3246 2789 3376 2830 vero
3404 2771 3526 2828 nul-

1937 2871 2150 2927 latenus
2178 2869 2598 2941 prmdestinavit,
2653 2868 2797 2937 quod
2849 2867 2963 2921 sive
3003 2882 3100 2937 per
3155 2865 3400 2934 gratiam,
3430 2879 3526 2920 seu

1937 2964 2316 3036 perjustitiam
2336 2962 2575 3019 facturus
2613 2962 2727 3032 ipse
2755 2977 2862 3016 non
2894 2960 3016 3015 fuit.
3048 2955 3280 3015 Proinde
3303 2959 3528 3027 diligen-

1941 3057 2149 3113 tissime
2197 3054 2579 3126 requirendum
2608 3053 2850 3119 videtur,
2882 3052 3011 3124 quid
3038 3053 3092 3106 in
3121 3051 3205 3108 his
3233 3051 3374 3106 Deus
3401 3065 3529 3122 ope-

1941 3161 2110 3216 retur,
2138 3165 2274 3220 quos
2319 3149 2486 3218 gratis
2510 3143 2798 3217 justiﬁest;
2826 3147 2955 3216 quid
2978 3145 3139 3200 etiam
3169 3146 3222 3200 in
3249 3145 3370 3210 illis,
3395 3159 3531 3214 quos

244 3223 456 3295 9,10);
501 3225 556 3279 in
578 3223 699 3294 ipso
727 3237 796 3278 ex
837 3221 1141 3278 aeternitate
1185 3221 1549 3292 dispositionis
1596 3236 1730 3291 suae,
1779 3221 1834 3276 in

249 3312 711 3334 ___a--.:_-.s-_-
741 3311 845 3334 ε--
878 3311 1002 3334 ι’.-ξι
1075 3327 1398 3334 ---μη---η
1660 3313 1834 3334 -_-_g_

1941 3241 2079 3311 iuste
2102 3239 2444 3297 condemnat.
2474 3239 2612 3295 Dicit
2631 3239 2775 3293 enim
2796 3239 3024 3294 eximius
3042 3238 3279 3306 gentium
3300 3237 3529 3292 Doctor:

249 3312 716 3385 praedestinatione
735 3311 850 3383 jam
875 3311 1026 3381 fecit,
1068 3327 1403 3384 quascunque
1432 3311 1629 3369 eﬁectu
1655 3313 1836 3384 operis

254 3403 364 3469 sui,
392 3411 622 3474 tempore
653 3417 894 3474 congruo
922 3401 1168 3460 facienda
1196 3403 1479 3474 disposuit.
1512 3403 1664 3461 Sicut
1693 3405 1837 3460 enim

258 3507 416 3548 omne
434 3489 705 3548 Creatoris
733 3507 870 3563 opus
896 3492 1014 3548 sine
1048 3491 1204 3547 initio
1235 3507 1344 3548 non
1373 3493 1572 3564 potuit,
1613 3509 1715 3549 nec
1743 3510 1839 3565 po-

263 3591 364 3638 test
385 3582 497 3640 ﬁeri
520 3603 534 3638 :
555 3585 636 3640 sic
661 3583 752 3640 illa
773 3583 1102 3654 sempiterna
1128 3581 1380 3638 voluntas
1406 3583 1542 3652 ejus,
1567 3598 1839 3652 nunquam

269 3672 596 3728 mutabilitati
623 3671 888 3742 subjacet,
919 3672 1046 3742 quia
1072 3671 1284 3725 initium
1321 3671 1586 3727 existendi
1607 3687 1714 3726 non
1743 3671 1841 3726 ha-

279 3762 371 3817 bet.
385 3761 537 3829 Quod
558 3768 742 3816 autem
765 3775 980 3830 semper
997 3760 1077 3816 sic
1096 3768 1198 3826 est,
1228 3767 1288 3814 ut
1315 3774 1436 3815 esse
1455 3775 1564 3815 non
1593 3761 1838 3831 coeperit,

291 3853 435 3920 procul
453 3851 619 3908 dubio
640 3851 719 3906 sic
735 3858 836 3917 est,
850 3858 911 3904 ut
929 3849 982 3904 id
997 3849 1144 3919 quod
1161 3857 1246 3906 est
1257 3864 1365 3904 non
1389 3863 1509 3905 esse
1525 3864 1632 3904 non
1648 3850 1839 3920 possit.

292 3940 564 4014 Venigitur
577 3940 1163 4008 immutabilitas,digne
1174 3954 1303 3995 vera
1312 3946 1538 3996 vocatur
1547 3941 1842 4008 mternitas,

283 4033 428 4106 inqua
447 4033 751 4091 aeternitate
773 4030 1531 4098 incommutabilisjvoluntatis
1551 4047 1661 4088 suae
1675 4032 1840 4088 Crea-

281 4131 355 4178 tor
373 4125 457 4180 ille
472 4125 582 4194 jam
606 4123 796 4179 fecisse
816 4122 1032 4186 dicitur,
1049 4121 1192 4192 quod
1219 4122 1274 4177 in
1299 4130 1546 4178 creatura
1574 4125 1841 4195 mutabili,

275 4223 417 4283 prout
443 4221 745 4285 opportune
772 4211 1070 4268 faciendum
1103 4211 1388 4282 disposuit,
1420 4214 1499 4270 sic
1522 4214 1628 4270 rite
1653 4215 1844 4286 dispo-

273 4305 419 4360 situm
439 4303 586 4361 facit.
619 4303 687 4358 Et
699 4303 820 4358 ideo
835 4317 1171 4372 quaecunque
1181 4302 1452 4373 promisit,
1461 4301 1576 4372 jam
1605 4303 1744 4360 facta
1765 4305 1848 4359 di-

273 4394 451 4460 cimus,
468 4393 592 4462 quia
611 4391 679 4446 de
695 4391 952 4448 faciendis
972 4390 1218 4446 dubitare
1244 4407 1354 4446 non
1381 4391 1658 4448 debemus.
1676 4393 1847 4448 Abra-

268 4483 389 4547 ham
417 4485 555 4540 enim
582 4492 739 4556 pater
760 4493 944 4540 noster
965 4483 1125 4555 (sicut
1151 4485 1226 4538 ait
1246 4485 1558 4558 Apostolus)
1587 4489 1642 4542 in
1670 4505 1850 4558 repro-

268 4575 500 4628 missione
519 4574 618 4629 Dei
642 4590 746 4630 non
775 4574 1032 4629 haesitavit
1057 4573 1341 4644 diffidentia
1360 4616 1375 4641 ,
1405 4574 1498 4629 sed
1525 4577 1847 4647 confortatus

272 4674 352 4719 est
366 4665 482 4736 ﬁde,
503 4666 634 4720 dans
653 4665 876 4738 gloriam
894 4662 1027 4729 Deo,
1049 4663 1345 4734 plenissime
1363 4664 1532 4719 sciens
1574 4666 1696 4737 quia
1717 4681 1850 4736 φαε-

265 4773 461 4830 eunque
501 4757 758 4829 promisit,
797 4763 980 4826 potens
1021 4763 1098 4810 est
1124 4763 1174 4809 et
1214 4756 1386 4827 facere
1415 4753 1593 4827 (Rom.
1625 4771 1699 4823 1v,
1731 4753 1845 4826 20).

267 4847 392 4904 ldeo
431 4862 557 4917 ergo
585 4849 641 4903 in
669 4847 768 4904 Dei
789 4847 1070 4918 promissis
1097 4847 1241 4903 nulla
1270 4856 1355 4903 est
1383 4845 1607 4912 falsitas,
1640 4847 1766 4915 quia
1795 4846 1848 4900 in

263 4935 514 4993 faciendis
543 4937 690 4993 nulla
717 4934 1078 5009 omnipotenti
1116 4945 1199 4996 est
1245 4936 1550 4994 difﬁcultas.
1582 4935 1652 4991 Et
1680 4952 1847 5008 prop-

263 5035 410 5083 terea
429 5028 506 5084 ibi
535 5042 812 5098 nunquam
831 5026 985 5084 deest
1017 5030 1116 5098 ιι
1141 5025 1435 5082 voluntatis
1451 5023 1692 5094 eﬁectus,
1721 5027 1849 5096 quia

262 5117 510 5174 voluntas
540 5119 658 5188 ipsa
686 5133 796 5173 non
823 5116 969 5172 aliud
1008 5114 1282 5172 invenitur
1321 5130 1441 5172 esse
1467 5131 1631 5186 quam
1654 5116 1846 5172 virtus.

263 5205 527 5278 Quidquid
542 5216 726 5264 autem
754 5207 891 5275 vult,
919 5215 1120 5278 potest,
1145 5206 1240 5277 qui
1268 5215 1536 5276 quantum
1566 5208 1699 5275 vult,
1731 5215 1852 5264 tan-

262 5307 376 5354 tum
401 5307 601 5371 potest.
631 5298 926 5370 Propterea
951 5298 1022 5355 de
1045 5299 1164 5356 solo
1191 5298 1352 5371 digne
1379 5299 1579 5357 dicitur
1610 5319 1624 5356 :
1660 5299 1853 5357 Omnia

262 5406 572 5464 quacunque
612 5390 793 5456 voluit,
815 5392 936 5464 fecit
965 5389 1139 5463 (Psat.
1168 5406 1318 5460 0x111,
1350 5389 1462 5462 11).
1494 5390 1563 5447 Et
1606 5393 1800 5448 iterum
1835 5413 1850 5450 :

261 5482 451 5542 Subest
471 5488 613 5541 enim
643 5486 755 5554 tibi,
775 5501 894 5540 cum
918 5485 1057 5541 voles
1080 5500 1230 5556 posse
1270 5482 1426 5557 (Sap.
1456 5500 1552 5555 xu,
1581 5485 1697 5558 18).
1727 5485 1855 5543 Ideo

214 5637 221 5661 ι
261 5575 492 5635 diximus
521 5586 731 5634 tantam
758 5578 830 5634 ibi
859 5593 977 5634 esse
1003 5577 1258 5633 virtutem
1286 5577 1613 5645 voluntatis,
1645 5586 1856 5649 quanta

263 5681 350 5727 est
372 5671 623 5728 voluntas
637 5672 752 5742 ipsa
768 5671 1000 5727 virtutis.
1017 5668 1153 5737 Quia
1164 5671 1252 5727 cui
1275 5685 1500 5743 semper
1530 5670 1718 5727 subest
1736 5686 1859 5726 cum

262 5764 430 5830 volet,
461 5780 625 5837 posse
663 5779 774 5820 non
801 5762 946 5820 aliud
979 5771 1061 5820 est
1084 5764 1138 5818 in
1166 5763 1259 5819 illo
1299 5763 1440 5822 velle
1467 5779 1629 5836 quam
1675 5780 1854 5836 posse.

265 5874 447 5936 CAPU'l'
472 5897 586 5936 x111.
626 5879 799 5954 [usta
842 5876 937 5932 Dei
974 5877 1368 5954 praedestinatio
1397 5881 1487 5954 ad
1510 5897 1712 5954 poenam
1759 5898 1856 5954 pro

335 5955 583 6018 peccatis.
616 5949 828 6006 Sanctis
845 5949 1092 6020 gratiam,
1120 5948 1296 6020 impiis
1311 5948 1576 6023 justitiam
1598 5950 1744 6009 Deus
1760 5948 1860 6008 ea:-

1941 3334 2003 3390 Si
2027 3345 2197 3388 autem
2236 3334 2483 3405 iniquitas
2532 3340 2713 3385 nostra
2742 3330 3000 3400 justitiam
3030 3328 3128 3383 Dei
3183 3327 3530 3390 commendat,

1941 3425 2062 3496 quid
2089 3424 2358 3478 dicemus?
2380 3421 2633 3492 Nunquid
2658 3423 2865 3492 iniquus
2891 3421 3049 3486 Deus,
3067 3421 3151 3492 qui
3179 3421 3340 3491 infert
3359 3417 3533 3473 iram?

1943 3516 2246 3572 Secundum
2272 3515 2538 3569 hominem
2583 3513 2742 3566 dico?
2791 3512 2927 3566 absit
2976 3511 3150 3584 (Rom.
3203 3527 3279 3576 111,
3327 3508 3403 3581 5).
3436 3508 3534 3565 Hic

1943 3615 2127 3662 autem
2172 3607 2305 3660 iram
2335 3621 2434 3674 pro
2462 3602 2913 3659 condemnatione
2967 3603 3166 3672 posuit,
3210 3601 3352 3655 sicut
3404 3599 3533 3656 alibi

1943 3700 2182 3755 Joannes
2195 3691 2435 3768 Baptista
2462 3695 2591 3751 dicit
2618 3714 2630 3749 :
2667 3693 2769 3759 Qui
2797 3695 3094 3748 incredulus
3131 3702 3207 3747 est
3236 3691 3396 3756 Filio,
3429 3707 3534 3749 non

1945 3789 2136 3845 videbit
2167 3789 2347 3850 vitam,
2376 3787 2470 3842 sed
2497 3788 2576 3840 ira
2618 3784 2718 3840 Dei
2745 3793 2917 3838 manet
2936 3801 3088 3855 super
3108 3800 3223 3837 eum
3245 3782 3422 3850 (Joan.
3455 3799 3532 3850 111,

1943 3881 2060 3953 36).
2088 3879 2238 3935 Hanc
2261 3880 2393 3934 iram
2416 3878 2698 3933 Pharisaais
2725 3885 2780 3932 et
2799 3875 3104 3931 Sadducazis
3131 3890 3254 3930 cum
3277 3875 3535 3944 objurga-

1946 3978 2096 4032 tione
2115 3974 2392 4030 denuntiat
2415 3973 2599 4028 dicens
2625 3990 2639 4026 :
2670 3956 2941 4026 Genimina
2969 3970 3279 4041 viperarum,
3311 3969 3424 4040 quis
3449 3983 3536 4022 vo-

1949 4069 2026 4122 bis
2041 4066 2263 4122 ostendit
2282 4068 2500 4138 fugerea
2517 4067 2692 4138 futura
2712 4064 2792 4117 ira
2811 4060 3020 4133 (Matth.
3036 4077 3113 4127 111,
3133 4061 3192 4126 7;
3217 4059 3344 4114 Luc.
3360 4058 3535 4130 111,7)?

1949 4159 2031 4213 Ab
2060 4159 2161 4214 hac
2189 4158 2267 4212 ira
2287 4173 2388 4211 nos
2399 4157 2656 4211 Dominus
2670 4153 2912 4210 Christus
2939 4152 3154 4223 eripuit,
3186 4153 3328 4222 quod
3343 4151 3537 4206 Paulus

1949 4250 2186 4306 veridica
2208 4247 2589 4319 praedicatione
2611 4249 2858 4312 ﬁrmavit,
2883 4246 3069 4302 dicens
3095 4245 3538 4300 Thessalonicen-
3595 4256 3603 4270 '

1951 4341 2099 4396 sibus
2132 4357 2144 4392 :
2181 4338 2447 4404 Quomodo
2477 4339 2706 4393 conversi
2733 4339 2856 4392 estis
2875 4337 2942 4390 ad
2971 4335 3137 4390 Deum
3165 4354 3197 4388 a
3227 4335 3536 4397 simulacris,

1954 4434 2143 4487 servire
2165 4430 2276 4485 Deo
2307 4432 2416 4486 vivo
2454 4440 2503 4484 et
2529 4448 2668 4496 vero,
2701 4438 2749 4484 et
2778 4438 3077 4499 exspectare
3122 4427 3318 4481 Filium
3347 4428 3456 4498 ejus
3478 4427 3540 4481 de

1955 4524 2114 4585 caelis,
2146 4541 2293 4596 quem
2320 4525 2586 4578 suscitavit
2607 4541 2640 4577 a
2668 4524 2882 4577 mortuis
2901 4521 3102 4587 Iesum,
3126 4521 3210 4592 qui
3239 4521 3422 4589 eripuit
3446 4535 3540 4572 nos

1877 4649 1930 4711 Ι)
1956 4613 2020 4669 ab
2048 4617 2130 4669 ira
2160 4625 2374 4688 ventura
2415 4613 2470 4686 (Ι
2497 4615 2676 4670 Thess.
2708 4631 2748 4682 1,
2780 4614 2856 4684 9).
2891 4613 3039 4668 Hanc
3070 4613 3222 4675 iram;
3247 4613 3296 4665 id
3328 4619 3410 4664 est
3439 4625 3540 4678 pu-

1958 4708 2241 4774 nitionem,
2271 4723 2392 4776 quae
2432 4717 2620 4778 parata
2650 4715 2734 4762 est
2773 4707 2944 4769 malis,
2978 4706 3085 4759 alio
3115 4705 3235 4759 loco
3270 4703 3543 4756 interitum

1957 4807 2120 4854 vocat
2157 4799 2342 4854 dicens
2374 4817 2386 4851 :
2417 4799 2543 4852 Cum
2571 4799 2708 4852 enim
2753 4798 2980 4852 dixerint
3021 4813 3126 4866 pax
3171 4803 3220 4848 et
3270 4794 3541 4856 securitas,

1959 4901 2080 4946 tunc
2108 4893 2403 4962 repentinus
2424 4893 2496 4946 eis
2525 4891 2844 4962 superveniet
2865 4891 3122 4954 interitus,
3155 4890 3285 4942 sicut
3313 4886 3462 4942 dolor
3489 4887 3544 4941 in

1958 4992 2104 5038 utero
2133 4981 2361 5048 habenti,
2387 4993 2435 5036 et
2461 4998 2566 5036 non
2587 4982 2832 5054 effugient
2857 4980 2910 5051 (Ι
2941 4979 3118 5033 Thess.
3148 4994 3201 5044 v,
3225 4977 3302 5048 5).

1958 5071 2140 5130 CAPUT
2181 5091 2291 5130 xw.
2332 5075 2412 5128 An
2435 5092 2591 5145 opera
2613 5072 3025 5145 damnandorum
3046 5071 3146 5123 sint
3163 5069 3548 5145 praedestinattt

2032 5146 2166 5217 sicut
2189 5163 2347 5216 opera
2361 5141 2643 5217 justoruin.
2667 5144 2882 5217 Initium
2912 5141 3368 5217 bonwvoluntatis
3407 5157 3549 5210 pra:-

2030 5210 2405 5270 destinatum'a
2431 5215 2560 5270 Deo.
2593 5215 2734 5268 Deus
2757 5213 2881 5284 facit
2903 5221 2958 5266 ut
2980 5213 3234 5284 faciamus
3263 5210 3470 5265 bonum.

2045 5309 2144 5377 12
2194 5305 2505 5373 Quzeramus
2551 5305 2729 5373 itaque
2759 5312 2937 5359 utrum
2965 5303 3263 5358 credendus
3299 5303 3368 5357 sit
3406 5301 3547 5356 Deus

1965 5399 2272 5467 iniquorum
2299 5415 2462 5469 opera
2490 5395 2918 5468 prmdestinasse,
2950 5413 3050 5468 pro
3070 5398 3262 5468 quibus
3290 5411 3386 5450 eos
3413 5410 3547 5452 con-

1965 5487 2203 5555 demnet,
2235 5489 2375 5545 sicut
2415 5489 2468 5543 in
2491 5489 2689 5544 sanctis
2716 5488 3124 5559 prmdcstinassc
3161 5486 3376 5551 dicitur,
3406 5484 3550 5555 quod

1967 5583 2234 5640 coronet?
2265 5582 2400 5637 Cum
2426 5597 2555 5637 vero
2583 5597 2800 5638 causam
2828 5580 3294 5637 condemnationis
3343 5581 3550 5650 iniquo-

1965 5693 2105 5742 rum,
2127 5689 2183 5732 et
2201 5676 2604 5745 gloriﬁcationis
2623 5683 2931 5732 sanctorum
2959 5675 3267 5744 quaerimus,
3289 5691 3396 5732 non
3423 5688 3551 5744 pra:-

1967 5768 2260 5825 destinatos
2289 5782 2565 5838 negamus,
2597 5767 2682 5822 vel
2711 5767 2832 5821 illos
2861 5766 2929 5821 ad
2950 5782 3188 5836 poenam,
3220 5766 3305 5821 vel
3335 5765 3456 5820 illos
3485 5759 3552 5821 ad

1965 5859 2211 5929 gloriam.
2264 5858 2370 5916 Sed
2417 5867 2624 5926 utrum,
2659 5859 2798 5914 sicut
2842 5857 3137 5914 creduntur
3175 5857 3552 5928 praedestinata

1967 5953 2220 6011 divinitus
2239 5969 2402 6022 opera
2430 5954 2590 6022 bona,
2620 5967 2719 6024 pro
2746 5951 2943 6022 quibus
2985 5949 3428 6023 gloriﬁcabuntur
3463 5951 3551 6014 lu-
