4122 6330
503 325 606 402 165

1535 323 1592 381 S.
1632 317 1994 382 FULGENTII
2030 313 2328 378 EPISCOPI
2367 309 2738 372 RUSPENSIS

3654 305 3758 364 164

497 443 587 510 sti,
637 441 716 498 sic
751 437 1016 498 credenda
1059 437 1166 495 sint
1217 437 1594 514 prtedestinata
1623 437 1876 492 divinitus
1913 449 2076 506 opera
2105 437 2158 496 Α
2183 429 2379 499 giatur,
2401 429 2478 487 sic
2502 429 2681 486 facere
2703 443 2811 484 non
2838 440 3140 499 possumus,
3172 425 3273 481 nisi
3303 424 3418 498 ipse
3457 422 3613 482 nobis
3640 438 3762 493 qua:

499 536 668 602 mala,
725 549 824 608 pro
873 534 1066 602 quibus
1112 533 1164 588 in
1209 538 1466 586 aeternum
1513 528 1804 601 punientur
1857 526 2078 599 injusti?
2175 522 2399 593 largitus
2426 530 2510 578 est
2538 527 2809 592 operetur,

499 630 702 686 Dicitur
757 628 900 684 enim
931 628 982 680 in
1014 626 1150 680 libro
1199 621 1535 680 Psalmorum
1569 642 1583 678 :
1618 621 1812 695 Injusti
1862 622 2079 694 punien-

503 731 602 786 tur,
633 728 682 774 et
731 735 899 773 semen
940 718 1215 786 impiorum
1254 713 1460 786 peribit,
1496 714 1638 770 salus
1695 724 1863 773 autem
1909 713 2080 786 justo-

500 831 614 868 rum
663 831 695 867 a
738 812 961 866 Domino
992 807 1179 881 (Psal.
1234 825 1414 876 xxxvr,
1473 807 1585 879 28).
1640 809 1715 864 De
1750 808 1988 877 utrisque
2027 813 2082 862 et

406 930 408 933 ·
501 905 750 960 Salvator
779 911 962 959 noster
987 903 1148 959 dicit:
1177 901 1316 956 Tunc
1340 901 1418 975 illi
1439 901 1583 958 ibunt
1610 902 1665 956 in
1685 902 2084 958 combustionem

501 1015 767 1065 aeternam,
785 1003 918 1072 justi
948 1012 1118 1056 autem
1143 1003 1195 1058 in
1225 1004 1381 1057 vitam
1422 1011 1671 1060 teleruam
1705 1002 1922 1073 (Matth.
1952 1019 2080 1068 xxv,

503 1095 614 1164 46).
644 1095 700 1150 In
731 1095 971 1164 utrisque
1000 1108 1151 1161 ergo,
1183 1092 1237 1148 id
1281 1105 1362 1148 est
1405 1094 1566 1172 justis
1619 1102 1674 1152 et
1722 1093 1954 1163 injustis,
1984 1092 2085 1148 tria

502 1193 745 1266 quaedam
794 1192 1183 1248 consideranda
1211 1192 1481 1257 existimo,
1533 1193 1742 1248 initium
1770 1193 2085 1262 voluntatis,

502 1309 842 1365 progressum
858 1294 1054 1363 operis,
1081 1291 1238 1348 linem
1269 1293 1655 1350 retributionis.
1680 1291 1748 1348 Ut
1769 1293 1823 1347 in
1847 1293 1930 1350 his
1949 1307 2092 1362 quas-

452 1394 455 1398 '
503 1400 726 1454 cunque
755 1384 900 1453 justa
948 1394 1002 1439 et
1032 1385 1172 1442 bona
1203 1384 1467 1449 videmus,
1504 1385 1650 1454 justo
1699 1394 1754 1440 et
1792 1385 1936 1442 bono
1975 1385 2088 1440 Deo

503 1475 717 1539 demus;
745 1475 834 1529 illa
857 1482 1039 1529 autem
1061 1473 1173 1528 Deo
1204 1474 1419 1543 indigna
1448 1475 1778 1539 noverimus,
1814 1475 1867 1528 in
1895 1475 2090 1543 quibus

505 1581 606 1622 nec
630 1565 926 1620 bonitatem
958 1580 1058 1622 nec
1082 1563 1346 1632 justitiam
1395 1565 1716 1622 invenimus.
1750 1563 1819 1620 Et
1841 1563 2090 1618 conside-

504 1665 618 1716 rata
645 1670 870 1725 Operum
893 1655 1186 1725 qualitate,-
1204 1655 1294 1709 illa
1322 1655 1601 1712 credamus
1623 1672 1652 1710 a
1676 1656 1787 1712 Deo
1812 1654 2090 1725 praedesti-

505 1756 653 1814 nata,
686 1761 806 1816 quae
826 1745 1204 1804 misericordia:
1229 1747 1315 1802 vel
1351 1747 1591 1816 atquitati
1613 1747 1805 1803 divinat
1827 1746 2091 1813 condigna

2180 637 2361 694 Carn'r
2410 653 2498 692 xv.
2550 633 2674 689 Non
2717 634 2954 690 debemus
2999 632 3143 702 nobis
3183 631 3379 702 aliquid
3423 630 3544 686 boni
3591 631 3763 700 aperis

2232 707 2499 782 tanquam
2520 713 2752 782 nostrum
2776 701 3046 782 ascribere.
3075 701 3140 782 In
3169 701 3394 782 liac’vita
3415 718 3566 782 nemo
3597 705 3769 782 perfe-

2257 771 2373 921 cta;
2401 779 2499 832 nisi
2529 793 2619 846 spe
2649 779 2836 847 future:
2858 775 3058 844 gloriae.
3088 771 3284 826 Paulus
3310 773 3566 844 perfectus
3597 781 3644 824 et
3671 775 3768 826 im-

2257 867 2343 921 per
2370 856 2529 902 cetus.

2252 867 2529 922 pem-ctus.

2255 941 2550 1010 Propterea
2579 937 2885 994 nullatenus
2913 936 3155 1002 slnimur,
3188 936 3297 991 imo
3325 935 3614 990 salubriter
3640 949 3768 1004 pro-

2184 1032 2453 1099 bibentur,
2497 1037 2606 1084 tam
2635 1029 2688 1083 in
2715 1035 2900 1083 nostra
2931 1027 3035 1082 llde
3062 1041 3220 1099 quam
3276 1027 3331 1081 in
3366 1035 3551 1080 nostro
3581 1040 3766 1096 opere,

2187 1131 2442 1191 tanquam
2471 1129 2713 1175 nostrum
2743 1119 2898 1175 nobis
2920 1119 3118 1188 aliquid
3141 1117 3434 1174 vindicare.
3461 1118 3599 1173 Dicit
3626 1119 3770 1173 enim

2188 1214 2297 1268 Vas
2325 1213 2636 1270 electionis:
2669 1211 2805 1277 Quid
2825 1221 2995 1266 autem
3025 1210 3179 1266 habes
3202 1212 3337 1281 quod
3366 1227 3469 1265 non
3497 1197 3774 1280 accepisti?

2190 1308 2237 1360 si
2262 1314 2432 1359 autem
2457 1307 2727 1372 accepisti,
2756 1305 2877 1376 quid
2919 1304 3180 1375 gloriaris,
3213 1304 3360 1376 quasi
3390 1320 3492 1358 non
3516 1304 3775 1374 acceperis

2195 1395 2250 1466 (Ι
2279 1393 2400 1452 Cor.
2452 1411 2525 1464 tv,
2556 1393 2650 1466 7)?
2680 1393 2747 1448 Et
2785 1395 2836 1450 in
2875 1403 3062 1452 sancto
3103 1393 3390 1463 Evangelio
3427 1394 3776 1464 praecursoria

2193 1488 2447 1544 dominici
2491 1505 2597 1542 vox
2643 1495 2759 1541 est:
2811 1485 2936 1540 Non
2982 1496 3147 1557 potest
3178 1487 3329 1542 homo
3359 1487 3594 1558 accipere
3621 1487 3774 1559 quid-

2195 1596 2368 1652 quam,
2395 1579 2495 1634 nisi
2523 1579 2699 1633 datum
2729 1579 2774 1632 ei
2805 1578 2960 1649 fuerit
2987 1578 3050 1631 de
3077 1579 3199 1632 creto
3227 1577 3405 1652 (Joan.
3439 1593 3515 1643 ιιι,
3545 1577 3657 1648 27).
3687 1576 3778 1631 Ja-

2195 1672 2362 1726 cobus
2385 1685 2600 1740 quoque
2627 1667 2906 1738 apostolus
2933 1677 3266 1737 protestatur
3292 1687 3305 1721 :
3333 1666 3469 1732 Quia
3507 1685 3656 1722 omne
3681 1668 3780 1722 da-

2197 1769 2306 1815 tum
2330 1765 2598 1831 optimum,
2627 1769 2677 1814 et
2707 1775 2860 1814 omne
2879 1757 3069 1813 donum
3093 1761 3393 1830 perfectum,
3415 1759 3678 1812 desursum
3705 1767 3781 1811 est

507 1842 852 1912 reperiuntur
883 1849 940 1898 et
987 1853 1224 1908 congrua
1252 1859 1264 1894 :
1297 1839 1596 1898 Misericors
1625 1841 1767 1896 enim
1792 1848 1840 1894 et
1873 1841 2094 1895 misera-
2123 1816 2173 1885 Β
2199 1816 2510 1904 descendens
2530 1864 2561 1900 a
2585 1816 2752 1900 Patre
2780 1844 3029 1899 luminum
3056 1816 3198 1916 (jac:
3221 1859 3258 1908 ι,
3275 1816 3391 1915 17).,
3409 1842 3565 1910 Quod
3592 1851 3675 1897 est
3695 1859 3782 1896 auc

506 1943 588 1990 tor
611 1942 660 1990 et
681 1933 856 2004 justus
878 1931 1135 1988 Dominus
1168 1931 1340 2004 (Psal.
1374 1948 1482 1996 CXI,
1515 1931 1592 2002 4).
1626 1935 1703 1986 Ac
1728 1931 1902 2000 primo
1927 1931 2094 1986 totius

507 2027 662 2083 boum
690 2026 987 2082 voluntatis
1016 2025 1223 2080 initium
1253 2025 1320 2080 ab
1341 2025 1428 2082 illa
1455 2024 1780 2094 sempiterna
1811 2023 2091 2086 Trinitate,

507 2134 627 2188 qua:
648 2133 800 2172 unus
824 2116 971 2171 solus
998 2125 1053 2170 et
1093 2132 1254 2171 verus
1275 2123 1356 2170 est
1385 2116 1542 2181 Deus,
1576 2124 1632 2170 et
1661 2116 2096 2186 praedestinatum

509 2207 829 2269 conﬁtemur
850 2217 906 2264 et
925 2209 1130 2264 datum.
1155 2205 1273 2264 Hoc
1299 2208 1442 2262 enim
1471 2207 1676 2264 homini
1705 2207 1940 2277 gratuita
1980 2204 2097 2274 jus-

510 2302 804 2357 titlcatione
833 2301 1019 2358 tribuit
1045 2309 1424 2372 praeparatum,
1476 2301 1620 2370 quod
1651 2301 1704 2356 in
1730 2309 1933 2356 aeterna
1961 2315 2098 2370 pra:-

509 2391 865 2447 destinatione
893 2397 1288 2460 pneparaverat
1339 2390 1701 2446 tribuendum.
1731 2388 1884 2445 Hanc
1907 2390 2099 2445 volun-

513 2484 637 2540 tatis
659 2484 1128 2554 praeparationem,
1154 2484 1405 2554 superius
1439 2492 1638 2539 sanctae
1666 2484 1957 2554 Scriptum
1984 2492 2099 2540 tes-

511 2577 736 2634 timonio
760 2576 1144 2640 demonstravi,
1168 2592 1276 2646 quo
1299 2576 1503 2633 dictum
1523 2572 1984 2648 est:Pc.eparatur
2013 2593 2104 2632 vo-

512 2675 686 2732 luntas
715 2692 745 2729 a
773 2675 1020 2730 Domino.
1052 2673 1134 2730 Ab
1164 2675 1283 2746 ipso
1312 2688 1442 2744 ergo
1466 2676 1722 2733 voluntas
1744 2685 2098 2747 praeparatur,

512 2771 606 2840 qui
644 2771 697 2824 in
730 2769 883 2824 nobis
908 2776 964 2823 et
988 2769 1128 2824 velle
1151 2777 1208 2823 et
1245 2769 1506 2839 perlicere
1536 2770 1954 2826 misericorditer
1972 2785 2104 2840 ope-

484 2847 680 2918 ;ratur.
714 2860 853 2916 Dicit
882 2862 1026 2915 enim
1057 2860 1348 2930 Apostolus
1381 2877 1396 2913 :
1429 2859 1570 2915 Deus
1596 2870 1675 2915 est
1700 2863 1839 2915 enim
1865 2862 1953 2932 qui
1975 2875 2103 2930 ope-

514 2963 659 3008 ratur
701 2954 756 3006 in
781 2949 926 3005 nobis
955 2958 1006 3005 et
1024 2950 1151 3006 uelle
1188 2960 1237 3003 et
1260 2951 1510 3021 perficere
1535 2967 1632 3022 pro
1672 2949 1808 3006 bona
1845 2951 2106 3006 uoluntate

515 3042 738 3114 (Philip.
764 3056 823 3110 ιι,
855 3041 970 3112 15).
993 3040 1247 3110 Loquens
1273 3043 1437 3096 etiam
1469 3041 1608 3096 Deus
1636 3057 1734 3111 per
1761 3042 2102 3112 prophetam,

515 3148 577 3191 se
622 3134 795 3203 ipsum
831 3131 1010 3188 facere
1052 3131 1337 3186 conﬁrmat
1387 3131 1530 3200 quod
1576 3131 1822 3187 ﬁdelibus
1850 3132 2014 3187 donat
2045 3141 2105 3186 ut

517 3193 736 3290 faciant,
769 3223 1064 3280 secundum
1095 3222 1224 3285 illud
1254 3193 1554 3292 oraculum,
1583 3225 1726 3293 quod
1767 3232 1851 3279 est
1897 3242 1926 3278 a
1949 3225 2105 3280 nobis
2134 3193 2181 3258 Ο

517 3331 680 3386 supra
703 3315 812 3385 jam
845 3315 1098 3384 positum,
1129 3327 1239 3382 quo
1267 3311 1398 3368 dicit
1432 3331 1445 3367 :
1474 3312 1542 3367 Et
1571 3315 1764 3385 faciam
1785 3323 1842 3368 ut
1869 3315 1923 3369 in
1946 3314 2105 3384 justi-

519 3407 844 3481 ficationibus
884 3407 1012 3462 meis
1051 3406 1344 3471 ambuletis,
1375 3416 1427 3460 et
1444 3408 1646 3479 judicia
1673 3425 1789 3462 mea
1831 3410 2105 3466 observetis

516 3506 567 3554 st
596 3498 805 3570 faciatis
829 3495 1042 3569 (Επειδὴ.
1074 3512 1257 3563 xxxvi,
1275 3495 1389 3566 27).
1413 3497 1551 3564 Quid
1579 3506 1662 3553 est
1690 3509 1888 3566 autem,
1915 3502 2109 3572 faciam

519 3608 574 3649 ut
601 3594 828 3665 faciatis,
863 3593 986 3654 nisi,
1016 3592 1122 3647 mei
1151 3592 1255 3647 erit
1299 3592 1480 3661 operis
1519 3608 1680 3648 omne
1725 3593 1924 3648 bonum
1963 3593 2110 3663 quod

518 3684 730 3753 operati
758 3682 1002 3739 fueritis?
1033 3683 1152 3754 ipse
1177 3697 1305 3753 ergo
1353 3683 1481 3740 facit
1525 3692 1584 3739 ut
1610 3683 1889 3755 faciamus,
1919 3701 2027 3756 quo
2054 3687 2109 3742 in

521 3783 677 3842 nobis
704 3791 984 3853 operante,
1049 3781 1110 3837 ﬁt
1147 3797 1308 3838 onme
1347 3782 1546 3836 bonum
1583 3780 1727 3850 quod
1756 3778 1997 3834 facimus.
2035 3778 2110 3834 De

519 3888 631 3942 quo
658 3872 854 3928 dicitur
874 3872 940 3926 ad
969 3870 1224 3926 Hebraeos
1257 3889 1268 3923 :
1301 3871 1451 3939 Aptet
1481 3886 1566 3924 vos
1588 3869 1642 3924 in
1673 3871 1813 3923 omni
1851 3868 2001 3933 bono,
2029 3870 2113 3939 {an

521 3964 663 4018 ciens
691 3963 746 4017 in
775 3961 915 4018 vobis
940 3963 1078 4031 quod
1114 3961 1318 4032 placeat
1345 3976 1520 4014 coram
1557 3976 1612 4013 se
1642 3958 1828 4026 (Hebr.
1855 3974 1972 4026 xm,
1993 3957 2106 4028 il).

524 4050 904 4108 Demonstrata
952 4053 1134 4120 itaque
1167 4050 1263 4104 Dei
1286 4050 1458 4117 gratia
1491 4049 1543 4102 in
1572 4048 1714 4102 bona
1755 4047 2029 4101 voluntate
2056 4055 2113 4101 et

523 4144 851 4214 operatione
878 4143 1131 4208 hominis,
1157 4141 1345 4196 futura:
1368 4155 1582 4211 quoque
1604 4139 1970 4194 retributionis
1995 4138 2112 4207 glo-

525 4239 685 4303 riam,
728 4253 848 4309 qua:
875 4236 1164 4292 donabitur
1186 4234 1405 4299 sanctis,
1437 4234 1557 4303 quis
1577 4231 1770 4287 divina:
1795 4231 1978 4299 gratia:
2003 4246 2114 4286 non

525 4344 647 4386 esse
673 4329 1006 4384 contendat?
1034 4342 1156 4382 cum
1180 4327 1294 4382 sive
1315 4325 1618 4390 credentes,
1643 4324 1756 4378 sive
1803 4331 2109 4392 operantes,

527 4421 654 4477 licet
682 4428 866 4476 nostra
897 4420 967 4474 sit
995 4418 1147 4485 ﬁdes,
1173 4427 1229 4475 et
1271 4427 1454 4474 nostra
1483 4420 1590 4474 sint
1618 4434 1804 4488 opera,
1837 4418 1977 4474 sicut
1999 4419 2114 4488 ipse

528 4512 790 4568 Dominus
843 4511 1017 4568 dicit:
1052 4509 1348 4566 Secundum
1394 4510 1553 4581 ﬁdem
1599 4521 1739 4566 tuam
1781 4512 1877 4582 ﬁat
1906 4511 2014 4566 tibi.
2046 4511 2113 4566 Et

529 4603 718 4660 beatus
745 4602 982 4658 Joannes
1001 4603 1258 4673 praedicat
1289 4621 1302 4654 :
1336 4577 1465 4657 Hinc
1499 4613 1576 4657 est
1604 4577 1817 4658 victoria
1856 4620 1972 4673 quia
1995 4605 2111 4658 vin-
2141 4577 2192 4640 Ῑ)

528 4703 601 4755 cit
627 4701 898 4769 mundum,
921 4700 1053 4772 fides
1081 4708 1264 4755 nostra
1297 4699 1357 4770 (Ι
1373 4699 1531 4756 Joan.
1557 4717 1611 4768 v,
1642 4700 1721 4773 4).
1755 4701 1950 4757 Paulus
1977 4718 2113 4771 quo-

529 4809 635 4862 que
664 4794 736 4848 ita
757 4793 944 4849 scribit
968 4810 979 4846 :
1011 4791 1221 4847 Gratias
1248 4809 1344 4864 ago
1375 4791 1484 4847 Deo
1510 4809 1620 4847 meo
1652 4811 1742 4864 per
1762 4793 1788 4846 J
1797 4810 1938 4848 esum
1963 4793 2114 4848 Chri-

525 4896 662 4941 stum
690 4903 783 4957 pro
805 4886 1041 4941 omnibus
1072 4885 1231 4952 vobis,
1268 4888 1389 4953 quia
1427 4886 1556 4957 ﬁdes
1583 4895 1750 4940 uestra
1775 4889 2114 4941 annuntiatur

529 4978 586 5030 in
606 4979 843 5032 universo
865 4977 1056 5032 mundo
1076 4974 1291 5048 (Ephes.
1318 4991 1352 5042 ι,
1381 4974 1457 5047 4).
1490 4975 1662 5046 Opera
1693 4991 1906 5045 quoque
1930 4986 2114 5031 nostra

537 5069 795 5123 Dominus
823 5069 938 5138 ipse
956 5077 1187 5126 testatur
1204 5069 1389 5124 dicens
1415 5086 1428 5120 :
1455 5066 1545 5122 Sic
1566 5068 1735 5122 luceat
1749 5067 1841 5121 lux
1853 5077 2021 5122 vestra
2033 5084 2120 5122 co-

529 5178 642 5216 ram
658 5161 967 5228 hominibus,
991 5163 1284 5218 utvidentes
1305 5170 1473 5218 vestra
1488 5162 1811 5233 bonaopera,
1831 5161 2122 5238 gloriﬁcent

480 5265 482 5267 '
529 5252 745 5309 Patrem
771 5262 990 5309 vestrum
1010 5255 1096 5326 qui
1116 5255 1171 5308 in
1201 5254 1339 5310 caelis
1359 5263 1436 5310 est
1463 5251 1745 5324 (Matt/av,
1775 5252 1886 5324 16).
1921 5253 2122 5310 Tamen

533 5349 662 5420 quia
701 5349 802 5405 ista
848 5363 972 5405 cum
993 5347 1253 5404 habemus
1285 5365 1392 5405 non
1424 5348 1684 5404 habemus
1707 5363 1775 5403 ex
1797 5346 1953 5402 nobis
1977 5358 2121 5414 nata,

531 5441 629 5500 sed
649 5457 681 5496 a
716 5441 829 5498 Deo
857 5441 1077 5508 donata,
1111 5439 1251 5495 sicut
1275 5440 1565 5510 Apostolus
1594 5439 1726 5496 dicit
1758 5458 1770 5494 :
1813 5437 1929 5496 Nos
1955 5448 2125 5508 autem

533 5552 636 5592 non
658 5539 894 5608 spiritum
922 5535 1101 5592 mundi
1123 5536 1435 5606 accepimus,
1465 5535 1556 5591 sed
1575 5535 1814 5608 spiritum
1833 5537 1921 5608 qui
1934 5552 1997 5592 ea:
2015 5534 2122 5594 Deo

533 5637 631 5695 est,
656 5638 711 5683 ut
739 5631 962 5684 sciamus
997 5628 1097 5702 13
1138 5642 1252 5702 quae
1285 5643 1318 5682 a
1348 5624 1458 5682 Deo
1485 5626 1683 5682 donata
1721 5635 1840 5682 sunt
1867 5625 2016 5684 nobis
2047 5632 2060 5692 (
2091 5624 2123 5684 1

534 5717 658 5779 Cor.
688 5739 747 5788 ιι,
775 5721 902 5794 12);;
933 5731 989 5778 et
1013 5723 1139 5792 quia
1194 5734 1527 5791 quaecunque
1564 5719 1720 5776 nobis
1749 5718 1992 5777 facienda
2023 5719 2122 5776 do-

537 5821 652 5884 nat,
673 5813 814 5872 sicut
841 5814 1042 5874 babere
1079 5829 1186 5872 non
1215 5827 1524 5894 possumus,
1548 5812 1654 5869 nisi
1677 5812 1798 5872 ipse
1823 5814 1982 5872 nobis
2011 5813 2118 5871 lar—

2199 1948 2308 1994 tem
2323 1937 2492 2006 magis
2511 1936 2710 1992 donum
2732 1933 3048 2006 perfectum,
3069 1950 3231 2004 quam
3255 1933 3573 2004 gloriﬁcatio
3603 1935 3783 1994 futura

2198 2037 2505 2084 sanctorum
2535 2029 2559 2081 i
2601 2026 2754 2081 Nunc
2781 2027 2923 2081 enim
2951 2026 3256 2081 divinorum
3285 2041 3568 2082 munerum
3599 2031 3679 2094 (ut
3707 2027 3783 2081 ita

2198 2121 2398 2193 dicam)
2440 2119 2680 2175 nondum
2732 2127 2816 2174 est
2863 2115 3102 2190 perfecta
3139 2119 3416 2189 perfectio,
3467 2127 3654 2189 utpote
3693 2120 3786 2174 ubi

2199 2213 2376 2268 omnis
2403 2212 2674 2282 perfectus
2703 2209 3048 2280 perfectionis
3075 2219 3157 2265 est
3186 2211 3413 2280 indigns.
3437 2211 3678 2280 Namque
3698 2211 3786 2267 ille

2200 2306 2290 2375 qui
2347 2305 2524 2359 dixit:
2571 2303 2831 2377 Quotquot
2880 2305 2980 2376 (al.
3023 2305 3349 2376 quicunque)
3403 2322 3524 2378 ergo
3572 2308 3788 2380 perfecti

2199 2413 2394 2462 sumus,
2421 2399 2514 2453 hoc
2539 2397 2818 2453 sentiamus
2842 2395 3062 2469 (Philip.
3087 2413 3162 2460 ιιι,
3187 2396 3298 2466 15),
3317 2397 3452 2452 idem
3481 2399 3636 2453 dicit:
3663 2398 3787 2453 Non

2202 2492 2340 2564 quod
2361 2490 2478 2563 jam
2500 2493 2804 2562 acceperim,
2833 2499 2923 2544 aut
2944 2493 3059 2563 jam
3085 2493 3341 2561 perfectus
3362 2491 3458 2545 sim
3485 2488 3647 2561 (Ibid.
3673 2489 3789 2560 12).

2204 2581 2327 2638 Fuit
2379 2597 2508 2652 ergo
2539 2581 2806 2654 perfectus
2853 2598 2949 2653 spe
2978 2581 3169 2638 futurae
3213 2582 3658 2652 glorilicationis;
3689 2580 3789 2638 fuit

2205 2683 2386 2730 autem
2409 2670 2751 2744 imperfectus
2776 2682 2943 2728 onere
2965 2675 3328 2745 corruptionis
3348 2683 3403 2729 et
3423 2674 3786 2728 mortalitatis.

2207 2763 2406 2834 Corpus
2453 2766 2588 2818 enim
2626 2763 2763 2836 quod
2791 2765 3155 2834 corrumpitur,
3190 2773 3440 2841 aggravet
3469 2767 3715 2829 animam,
3742 2772 3792 2818 et

2207 2857 2448 2929 deprimit
2478 2867 2679 2910 terrena
2705 2855 3018 2911 inhabitatio
3046 2872 3248 2910 sensum
3289 2855 3451 2910 multa
3478 2857 3789 2927 cogitantem

2209 2949 2363 3021 (Sap.
2396 2963 2469 3013 ix,
2496 2946 2609 3016 15).
2641 2947 2764 3002 Fuit
2792 2947 3062 3018 perfectus
3091 2949 3494 3018 exspectatione
3524 2950 3790 3016 muneris;

2208 3038 2309 3093 fuit
2329 3037 2678 3108 imperfectus
2696 3036 3009 3107 fatigatione
3026 3041 3351 3098 certaminis.
3368 3039 3398 3093 Ε
3412 3041 3489 3095 uit
3504 3042 3792 3112 perfectus,

2209 3133 2354 3203 quod
2404 3140 2586 3187 mente
2624 3133 2892 3188 serviebat
2940 3133 3041 3204 legi
3093 3134 3232 3198 Dei;
3292 3131 3390 3188 fuit
3432 3135 3793 3207 imperfectus,

2210 3224 2357 3296 quod
2404 3239 2566 3279 carne
2601 3224 2872 3278 serviebat
2922 3224 3027 3292 legi
3080 3226 3308 3296 peccati.
3339 3225 3459 3282 Fuit
3506 3229 3792 3298 perfectus,

2211 3314 2525 3369 desiderium
2547 3314 2742 3368 habens
2777 3315 2986 3370 dissolvi
3011 3324 3059 3370 et
3079 3332 3190 3370 esse
3210 3333 3323 3369 cum
3346 3316 3548 3372 Christo
3572 3318 3793 3394 (Philip.

2211 3412 2372 3486 1,5);
2387 3412 2486 3469 fuit
2507 3423 2684 3471 autem
2708 3413 3207 3486 imperfectus,quia
3227 3416 3463 3484 quandiu
3480 3417 3576 3473 fuit
3599 3419 3651 3476 in
3673 3436 3795 3474 θοι-η

2209 3521 2363 3578 pore,
2407 3505 2848 3577 peregrinabatur
2874 3520 2906 3558 a
2935 3503 3181 3560 Domino.
3211 3503 3332 3559 Fuit
3369 3505 3654 3578 perfectus,
3687 3509 3795 3580 ple.

2211 3598 2423 3651 nissime
2443 3597 2629 3659 sciens,
2664 3596 2782 3670 quia
2807 3593 2963 3661 Deus,
3001 3612 3312 3669 quwcuuque
3335 3600 3587 3668 promisit,
3613 3608 3794 3671 potens

2214 3697 2355 3744 estet
2373 3687 2729 3762 facere(Rom.
2750 3685 2947 3760 tv,2l);
2972 3687 3068 3741 fuit
3095 3698 3270 3763 autem
3294 3689 3795 3765 imperfectus,quia

2213 3779 2358 3834 Deus
2387 3780 2437 3834 in
2467 3779 2667 3833 sanctis
2691 3779 2802 3834 suis
2844 3777 3088 3850 quaedam
3118 3779 3354 3836 nondum
3389 3781 3513 3836 fecit
3534 3799 3598 3838 ex
3623 3785 3796 3839 omni.

2215 3872 2316 3926 bus
2343 3887 2462 3942 quae
2484 3870 2747 3943 promisit.
2775 3868 3002 3940 Propter
3028 3872 3170 3940 quod
3194 3872 3354 3928 etiam
3379 3890 3566 3930 omnes
3593 3877 3798 3946 antiqui

2211 3964 2344 4033 justi
2397 3965 2570 4034 (sicut
2618 3963 2757 4018 idem
2803 3963 3095 4034 Apostolus
3123 3962 3293 4034 dicit),
3327 3964 3637 4024 Trstimouio
3675 3969 3798 4038 ﬁdei

2216 4053 2551 4126 cemprobati,
2592 4071 2694 4110 non
2724 4063 3028 4124 acceperunt
3074 4056 3542 4124 repromissionem,
3573 4056 3682 4113 Deo
3706 4076 3798 4128 pro

2217 4146 2365 4200 nobis
2417 4145 2599 4202 melius
2643 4143 2958 4212 providente,
2994 4161 3056 4198 ne
3105 4145 3215 4199 sine
3249 4144 3394 4200 uobis
3433 4149 3801 4220 perficerentur

2220 4236 2407 4309 (Hebr.
2441 4255 2525 4303 xi,
2573 4233 2682 4307 59).
2711 4235 2860 4292 Sicut
2899 4251 3027 4306 ergo
3057 4238 3423 4307 prmcedentes
3453 4241 3618 4295 sancti
3650 4245 3801 4300 testi-

2221 4331 2402 4385 monio
2427 4325 2918 4397 ﬁdeicomprobati,
2944 4343 3048 4381 non
3076 4329 3332 4385 suntsine
3360 4319 3822 4400 subsequentium'

2219 4419 2553 4492 perfectione
2576 4419 2794 4489 perfecti
2817 4437 2827 4468 :
2855 4419 2933 4474 sic
2956 4419 3345 4488 subsequentes
3360 4423 3528 4477 sancti
3553 4440 3661 4480 non
3683 4441 3803 4496 pos-

2221 4527 2346 4574 sunt
2382 4519 2500 4573 sine
2527 4515 2957 4588 praecedentibus
2992 4515 3195 4584 perlici.
3230 4514 3439 4572 Donum
3469 4517 3650 4588 itaque
3679 4535 3804 4590 per-

2224 4612 2422 4668 fectum
2449 4619 2576 4664 tunc
2605 4608 2854 4664 omnibus
2883 4608 3096 4664 dabitur
3135 4609 3348 4678 quando
3376 4613 3575 4670 sanctis
3602 4623 3803 4672 aeterna

2225 4699 2542 4772 gloriﬁcatio
2568 4699 2858 4756 tribuetur.
2891 4699 3041 4754 Tunc
3069 4701 3206 4756 sicut
3233 4701 3446 4758 Veritas
3471 4703 3598 4758 dicit
3624 4723 3636 4756 :
3665 4705 3805 4762 Iusti

2225 4791 2492 4865 fulgebunt
2518 4793 2648 4848 sicut
2689 4791 2766 4848 sol
2811 4791 2863 4844 in
2913 4809 3068 4862 regno
3106 4791 3285 4847 Patris
3324 4795 3403 4850 sui
3446 4794 3657 4865 (Matth.
3691 4814 3806 4864 xm,

2224 4884 2336 4956 45).
2368 4882 2514 4939 Illius
2542 4890 2624 4938 est
2651 4882 2811 4952 igitur
2845 4883 3007 4938 etiam
3050 4884 3150 4940 hoc
3181 4882 3381 4940 donum
3427 4884 3740 4954 perfectum,
3774 4905 3808 4945 a

2225 4991 2334 5046 quo
2363 4982 2445 5031 est
2471 4974 2598 5030 doni
2630 4975 2794 5028 totius
2822 4974 3050 5030 initium.
3082 4973 3233 5040 Quod
3261 4975 3444 5044 utique
3471 4978 3669 5035 donum
3698 4996 3809 5038 non

2227 5067 2515 5135 diceretur,
2547 5067 2594 5122 si
2618 5081 2726 5122 non
2755 5066 2915 5120 etiam
2939 5066 3043 5122 hoc
3066 5081 3133 5120 ex
3160 5067 3330 5134 gratia
3351 5066 3660 5124 donaretur.

2225 5182 2407 5238 CAPUT
2445 5197 2552 5236 ιιι.
2603 5179 2778 5235 Gratis
2824 5189 3074 5250 operatur
3112 5177 3246 5234 Deus
3288 5180 3504 5236 salutem
3554 5194 3807 5241 nostram.

2629 5251 2766 5308 Vera
2787 5249 2956 5324 gloria
2981 5267 3014 5306 a
3045 5249 3150 5304 Deo
3171 5251 3282 5310 solo
3301 5262 3396 5309 est.

2303 5351 2454 5410 Unus
2480 5360 2659 5412 autem
2681 5351 2818 5409 Deus
2847 5359 2948 5416 est,
2972 5350 3063 5420 qui
3091 5350 3258 5418 gratis
3282 5360 3338 5406 et
3364 5362 3522 5410 vocat
3543 5355 3812 5426 ιιι-πάθοιὶ-

2233 5452 2410 5510 natos,
2447 5454 2503 5504 et
2541 5440 2803 5512 justiiicat
2832 5447 3072 5506 vocatos,
3100 5450 3159 5497 et
3184 5442 3449 5510 gloriﬁcat
3471 5446 3808 5516 justiiicatos.

2230 5536 2385 5594 Sicut
2412 5544 2595 5599 autem
2651 5551 2756 5590 non
2787 5543 2870 5592 est
2897 5533 3039 5590 aliud
3062 5533 3380 5603 jnstilicare,
3409 5539 3510 5592 nisi
3536 5539 3709 5607 justos
3736 5540 3813 5595 fa-

2227 5643 2375 5693 cere,
2398 5627 2478 5684 sic
2500 5642 2608 5684 non
2621 5635 2704 5682 est
2723 5623 2867 5683 aliud
2881 5624 3204 5694 gloriﬁcare,
3218 5628 3320 5682 nisi
3339 5629 3603 5696 gloriosos
3616 5630 3812 5688 facere.

2222 5703 2485 5788 Proinde,
2507 5719 2633 5789 quia
2648 5715 2792 5775 Deus
2812 5731 2940 5774 suos
2958 5723 3014 5772 et
3028 5716 3283 5786 justilicat
3302 5727 3356 5774 et
3373 5720 3656 5787 gloriﬁcat,
3675 5723 3813 5778 sicut

2225 5813 2412 5884 gratiae
2426 5813 2591 5882 ipsius
2604 5827 2741 5882 opus
2754 5818 2863 5882 est,
2872 5825 2999 5869 cum
3007 5808 3339 5883 facitjustos,
3354 5811 3432 5870 sic
3444 5815 3628 5883 gratia:
3649 5815 3811 5886 ipsius
