4026 6336
261 351 371 421 165

1500 355 2239 439 nummi.

3445 375 3550 439 106

264 478 404 544 opus
426 466 566 536 erit,
595 480 720 528 eum
747 465 913 528 faciet
938 468 1218 542 gloriosos.
1244 474 1379 544 Quia
1407 469 1548 531 sicut
1575 488 1735 529 nemo
1759 489 1855 544 po-
1880 478 1934 551 Α
2024 474 2298 551 rationalis
2316 474 2362 529 si
2383 489 2439 551 εξ
2463 471 2581 551 Deo
2596 471 2833 551 subiicit,
2854 472 3197 551 sublimatum
3218 441 3342 551 sise
3363 475 3532 551 επεν-ι,

266 568 374 617 test
406 559 612 617 habere
654 576 837 619 veram
857 562 1135 633 justitiam,
1177 563 1278 619 nisi
1308 561 1469 622 fuerit
1491 563 1814 634 justiﬁcatus
1835 605 1851 631 ,

264 654 345 711 sic
382 669 542 710 nemo
592 662 771 726 potest
808 653 1009 711 habere
1053 672 1236 715 veram
1279 656 1525 731 gloriam,
1560 657 1660 715 nisi
1690 657 1853 723 fuerit

267 745 615 815 gloriticatus.
648 742 803 801 Unde
822 753 1003 801 autem
1024 746 1095 803 sit
1114 762 1242 803 vera
1265 747 1365 821 14
1383 747 1572 817 gloria,
1601 746 1852 805 Salvator

266 844 449 891 noster
469 849 591 890 cum
614 830 829 888 Iudaeos
858 834 1164 907 increparet
1189 836 1445 903 ostendit,
1468 835 1682 891 dicens:
1710 831 1851 905 Quo-

265 925 417 980 modo
446 924 661 998 potestis
695 940 781 980 vos
808 925 1033 994 credere,
1074 928 1159 1000 qui
1181 928 1398 999 gloriam
1421 927 1484 983 ab
1514 919 1732 984 invicem
1761 945 1851 982 ac-

266 1019 434 1087 cipitis
465 1034 483 1071 :
518 1026 569 1070 et
594 1016 818 1088 gloriam
846 1034 959 1095 qua:
993 1035 1026 1075 a
1065 1018 1175 1073 sola
1204 1016 1313 1074 Deo
1335 1028 1431 1084 est,
1480 1036 1583 1074 non
1618 1019 1849 1095 quaeritis

268 1106 447 1179 (Ioan.
466 1125 520 1176 v,
539 1103 668 1179 44)?
689 1105 842 1163 Hune
868 1124 1083 1164 sensum
1106 1109 1309 1166 habens
1331 1108 1530 1165 Paulus
1556 1118 1612 1165 et
1639 1108 1849 1165 veraci-

265 1208 352 1258 ter
378 1201 612 1256 dicens:
651 1197 763 1258 Nos
806 1209 980 1256 autem
1015 1218 1221 1257 sensum
1264 1201 1456 1257 Christi
1509 1200 1752 1256 habemus
1794 1198 1851 1274 (Ι

266 1297 383 1354 Cor.
409 1297 595 1368 11,16),
630 1297 767 1353 sicut
796 1296 1021 1369 gloriam
1047 1314 1229 1353 veram
1250 1314 1280 1353 a
1303 1296 1415 1354 Deo
1446 1313 1564 1354 esse
1591 1303 1845 1362 noverat,

264 1392 617 1462 itajustitiam
638 1407 820 1447 veram
850 1406 918 1447 ex
940 1391 1049 1447 Deo
1078 1406 1200 1447 esse
1222 1389 1507 1447 conﬁrmat
1526 1389 1708 1446 dicens
1732 1408 1745 1442 :
1779 1386 1851 1445 Ut

260 1486 495 1540 inveniar
515 1486 567 1538 in
588 1484 678 1539 illo
703 1500 807 1538 non
827 1482 1018 1539 habens
1044 1484 1211 1538 meam
1221 1483 1498 1555 justitiam,
1513 1498 1627 1556 quae
1644 1497 1709 1536 ea;
1738 1481 1850 1553 lege

259 1588 355 1645 est,
389 1579 484 1635 sed
509 1580 673 1642 illam.
704 1595 817 1652 qua!
846 1596 909 1634 ex
937 1578 1040 1650 ﬁde
1064 1587 1139 1637 est
1167 1576 1378 1644 Christi,
1403 1594 1518 1650 qua:
1545 1594 1611 1632 ex
1630 1575 1740 1632 Deo
1769 1584 1848 1629 est

256 1671 465 1754 justi1ia
502 1671 559 1725 in
603 1670 708 1741 ﬁde
730 1668 945 1747 (Philip.
976 1686 1050 1734 Ill,
1076 1667 1151 1739 9).
1196 1667 1263 1727 Et
1301 1669 1543 1741 quamvis
1574 1665 1849 1727 abundent

258 1761 491 1833 plurima
516 1760 857 1823 documenta,
889 1760 1081 1835 quibus
1108 1761 1311 1816 clareat
1354 1777 1461 1815 non
1487 1760 1661 1817 solum
1689 1758 1846 1815 bona:

2029 545 2354 616 deprimitur.
2388 542 2531 598 Deus
2560 542 2777 599 humiles
2804 542 2953 619 facit,
2978 560 3082 602 non
3107 542 3320 602 inuenit.

2029 643 2211 707 Bonus
2233 659 2362 715 ergo
2384 643 2525 700 Deus
2539 646 2799 701 bonarum
2826 652 2912 701 est
2930 644 3177 705 conditor
3203 654 3538 704 naturarum.

1966 738 2109 794 Vidit
2130 739 2268 794 enim
2288 736 2429 793 Deus
2460 738 2621 811 (sicut
2647 738 2908 810 scriptum
2933 737 3036 811 est)
3058 740 3235 796 omnia
3253 756 3369 815 qua
3392 740 3539 814 fecit,

1957 841 2009 887 et
2035 848 2151 886 ecce
2188 827 2324 887 bona
2370 832 2519 888 valde
2556 830 2711 903 (Gen.
2740 849 2779 899 t,
2822 831 2936 908 3i).
2981 832 3041 889 lu
3071 834 3266 905 quibus
3292 835 3544 891 omnibus

1956 942 2077 999 quae
2099 925 2246 995 fecit,
2266 925 2587 985 rationalem
2609 936 2913 984 creaturam
2935 926 3214 984 meliorem
3242 928 3451 985 caeteris
3476 926 3548 983 fe-

1956 1020 2049 1076 cit.
2082 1017 2172 1075 Sic
2208 1028 2387 1075 tamen
2417 1019 2615 1092 potiori
2653 1027 2916 1076 creatura:
2963 1021 3138 1093 majus
3159 1021 3332 1078 voluit
3370 1021 3548 1076 inesse

1954 1109 2191 1179 bonum,
2236 1118 2294 1166 ut
2348 1112 2511 1168 etiam
2560 1108 2758 1167 inﬁrme
2795 1119 3059 1187 creatura:
3105 1111 3307 1167 nullum
3347 1111 3549 1167 inesset

1956 1202 2384 1259 substantialiter
2426 1203 2644 1259 malum.
2698 1201 2776 1258 Ac
2802 1216 2902 1274 per
2948 1201 3073 1269 hoc,
3127 1203 3376 1275 superius
3404 1209 3549 1259 esset

1957 1289 2141 1349 inﬁmo
2158 1292 2302 1348 bono
2324 1291 2517 1349 melius
2537 1298 2777 1348 creatum
2805 1293 3028 1357 bonum,
3044 1293 3131 1349 cui
3156 1309 3422 1350 summum
3449 1293 3547 1350 bo—

1958 1402 2086 1443 num
2120 1383 2283 1457 (quod
2306 1394 2547 1443 creatum
2571 1402 2678 1441 non
2708 1392 2810 1451 est,
2835 1394 2891 1440 et
2918 1401 2950 1441 a
2970 1401 3078 1456 quo
3105 1402 3266 1442 omne
3288 1384 3547 1445 mutabile

1954 1474 2157 1531 bonum
2170 1484 2411 1532 creatum
2422 1474 3420 1556 est)justedominaretur.Cujusetiam
3433 1492 3550 1551 par-

1955 1569 2270 1641 ticipatione
2306 1569 2404 1641 15
2433 1569 2648 1624 beatum
2676 1576 2841 1638 esset,
2873 1568 2917 1625 si
2946 1584 3157 1624 summo
3196 1568 3341 1624 bono
3361 1567 3549 1624 humili

1953 1662 2246 1718 dilectione
2301 1662 2550 1716 serviret.
2580 1659 2854 1716 Creatum
2906 1661 3106 1732 quippe
3152 1658 3406 1714 rationali
3446 1657 3550 1718 alia

1953 1751 2235 1809 beatitudo
2264 1769 2368 1810 nec
2411 1754 2605 1829 potuit,
2654 1768 2757 1809 nec
2802 1760 2984 1825 potest
3028 1768 3169 1819 esse,
3201 1768 3304 1809 nec
3329 1751 3549 1825 poterit,

260 1851 556 1908 voluntatis
579 1850 842 1921 bonaeque
864 1851 1189 1921 operationis
1205 1850 1558 1920 gratiam,sed
1584 1850 1746 1905 etiam
1771 1851 1847 1921 ip-
1877 1866 1929 1935 Β
1952 1845 2057 1902 nisi
2088 1853 2146 1900 ut
2176 1860 2495 1916 agnoscens,
2526 1862 2558 1901 a
2578 1862 2687 1917 quo
2714 1862 2823 1902 non
2863 1846 3038 1902 solum
3067 1844 3228 1911 facta,
3262 1845 3359 1902 sed
3388 1846 3551 1901 etiam

267 1959 389 1998 sam
416 1951 722 1998 sanctorum
751 1940 1214 2015 gloriﬁcationem,
1239 1943 1495 1999 divinitus
1523 1952 1577 1998 et
1606 1944 1849 2001 inchoari

268 2046 488 2103 prorsus
516 2040 572 2086 et
607 2028 823 2102 perﬁci,
865 2038 1042 2086 tamen
1073 2032 1303 2089 arbitror
1333 2033 1496 2087 etiam
1525 2031 1641 2089 haec
1668 2049 1787 2104 qua:
1816 2048 1848 2088 a

270 2122 426 2177 nobis
451 2121 620 2179 posita
652 2127 776 2175 sunt
798 2126 1066 2191 utcunque
1095 2120 1359 2177 sufﬁcere.

263 2232 447 2293 Carur
476 2252 600 2291 xvu.
636 2234 858 2309 Initium
891 2236 1057 2309 omnis
1088 2237 1285 2309 peccati
1312 2234 1572 2309 superbia.
1607 2234 1770 2293 Casus
1798 2246 1849 2293 st

526 2324 675 2379 paena
705 2305 950 2377 Luciferi.
982 2304 1143 2379 Casus
1165 2307 1317 2377 primi
1340 2304 1581 2361 hominis.

334 2396 402 2453 Et
425 2397 546 2454 ideo
564 2397 695 2467 jam,
729 2406 786 2453 ut
810 2396 973 2453 libelli
1003 2397 1170 2453 series
1206 2403 1553 2468 temperetur,
1583 2396 1849 2454 malorum
1874 2400 1881 2407 ’

264 2504 481 2561 quoque
507 2491 856 2557 voluntatem,
905 2491 1276 2562 operationem
1319 2506 1383 2544 ac
1436 2489 1849 2545 retributionem

265 2578 612 2635 considerare
655 2578 928 2635 debemus.
957 2577 1030 2634 Ut
1064 2593 1416 2649 agnoscamus
1467 2585 1647 2634 utrum
1676 2580 1849 2635 malos

262 2669 405 2726 Deus
413 2671 592 2741 justus
607 2669 674 2725 ad
686 2671 790 2725 hoc
803 2670 1258 2742 praedestinaverit
1278 2670 1599 2735 faciendum,
1618 2670 1762 2740 quod
1791 2671 1849 2725 in

263 2766 341 2821 eis
366 2767 655 2836 ptmiturus
681 2774 762 2820 est
789 2763 1007 2820 factum.
1039 2764 1121 2819 An
1151 2764 1350 2820 idcirco
1380 2765 1591 2834 iniquos
1621 2766 1688 2821 ad
1716 2781 1847 2836 sup-

262 2857 483 2927 plicium
493 2855 640 2925 juste
661 2855 1134 2927 prmdestinaveﬁt,
1150 2857 1274 2926 quia
1289 2871 1476 2913 eorum
1498 2856 1639 2912 mala
1657 2871 1844 2928 opera,

264 2945 391 3002 licet
421 2945 602 3003 futura
630 2949 922 3019 pnesclret,
957 2964 1065 3004 non
1095 2959 1273 3004 tamen
1306 2948 1419 3020 ipse
1449 2948 1849 3020 praedestinavit

266 3050 326 3095 ut
353 3039 531 3095 futura
557 3048 756 3110 essent,
771 3043 894 3113 quia
926 3058 1033 3097 non
1059 3041 1175 3115 ipse
1204 3040 1326 3099 fecit
1356 3051 1415 3098 ut
1438 3041 1848 3112 ﬁerent.ltaque

214 3129 221 3133 ’
259 3130 309 3188 si
335 3133 546 3188 initium
571 3134 775 3204 peccati
796 3134 1106 3207 requiritur,
1134 3134 1265 3191 nihil
1286 3134 1428 3190 aliud
1456 3135 1559 3193 nisi
1589 3134 1845 3205 superbia

1955 1954 1987 1993 a
2016 1952 2124 2011 quo
2145 1938 2424 1994 rationalis
2444 1946 2523 1995 est
2550 1937 2711 2005 facta,
2743 1938 3004 2009 majorem
3027 1936 3373 1994 dilectionem
3401 1936 3553 1993 exhi-

1954 2030 2084 2086 beat
2111 2032 2254 2086 bono
2283 2032 2513 2087 creatori
2539 2046 2701 2101 quam
2732 2030 2853 2086 sibi.
2886 2029 3072 2101 Neque
3110 2029 3254 2085 enim
3284 2030 3334 2085 ei
3376 2027 3554 2083 inesse

1956 2128 2142 2197 posset
2170 2120 2436 2176 ullatenus
2464 2121 2627 2190 ratio,
2658 2120 2757 2175 nisi
2786 2121 2835 2175 ei
2865 2127 3049 2193 posset
3078 2117 3339 2177 creatoris
3378 2117 3555 2174 inesse

1954 2212 2196 2280 dilectio,
2227 2213 2352 2285 quia
2376 2230 2477 2270 nec
2506 2221 2589 2270 est
2618 2214 2721 2268 alia
2751 2228 2872 2285 quae
2898 2227 3025 2268 vera
3064 2212 3133 2267 sit
3175 2210 3440 2283 sapientia
3468 2208 3555 2269 vel

1955 2304 2311 2375 intelligentia
2341 2314 2602 2361 creatum
2628 2304 2930 2374 rationalis,
2958 2304 3059 2360 nisi
3088 2302 3306 2361 dilectio
3336 2308 3555 2359 creato-

1954 2398 2052 2462 ris,
2085 2398 2273 2467 inqua
2315 2405 2464 2453 tanto
2522 2396 2695 2467 magis
2740 2397 2987 2453 minusve
3035 2404 3119 2455 est
3171 2392 3391 2452 dilectio
3438 2394 3553 2460 sui,

1956 2498 2160 2565 quanto
2183 2489 2354 2562 magis
2380 2490 2625 2545 minusve
2655 2487 3003 2545 dilectionem
3028 2504 3128 2546 suo
3156 2486 3378 2543 exhibet
3403 2500 3554 2547 (ιι-οδε

1956 2586 2083 2640 tori.
2114 2583 2378 2641 Voluntas
2406 2598 2567 2655 porro
2606 2591 2867 2638 creatura:
2896 2581 3181 2637 rationalis
3219 2581 3335 2636 sine
3374 2579 3554 2653 quali-

1956 2690 2168 2746 cunque
2198 2690 2385 2731 amore
2412 2690 2521 2729 non
2543 2681 2722 2745 potest
2746 2689 2864 2730 esse
2898 2692 2911 2727 :
2944 2689 3047 2730 nec
3085 2674 3162 2729 sic
3207 2681 3387 2745 potest
3429 2670 3553 2728 δίη.

1955 2782 2102 2841 gere,
2146 2775 2203 2823 ut
2224 2768 2463 2824 amorem
2492 2782 2647 2823 suum
2676 2783 2784 2823 non
2814 2765 2942 2825 velit
2982 2766 3050 2822 ad
3081 2764 3283 2838 aliquid
3304 2765 3554 2835 religare,

1954 2844 2074 2932 qua:
2104 2858 2244 2915 inter
2271 2876 2539 2917 sunnnum
2568 2860 2790 2928 bonum,
2820 2875 2851 2915 a
2879 2875 2988 2931 quo
3016 2867 3197 2916 creata
3224 2865 3328 2929 est,
3351 2866 3409 2916 et
3434 2857 3553 2916 inﬁ~

1956 2966 2101 3005 mum
2131 2950 2352 3016 bonum,
2386 2952 2471 3007 cui
2511 2950 2730 3023 praelata
2769 2957 2887 3019 est,
2931 2949 3112 3006 medio
3159 2950 3393 3023 quodam
3435 2948 3555 3007 loco

1954 3043 2150 3117 posita,
2183 3045 2424 3115 profecto
2446 3053 2538 3099 aut
2567 3045 2620 3099 in
2648 3042 2833 3100 inﬁmo
2860 3042 3006 3102 bono
3032 3059 3251 3101 necesse
3280 3053 3365 3101 est
3397 3045 3555 3101 mises

1954 3137 2197 3192 rabiliter
2215 3136 2415 3207 jaceat,
2442 3146 2535 3193 aut
2563 3138 2615 3192 in
2646 3153 2858 3195 summa
2903 3136 3049 3194 bono
3092 3137 3356 3195 veraciter
3385 3134 3556 3195 felici~

260 3223 557 3279 invenitur.
595 3224 737 3280 Dicit
763 3227 902 3283 enim
931 3225 1237 3299 Scriptura:
1273 3225 1490 3283 Initium
1517 3228 1686 3283 omnis
1726 3242 1848 3303 pec-
1875 3248 1923 3319 ο
1954 3235 2145 3300 terque
2184 3228 2508 3299 requiescat.
2547 3226 2791 3295 Quodam
2846 3227 3048 3283 etenim
3095 3240 3279 3281 amore
3328 3225 3554 3297 rapitur,

262 3317 379 3370 cati
401 3314 625 3387 superbia
656 3315 840 3389 (Eccli.
875 3335 930 3383 κ,
960 3316 1072 3391 15).
1104 3316 1233 3387 Quae
1263 3320 1445 3390 utique
1476 3330 1603 3375 tunc
1632 3319 1847 3375 initium

264 3408 513 3478 sumpsit,
542 3424 657 3464 cum
682 3411 903 3479 angelus
932 3408 1188 3467 adversus
1216 3408 1384 3469 Deum
1425 3413 1620 3477 elatus,
1654 3420 1710 3472 et
1728 3412 1846 3483 ipsa

267 3502 503 3560 elatione
529 3510 843 3577 prostratus,
883 3518 980 3573 per
1009 3502 1496 3572 concupiscentiam
1523 3503 1663 3581 (qua:
1693 3503 1846 3561 radix

269 3606 354 3653 est
367 3598 599 3652 omnium
616 3595 895 3667 malorum)
912 3596 1096 3655 volens
1113 3610 1374 3666 usurpare
1398 3594 1544 3665 quod
1568 3595 1644 3652 illi
1659 3594 1846 3657 datum

275 3704 305 3744 a
330 3688 437 3745 Deo
474 3705 582 3745 non
612 3687 730 3756 fuit,
760 3705 789 3742 a
819 3687 930 3745 Deo
960 3688 1205 3747 discessit
1241 3696 1295 3743 et
1323 3688 1513 3747 cecidit
1533 3730 1549 3757 ,
1580 3688 1633 3747 in
1663 3703 1771 3758 quo
1798 3690 1845 3745 si

279 3781 533 3849 stetisset,
579 3798 686 3835 non
738 3779 1033 3841 cecidisset.
1084 3779 1193 3839 Sed
1230 3795 1329 3853 per
1355 3764 1847 3853 concupiscentiam

284 3875 483 3939 ntalem,
514 3875 640 3946 quia
667 3874 970 3944 concupivit
1014 3874 1133 3944 plus
1157 3882 1310 3935 ettra
1362 3888 1438 3941 se,
1469 3874 1645 3937 minus
1674 3872 1847 3935 factus

286 3967 425 4023 estin
452 3983 529 4027 se.
548 3966 715 4034 Quam
745 3967 1251 4038 concupiscentiam,
1275 3966 1404 4027 licet
1428 3967 1646 4038 explere
1666 3970 1848 4039 nequi-

282 4057 409 4112 verit
450 4072 633 4129 opere,
668 4066 844 4117 tamen
885 4058 1102 4117 retinuit
1132 4058 1425 4115 voluntate.
1467 4057 1558 4116 Sic
1600 4059 1714 4135 ipse
1743 4057 1846 4119 sibi

273 4147 375 4222 jam
421 4148 588 4207 iactus
629 4157 710 4205 est
754 4164 951 4223 paena,
997 4156 1057 4207 ut
1094 4150 1416 4221 supplicium
1461 4165 1677 4223 semper
1701 4160 1848 4209 esset

268 4239 412 4313 maio
462 4239 708 4295 voluntas
755 4256 891 4299 maia
922 4283 937 4309 ,
992 4248 1250 4312 tanquam
1290 4256 1435 4299 eatea
1474 4242 1588 4313 ipsa
1633 4243 1846 4300 accitas

274 4347 384 4387 sua.
433 4330 497 4388 Et
542 4332 969 4402 concupiscentia
1017 4334 1274 4402 peccandi
1316 4342 1645 4401 tormentum
1692 4335 1847 4395 ﬁeret

270 4425 569 4495 peccaturi,
618 4432 673 4483 et
717 4424 964 4490 rebellis,
989 4439 1053 4480 ac
1096 4422 1308 4494 refuga,
1343 4427 1433 4497 qui
1465 4426 1610 4487 illam
1648 4427 1846 4509 imper—

271 4515 586 4571 turbabilein
640 4520 877 4591 requiem
934 4516 1141 4587 fugerat
1171 4558 1185 4583 ,
1252 4518 1504 4588 deinceps
1559 4520 1844 4591 perturba-

1953 3337 2051 3378 seu
2074 3335 2197 3375 cum
2217 3318 2523 3375 obedientia
2554 3317 2885 3385 sublevatur,
2908 3325 2964 3372 et
2985 3315 3219 3372 creatori
3247 3315 3393 3370 bono
3418 3313 3555 3371 bene

1951 3408 2233 3482 subjicitur
2263 3428 2278 3462 :
2311 3409 2423 3465 sive
2459 3423 2581 3464 cum
2624 3406 2876 3480 superbia
2924 3405 3259 3479 deprimitur,
3318 3410 3378 3459 ut
3404 3417 3555 3461 area-

1952 3518 2088 3567 tune
2107 3508 2264 3565 bona:
2293 3507 2435 3565 male
2463 3506 2791 3565 dominetur.
2826 3501 2977 3561 Sicut
3019 3503 3165 3560 enim
3213 3501 3273 3559 tit
3318 3501 3556 3561 elatione

1952 3600 2190 3667 humilis,
2222 3600 2302 3657 sic
2323 3598 2382 3655 tit
2411 3598 2711 3655 humilitate
2735 3596 2997 3657 sublimis.
3030 3594 3170 3653 Dicit
3197 3595 3341 3651 enim
3371 3594 3555 3651 Domi-

1952 3708 2054 3752 nus
2083 3701 2139 3751 et
2163 3690 2419 3761 Magister
2447 3700 2632 3766 noster
2662 3707 2675 3743 :
2711 3686 2895 3747 Omnis
2923 3687 3010 3761 qui
3036 3703 3091 3743 se
3118 3685 3442 3751 emanauerit,
3468 3683 3554 3746 hu.

1951 3786 2240 3851 miliabilur
2268 3802 2285 3840 :
2314 3794 2364 3840 et
2411 3786 2495 3857 qui
2535 3801 2592 3841 se
2628 3782 3005 3849 humiliaverit,
3055 3778 3369 3837 exaltabitur
3400 3774 3552 3853 (Luc.

1953 3895 2064 3945 xlv,
2098 3876 2213 3947 il).
2242 3876 2474 3949 Propter
2501 3875 2644 3949 quod
2678 3876 2809 3937 item
2851 3874 3110 3945 scriptum
3138 3879 3222 3928 est
3255 3889 3267 3927 :
3293 3869 3435 3925 Deus
3462 3886 3553 3927 su-

1951 3968 2125 4043 perbis
2154 3969 2371 4036 resistit,
2398 3967 2673 4025 humilibus
2695 3973 2866 4027 autem
2894 3962 2985 4019 dat
3005 3964 3233 4037 gratiam
3257 3959 3461 4034 (Iacob.
3478 3974 3554 4028 tv.

1954 4060 2022 4127 6;
2055 4059 2084 4117 1
2114 4059 2260 4119 Petr.
2294 4077 2346 4124 v,
2377 4058 2456 4130 5).
2506 4058 2690 4130 Neque
2720 4072 2851 4113 vero
2884 4053 3028 4113 Deus
3055 4054 3318 4121 humiles,
3363 4051 3554 4125 quibus

1954 4153 2048 4215 dat
2073 4156 2322 4225 gratiam,
2353 4160 2480 4209 ante
2508 4152 2691 4208 datam
2721 4149 2949 4211 humiles
2978 4148 3183 4205 invenit
3216 4165 3228 4201 :
3258 4146 3353 4203 sed
3376 4144 3554 4219 dando

1953 4244 2206 4319 gratiam,
2238 4243 2471 4299 humiles
2499 4240 2646 4298 facit.
2681 4239 2796 4296 Hoc
2822 4240 2999 4311 ipsum
3029 4240 3196 4307 enim,
3234 4236 3376 4295 Deus
3402 4247 3427 4277 ι
3457 4250 3554 4307 per

1955 4335 2180 4406 gratiam
2210 4334 2378 4391 donat
2409 4351 2422 4386 :
2459 4340 2516 4389 ut
2560 4330 2802 4403 quisquis
2845 4345 2967 4387 eam
3004 4328 3309 4405 acceperit,
3338 4327 3554 4385 humilis

1955 4426 2069 4481 tiat.
2102 4425 2328 4496 Propter
2356 4423 2498 4497 quod
2525 4423 2639 4495 ipse
2666 4419 2981 4492 Uuigenitus
3010 4429 3211 4479 sancta:
3239 4418 3554 4474 humilitatis

1954 4516 2146 4579 doctor
2179 4524 2341 4586 atque
2390 4515 2612 4583 largitor
2655 4513 2785 4568 dicit
2811 4530 2824 4565 :
2856 4512 3051 4568 Discite
3076 4528 3109 4565 a
3135 4527 3246 4577 me,
3271 4512 3392 4584 quia
3415 4510 3553 4565 mitis

269 4606 411 4661 tioni
447 4609 688 4675 serviret,
736 4618 896 4679 atque
942 4625 970 4663 a
1021 4610 1165 4664 bono
1202 4608 1419 4666 domino
1451 4611 1849 4683 relinqueretur
1873 4619 1932 4695 υ
1957 4625 2068 4662 sum
2110 4615 2159 4660 et
2194 4607 2401 4660 humilis
2430 4606 2623 4660 corde:
2647 4614 2697 4661 et
2724 4605 2993 4659 invenietis
3019 4604 3243 4676 requiem
3279 4600 3552 4657 animabus

261 4695 446 4775 juste,
500 4716 652 4768 quem
696 4701 809 4772 ipse
848 4700 1061 4771 reliquit
1107 4701 1323 4771 injuste.
1383 4700 1460 4761 ita
1514 4704 1714 4763 factum
1764 4714 1851 4763 est

263 4797 327 4844 ut
355 4805 701 4860 perseverans
734 4790 1065 4846 inordinatus
1086 4807 1152 4847 ex
1182 4809 1260 4860 se,
1293 4794 1632 4853 ordinaretur
1655 4796 1707 4850 in
1738 4812 1797 4852 se
1825 4816 1838 4849 :

262 4882 393 4938 etin
425 4898 490 4939 eo
538 4884 630 4955 qui
659 4885 712 4939 in
753 4901 811 4941 se
840 4884 1083 4943 ordinem
1138 4887 1406 4957 perderet,
1438 4888 1598 4947 divini
1640 4872 1845 4949 ordinis

262 4976 402 5031 ratio
433 4992 539 5030 non
571 4978 790 5047 periret.
831 4975 945 5032 Hoc
973 4986 1038 5033 et-
1067 4980 1119 5034 in
1144 4979 1359 5037 homine
1386 4979 1632 5049 contigit,
1680 4994 1843 5055 quem

263 5065 378 5138 ipse
400 5067 647 5122 diabolus
666 5068 974 5139 serpentina
1002 5069 1291 5124 calliditate
1319 5069 1531 5140 dejecit.
1552 5072 1596 5125 Α
1622 5070 1844 5129 domino

260 5160 461 5231 quippe
489 5160 636 5215 bono
665 5160 1003 5229 dissentiens,
1033 5170 1088 5218 et
1112 5178 1270 5221 servo
1309 5164 1449 5219 malo
1477 5165 1841 5227 consentiens,

259 5255 417 5309 make
437 5255 733 5313 voluntatis
754 5255 1000 5313 eﬁ‘ectum
1022 5258 1236 5329 plenum
1265 5256 1486 5337 adipisci
1508 5274 1614 5317 non
1637 5259 1839 5328 potuit:

257 5350 383 5419 quia
406 5350 519 5421 ipsa
545 5352 748 5405 malitia
762 5350 1049 5411 voluntatis
1069 5368 1096 5406 a
1112 5351 1219 5407 Deo
1243 5367 1348 5413 non
1372 5350 1483 5407 fuit.
1502 5351 1653 5409 Hanc
1674 5353 1842 5419 enim,

257 5438 307 5494 si
336 5456 366 5495 a
396 5441 506 5497 Deo
537 5459 647 5498 non
677 5440 996 5510 discederet,
1023 5459 1129 5498 non
1161 5443 1402 5501 haberet.

258 5546 438 5624 Caput
456 5568 616 5624 Διῖτιιι.
648 5551 942 5624 Rationalis
965 5562 1204 5624 creatura
1234 5551 1383 5624 beata
1408 5569 1511 5613 non
1537 5562 1704 5624 potest
1729 5572 1842 5615 esse

328 5621 429 5678 nisi
441 5621 742 5679 Creatorem
762 5622 877 5695 plus
902 5622 1086 5696 diligat
1105 5639 1258 5695 quam
1273 5641 1328 5678 se
1356 5621 1545 5695 ipsum.
1586 5624 1836 5683 Voluntas

333 5868 353 5894 ι
384 5858 555 5913 Abest
584 5871 615 5910 a
642 5854 763 5910 cod.
799 5868 926 5908 mss.
960 5870 1047 5909 cer
1075 5854 1322 5915 aratiant.

1957 4702 2138 4757 vestris
2169 4696 2384 4769 (Matth.
2430 4715 2512 4763 χι,
2563 4696 2674 4767 29).
2715 4695 2867 4751 lianc
2892 4694 3134 4769 requiem
3179 4693 3551 4765 perdiderunt,

1958 4787 2051 4865 qui
2080 4787 2382 4845 humilitate
2416 4786 2615 4857 rejecta
2646 4784 2903 4839 adversus
2935 4784 3097 4841 vitam
3135 4798 3286 4837 suam
3339 4791 3550 4837 tumue-

1957 4880 2104 4942 runt,
2133 4885 2189 4931 et
2233 4876 2285 4930 in
2332 4884 2562 4931 mortem
2612 4890 2709 4946 per
2752 4873 3058 4945 superbiam
3103 4869 3432 4928 reciderunt.
3478 4870 3552 4929 De

1958 4970 2156 5025 talibus
2182 4970 2323 5024 enim
2347 4968 2548 5024 dictum
2575 4977 2659 5023 est
2689 4985 2701 5020 :
2733 4965 2983 5039 Dejecisti
3019 4980 3138 5030 eos,
3189 4980 3302 5018 cum
3337 4963 3552 5018 extolle-

1956 5070 2135 5121 rentur
2184 5059 2355 5130 (Psal.
2402 5076 2568 5126 Lxxn,
2612 5057 2721 5130 18).
2764 5054 2983 5112 Talibus
3029 5062 3210 5113 autem
3263 5062 3551 5126 propterea

1958 5152 2102 5209 Deus
2128 5155 2360 5221 resistit.
2392 5155 2516 5226 quia
2558 5154 2611 5215 in
2642 5151 2719 5209 eis
2745 5150 3051 5222 superbiam
3082 5147 3197 5219 ipse
3236 5164 3344 5202 non
3376 5144 3502 5202 fecit
3536 5164 3550 5200 :

1958 5263 2056 5319 per
2083 5263 2243 5319 quam
2289 5247 2485 5319 injuste
2508 5246 2713 5303 malunt
2740 5245 2792 5301 in
2822 5250 3103 5314 peccatum
3129 5240 3344 5304 cadere,
3372 5248 3427 5297 et
3455 5254 3549 5309 per

1957 5324 2118 5413 quam
2135 5339 2280 5413 juste
2301 5345 2572 5395 merentur
2595 5337 2649 5395 in
2675 5343 2898 5408 peccato
2924 5333 2952 5374 ι’
2978 5345 3315 5406 permanere.

1957 5450 2137 5509 Carus
2172 5467 2278 5511 xix.
2313 5449 2562 5509 Interim
2592 5466 2694 5505 non
2715 5466 2781 5504 ea:
2808 5448 2937 5512 Deo,
2969 5446 3063 5504 sed
3087 5462 3152 5501 ea:
3189 5442 3543 5515 superbiant.

2244 5520 2380 5581 Deus
2406 5522 2602 5593 peccati
2632 5520 2768 5577 ultor
2795 5530 2904 5591 est,
2926 5536 3030 5577 non
3058 5525 3256 5581 auctor.

2029 5623 2282 5685 Proinde.
2303 5624 2429 5683 auia
2451 5622 2659 5689 initium
2687 5622 2843 5689 mala:
2866 5619 3158 5681 voluntatis
3176 5616 3427 5689 superbia
3440 5621 3546 5686 est.

2014 5851 2066 5893 ’δ
2090 5850 2173 5907 Al.
2198 5868 2483 5913 remanere,
2514 5859 2573 5906 ut
2592 5850 2795 5906 habent
2822 5862 2948 5905 mss.
