4122 6330
535 360 637 420 167

1520 365 1530 370 ’
1563 360 1622 418 S.
1660 350 2028 416 FULGENTll
2063 345 2367 416 El’lSCOPI
2405 353 2771 420 RUSPENSIS

3700 359 3802 423 968

533 499 653 556 quae
681 498 749 540 ex
773 483 886 541 Deo
913 498 1024 542 non
1061 490 1174 550 est,
1221 482 1503 556 perspicue
1538 482 1726 550 claret,
1757 499 1865 539 non
1894 498 1961 539 ex
2005 480 2118 538 Deo
2144 481 2202 544 Α
2223 496 2280 548 ιι,
2313 477 2527 552 15,16).
2552 481 2840 538 Hicautem
2853 480 3036 540 mundi
3053 480 3270 540 nomine
3289 453 3810 554 hominessigniticat

533 595 654 636 esse
687 579 996 636 hominibus
1032 580 1310 636 interitum
1355 577 1510 632 malae
1557 578 1906 649 Operationis,
1948 576 2042 633 sed
2086 593 2119 632 a

532 673 675 744 justo
697 674 880 744 judice
920 674 1142 730 retribui
1189 672 1344 728 malis
1381 671 1656 728 interitum
1695 672 1930 728 ultionis.
1982 669 2120 725 Mala

532 768 731 838 quippe
763 767 1008 822 voluntas
1038 783 1145 822 non
1159 767 1393 837 pertinet
1411 765 1478 820 ad
1506 766 1768 837 optimum
1795 773 2116 830 creatorem;

531 860 671 926 [usta
702 873 831 912 vero
854 867 880 895 ι
906 857 1087 928 injusti
1109 859 1281 930 angeli
1303 857 1620 930 hominisque
1649 857 1922 913 damnatio
1948 856 2120 928 perti-

533 957 625 1002 net
655 947 722 1002 ad
748 949 1109 1018 aequissimum
1140 948 1497 1017 cognitorem.
1538 948 1620 1005 Ad
1646 949 1978 1005 voluntatem
2016 947 2120 1017 igi-

533 1047 620 1092 tur
646 1039 843 1094 malam
874 1041 1016 1097 Deus
1052 1041 1324 1096 hominem
1367 1057 1476 1097 non
1513 1043 1947 1113 praedestinavit,
1995 1041 2121 1110 quia

531 1128 737 1185 homini
761 1147 880 1186 eam
918 1132 1140 1188 daturus
1180 1133 1295 1204 ipse
1340 1149 1449 1189 non
1491 1133 1609 1189 fuit.
1651 1133 1932 1202 Quomodo
1979 1133 2123 1188 enim

531 1220 674 1276 Deus
702 1223 995 1290 hominem,
1020 1240 1180 1295 quem
1203 1224 1270 1278 ad
1293 1225 1581 1294 imaginem
1611 1241 1762 1280 suam
1791 1225 1944 1290 fecit,
1986 1239 2124 1294 prae-

532 1312 824 1369 destinaret
847 1315 914 1369 ad
936 1315 1133 1369 malam
1155 1314 1510 1383 voluntatem,
1533 1330 1692 1384 quam
1716 1315 1830 1385 ipse
1849 1330 1957 1369 non
1976 1313 2126 1369 fecit?

532 1402 716 1476 Itaque
767 1422 993 1477 peccare
1047 1407 1102 1461 in
1145 1407 1248 1462 hoc
1301 1407 1465 1462 homo
1513 1407 1695 1476 ccepit,
1727 1406 1781 1461 in
1821 1422 1928 1476 quo
1958 1405 2126 1461 aDeo

532 1499 799 1554 discessit.
828 1499 1099 1570 Scriptum
1130 1507 1214 1554 est
1241 1500 1385 1554 enim
1419 1518 1431 1552 :
1467 1499 1600 1566 Quia
1629 1500 1832 1553 initium
1876 1497 2127 1569 superbia:

533 1600 832 1663 apostatare
877 1610 908 1646 a
955 1591 1067 1647 Deo
1093 1591 1282 1664 (Eccli.
1317 1609 1370 1656 χ,
1415 1592 1524 1663 ixi).
1557 1590 1624 1646 Et
1665 1592 1770 1648 alio
1799 1592 1958 1646 loco:
1992 1589 2129 1645 Ecce

535 1700 710 1738 omnes
749 1686 834 1756 qui
864 1701 917 1738 se
944 1684 1189 1756 elongant
1229 1702 1262 1737 a
1301 1694 1374 1748 te,
1407 1682 1642 1754 peribunt
1665 1700 1682 1736 :
1707 1683 1978 1754 perdidisti
2004 1699 2126 1737 omo

535 1790 627 1828 nes
656 1777 740 1846 qui
763 1776 1088 1846 fornicamur
1119 1773 1208 1829 abs
1244 1783 1293 1830 te
1325 1774 1495 1848 (Psal.
1527 1791 1693 1841 Lxxn,
1722 1773 1837 1842 9.7).
1879 1773 1970 1828 lsti
1998 1787 2127 1842 ergo

2223 574 2407 628 mundi
2433 575 2588 629 istius
2615 575 2899 632 dilectores
2923 594 2935 630 :
2963 576 3055 648 qui
3083 594 3192 632 non
3232 577 3352 635 ideo
3381 595 3479 650 pro
3520 577 3812 636 dilectione

2223 665 2407 720 mundi
2434 666 2690 736 puniendi
2717 677 2860 736 sunt,
2883 668 3008 738 quia
3038 668 3272 740 aliquam
3311 670 3663 726 substantiam
3692 685 3812 726 ma-

2223 754 2332 810 lam
2359 755 2608 827 diligunt,
2661 773 2784 813 cum
2835 759 3132 816 substantia
3184 762 3500 818 naturaliter
3555 765 3698 820 nulla
3745 765 3817 821 sit

2222 849 2385 915 mala,
2411 850 2507 906 sed
2535 851 2660 920 quia
2688 851 2989 916 dilectionis
3005 853 3246 909 ordinem
3270 872 3377 912 non
3406 865 3670 925 tenentes,
3685 857 3816 913 dum

2223 939 2344 1011 plus
2372 939 2520 1012 justo
2549 942 2775 1013 diligunt
2810 943 3104 1012 mundum,
3155 949 3333 1005 minus
3383 948 3550 1005 Deum
3591 950 3818 1021 diligunt

2224 1048 2389 1103 quam
2415 1033 2636 1104 diligere
2675 1035 2991 1094 debuerunt.
3033 1039 3152 1095 Non
3181 1051 3361 1098 autem
3389 1043 3587 1113 aliquid
3616 1045 3820 1100 inordi-

2225 1133 2410 1179 natum
2440 1125 2581 1182 Deus
2608 1126 2752 1194 fecit,
2783 1145 2884 1184 nec
2911 1129 3112 1199 aliquid
3140 1131 3506 1189 inordinatum
3532 1132 3648 1189 ﬁeri
3675 1149 3814 1205 pra:-

2225 1215 2530 1284 destinavit,
2555 1218 2647 1287 qui
2667 1234 2764 1289 per
2791 1221 3095 1291 apostolum
3136 1239 3293 1279 suum
3331 1225 3590 1296 imperat,
3617 1235 3676 1281 ut
3702 1244 3818 1283 om-

2227 1310 2319 1361 nia
2345 1309 2555 1364 honeste
2573 1321 2622 1364 et
2640 1313 2923 1368 secundum
2942 1315 3177 1370 ordinent
3191 1317 3324 1388 ﬁant
3345 1317 3400 1388 (Ι
3423 1318 3540 1386 Cor.
3573 1335 3684 1387 χιν,
3704 1319 3817 1390 40).

2229 1395 2457 1468 Propter
2483 1399 2626 1469 quod
2655 1409 2709 1455 et
2735 1401 2788 1456 in
2814 1404 3015 1460 sanctis
3035 1405 3293 1477 eloquiis,
3335 1415 3394 1462 ut
3428 1416 3708 1478 peccatum
3744 1409 3822 1464 vi-

2229 1497 2391 1556 tetur,
2424 1493 2621 1548 caritas
2647 1493 2881 1550 ordinari
2907 1499 3233 1570 praecipitur.
3251 1499 3519 1573 Scriptum
3535 1510 3620 1558 est
3640 1505 3784 1560 enim
3801 1521 3819 1558 :

2234 1581 2511 1640 Ordinavit
2555 1588 2609 1641 in
2649 1606 2732 1644 me
2776 1592 3044 1648 caritatem
3076 1593 3250 1668 (Cant.
3283 1614 3340 1664 ιι,
3370 1596 3446 1668 4).
3479 1596 3616 1655 lluic
3645 1600 3823 1656 ordini

2231 1677 2634 1746 congratulatur
2676 1680 2968 1752 Apostolus
3023 1685 3206 1742 dicens
3238 1705 3250 1742 :
3283 1687 3427 1744 Nam
3467 1692 3564 1745 etsi
3609 1707 3824 1762 corpore

2231 1768 2413 1825 absens
2441 1788 2574 1836 sum,
2601 1775 2692 1828 sed
2717 1778 2900 1846 spiritu
2928 1777 3183 1834 vobiscum
3208 1798 3321 1837 sum
3341 1784 3573 1855 gaudens
3590 1828 3606 1854 ,
3651 1795 3702 1841 et
3740 1787 3820 1842 vi-

535 1866 707 1935 quise
732 1865 985 1935 elongant
1009 1874 1065 1921 et
1084 1865 1412 1922 fornicamur
1436 1865 1614 1930 aDeo,
1643 1865 1827 1934 utique
1854 1865 2130 1934 peccando
2160 1865 2208 1926 B
2235 1863 2359 1916 dens
2404 1865 2638 1920 ordinem
2682 1878 2902 1923 vestrum
2955 1869 3176 1936 (Coloss.
3226 1891 3282 1941 ιι,
3334 1872 3409 1946 5).
3438 1873 3655 1933 Peccati
3693 1893 3825 1934 vero

536 1964 765 2028 pereunt
788 1973 884 2027 per
911 1973 1062 2012 suam
1093 1957 1288 2010 malam
1312 1957 1664 2020 voluntatem,
1688 1970 1808 2025 qua:
1828 1971 1937 2009 non
1956 1963 2039 2010 est
2066 1970 2132 2010 ex

537 2044 671 2103 Deo.
701 2046 900 2103 Perdet
923 2056 1103 2102 autem
1135 2048 1256 2103 illos
1291 2046 1434 2102 Deus
1469 2047 1614 2117 juste
1634 2047 1946 2117 judicando,
1987 2047 2135 2117 quod

543 2137 646 2208 16
672 2139 932 2209 competit
959 2138 1091 2193 Deo.
1123 2137 1237 2193 Non
1261 2138 1405 2193 enim
1425 2153 1521 2193 eos
1542 2137 1684 2192 Deus
1704 2137 1906 2208 judicio
1934 2137 2133 2208 perde-

537 2238 640 2297 ret,
671 2231 774 2286 nisi
800 2246 899 2301 per
925 2247 1050 2287 suas
1078 2231 1386 2300 iniquitates
1408 2231 1508 2302 ipsi
1529 2231 1832 2296 periissent.
1862 2231 2132 2304 Scriptum

537 2331 622 2378 est
650 2323 792 2378 enim
816 2342 831 2377 :
855 2322 1205 2395 Defecerunt,
1253 2325 1517 2394 perierunt
1553 2333 1763 2396 propter
1809 2325 2132 2397 iniquitatem
2168 2360 2172 2362 -

538 2432 686 2470 suam
720 2413 988 2488 (Ibidem).
1038 2415 1288 2472 Defectus
1319 2431 1448 2486 ergo
1476 2431 1506 2470 a
1545 2431 1754 2471 summo
1782 2416 1926 2472 bono
1953 2416 2022 2471 ad
2049 2417 2133 2471 in-

538 2506 721 2564 timum
749 2509 972 2575 bonum,
1002 2509 1108 2564 hoc
1127 2517 1209 2565 est
1227 2509 1533 2580 peccatoris
1561 2509 1836 2579 proprium
1865 2517 1922 2564 et
1939 2509 2132 2564 volun-

536 2599 733 2654 tarium
759 2601 981 2666 malum,
1013 2617 1121 2672 quo
1144 2601 1288 2660 malo
1315 2601 1554 2672 seipsum
1583 2601 1758 2672 perdit
1784 2601 2031 2671 injustus.
2062 2599 2132 2657 Et

537 2692 661 2763 quia
689 2693 815 2749 huic
835 2693 977 2749 malo
1007 2701 1200 2750 auctor
1226 2708 1335 2749 non
1361 2700 1443 2748 est
1472 2692 1640 2760 Deus,
1687 2693 1784 2749 sed
1811 2695 1973 2749 homo
2001 2709 2128 2764 per-

535 2798 744 2849 versus,
768 2783 926 2854 digne
955 2785 1137 2856 itaque
1162 2785 1389 2851 homini,
1418 2786 1510 2855 qui
1535 2801 1595 2841 se
1621 2784 1855 2856 perdidit
1882 2794 2128 2856 peccato,

536 2878 782 2934 redditur
803 2878 858 2933 in
883 2878 1167 2935 tormentis
1185 2885 1387 2934 {eterna
1413 2877 1643 2948 perditio
1672 2896 1685 2932 :
1717 2885 1778 2933 ut
1797 2886 1986 2947 pereat
2004 2880 2127 2948 qui-

538 2970 686 3037 dem,
715 2971 807 3041 qui
831 2971 1009 3042 perire
1040 2970 1223 3037 voluit,
1255 2955 1361 3025 non
1386 2979 1565 3025 tamen
1587 2971 1665 3027 sic
1689 2978 1894 3040 pereat,
1935 2984 2126 3040 quem-

538 3060 825 3116 admodum
852 3061 1043 3116 voluit.
1073 3060 1175 3127 Qui
1216 3061 1361 3114 enim
1398 3060 1477 3115 sic
1527 3060 1718 3130 periit,
1770 3060 2129 3117 delectatione

537 3158 883 3221 peccatorum
933 3151 1160 3218 illectus,
1193 3159 1253 3206 ut
1305 3151 1351 3207 si
1391 3159 1575 3222 posset
1622 3151 1758 3220 ﬁeri,
1803 3161 2045 3207 maneret
2073 3153 2128 3206 in

2236 1953 2447 2008 initium
2495 1956 2538 2010 si
2589 1957 2924 2026 attendatur,
2972 1971 3106 2032 puto
3171 1966 3316 2034 quod
3370 1967 3503 2022 nihil
3545 1977 3631 2024 est
3674 1967 3826 2026 aliud

2234 2056 2396 2112 quam
2425 2044 2788 2102 ordinatarum
2817 2063 2848 2102 a
2870 2048 2983 2106 Deo
3008 2067 3189 2107 rerum
3219 2053 3522 2111 inordinata
3543 2058 3828 2114 rationalis

2233 2144 2496 2192 creatura:
2521 2137 2757 2208 dilectio,
2805 2155 2926 2209 qua:
2969 2151 3164 2213 sponte
3202 2147 3476 2216 perdendo
3521 2129 3828 2207 dilectionis

2233 2227 2503 2296 ordinem,
2539 2232 2771 2300 perdidit
2799 2243 2854 2289 et
2881 2235 3130 2292 salutem.
3162 2238 3244 2294 Ad
3271 2239 3376 2294 hoc
3403 2257 3513 2295 non
3541 2249 3616 2298 est
3645 2257 3673 2298 a
3706 2242 3825 2299 Deo

2232 2321 2614 2390 praedestinata
2641 2327 2920 2383 rationalis
2947 2339 3212 2385 creatura.
3243 2331 3428 2400 Neque
3450 2333 3592 2388 enim
3621 2335 3726 2388 alia
3743 2341 3828 2394 est

2232 2411 2348 2481 ejus
2371 2415 2790 2484 prmdestinatio,
2808 2419 2908 2475 nisi
2926 2418 3227 2476 futurorum
3243 2437 3466 2493 operum
3487 2423 3606 2494 ejus
3623 2403 3852 2484 interna-

2231 2511 2575 2579 praeparatio,
2599 2511 2653 2565 in
2676 2526 2782 2581 qua
2810 2513 3007 2572 nullius
3031 2531 3193 2570 causa
3207 2517 3332 2571 mali
3348 2519 3548 2588 poterit
3575 2519 3827 2585 inveniri,

2231 2599 2358 2670 quia
2387 2603 2764 2670 ex,voluntate
2793 2604 2889 2661 Dei
2931 2623 3200 2680 nunquam
3229 2611 3492 2680 processit
3519 2611 3671 2681 origo
3697 2626 3828 2684 pecs

2230 2691 2358 2746 cati.

2233 2806 2417 2865 Cspur
2433 2828 2563 2888 Δχιιι.
2584 2811 2740 2888 ,Νοιι
2763 2815 3100 2888 prtedestinat
3145 2814 3284 2872 Deus
3331 2817 3589 2873 hominem
3610 2819 3681 2871 ad
3703 2834 3826 2888 pec-

2305 2882 2549 2965 cundum.
2569 2882 2983 3006 :rwde'stinatio
3011 2887 3262 2942 bonorum
3280 2897 3357 2942 est
3376 2905 3443 2944 ex
3470 2882 3712 2960 gratuita'
3724 2887 3826 2944 Dei

2305 2967 2566 3006 misericor
2604 2972 2673 3006 ta.

2303 2967 2566 3008 1111881⁸26οΥ
2569 2967 2655 3009 aia
2661 2994 2673 3008 .

2310 3045 2410 3114 1'7
2432 3043 2740 3101 Misericors
2758 3048 3295 3120 eteniszominus'et
3303 3049 3499 3120 justus,
3514 3051 3580 3108 de
3593 3067 3700 3124 quo
3717 3051 3826 3107 alio

2232 3131 2355 3190 loco
2385 3137 2641 3207 scriptum
2670 3146 2754 3194 est
2781 3157 2795 3193 :
2819 3139 3236 3196 Misericordiam
3269 3152 3320 3198 et
3358 3145 3621 3198 veritatem
3653 3144 3827 3215 diligis

539 3257 704 3312 opere
730 3241 939 3312 peccati
968 3249 1260 3312 perpetuus
1287 3283 1302 3308 ,
1339 3239 1484 3310 juste
1511 3241 1726 3311 quidem
1754 3249 1838 3296 est
1864 3241 1919 3296 in
1946 3241 2126 3312 perdi-

2235 3223 2493 3281 Dominus
2515 3227 2658 3284 Deus
2687 3230 2859 3301 (Psal.
2884 3249 3121 3300 Lxxxnr,
3167 3233 3278 3308 12).
3303 3234 3362 3289 In
3409 3236 3657 3292 omnibus
3693 3250 3828 3306 ergo

538 3332 686 3388 tione
712 3333 921 3403 peccati
950 3332 1219 3399 dimissus,
1252 3348 1361 3404 quo
1381 3331 1598 3404 propria
1619 3331 1812 3388 cecidit
1831 3332 2126 3386 voluntate.

538 3421 646 3479 Sed
669 3440 775 3480 non
795 3424 869 3480 ibi
898 3423 995 3479 fuit
1021 3425 1239 3496 impune
1265 3424 1643 3490 dimittendus,
1675 3439 1743 3479 ne
1771 3423 1913 3479 Deus
1937 3424 2126 3490 ﬁdelis,

538 3512 593 3568 in
621 3529 729 3584 quo
755 3528 862 3570 non
891 3521 977 3570 est
1005 3515 1279 3586 iniquitas,
1311 3515 1402 3584 qui
1427 3521 1510 3570 est
1525 3513 1701 3584 justus
1729 3521 1785 3568 et
1822 3522 2059 3582 sanctus,
2083 3514 2130 3570 si

539 3614 881 3678 peccatorem
900 3622 1114 3678 semper
1129 3607 1184 3661 in
1202 3613 1428 3678 peccato
1443 3605 1770 3676 relinqueret
1785 3604 2127 3676 impunitum,

537 3704 820 3767 putaretur
845 3697 922 3752 illi
946 3697 1160 3768 placere
1186 3704 1485 3769 peccatum.
1516 3695 1686 3763 Quam
1723 3696 2046 3752 sententiam
2075 3697 2130 3753 in

538 3785 860 3856 quibusdam
889 3787 1031 3842 Deus
1070 3789 1246 3858 arguit
1289 3804 1388 3859 per
1424 3787 1740 3844 Malachiam
1786 3790 2127 3861 prophetam,

539 3879 631 3947 qui
660 3878 844 3934 dicunt
872 3897 885 3932 :
921 3879 1103 3933 Omnis
1123 3882 1210 3951 qui
1243 3881 1371 3952 facit
1396 3880 1607 3947 malum,
1637 3879 1800 3936 bonus
1835 3891 1914 3937 est
1951 3899 2128 3938 coram

538 3966 784 4036 Domino,
815 3980 866 4025 et
889 3973 1001 4042 ipse
1023 3973 1079 4025 in
1100 3989 1159 4027 eo
1182 3973 1404 4042 placuit,
1435 3981 1486 4027 et
1515 3971 1602 4027 ubi
1637 3982 1715 4027 est
1738 3972 1880 4028 Deus
1906 3974 2129 4045 justitiae

542 4061 797 4135 (Malach.
822 4080 878 4130 ιι,
912 4063 1024 4135 17).
1054 4062 1206 4120 Juste
1236 4065 1395 4134 igitur
1425 4073 1508 4120 est
1545 4067 1828 4121 subsecuta
1864 4069 2129 4124 severitas

537 4154 752 4225 judicis,
785 4156 876 4211 ubi
903 4157 1177 4226 praecessit
1203 4157 1461 4228 iniquitas
1482 4160 1800 4230 peccatoris,
1832 4161 1957 4231 quia
1985 4161 2128 4218 illius

537 4247 620 4300 rei
648 4246 790 4302 Deus
829 4247 972 4302 ultor
1011 4256 1124 4314 est,
1155 4249 1308 4318 cujus
1335 4257 1524 4306 auctor
1561 4267 1669 4306 non
1697 4246 1798 4316 εει,
1830 4252 1886 4307 id
1913 4261 1996 4309 est
2021 4254 2125 4310 ini-

539 4337 778 4406 quitatis,
809 4353 973 4408 quam
1000 4347 1180 4411 potest
1205 4340 1347 4396 Deus
1368 4343 1576 4412 punire,
1601 4358 1708 4398 non
1743 4333 1939 4401 facere.
1983 4344 2128 4401 Scri-

537 4438 690 4500 ptum
721 4439 805 4486 est
831 4433 972 4487 enim
999 4451 1012 4487 :
1039 4431 1223 4487 Omnis
1240 4436 1322 4506 qui
1353 4437 1479 4505 facit
1507 4445 1800 4507 peccatum,
1827 4439 2127 4511 etiniquita-

540 4531 642 4577 tem
667 4526 810 4595 facit,
841 4534 892 4578 et
919 4535 1182 4596 peccatum
1200 4535 1277 4580 est
1302 4528 1562 4599 iniquitas.
1598 4526 1667 4581 Et
1695 4531 1862 4597 scitis,
1893 4533 2014 4603 quia
2038 4532 2128 4587 ille

2237 3318 2489 3387 operibus
2528 3318 2664 3388 ejus,
2700 3329 2795 3376 aut
2834 3320 2981 3390 justa
3020 3324 3219 3380 veritas
3265 3325 3581 3393 custoditur,
3614 3335 3706 3381 aut
3732 3326 3827 3398 pia

2233 3408 2607 3466 misericordia
2633 3423 2986 3483 praerogatur.
3017 3415 3187 3472 Porro
3211 3426 3412 3483 autem,
3457 3434 3581 3473 cum
3622 3432 3826 3487 negare

2233 3513 2344 3554 non
2373 3501 2638 3571 possimus
2672 3518 2704 3558 a
2743 3501 2855 3559 Deo
2884 3505 3028 3560 bono
3055 3504 3252 3561 factum
3285 3507 3557 3562 hominem
3593 3506 3822 3578 bonum,

2233 3593 2281 3649 si
2304 3593 2597 3651 dixerimus
2621 3611 2745 3652 eum
2772 3613 2805 3653 a
2830 3596 2943 3654 Deo
2970 3598 3408 3669 prtedestinatum
3448 3599 3514 3654 ad
3555 3615 3690 3670 opus
3715 3599 3820 3654 ali-

2233 3686 2383 3757 quod
2405 3688 2629 3756 malum,
2659 3705 2760 3746 nos
2789 3689 2902 3746 Deo
2929 3691 3266 3747 misericordi
3293 3700 3348 3747 et
3380 3691 3524 3762 justo
3551 3691 3658 3746 tale
3684 3705 3825 3762 opus

2235 3779 2407 3852 (quod
2435 3781 2596 3852 absit)
2644 3782 2981 3848 ascribimus,
3031 3783 3120 3840 ubi
3171 3799 3274 3840 nec
3317 3785 3622 3840 misericors
3651 3782 3826 3854 possit

2231 3871 2484 3939 inveniri,
2513 3889 2615 3931 nec
2628 3874 2824 3945 justus.
2853 3875 2910 3931 Si
2931 3878 3074 3932 enim
3098 3892 3221 3933 cum
3247 3895 3278 3934 a
3315 3877 3427 3933 Deo
3448 3877 3601 3933 lieret
3636 3877 3825 3947 homo,

2231 3963 2312 4019 sic
2333 3972 2451 4020 erat
2481 3965 2535 4019 in
2563 3968 2816 4036 praesenti
2844 3983 3008 4036 opere
3030 3967 3125 4024 Dei
3152 3969 3345 4038 bonus,
3375 3978 3436 4025 ut
3463 3970 3518 4024 in
3545 3967 3826 4040 prazdesti-

2231 4056 2451 4111 natione
2479 4056 2596 4126 ejus
2620 4067 2766 4114 esset
2790 4059 2982 4126 malus,
3009 4061 3196 4129 procul
3217 4061 3382 4117 dubio
3401 4061 3497 4117 Dei
3517 4077 3683 4132 opere
3707 4077 3827 4116 ma-

2231 4147 2315 4202 lus
2339 4146 2551 4206 futurus
2579 4160 2716 4217 erat,
2748 4166 2779 4205 a
2807 4166 2916 4220 quo
2943 4152 3012 4207 ad
3039 4153 3370 4222 peccandum
3413 4153 3826 4224 praedestinatus

2231 4240 2414 4297 ﬂebat.
2450 4241 2549 4297 Ubi
2576 4244 2758 4298 statim
2786 4243 2877 4298 illa
2905 4252 3266 4319 consequetur
3292 4244 3628 4312 absurditas,
3657 4253 3718 4300 ut
3741 4244 3830 4300 di-

2231 4341 2415 4400 catur,
2446 4334 2571 4405 quia
2605 4334 2775 4403 Deus,
2813 4335 2882 4391 de
2907 4350 3016 4406 quo
3056 4337 3321 4409 propheta
3353 4337 3496 4402 dicit
3527 4357 3541 4392 :
3567 4335 3669 4402 Qui
3702 4337 3831 4410 fecit

2232 4444 2348 4500 qua:
2393 4430 2570 4501 futura
2609 4439 2730 4484 sunt
2779 4429 2942 4502 (Isai.
2999 4429 3107 4504 ιχ),
3163 4433 3218 4487 in
3264 4448 3325 4488 se
3371 4432 3620 4488 habuerit
3656 4429 3830 4504 (quod

2230 4523 2392 4594 absit)
2417 4523 2715 4593 iniquitatis
2744 4525 3041 4594 originem.
3061 4526 3105 4581 si
3153 4526 3430 4582 hominem
3467 4541 3500 4580 a
3527 4541 3587 4582 se
3622 4523 3830 4582 factum

540 4618 782 4686 apparuit
808 4626 863 4670 ut
889 4625 1098 4688 peccata
1130 4619 1346 4686 tolleret,
1375 4630 1425 4674 et
1451 4630 1714 4693 peccatum
1742 4626 1797 4677 in
1817 4641 1875 4679 eo
1902 4641 2004 4679 non
2031 4633 2125 4679 est.
2236 4612 2351 4684 ipse
2376 4614 2849 4685 ρηεᾶεειίιιεινθιειι
2870 4625 3240 4688 peccatorem;
3261 4617 3657 4690 pmdestinatio
3676 4617 3828 4674 enim

541 4703 724 4761 Omnis
745 4709 828 4780 qui
846 4709 899 4762 in
923 4724 982 4763 eo
1005 4718 1197 4778 manet,
1227 4725 1329 4764 non
1350 4720 1526 4780 peccat
1557 4711 1610 4782 (Ι
1625 4712 1782 4767 Joan.
1805 4729 1884 4783 ιιι,
1906 4713 2042 4786 4-6).
2062 4697 2130 4772 Et

539 4798 736 4855 iterum
772 4818 784 4854 :
819 4800 960 4856 Deus
989 4801 1179 4872 ﬁdelis,
1205 4803 1262 4858 in
1287 4821 1384 4876 quo
1413 4822 1519 4860 non
1546 4816 1622 4862 est
1648 4808 1892 4881 iniquitas
1915 4851 1930 4878 ,
1955 4811 2128 4881 justus

538 4901 590 4945 et
614 4903 821 4948 sanctus
848 4893 1104 4950 Dominus
1153 4896 1330 4968 (Deut.
1355 4915 1528 4967 χχχιι,
1551 4899 1627 4972 4).
1659 4900 1916 4972 lniquitas
1943 4904 2122 4973 igitur,

539 4983 662 5053 quia
692 4985 746 5039 in
777 4985 886 5042 Deo
916 5004 1022 5044 non
1052 4998 1153 5056 est,
1176 4990 1364 5060 utique
1392 5007 1460 5046 ex
1489 4989 1598 5048 Deo
1621 5009 1726 5048 non
1757 5003 1860 5049 est.

539 5071 720 5129 CAPUT
742 5093 832 5130 χχ.
858 5076 1115 5150 Iniquitas
1137 5099 1203 5136 ea:
1221 5083 1519 5137 inordinata
1549 5101 1725 5138 antore
1750 5087 1951 5142 mundi.
1987 5088 2124 5145 Pec-

883 5151 986 5202 cati
1008 5152 1210 5206 initium
1231 5153 1533 5208 inordinata
1558 5154 1784 5211 dilectio.

611 5237 740 5305 Quae
768 5245 850 5292 est
870 5245 1048 5293 autem
1077 5241 1348 5312 iniquitas,
1380 5244 1482 5300 nisi
1505 5245 1645 5300 mala
1666 5248 2124 5318 concupiscentia?

537 5344 698 5400 quam
727 5345 795 5385 ex
818 5329 928 5385 Deo
956 5345 1064 5386 non
1091 5347 1208 5389 esse
1234 5333 1467 5394 Joannes
1495 5339 1770 5410 apostolus
1789 5341 2118 5411 manifestat,

535 5419 718 5477 dicens
749 5440 762 5477 :
794 5421 857 5478 Si
882 5423 993 5496 quis
1014 5423 1184 5496 diligit
1209 5429 1474 5496 mundum,
1498 5447 1602 5486 non
1627 5440 1705 5488 est
1723 5433 1915 5489 caritas
1941 5434 2120 5493 Patris

533 5513 589 5566 in
625 5531 708 5584 eo,
753 5517 875 5586 quia
903 5534 1055 5572 omne
1075 5518 1212 5591 quod
1252 5531 1329 5574 est
1367 5523 1425 5576 in
1461 5526 1677 5596 mundo,
1708 5530 2119 5600 concupiscentia

533 5609 708 5660 carnis
761 5617 859 5675 est,
905 5619 954 5662 et
1001 5611 1414 5682 concupiscentia
1460 5618 1742 5686 oculorum,
1789 5631 1839 5674 et
1879 5621 2119 5694 superbia

531 5699 668 5765 vitta,
697 5717 811 5773 qua:
831 5718 934 5757 non
957 5714 1116 5760 estea:
1143 5703 1326 5776 Patre,
1356 5707 1446 5762 sed
1471 5726 1536 5764 ex
1561 5713 1754 5769 mundo
1773 5723 1850 5770 est
1873 5714 1926 5788 (1
1952 5713 2112 5773 Joan.

2229 4703 2366 4774 ejus,
2395 4705 2720 4775 prmparatio
2747 4715 2830 4761 est
2857 4722 3082 4777 operum
3124 4708 3258 4778 ejus.
3290 4706 3359 4763 Et
3399 4709 3537 4764 sicut
3563 4707 3829 4779 competit

2232 4793 2345 4858 Deo
2393 4796 2539 4852 bono
2581 4804 2640 4852 ut
2667 4812 2832 4853 causa
2871 4799 2942 4853 sit
2969 4799 3137 4855 totius
3165 4801 3345 4870 operis
3364 4800 3511 4864 boni,
3542 4799 3828 4855 sicincon-

2229 4901 2422 4957 gruum
2450 4895 2622 4944 estut
2665 4888 2960 4960 imputetur
3012 4893 3063 4948 ei
3116 4908 3278 4948 causa
3321 4891 3604 4961 cujuslibet
3641 4891 3826 4962 operis

2228 4977 2379 5033 mali.
2413 4979 2618 5035 Deinde
2654 4982 3001 5038 attendamus
3031 4983 3157 5053 quia
3205 4983 3350 5038 nulla
3394 4985 3534 5038 ratio
3581 4984 3826 5039 redditur

2232 5088 2339 5144 qua
2352 5073 2516 5130 homo
2533 5075 2607 5130 ’ad
2634 5083 2921 5146 peccatum
2944 5077 3353 5147 praedestinatus
3367 5093 3397 5131 a
3411 5075 3524 5133 Deo
3547 5077 3820 5133 credatur.

2230 5166 2289 5222 Si
2319 5166 2462 5222 enim
2491 5167 2548 5223 in
2575 5169 2660 5225 his
2695 5185 2835 5240 quos
2866 5169 3007 5225 Deus
3027 5179 3075 5224 et
3095 5169 3258 5225 Pater
3277 5169 3488 5225 Domini
3509 5172 3674 5226 nostri
3693 5169 3821 5224 Jesu

2231 5259 2423 5317 Christi
2443 5262 2704 5320 benedixit
2723 5267 2782 5320 in
2802 5266 2945 5320 omni
2967 5263 3313 5321 benedictione
3339 5265 3561 5337 spiritali
3589 5266 3644 5320 in
3664 5264 3818 5319 cale-

2225 5349 2386 5406 stibus
2424 5355 2481 5407 in
2522 5352 2724 5410 Christo
2764 5355 2909 5422 Jesu,
2950 5357 3084 5410 sicut
3121 5357 3273 5428 elegit
3313 5372 3409 5412 eos
3450 5357 3505 5410 in
3544 5358 3657 5426 ipso
3696 5364 3818 5410 ante

2225 5445 2406 5498 mundi
2445 5448 2885 5511 constitutionem,
2929 5457 2986 5500 ut
3007 5457 3187 5504 essent
3213 5451 3380 5504 sancti
3416 5459 3468 5503 et
3499 5448 3818 5503 immaculati

2223 5537 2279 5592 in
2307 5548 2580 5610 conspectu
2603 5540 2716 5610 ejus
2735 5541 2790 5593 in
2812 5541 3065 5608 caritate,
3101 5542 3187 5613 qui
3220 5541 3602 5613 prtedestinavit
3627 5555 3723 5594 eos
3759 5540 3814 5593 in

2223 5627 2551 5698 adoptionem
2596 5631 2826 5700 ﬁliorum
2879 5649 2972 5702 per
3023 5631 3201 5687 Iesum
3249 5631 3507 5688 Christum
3552 5635 3608 5687 in
3647 5634 3813 5702 ipsum

2226 5719 2438 5793 (Ephes.
2464 5739 2502 5790 ι,
2529 5719 2582 5788 4,
2611 5720 2704 5794 5);
2731 5723 2777 5778 si
2797 5737 2930 5795 ergo
2959 5725 3015 5780 in
3044 5725 3127 5780 his
3147 5741 3306 5784 causa
3331 5720 3807 5796 praedestinattonis

607 5885 632 5915 ἰ
663 5872 792 5934 Haec
821 5877 1011 5949 verba,
1055 5882 1240 5954 injustt'
1279 5884 1452 5960 angeli
1483 5884 1823 5963 hominisque,
1861 5891 2054 5953 absunt
2082 5909 2115 5954 a
2147 5894 2274 5955 cod.
2305 5895 2512 5956 Thuan.
2531 5906 2587 5957 et
2601 5897 2911 5970 Victorino;
2943 5901 3259 5976 legunturin
3278 5901 3398 5959 cod.
3425 5898 3756 5961 Corbeiensi.
