4122 6330
355 377 464 439 1ίί9

1681 394 1758 452 sn
1793 381 2112 456 uomunt:
2149 397 2275 457 us.
2315 399 2353 455 l.

3525 417 3630 476 170

354 507 646 569 πιιιςιειιιιυι,
675 513 784 555 non
813 501 1001 573 utique
1036 501 1159 571 alia,
1200 503 1294 560 sed
1323 505 1436 563 sola
1464 510 1693 578 gratuita
1721 510 1817 567 Dei
1839 513 1942 568 mi-
1969 519 2019 578 Α
2045 513 2307 572 luntatem
2327 517 2543 585 malam,
2575 533 2696 590 quae
2723 529 2809 577 est
2838 525 3002 582 totius
3028 527 3179 598 origo
3206 533 3441 600 peccati,
3467 549 3630 607 quam

353 587 650 644 sericordia
670 591 958 662 reperitur.
988 593 1110 664 Ipse
1137 604 1222 651 est
1248 597 1392 653 enim
1411 597 1478 654 de
1501 615 1608 670 quo
1635 601 1767 658 dicit
1793 605 1939 675 p’sal-

353 694 473 733 mus
497 696 510 730 :
539 678 840 737 Misericors
860 693 912 738 et
933 685 1208 742 miseratur
1226 686 1507 757 Dominus,
1549 691 1861 763 longanimis
1895 705 1944 750 et

352 771 529 826 multa:
552 771 921 831 misericordia:
942 794 961 832 :
983 793 1086 832 non
1116 780 1171 834 in
1210 781 1369 850 finem
1405 784 1683 849 irascetur,
1709 804 1871 860 neque
1889 791 1946 844 in

348 871 604 916 wternum
637 865 998 938 indignabitur
1017 885 1036 923 :
1058 886 1163 925 non
1204 873 1485 928 secundum
1514 888 1724 946 peccata
1765 889 1945 934 nostra

347 954 473 1023 fecit
496 954 664 1023 nobis,
687 972 846 1030 neque
866 960 1144 1015 secundum
1164 963 1459 1033 iniquitates
1482 977 1688 1023 nostras
1710 971 1944 1025 retribuit

346 1043 520 1100 nobis.
551 1043 688 1110 Quia
709 1049 989 1104 secundum
1010 1052 1466 1125 altitudinemcaeli
1488 1075 1521 1111 a
1549 1069 1685 1114 terra
1722 1063 1941 1134 elonga—

345 1137 417 1190 uit
460 1138 757 1210 iniquitates
797 1150 1002 1198 nostras
1043 1161 1077 1196 a
1117 1146 1282 1202 nobis.
1309 1149 1458 1204 Sicut
1485 1151 1756 1207 miseretur
1795 1165 1942 1225 pater

344 1228 496 1297 ﬁliis,
524 1231 599 1284 ita
631 1221 881 1286 misertus
919 1243 996 1289 est
1024 1234 1278 1294 Dominus
1304 1227 1598 1298 timentibus
1619 1261 1735 1299 eum
1767 1221 1938 1314 (Dsal.

344 1337 438 1385 cu,
463 1319 542 1385 8).
573 1320 630 1378 In
660 1323 741 1379 his
769 1326 1019 1382 omnibus
1041 1335 1124 1384 tot
1149 1346 1214 1387 ac
1243 1332 1436 1389 talibus
1463 1334 1638 1403 bonis,
1682 1353 1802 1408 qua:
1828 1339 1938 1396 Do-

344 1413 526 1468 minus
557 1414 806 1470 retribuit
831 1418 1018 1485 malis,
1042 1421 1171 1491 quid
1213 1424 1355 1480 aliud
1384 1442 1544 1496 quam
1574 1429 1808 1486 indebita
1838 1433 1938 1488 mi-

346 1503 639 1560 sericordia
667 1507 918 1563 canitur?
938 1511 1134 1580 quidve
1162 1515 1304 1570 aliud
1328 1532 1487 1587 quam
1514 1523 1742 1590 gratuita
1764 1527 1940 1594 pietas

346 1595 704 1664 praedicatur?
734 1597 868 1653 Nam
899 1608 956 1655 et
997 1603 1050 1656 in
1079 1618 1178 1684 eo,
1208 1607 1353 1675 quod
1383 1626 1488 1664 non
1519 1613 1800 1669 secundum
1817 1633 1938 1686 pec-

345 1693 463 1738 cata
483 1695 664 1739 nostra
683 1687 809 1758 fecit
828 1688 1000 1755 nobis,
1026 1675 1187 1765 neque
1211 1699 1489 1754 secundum
1511 1675 1934 1776 iniquitates'no-

345 1784 482 1830 stras
502 1779 739 1834 retribuit
757 1782 922 1848 nobis,
961 1787 1191 1853 gratuita
1217 1791 1590 1850 manifestatur
1623 1795 1935 1865 justiﬁcatio

2046 609 2228 677 utique
2249 617 2340 664 aut
2367 610 2682 667 retribuisse
2697 612 2865 668 Deum
2879 617 3114 674 nondum
3135 625 3379 690 peccanti
3401 624 3629 695 homini,
3675 670 3708 696 .,

2044 708 2136 756 aut
2162 703 2472 759 retribuissc
2496 705 2823 762 credendum
2843 716 2926 764 est
2947 714 3239 780 peccatori.
3269 714 3418 774 Hauc
3447 719 3631 791 itaque
3689 708 3694 712 ”

2043 792 2344 848 sinendqu
2372 797 2616 864 peccanti
2646 797 2850 854 homini
2881 801 3097 871 tribuit,
3120 804 3238 874 ipse
3267 809 3433 879 (quod
3465 813 3628 883 absit)

2043 891 2231 937 auctor
2261 883 2558 952 iniquitatis
2583 889 2808 956 exstitit,
2840 891 2931 961 qui
2950 893 3150 948 malam
3176 896 3510 957 voluntatem
3531 903 3628 958 de-

2042 973 2120 1028 dit
2152 975 2356 1030 homini
2386 977 2550 1046 bouo,
2579 993 2676 1049 per
2716 996 2877 1050 quam
2921 999 3155 1060 peccans
3205 997 3408 1046 aeterno
3447 1007 3632 1049 mere-
3705 1006 3722 1061 ὃ

2040 1070 2130 1120 tur
2166 1065 2341 1134 puniri
2383 1068 2665 1137 supplicio.
2698 1068 2762 1124 Et
2809 1072 2898 1127 ubi
2937 1081 3038 1139 est,
3073 1076 3196 1144 quia
3237 1076 3383 1133 Deus
3409 1092 3626 1151 mortem

2042 1171 2144 1209 non
2169 1158 2292 1226 fecit
2315 1158 2468 1228 (Sap.
2499 1177 2535 1224 ι,
2562 1159 2678 1230 l5)?
2704 1160 2770 1214 Et
2801 1164 2926 1231 quia
2956 1181 3057 1220 non
3095 1177 3171 1221 est
3208 1169 3452 1239 iniquitas
3481 1174 3626 1241 apud

2041 1242 2241 1298 Deum?
2267 1244 2336 1300 Et
2365 1247 2489 1316 quia
2525 1248 2697 1318 justus
2739 1249 3009 1316 Dominus,
3050 1264 3100 1309 et
3121 1257 3377 1326 justitiam
3407 1260 3610 1326 dilexit,

2042 1338 2333 1406 (equitatem
2386 1339 2513 1394 vidit
2557 1341 2724 1396 vultus
2771 1342 2880 1413 ejus
2928 1344 3101 1412 (Psal.
3140 1347 3314 1414 x,8)?
3343 1349 3400 1404 Si
3445 1360 3628 1406 autem

2041 1429 2196 1484 malae
2224 1431 2513 1486 voluntatis
2536 1433 2748 1487 initium
2769 1438 3041 1504 peccaturi
3067 1439 3270 1493 homini
3286 1456 3394 1496 non
3417 1442 3625 1508 tribuit,

2040 1518 2134 1574 sed
2174 1521 2424 1576 retribuit
2463 1522 2625 1589 Deus,
2650 1535 2706 1579 ut
2748 1526 2816 1581 ab
2857 1527 3077 1584 homine
3110 1531 3366 1586 credatur
3399 1536 3629 1605 cmpisse

2039 1618 2344 1679 peccatum,
2387 1626 2420 1666 a
2469 1612 2581 1668 Deo
2627 1622 2808 1670 autem
2847 1617 3114 1673 redditum
3148 1621 3300 1675 malae
3339 1623 3630 1695 voluntatis

2040 1701 2249 1756 initium
2289 1702 2518 1767 dicatur,
2549 1706 2692 1776 quod
2721 1717 2998 1777 peccatum
3027 1711 3192 1766 homo
3225 1711 3404 1769 facere
3431 1717 3626 1785 potuit,

2040 1789 2093 1844 in
2118 1807 2226 1861 quo
2252 1792 2501 1848 voluntas
2524 1795 2662 1849 mala
2683 1812 2790 1850 non
2821 1797 2953 1852 fuit?
2974 1814 3094 1854 cum
3118 1801 3294 1856 nullus
3316 1801 3517 1859 fructus
3536 1805 3632 1860 ini-

344 1867 653 1938 impiorum.
680 1871 746 1928 Et
774 1874 827 1928 in
855 1891 954 1942 eo,
979 1879 1120 1946 quod
1151 1881 1283 1935 sicut
1321 1887 1592 1941 "memm-
1617 1899 1764 1956 ραιεν
1783 1893 1931 1963 ﬂuis,
1965 1890 2014 1954 Β
2039 1881 2261 1948 quitatis
2303 1883 2503 1937 exoriri
2552 1885 2740 1953 possit,
2796 1886 2896 1941 nisi
2946 1902 3106 1956 quem
3151 1891 3302 1945 radix
3343 1893 3629 1950 voluntatis

334 1963 422 2016 ita
449 1964 688 2019 misertus
708 1977 783 2021 est
803 1967 1060 2026 Dominus
1082 1974 1373 2031 timentibus
1395 1995 1530 2045 eum,
1552 1984 1785 2051 gratuita
1824 1987 1936 2042 cla-

347 2061 431 2108 ret
466 2069 564 2125 per
609 2057 854 2112 eamdem
900 2059 1020 2115 ﬁdei
1054 2060 1490 2131 justiﬁcationem
1537 2072 1754 2143 adoptio
1801 2075 1939 2133 ﬁlio-

345 2161 486 2201 rum.
510 2147 695 2218 Neque
723 2150 866 2204 enim
893 2151 1031 2207 sicut
1067 2163 1222 2223 pater
1254 2155 1375 2214 ﬁliis
1419 2160 1784 2232 misereretur,
1835 2168 1938 2223 nisi

345 2240 502 2297 nobis
526 2244 700 2313 gratia
731 2253 884 2314 pater
912 2247 1106 2318 factus,
1127 2266 1228 2306 nos
1247 2253 1346 2309 sibi
1377 2253 1513 2312 ﬁlios
1536 2255 1712 2315 facere
1753 2259 1940 2329 digna-

343 2341 516 2388 retur.
551 2333 811 2407 Quotquot
837 2341 976 2394 enim
1011 2354 1310 2414 receperunt
1343 2363 1492 2415 eum,
1526 2350 1668 2405 dedit
1687 2355 1764 2407 eis
1793 2365 1940 2424 pote-

345 2432 536 2479 statem
559 2426 697 2497 ﬁlios
718 2427 816 2483 Dei
835 2431 952 2500 ﬁeri
978 2432 1157 2504 (Joan.
1182 2451 1220 2501 ι,
1253 2436 1363 2506 12).

345 2539 531 2598 (ΖΑ-βυτ
562 2559 688 2600 xxu.
721 2543 891 2602 Nemo
919 2549 1320 2675 prwdest‘inatur
1345 2554 1415 2608 ad
1448 2560 1796 2628 perpetranda
1816 2577 1938 2632 pec-

1074 2637 1134 2675 :a
1155 2637 1209 2675 a.
1929 2665 1934 2674 -

1074 2637 1209 2677 εαια.

428 2701 554 2761 Haec
579 2715 656 2762 est
683 2707 736 2762 in
757 2711 959 2765 sanctis
987 2726 1149 2769 causa
1187 2715 1675 2785 prmdestiuationis
1719 2719 1935 2786 divinas,

347 2796 672 2866 praeparatio
699 2799 906 2856 scilicet
923 2800 1322 2870 justiﬁcationis
1360 2815 1414 2862 et
1452 2807 1758 2878 adeptionis
1785 2811 1938 2867 inde-

348 2883 506 2953 bitaz,
536 2902 694 2957 quam
736 2892 1000 2960 quianon
1054 2894 1365 2952 merebatur
1416 2899 1943 2959 voluntas-hominis

349 2977 513 3042 mala,
565 2995 673 3034 non
713 2988 797 3036 est
842 2982 959 3052 ejus
1004 2999 1188 3050 causa,
1238 2987 1342 3043 nisi
1384 2989 1498 3044 sola
1545 2991 1641 3047 Dei
1690 2992 1943 3050 voluntas

2043 1971 2196 2026 mala:
2248 1973 2550 2042 protulerit.
2600 1973 2681 2029 De
2727 1977 2882 2029 corde
2909 1979 3044 2032 enim
3088 1979 3247 2048 (sicut
3275 1981 3484 2037 Veritas
3532 1985 3630 2053 ait)

2041 2071 2228 2114 exeunt
2255 2063 2590 2133 cogitationes
2625 2066 2797 2130 malm,
2826 2067 3123 2134 homicidia,
3154 2071 3432 2135 adulteria,
3467 2075 3630 2143 [orni-

2041 2152 2290 2218 cationes,
2333 2156 2492 2224 furta,
2550 2157 2688 2225 falsa
2742 2157 3050 2224 testimonia,
3103 2160 3452 2233 blasphemia.
3500 2162 3631 2219 Han:

2041 2252 2160 2298 sunt
2187 2261 2302 2314 qua:
2326 2247 2663 2318 coinquinant
2704 2248 2960 2304 hominem
2991 2250 3203 2322 (Matth.
3246 2271 3336 2320 xv,
3369 2254 3481 2326 l9).
3509 2254 3630 2313 Pro-

2041 2346 2162 2408 pter
2190 2338 2336 2410 quod
2365 2341 2505 2396 Deus
2534 2343 2648 2413 ipse
2675 2358 2773 2414 per
2791 2344 3074 2401 Jeremiam
3099 2350 3178 2404 sic
3206 2349 3452 2406 humanae
3479 2353 3632 2408 mali~

2042 2427 2170 2482 tiam
2209 2430 2504 2486 voluntatis
2532 2432 2800 2504 objurgat,
2844 2445 2902 2490 ut
2929 2452 3048 2492 eam
3093 2454 3120 2492 a
3162 2455 3220 2494 se
3246 2441 3475 2498 alienam
3513 2459 3632 2503 esse

2041 2519 2351 2589 perdoceat.
2377 2521 2514 2578 Dicit
2534 2523 2676 2578 enim
2703 2543 2717 2578 :
2742 2524 2858 2598 Ego
2888 2537 2937 2581 te
2955 2528 3184 2598 plantavi
3222 2531 3419 2584 vineam
3448 2535 3634 2603 fructi.

2044 2613 2226 2684 [ει-ατη,
2275 2616 2530 2685 quomodo
2578 2632 2822 2671 conversa
2863 2635 2916 2672 es
2957 2620 3008 2673 in
3064 2622 3460 2676 amaritudinem
3515 2625 3635 2680 vitis

2039 2701 2224 2758 cliente
2247 2703 2382 2768 μιν.
2407 2720 2462 2768 ιι,
2495 2703 2620 2776 2i)?
2649 2706 2894 2761 Alienatn
2937 2708 3122 2777 utique
3149 2724 3180 2764 a
3209 2726 3268 2766 se
3292 2711 3457 2767 vitem
3501 2713 3648 2770 dicit

2042 2808 2150 2849 non
2178 2793 2312 2849 vitio
2339 2794 2902 2862 divinze'couditiouis,
2935 2797 3030 2854 sed
3069 2801 3353 2858 aversione
3397 2805 3632 2876 propria:

2041 2887 2352 2954 voluntatis,
2377 2888 2655 2959 quaajuste
2683 2891 2952 2960 culpatur,
2985 2908 3085 2962 pro
3111 2909 3178 2949 eo
3197 2895 3341 2964 quod
3370 2898 3633 2955 amaritu~

2043 2978 2222 3034 dinem
2251 2981 2495 3050 protulit,
2522 2996 2682 3050 quam
2715 2981 2768 3037 in
2796 2999 2859 3038 ea
2883 2983 3025 3039 Deus
3050 2985 3165 3055 ipse
3187 3002 3294 3042 non
3317 2987 3460 3044 fecit.
3485 2987 3633 3058 Quo«

343 3067 510 3124 bona.
542 3069 601 3126 In
628 3071 710 3128 his
738 3082 915 3130 autem
937 3077 1028 3147 qui
1057 3085 1312 3148 putantur
1338 3080 1720 3151 prtedestinati,
1742 3100 1852 3141 non
1871 3083 1938 3141 ad

2045 3068 2186 3123 niam
2218 3069 2390 3139 ipsam
2419 3070 2853 3137 amaritudinem,
2900 3087 3004 3128 nec
3034 3088 3099 3127 ex
3141 3073 3236 3128 Dei
3283 3076 3633 3147 praedestina-

347 3163 547 3219 luenda
574 3167 871 3237 supplicia,
900 3168 1000 3225 sed
1027 3170 1098 3226 ad
1137 3175 1493 3244 perpetranda
1532 3185 1782 3245 peccata,
1814 3194 1939 3234 cum
2044 3159 2212 3225 tione,
2243 3175 2344 3216 nec
2381 3175 2452 3215 ex
2492 3159 2588 3216 Dei
2617 3176 2800 3231 opere,
2833 3161 2927 3216 sed
2956 3176 3024 3218 ex
3059 3162 3262 3218 malitia
3296 3180 3408 3220 sua:
3447 3167 3632 3222 volun.

348 3271 514 3311 causa
541 3258 1028 3328 praedestinationis
1071 3265 1347 3332 quaeritur,
1379 3280 1485 3321 non
1535 3267 1749 3323 invenio
1805 3268 1938 3338 quid

2044 3253 2170 3307 tatis
2192 3252 2394 3308 habuit.
2427 3250 2532 3306 Pro
2559 3266 2663 3322 qua
2692 3253 3049 3309 amaritudine
3086 3253 3166 3309 sic
3201 3269 3321 3310 eam
3352 3253 3493 3311 Deus
3533 3271 3634 3328 per

355 3349 463 3420 ιθ
489 3349 817 3420 respondere
844 3361 1058 3423 posset,
1089 3355 1331 3426 quisquis
1367 3357 1508 3412 hanc
1546 3374 1790 3416 asserere
1822 3377 1938 3417 me-

347 3437 568 3493 ditatur.
601 3438 851 3512 Nunquid
879 3444 1045 3509 enim,
1075 3445 1216 3502 sicut
1242 3456 1390 3504 recte
1427 3449 1673 3518 dicimus,
1719 3451 1786 3507 ad
1833 3453 1938 3509 hoc

346 3533 760 3604 praedestinatos
784 3546 1028 3606 sanctos,
1072 3547 1132 3594 ut
1169 3539 1282 3596 Deo
1321 3542 1374 3596 in
1402 3542 1480 3598 eis
1514 3543 1938 3601 misericorditer

347 3633 633 3695 operante,
680 3641 750 3682 ex
791 3628 948 3684 malis
985 3627 1173 3686 ﬁerent
1199 3632 1448 3698 boni,.et
1483 3649 1550 3688 ex
1580 3635 1759 3706 impiis
1780 3635 1932 3705 justi,

349 3717 503 3786 quod
532 3734 656 3774 cum
683 3719 932 3786 dicimus,
951 3721 1020 3777 ad
1047 3723 1144 3778 Dei
1171 3725 1396 3793 gloriam
1415 3726 1665 3791 dicimus,
1689 3728 1934 3798 nunquid

347 3809 430 3864 sic
446 3817 594 3865 recte
611 3809 794 3867 dicere
821 3814 1136 3882 poterimus,
1167 3815 1235 3870 ad
1261 3816 1366 3872 hoc
1394 3815 1802 3886 praedestinatos
1827 3819 1934 3874 iui-
1974 3862 1978 3867 .

348 3913 507 3969 quos,
537 3906 595 3954 ut
621 3899 736 3957 Deo
760 3901 813 3957 in
841 3903 939 3968 eis,
977 3905 1079 3960 etsi
1107 3921 1218 3962 non
1256 3907 1702 3976 misericorditer,
1743 3910 1933 3966 saltem

342 3990 490 4062 juste
509 4002 790 4071 operante,
829 4011 899 4051 ex
941 3997 1096 4053 bonis
1143 3998 1335 4054 tierent
1363 4000 1506 4066 mali,
1537 4009 1632 4055 aut
1673 4017 1740 4058 ex
1775 4003 1936 4072 justis

343 4083 546 4138 ﬁerent
573 4085 761 4155 impii?
789 4085 945 4142 Absit
973 4088 1078 4144 hoc
1107 4105 1138 4144 a
1167 4091 1322 4146 uobis
1371 4099 1533 4161 atque
1573 4093 1641 4148 ab
1687 4095 1936 4151 omnibus

346 4171 695 4243 Christianis,
741 4185 800 4232 ut
827 4193 1041 4234 causam
1087 4180 1371 4250 cuiuslibet
1407 4184 1615 4253 peccati
1651 4185 1934 4254 quisquam

345 4265 608 4338 deputare
637 4269 830 4326 divina:
857 4271 1052 4328 audeat
1086 4275 1326 4345 aequitati
1350 4292 1363 4328 :
1391 4289 1513 4331 cum
1552 4291 1654 4332 nec
1697 4277 1936 4352 malitias,

339 4373 451 4414 nec
484 4359 784 4430 impietatis,
804 4361 1118 4434 cujusquam
1157 4380 1320 4421 causa
1356 4381 1476 4422 esse
1511 4368 1700 4438 possit,
1751 4368 1851 4424 nisi
1879 4367 1936 4422 in

342 4462 418 4503 eo
452 4449 547 4519 qui
581 4451 754 4508 malus
788 4461 952 4524 atque
987 4455 1182 4527 impius
1221 4456 1400 4512 fuerit.
1441 4454 1512 4512 Ut
1539 4471 1667 4526 ergo
1693 4473 1761 4514 ex
1781 4458 1937 4515 malis

344 4541 487 4595 ﬁant
516 4543 758 4601 homines
778 4545 930 4614 boni,
961 4556 1016 4602 et
1054 4563 1122 4603 ex
1162 4547 1339 4619 impiis
1360 4549 1513 4619 justi,
1563 4549 1827 4605 laudanda
1855 4558 1939 4607 est

2042 3359 2204 3414 supra
2231 3351 2588 3398 memoratum
2618 3343 2935 3414 prophetam
2961 3344 3139 3400 denuo
3166 3346 3407 3416 inerepat
3439 3364 3451 3400 :
3485 3346 3631 3402 Scito

2040 3447 2196 3504 quam
2221 3432 2416 3485 malum
2443 3440 2519 3485 est
2557 3430 2648 3485 tibi
2676 3441 2727 3485 et
2768 3446 3004 3485 amarum
3044 3433 3312 3504 reliquisse
3349 3433 3630 3489 Dominum

2040 3518 2206 3575 Deum
2237 3529 2398 3586 tuum,
2426 3531 2476 3574 et
2503 3537 2608 3574 non
2629 3536 2740 3574 esse
2762 3521 2995 3574 timorem
3016 3522 3336 3592 meumfapud
3365 3533 3411 3577 te
3435 3523 3629 3592 (lbid.,

2041 3609 2154 3678 19).
2185 3608 2318 3664 Cum
2349 3623 2478 3677 ergo
2505 3608 2609 3663 hoc
2635 3609 2706 3663 sit
2741 3609 2946 3662 homini
2976 3609 3176 3664 malum
3199 3618 3256 3665 ct
3279 3627 3520 3666 amarum
3540 3629 3628 3668 re-

2041 3698 2262 3769 liquisse
2291 3699 2594 3766 Domin‘um,
2633 3707 2690 3754 et
2735 3699 2984 3755 timorem
3027 3699 3121 3755 Dei
3171 3701 3309 3771 apud
3348 3717 3471 3758 eum
3517 3721 3628 3760 non

2038 3805 2190 3853 esse,
2221 3791 2341 3861 quis
2371 3791 2444 3845 ita
2472 3790 2542 3845 sit
2563 3791 2864 3846 contrarius
2891 3790 3125 3855 veritati,
3159 3779 3215 3847 ut
3239 3786 3401 3863 putet
3422 3809 3452 3850 a
3481 3794 3628 3852 bono

2039 3896 2104 3937 ac
2130 3882 2281 3936 suavi
2300 3880 2412 3936 Deo
2436 3882 2524 3952 (de
2539 3868 2647 3952 quo
2669 3881 2926 3953 scriptum
2946 3891 3029 3937 est
3045 3882 3085 3951 :)
3114 3879 3284 3948 Quam
3305 3883 3466 3940 bonus
3485 3885 3626 3942 Deus

2039 3973 2212 4028 Israel
2240 3974 2392 4028 rectis
2421 3973 2574 4028 corde
2597 3972 2770 4044 (Psal.
2799 3989 2963 4040 Lxxu,
2995 3974 3048 4044 1)
3069 3976 3094 4029 ?
3116 3973 3183 4030 Et
3209 3976 3334 4048 quia
3363 3994 3510 4032 nemo
3532 3977 3624 4034 bo-

2038 4083 2134 4122 nus
2157 4067 2257 4120 nisi
2286 4067 2426 4121 solus
2454 4065 2555 4136 ιθ
2576 4065 2715 4122 Deus
2737 4064 2930 4138 (Marc.
2955 4083 3010 4132 x,
3044 4065 3153 4138 18),
3179 4077 3234 4123 et
3259 4068 3326 4124 de
3347 4075 3457 4138 quo
3481 4071 3625 4141 Apo-

2037 4155 2209 4211 stolus
2235 4154 2395 4210 dicit:
2432 4153 2500 4209 Ut
2541 4156 2780 4209 ostendat
2818 4156 2872 4209 in
2910 4156 3114 4211 saeculis
3155 4160 3626 4229 superuenientibus

2039 4229 2362 4301 abundantes
2393 4247 2597 4300 divitias
2625 4248 2811 4318 gratia
2844 4263 2953 4302 sua:
2993 4251 3046 4301 in
3075 4248 3305 4304 bonitate
3341 4268 3494 4322 super
3531 4268 3628 4308 nos

2041 4333 2256 4406 (Ep/tes.
2289 4351 2348 4402 ιι,
2380 4334 2454 4404 7).
2479 4333 2546 4388 Et
2571 4335 2639 4390 de
2665 4337 2821 4406 cujus
2847 4339 3110 4395 suavitate
3129 4341 3342 4396 canitur
3366 4358 3378 4394 :
3413 4341 3626 4398 Gustate

2011 4421 2088 4478 'et
2109 4425 2272 4479 videte
2299 4442 2451 4497 quam
2471 4428 2642 4481 suavis
2662 4437 2741 4482 est
2768 4425 3022 4484 Dominus
3047 4427 3217 4500 (Psul.
3242 4446 3426 4499 xxxm,
3457 4431 3533 4501 9).
3557 4431 3626 4490 Et

2037 4515 2107 4570 de
2149 4515 2299 4585 cujus
2336 4517 2566 4585 eloquiis
2608 4516 2786 4573 denuo
2830 4519 3196 4589 praedicatur:
3241 4519 3412 4585 Quam
3451 4523 3627 4577 dulcia

347 4629 453 4686 Dei
479 4633 835 4690 misericordia
865 4654 878 4690 :
916 4606 988 4691 ἰιι
1029 4647 1206 4694 autem
1237 4606 1315 4694 ex
1352 4606 1511 4695 bonis
1536 4640 1666 4695 ﬁant
1692 4642 1938 4698 homines
1964 4637 2016 4699 D
2043 4606 2279 4699 39‘4"”
2306 4608 2433 4661 me“
2459 4623 2489 4699 .e
2492 4607 2668 4699 1⁸19³⁸ίῖ
2693 4617 2804 4676 ma’
2833 4610 3114 4699 “pain”!
3134 4619 3184 4664 et
3208 4613 3387 4699 [avum
3410 4611 3625 4699 arma,

345 4717 502 4788 mali,
530 4729 619 4777 aut
646 4739 711 4780 ex
735 4725 894 4795 justis
923 4727 1109 4799 iniqui,
1148 4729 1194 4784 si
1234 4729 1424 4786 divina:
1452 4731 1934 4801 puedestinationis

342 4814 608 4871 asseritur
626 4832 806 4886 causa,
831 4821 934 4877 erit
959 4821 1122 4894 (quod
1145 4822 1306 4892 absit)
1340 4823 1686 4894 vituperanda
1701 4824 1926 4894 justitia.

341 4904 601 4974 Quinimo
650 4926 754 4966 nec
796 4911 1003 4981 justitia
1045 4913 1190 4983 justa
1236 4914 1463 4981 dicetur,
1512 4916 1559 4971 si
1605 4916 1934 4986 puniendum

340 5013 502 5055 reum
541 5016 650 5057 non
681 5001 968 5068 invenisse,
999 5003 1097 5060 sed
1124 5005 1316 5061 fecisse
1353 5004 1581 5062 dicatur.
1609 5005 1780 5076 Major
1802 5022 1930 5063 vero

340 5093 453 5149 erit
476 5093 756 5164 injustitia,
784 5097 830 5154 si
857 5097 1006 5168 lapso
1033 5097 1174 5154 Deus
1212 5098 1456 5154 retribuit
1492 5115 1734 5170 poenam,
1774 5115 1934 5170 quem

340 5191 580 5242 stantem
608 5189 1012 5259 prasdestinasse
1039 5191 1234 5247 dicitur
1253 5190 1320 5246 ad
1347 5192 1574 5246 ruinam.

341 5296 532 5375 ουυτ
560 5317 711 5375 xy“.
743 5301 886 5358 Mala
907 5304 1128 5360 hominis
1149 5305 1385 5361 uoluntas
1413 5321 1517 5359 non
1546 5313 1622 5358 est
1656 5304 1751 5358 Dei
1777 5309 1932 5375 ptan-

422 5371 572 5425 tatio.
589 5371 778 5427 Suavis
799 5384 847 5428 et
867 5375 1028 5429 bonus
1040 5375 1292 5431 Dominus
1307 5392 1409 5430 non
1434 5376 1621 5429 creavit
1642 5371 1942 5429 amaritudi-

421 5450 617 5517 sternet
639 5445 894 5498 malitiam
919 5445 1192 5499 voluntatis
1215 5460 1484 5517 perversa.
1512 5445 1776 5499 Prwscivit
1798 5445 1938 5500 Deus

427 5508 657 5584 ﬁonsines
693 5525 1021 5583 peccaturos,
1073 5517 1163 5570 sed
1215 5508 1305 5570 eos
1344 5516 1414 5570 ad
1467 5517 1787 5584 peccandum
1834 5531 1938 5569 non

425 5582 830 5647 "adestinaoit.
1468 5582 1475 5584 ἡ
1498 5595 1500 5600 ’

423 5682 621 5748 Quam
643 5692 826 5741 autem
853 5699 951 5741 cur
968 5688 1200 5756 primum
1226 5687 1498 5744 hominem
1517 5731 1533 5756 ,
1573 5702 1731 5759 quem
1759 5689 1934 5758 (sicut

337 5780 615 5851 scriptum
639 5782 745 5849 est)
776 5784 899 5854 fecit
936 5782 1190 5839 Dominus
1230 5782 1424 5841 rectum
1447 5785 1672 5858 (Ecctes.
1695 5804 1786 5851 vn,
1817 5788 1928 5855 '50),

344 5870 741 5946 ιιι-εὐαίωνι
777 5873 1016 5944 potuerit
1051 5880 1118 5930 ad
1142 5880 1486 5946 peccandum,
1531 5880 1583 5934 id
1609 5887 1693 5934 est
1728 5879 1794 5933 ad
1837 5894 1930 5934 vo-

560 5960 831 6028 Ριτιιὸι..
911 5966 1100 6028 LXV.

2042 4694 2212 4765 (Psal.
2244 4711 2424 4760 cxvm,
2453 4695 2598 4766 105).
2630 4695 2695 4751 Et
2719 4713 2936 4753 rursus:
2967 4698 3175 4753 Iudicia
3194 4697 3293 4752 Dei
3310 4716 3449 4761 sera,
3471 4698 3623 4768 justi-

2039 4786 2199 4855 ﬁcata
2219 4787 2271 4838 in
2295 4787 2598 4856 semetipsis,
2624 4787 2992 4841 desiderabilia
3018 4805 3171 4859 super
3194 4804 3377 4841 aurum
3403 4797 3452 4841 et
3489 4789 3624 4858 lapi—

2040 4875 2157 4929 dem
2183 4875 2462 4944 pretiosum
2483 4875 2716 4941 multum,
2747 4884 2797 4929 et
2827 4877 3059 4932 dulciora
3079 4893 3232 4946 super
3257 4878 3358 4931 mel
3383 4887 3432 4932 et
3451 4880 3623 4950 favum

2043 4963 2212 5037 (Psal.
2237 4981 2381 5031 xviu,
2415 4964 2524 5036 11).
2547 4965 2677 5033 Quis
2697 4980 2827 5036 ergo
2851 4976 3046 5038 puteta
3076 4967 3219 5022 bono
3248 4983 3312 5023 ac
3338 4970 3494 5038 suavi~
3512 4970 3622 5026 Dco

2042 5056 2476 5127 praedestinatum
2502 5057 2777 5114 hominem
2807 5067 2900 5114 aut
2926 5058 2992 5113 ad
3019 5057 3277 5113 malitiam
3313 5060 3622 5129 voluntatis,
3662 5059 3671 5069 “

2042 5163 2148 5218 qua
2173 5148 2375 5204 bonum
2402 5149 2571 5204 Deum
2598 5149 2944 5217 relinqueret.
2981 5158 3074 5204 aut
3107 5147 3175 5203 ad
3211 5150 3622 5205 amaritudinem
3664 5161 3670 5167 ·

2042 5243 2410 5308 contumacize,
2466 5257 2572 5312 qua
2623 5256 2838 5296 suavem
2895 5240 3176 5298 Dominum
3230 5257 3337 5297 non
3378 5243 3624 5296 timeret?
3681 5296 3704 5324 κ.

2042 5330 2276 5387 Proinde
2296 5332 2540 5388 ﬁdelibus
2567 5331 2817 5400 congruit
2835 5333 3059 5389 credere
3079 5340 3136 5388 et
3161 5333 3316 5387 fateri
3345 5331 3512 5386 Deum
3532 5331 3623 5386 bo-
3688 5329 3690 5331 ’

2043 5439 2172 5478 ιιιιιιι
2203 5432 2259 5480 et
2294 5424 2497 5494 justum
2524 5422 2801 5492 prtescisse
2836 5425 3049 5494 quidem
3091 5431 3408 5493 peccaturos
3454 5422 3623 5476 homi-

2041 5530 2155 5580 nes,
2186 5515 2312 5585 quia
2338 5515 2468 5570 nihil
2505 5529 2629 5570 eum
2671 5515 2842 5572 latere
2868 5517 3046 5588 potuit
3087 5514 3384 5568 futurorum
3417 5513 3623 5583 (neque

2041 5608 2184 5664 enim
2212 5607 2299 5663 vel
2334 5607 2513 5662 futura
2551 5615 2749 5673 essent,
2791 5608 2838 5663 si
2886 5608 2942 5663 in
2979 5607 3094 5675 ejus
3131 5604 3467 5676 prtescientia
3514 5621 3622 5658 non

2039 5700 2307 5769 fuissent),
2336 5715 2442 5755 non
2479 5707 2659 5756 tamen
2689 5699 3094 5771 praedestinasse
3115 5699 3412 5767 quemlibet
3442 5698 3616 5752 homi.

2039 5805 2160 5846 nem
2191 5790 2259 5846 ad
2280 5800 2579 5861 peccatum,
2602 5791 2726 5860 quia
2748 5791 2794 5846 si
2817 5790 2884 5845 ad
2911 5797 3190 5860 peccatum
3220 5787 3436 5858 aliquod
3457 5788 3624 5842 homi-

2040 5897 2161 5937 nem
2193 5882 2333 5940 Deus
2363 5884 2785 5954 prasdestinaret,
2818 5897 2917 5954 pro
2945 5883 3180 5952 peccatis
3215 5881 3482 5938 hominem
3513 5890 3623 5932 non
