4122 6330
499 392 595 483 m

1520 424 1576 478 S.
1615 417 1975 478 FULGENTII
2012 415 2314 474 EPISCOPI
2354 407 2721 472 RUSPENSIS

3663 399 3763 464 t7:

501 534 732 604 puniret.
769 532 866 588 Dei
896 531 1040 591 enim
1081 529 1550 603 prmdestinatione
1596 535 1688 584 aut
1732 535 2086 599 peccatorum
2105 530 2159 590 Α
2180 541 2313 582 vero
2350 526 2609 582 severitas
2637 523 2924 595 aliquando
2957 523 3258 580 contristet.
3297 520 3453 589 Quod
3497 519 3765 591 prepheta

500 630 800 693 pratparata
837 631 924 680 est
952 624 1039 693 pia
1092 619 1356 684 remissio,
1389 627 1498 674 .aut
1537 626 1882 688 peccatorum
1931 618 2077 689 justa

499 714 725 784 punitio.
757 713 1038 783 Nunquam
1060 710 1222 780 igitur
1233 709 1376 766 Deus
1395 710 1463 764 ad
1483 710 1587 765 hoc
1607 709 1880 766 hominem
1903 709 2082 780 potuit

447 858 453 864 .
496 806 895 877 praedestinaro,
918 803 1062 874 quod
1082 803 1200 873 ipse
1219 801 1556 872 disposuerat
1575 809 1630 857 et
1657 806 1928 871 pracepto
1946 815 2079 869 pro-

495 893 705 961 hibere,
749 901 807 950 et
842 892 1210 948 misericordia
1241 891 1468 959 diluere,
1511 898 1568 946 et
1605 889 1809 960 iustitia
1864 889 2076 960 punire.

496 985 714 1060 iniquos
741 987 942 1057 itaque,
992 1001 1129 1056 quos
1169 984 1435 1056 praiscivit
1475 983 1616 1041 Deus
1637 984 1779 1040 hanc
1823 983 1990 1038 vitam
2023 982 2081 1037 in

495 1085 722 1150 peccato
743 1077 1147 1140 terminaturos,
1177 1075 1576 1146 praedestinavit
1617 1074 1878 1145 supplicio
1908 1074 2080 1128 inter-

495 1171 740 1228 minabili
765 1170 1084 1242 puniendos,
1121 1170 1175 1224 in
1205 1182 1313 1239 quo
1353 1169 1492 1223 sicut
1536 1167 1798 1238 culpanda
1847 1181 1956 1220 non
1997 1170 2086 1219 est

495 1262 833 1336 praescientia
883 1262 1134 1316 humanae
1192 1259 1508 1334 iniquitatis,
1557 1259 1632 1312 ita
1679 1255 2086 1327 prtedestinatio

495 1352 802 1423 justissima!
837 1349 1100 1405 laudanda
1130 1357 1214 1405 est
1261 1348 1499 1412 ultionis,
1533 1355 1593 1402 ut
1628 1351 1947 1416 agnosceret
1972 1357 2088 1398 non

495 1443 568 1498 ab
594 1458 663 1499 eo
691 1442 1130 1513 praedestinatum
1160 1441 1430 1496 hominem
1455 1439 1522 1494 ad
1547 1438 1919 1509 qualecunque
1955 1451 2089 1506 pec-

495 1541 699 1601 catum,
717 1549 877 1604 quem
899 1533 1296 1604 praedestinavit
1309 1531 1517 1602 peccati
1531 1529 1723 1584 merito
1735 1527 2079 1599 puniendum.

497 1633 682 1714 Casu?
716 1650 864 1714 xxiv.
899 1621 1052 1714 Deus.
1076 1631 1455 1714 prmdestinqvit
1485 1631 1642 1714 bonos
1683 1628 2106 1714 misericorditer-

567 1705 638 1760 ad
675 1697 1110 1778 gloriann‘tttalo's
1129 1703 1270 1772 juste
1305 1701 1373 1778 od
1396 1700 1755 1778 _supplicium._
1789 1697 2084 1778 Βεωβιρξι

569 1768 744 1832 omnia
777 1773 1011 1844 promisit
1038 1768 1153 1843 qud
1188 1771 1448 1842 prtedixit,
1481 1768 1585 1824 nec
1613 1771 1789 1823 omnia
1816 1768 2084 1838 prcedesti—

569 1845 710 1900 navit
731 1860 846 1915 qua:
873 1843 1145 1913 praesciuit.

568 1933 712 1988 Deus
735 1932 914 2001 itaque
943 1930 1122 1984 omnia
1150 1929 1423 1984 hominum
1453 1944 1637 2002 opera,
1663 1928 1777 1982 sive
1797 1925 1958 1990 bona,
1989 1941 2086 1981 seu

500 2023 641 2083 mala
667 2022 953 2094 praescivit,
973 2022 1096 2090 quia
1126 2036 1247 2076 eum
1278 2023 1445 2076 latere
1474 2021 1605 2076 nihil
1625 2019 1822 2090 potuit,
1849 2018 1944 2074 sed
1971 2017 2087 2079 sola

500 2116 642 2180 bona
673 2113 1086 2185 praedestinavit,
1119 2127 1237 2181 quae
1265 2127 1324 2168 se
1365 2114 1419 2166 in
1459 2112 1580 2168 ﬁliis
1607 2113 1792 2181 gratiae
1818 2111 2084 2173 facturum

502 2223 621 2263 esse
645 2207 940 2277 praescivit;
983 2205 1122 2260 mala
1149 2219 1278 2259 vero
1311 2203 1486 2260 futura
1515 2219 1678 2275 opera
1709 2204 1921 2260 illorum
1954 2217 2091 2273 quos

502 2313 610 2353 non
643 2295 1038 2368 praedestinavit
1065 2294 1132 2350 ad
1160 2307 1406 2364 regnum,
1440 2294 1535 2348 sed
1559 2294 1625 2348 ad
1654 2293 1926 2348 interitum
1948 2306 2091 2362 pra:-

503 2390 657 2444 scivit
685 2387 1054 2458 potentissima
1100 2384 1322 2450 deitate,
1352 2393 1409 2440 et
1445 2384 1712 2440 ordinavit
1737 2382 1958 2462 provida
1988 2383 2091 2437 bo~

503 2481 706 2544 nitate;
738 2485 793 2532 et
819 2478 942 2544 quia
972 2474 1225 2545 praescius
1277 2473 1376 2529 fuit
1401 2473 1544 2544 quod
1574 2473 1762 2528 eadem
1789 2472 1950 2540 mala,
1983 2485 2091 2538 non

503 2573 677 2631 solum
706 2574 819 2643 ipse
837 2570 1070 2626 facturus
1092 2587 1198 2626 non
1227 2579 1387 2638 esset,
1415 2570 1510 2626 sed
1538 2585 1639 2626 nec
1657 2572 1819 2625 homo
1842 2571 1895 2627 in
1923 2584 2094 2640 quan-

481 2669 615 2734 _tum
645 2664 694 2718 ei
735 2661 1006 2717 humiliter
1033 2661 1363 2730 adhaesisset,
1395 2660 1450 2716 in
1487 2676 1554 2716 eo
1580 2660 1734 2722 nobis
1761 2658 2096 2729 insuperabi-

503 2755 612 2811 lem
639 2755 936 2828 potentiam
965 2753 1453 2833 praescientiat’sum
1481 2753 1653 2821 magis
1681 2751 1943 2822 ostendit,
1969 2749 2097 2822 quia

506 2861 608 2901 nec
635 2845 690 2900 in
725 2844 881 2900 malis
929 2844 1454 2914 prazdestinationem
1493 2844 1716 2916 justitiaa
1759 2859 1867 2906 sua:
1902 2857 2096 2898 vacare

500 2933 766 3010 permisit.
810 2933 1137 2991 Ostensurus
1175 2935 1356 3005 itaque
1397 2935 1555 3000 Deus,
1588 2932 1716 3004 quid
1764 2932 2096 2996 reddendum

505 3021 852 3103 praesciverit,
895 3036 951 3082 et
986 3027 1114 3096 quid
1149 3026 1488 3095 donandum,
1536 3023 1941 3094 praedestinavit
1977 3023 2098 3078 illos

507 3105 577 3178 ad
605 3121 945 3194 supplicium,
975 3135 1112 3191 quos
1140 3136 1171 3175 a
1217 3135 1277 3176 se
1313 3119 1578 3191 praescivit
1616 3118 1906 3180 voluntatis
1941 3119 2098 3184 mala:

505 3215 638 3278 vitio
663 3213 1013 3268 discessuros.
1053 3209 1122 3266 Et
1148 3210 1549 3282 pratdestinavit
1585 3209 1652 3265 ad
1679 3224 1923 3279 regnum,
1961 3225 2101 3280 quos

509 3304 576 3360 ad
603 3319 663 3359 se
683 3302 955 3374 praescivit
979 3301 1358 3358 misericordiae
1386 3302 1758 3372 pmevenientis
1784 3301 1982 3360 auxilio
2011 3317 2100 3366 rs-

509 3398 716 3453 dituros
761 3401 819 3450 et
858 3395 912 3450 in
955 3409 1016 3462 se
1052 3393 1433 3460 misericordia:
1479 3394 1854 3464 subsequentis
1893 3392 2096 3458 auxilio

509 3504 629 3545 esse
655 3503 955 3546 mansuros.
985 3486 1046 3544 In
1077 3489 1193 3546 istis
1222 3489 1644 3546 misericordiam
1682 3487 2006 3556 custodiens,
2038 3487 2096 3544 in

510 3581 614 3636 illis
655 3579 917 3649 justitiam
967 3589 1183 3647 tenens;
1231 3583 1348 3638 istis
1385 3581 1532 3652 quod
1569 3581 1815 3653 promisit
1851 3580 1941 3652 pie
1995 3580 2095 3636 tri-

507 3670 700 3738 buens,
738 3671 841 3729 illis
883 3673 1228 3729 nihilominus
1267 3673 1410 3744 quod
1452 3672 1700 3743 praedixit
1736 3670 1881 3746 justo
1933 3670 2095 3736 retrio

507 3764 700 3822 buens.
731 3763 822 3820 Sic
849 3772 1031 3820 autem
1051 3765 1192 3820 Deus
1212 3781 1320 3820 non
1346 3764 1525 3821 omnia
1547 3765 1794 3835 promisit
1818 3780 1936 3835 qua:
1959 3779 2099 3834 prter

508 3854 664 3918 dixit,
691 3855 936 3924 quamvis
964 3855 1274 3923 praedixerit
1299 3855 1477 3910 omnia
1509 3867 1629 3924 quae
1656 3856 1920 3926 promisit.
1947 3855 2100 3912 Sicut

507 3958 619 4000 non
647 3944 826 4000 omnia
848 3943 1375 4014 prmdestinavitquze
1395 3943 1676 4015 praescivit,
1709 3945 1952 4014 quamvis
1977 3958 2096 3999 om-

507 4035 598 4092 nia
625 4021 1002 4104 praedestinata
1044 4034 1390 4102 praesciverit.
1433 4032 1705 4089 Praeseivit
1731 4034 1876 4088 enim
1901 4033 2097 4089 volun-

507 4131 649 4181 tates
676 4124 952 4180 hominum
979 4123 1150 4181 bonas
1177 4131 1232 4180 et
1259 4126 1444 4191 malas,
1476 4124 1874 4196 praedestinavit
1913 4133 2096 4182 autem

507 4226 619 4268 non
645 4213 835 4278 malas,
875 4212 970 4269 sed
1001 4213 1144 4269 solas
1180 4214 1366 4272 bonas.
1401 4214 1470 4269 Et
1511 4215 1636 4270 licet
1663 4217 1716 4270 in
1744 4215 1866 4286 ejus
1885 4216 2097 4287 praede-

403 4325 408 4334 ~
507 4302 799 4362 stinatione
835 4319 945 4359 non
972 4304 1155 4370 fuerit,
1176 4313 1235 4360 ut
1263 4306 1523 4361 malitiam
1550 4307 1816 4362 voluntati
1844 4309 2097 4366 humana:

508 4394 764 4462 dedisset,
794 4393 893 4450 fuit
912 4403 1092 4450 tamen
1116 4395 1170 4450 in
1192 4394 1308 4466 ejus
1328 4395 1818 4466 prmdestinatione,
1841 4397 1969 4467 quid
1995 4398 2088 4454 hu-

508 4502 683 4546 mana:
711 4487 1003 4542 voluntatis
1047 4486 1265 4542 malitia:
1312 4487 1646 4544 reddidisset.
1694 4486 1922 4558 Propter
1967 4490 2096 4558 hoc,

508 4576 633 4648 quia
663 4578 801 4640 sicut
828 4576 1110 4633 Psalmista
1137 4584 1386 4647 testatur,
1419 4580 1526 4649 2ο
1551 4578 1847 4640 Misericors
1875 4589 1950 4635 est
1978 4579 2092 4637 Do-

2180 627 2427 676 metuens
2462 618 2829 688 hujuscemodi
2869 616 2937 674 ad
2966 616 3136 674 Deum
3177 615 3476 673 orationem
3497 612 3719 670 eﬂ'undit
3746 627 3762 666 ε

2182 707 2268 764 Ne
2289 711 2450 764 intres
2475 710 2532 764 in
2564 709 2766 780 judicio
2791 724 2908 764 cum
2926 725 3072 764 servo
3092 717 3200 774 tuo,
3226 706 3347 779 quia
3385 721 3488 760 non
3500 703 3767 780 justiﬁca-

2181 802 2319 858 bitur
2341 804 2397 857 in
2444 809 2716 874 conspectu
2744 809 2832 856 tuo
2880 801 3047 871 omnis
3081 801 3254 856 vivens
3277 795 3451 870 (Ptol.
3491 810 3653 863 chn,
3685 798 3761 864 9.).

2181 893 2396 949 Sciebat
2421 892 2563 948 enim
2593 900 2818 948 cunctos
2846 891 2963 962 pari
2991 889 3303 946 retinendos
3330 887 3623 959 punitionis
3653 886 3766 937 vin-

2182 987 2324 1049 culo,
2369 985 2472 1041 nisi
2507 985 2668 1054 Deus,
2710 986 2764 1040 iu
2801 985 2995 1056 quibus
3033 984 3198 1039 vellet
3236 979 3659 1038 misericordiam
3691 977 3772 1036 fe-

2183 1078 2342 1146 cisse,
2369 1077 2793 1148 superexaltaret.
2817 1077 3072 1148 judicium
3094 1073 3297 1146 (Iacob.
3333 1090 3393 1142 ιι,
3429 1071 3538 1146 l5).
3567 1070 3770 1128 Justill-

2184 1169 2326 1224 catio
2357 1169 2452 1239 (at.
2489 1168 2714 1239 judicio)
2749 1168 2913 1238 igitur
2937 1176 2994 1224 et
3034 1163 3352 1237 gloriﬁcatio
3391 1181 3511 1238 quae
3548 1181 3656 1221 non
3685 1169 3770 1220 est

2185 1261 2390 1316 homini
2419 1275 2487 1316 ex
2513 1261 2751 1327 homine,
2783 1260 2876 1317 sed
2907 1276 2975 1317 ex
3005 1259 3139 1328 Deo,
3169 1261 3295 1332 quia
3324 1260 3548 1316 multum
3569 1258 3768 1315 sanctis

2183 1350 2359 1406 fuerat
2375 1349 2673 1421 profutura,
2706 1350 2827 1406 ideo
2854 1350 3107 1422 praedicta
3135 1358 3219 1406 est
3255 1356 3313 1406 et
3347 1349 3630 1422 promissa.
3659 1346 3769 1404 Pu-

2187 1445 2321 1498 nitio
2345 1457 2499 1512 vero,
2522 1455 2640 1512 qua:
2660 1443 2713 1497 in
2742 1450 3001 1498 :eternum
3021 1442 3121 1498 fuit
3136 1442 3312 1516 impiis
3334 1440 3602 1510 obfutura,
3630 1456 3768 1512 pra:-

2184 1535 2330 1590 dicta
2356 1541 2441 1589 est
2486 1534 2856 1590 tantummodo
2877 1574 2894 1600 ,
2933 1549 3041 1590 non
3079 1535 3367 1604 promissa.
3420 1532 3572 1600 Quod
3608 1533 3770 1587 etiam

2186 1625 2383 1679 divinis
2409 1624 2732 1680 testimoniis
2758 1625 2966 1681 facilius
3003 1624 3321 1681 ostenditur.
3351 1622 3407 1678 In
3450 1624 3541 1678 illo
3571 1623 3772 1694 quippe

2185 1717 2464 1787 pmphetae
2507 1717 2628 1772 loco
2672 1725 2956 1786 utrumque
3003 1719 3206 1790 pariter
3244 1717 3512 1773 invenitur
3549 1731 3774 1788 expres-

2185 1797 2326 1872 sum,
2358 1807 2448 1862 ubi
2473 1802 2740 1878 Deus'per
2777 1807 2967 1864 lsaiam
2994 1824 3092 1866 eos
3118 1810 3210 1878 qui
3237 1809 3338 1865 sibi
3362 1825 3471 1865 non
3499 1808 3763 1874 serviunt,

2113 1894 2164 1957 Β
2188 1898 2278 1954 his
2302 1900 2479 1966 arguit
2502 1899 2682 1954 verbis
2713 1917 2727 1952 :
2759 1899 2896 1954 Ecce
2920 1901 3007 1971 qui
3047 1901 3275 1954 seruiunt
3304 1900 3452 1964 mihi,
3489 1899 3775 1955 manduca-

2189 1989 2334 2056 btmt,
2365 2005 2455 2046 uos
2489 2007 2610 2046 vero
2641 1991 2895 2045 esurietis.
2935 1989 3073 2046 Ecce
3111 1993 3197 2065 qui
3233 1993 3464 2047 serviunt
3507 1991 3654 2056 mihi,
3701 1989 3777 2045 bi-

2190 2079 2329 2148 bent,
2355 2098 2444 2137 vos
2460 2097 2581 2136 sero
2599 2083 2802 2138 sitietis.
2827 2082 2964 2137 Ecce
2983 2081 3072 2154 qui
3098 2084 3325 2137 serviunt
3349 2083 3498 2148 mihi,
3528 2083 3778 2138 uetaban-

2194 2179 2295 2235 tur,
2337 2186 2425 2225 sos
2458 2186 2577 2225 vero
2623 2171 3033 2243 confandemini.
3071 2169 3210 2225 Ecce
3247 2171 3335 2242 qui
3370 2172 3593 2226 serviunt
3631 2171 3777 2238 mihi,

2193 2261 2523 2317 exsultabant
2551 2264 2608 2316 in
2649 2263 2852 2330 laetitia,
2899 2279 2985 2318 uos
3024 2271 3194 2318 autent
3241 2262 3528 2317 domabilis
3574 2271 3782 2334 propter

2195 2354 2426 2409 dolorem
2445 2353 2541 2424 (at.
2561 2367 2672 2423 prae
2695 2354 2906 2429 dolore)
2933 2355 3106 2411 cordis
3133 2355 3305 2420 uestri,
3335 2362 3390 2408 et
3413 2371 3450 2408 α
3477 2355 3783 2410 contritione

2195 2445 2408 2514 spiritus
2454 2443 2716 2499 ululabitis
2745 2443 2930 2516 (Isaia
2973 2459 3100 2511 va,
3155 2443 3270 2518 l3).
3298 2444 3357 2499 ln
3401 2445 3487 2500 his
3513 2445 3780 2509 omnibus,

2197 2549 2531 2605 quacunque
2571 2535 2642 2596 ad
2679 2536 2983 2606 iniquorum
3027 2551 3316 2608 pauonum
3341 2538 3612 2608 pertinent
3647 2553 3784 2608 prse-

2196 2625 2340 2680 dicta
2369 2632 2495 2680 sunt
2533 2627 2930 2694 tantummodo,»
2965 2639 3074 2683 non
3113 2628 3398 2702 promissa.
3431 2625 3616 2697 Neque
3641 2628 3785 2685 enim

2197 2717 2486 2774 dicendum
2527 2726 2614 2774 ost
2659 2719 2918 2776 bonitatis
2954 2720 3204 2790 largitate
3255 2721 3598 2792 promissum,
3642 2721 3786 2793 quod

2199 2808 2433 2864 intentat
2459 2809 2554 2880 (ut.
2587 2809 2853 2882 intendat)
2871 2799 3171 2881 iniquitatis
3194 2812 3392 2869 merito
3414 2813 3675 2869 severitas
3701 2813 3799 2878 in-,

2197 2897 2498 2955 terendum.
2530 2898 2587 2955 Si
2607 2915 2713 2971 qua
2735 2916 2868 2958 vero
2895 2901 2963 2957 ad
2989 2917 3277 2973 personam
3306 2905 3650 2960 servientium
3674 2905 3786 2961 Deo

2197 2993 2494 3063 pertinent,
2523 3001 2580 3048 et
2604 2994 2858 3063 psaediota
2885 3001 3012 3050 sunt
3035 3003 3092 3050 et
3117 2995 3402 3064 promissa.
3430 2994 3561 3052 Tale
3590 2995 3788 3068 aliquid

2199 3092 2290 3138 est
2311 3084 2473 3140 etiam
2501 3083 2558 3138 in
2587 3083 2681 3140 illo
2706 3082 3003 3140 Salvatoﬁs
3026 3085 3198 3140 nostri
3225 3100 3498 3154 sermone,
3528 3102 3637 3156 quo
3665 3087 3740 3141 ait
3770 3102 3786 3142 :

2205 3171 2349 3226 Tunc
2367 3173 2448 3227 illi
2473 3171 2621 3227 ibunt
2654 3175 2712 3226 its
2733 3172 3136 3229 sonusiam
3171 3185 3438 3243 sternant,
3461 3176 3591 3248 justi
3620 3185 3789 3232 autern

2132 3261 2179 3325 C
2205 3264 2266 3318 in
2292 3265 2448 3318 sitatis
2472 3271 2722 3319 ceterum
2741 3263 2954 3335 (Matth.
2995 3281 3126 3336 xxv,
3155 3266 3268 3338 46).
3301 3267 3555 3324 Pnedixit
3579 3276 3638 3324 et
3663 3285 3788 3340 pro-

2199 3353 2352 3409 misit
2375 3354 2653 3423 premium
2694 3369 2804 3424 quo
2829 3353 3074 3411 fruenuir
3096 3357 3248 3425 justi,
3282 3373 3394 3413 non
3432 3367 3614 3414 autem
3662 3373 3789 3428 pro~

2200 3443 2366 3508 misit,
2397 3443 2490 3498 sed
2511 3445 2760 3514 praedixit
2785 3445 3103 3516 supplicium
3130 3461 3244 3518 quo
3264 3449 3555 3517 punientur
3580 3447 3788 3517 injusti.

2199 3533 2387 3606 lioque
2413 3550 2567 3602 vero,
2595 3537 2737 3594 sicut
2764 3537 3161 3606 praedestinavit
3185 3547 3407 3596 sanctos
3435 3541 3504 3595 ad
3524 3539 3789 3610 justitiam

2201 3627 2595 3702 accipiendam,
2628 3629 2707 3685 sic
2737 3629 3136 3700 praedestinavit
3181 3631 3394 3702 iniquos
3440 3632 3508 3688 ad
3543 3633 3787 3717 eamdem

2198 3720 2466 3791 iamiam
2511 3722 2890 3789 omittendus),
2933 3722 3061 3794 quia
3104 3725 3401 3779 misericors
3443 3724 3694 3781 Dominus
3738 3731 3790 3782 et

2194 3812 2388 3883 justus,
2419 3815 2595 3885 potuit
2615 3816 2785 3884 gratis
2801 3831 2833 3870 a
2859 3815 3128 3886 pravitate
3151 3816 3382 3874 tiberne
3399 3832 3561 3887 quem
3579 3818 3787 3886 'voiuit;

2201 3905 2486 3973 pravitatis
2508 3912 2687 3960 autem
2717 3913 2974 3975 operator
2995 3921 3268 3976 nunquam
3295 3906 3413 3975 fuit,
3437 3908 3563 3978 quia
3589 3923 3790 3980 pravus

2201 4009 2477 4064 nunquam
2497 3996 2690 4066 aliquis
2706 3993 2826 4060 fuit,
2855 3998 2956 4052 nisi
2975 3997 3029 4052 in
3049 4009 3310 4069 quantum
3335 3999 3500 4058 aDeo
3518 4001 3786 4060 discessit.

2200 4082 2315 4140 Nec
2345 4084 2702 4141 d'messnrum
2745 4086 2889 4142 Deus
2931 4089 3352 4158 praedestinavit,
3394 4077 3637 4161 quamvis
3670 4093 3787 4149 dis-

2200 4189 2476 4232 cessurum
2503 4177 2741 4248 cognitio
2967 4181 3312 4261 praesciverit.

2197 4289 2386 4363 Cat-ur
2405 4305 2552 4346 xm.
2583 4289 2736 4363 Deus
2746 4290 2810 4345 de
2827 4293 2976 4347 matis
2996 4293 3266 4362 impiorum
3288 4293 3524 4363 operibus
3545 4303 3791 4363 operatur

2273 4359 2674 4434 bouutufidl‘iter
2699 4361 2842 4416 Deus
2874 4364 3050 4434 mos,
3068 4359 3229 4434 utitor
3251 4359 3419 4418 malos
3442 4359 3788 4434 praedestina-

2273 4431 2363 4502 o_it.
2389 4430 2522 4485 Mati
2544 4431 2783 4502 dicuntur
2810 4449 2931 4498 vasa
2961 4433 3076 4500 ine,
3104 4430 3223 4492 boni
3244 4449 3370 4488 vasa
3397 4430 3786 4502 πειρήσονται.

2275 4498 2378 4554 Cur
2403 4503 2574 4575 potius
2611 4501 2980 4575 misericordia:
3021 4498 3178 4574 quam
3217 4504 3438 4575 justitio:
3471 4498 3594 4560 vasa
3627 4503 3790 4562 bonos

2273 4579 2420 4624 vocat
2442 4572 2735 4640 Apostolus.

509 4633 696 4723 tium
717 4677 765 4722 et
799 4669 972 4739 justus
995 4635 1338 4740 (Psal.cnv,
1363 4633 1883 4740 bipraedestinavit
1911 4633 2094 4741 justas
2121 4633 2176 4695 θ
2274 4661 2418 4716 Deus
2442 4633 2645 4734 itaque,
2676 4663 2803 4719 licet
2829 4672 3019 4730 auctor
3049 4681 3156 4722 non
3185 4666 3256 4724 sit
3287 4666 3550 4737 malarum
3577 4669 3788 4740 cogita-

510 4759 580 4815 ad
607 4759 851 4828 gloriam,
884 4760 1095 4830 iniquos
1117 4760 1185 4814 ad
1213 4775 1443 4830 poenam.
1476 4759 1834 4827 Justiﬁcandis
1856 4777 1984 4833 ergo
2007 4771 2093 4818 at-

511 4865 618 4926 que
665 4850 1025 4918 glorilicandis
1069 4851 1507 4922 praedestinatum
1560 4855 1940 4914 misericordiae
1981 4870 2093 4918 sua:

511 4955 649 5008 Opus
675 4941 920 5010 praedixit
945 4938 1146 5010 pariter
1174 4949 1228 4996 et
1249 4943 1514 5011 promisit.
1535 4943 1733 5013 lniquis
1757 4951 1935 4999 autem
1964 4960 2094 5015 prte-

512 5029 835 5084 destinatum
859 5028 1078 5098 iustitiae
1106 5046 1215 5087 sua:
1243 5046 1380 5102 opus
1407 5032 1652 5103 praedixit
1696 5036 2090 5114 tantummodo,

513 5132 626 5189 non
652 5118 916 5187 promisit.
1013 5168 1019 5193 ί
1214 5161 1218 5164 .

802 5205 984 5270 CAPUT
1014 5224 1138 5264 xxv.
1165 5209 1246 5280 De
1266 5212 1442 5266 eodem
1469 5223 1793 5283 argumento.
1883 5269 1892 5282 ,

587 5294 745 5363 Quod
771 5295 816 5350 si
841 5295 964 5366 quis
988 5306 1192 5372 quaerat
1219 5315 1315 5368 cur
1336 5302 1478 5358 Deus
1510 5304 1691 5374 omnia
1718 5305 1932 5374 quidem
1959 5322 2096 5377 prae-

515 5386 780 5444 destinata
803 5387 1130 5458 praedixerit,
1155 5405 1263 5446 non
1302 5399 1482 5449 tamen
1513 5396 1692 5454 omnia
1717 5397 2096 5467 prmiestinata

514 5476 827 5546 promiserit
861 5519 878 5546 ,
933 5478 1320 5547 respondemus
1371 5485 1785 5553 promissionem
1832 5487 1940 5558 dici
1985 5505 2096 5548 non

516 5583 696 5650 posse,
726 5571 828 5650 nisi
849 5558 977 5655 cum
991 5571 1192 5651 aliquid
1223 5572 1290 5627 ad
1318 5573 1424 5632 hoc
1449 5576 1751 5646 praedicitur
1774 5579 2096 5650 faciendum,

518 5664 580 5710 ut
604 5658 774 5726 possit
795 5659 846 5713 ei
875 5659 970 5740 cui
988 5661 1332 5740 promittitur
1373 5665 1642 5734 prodesse.
1650 5668 1761 5740 jam
1787 5669 2004 5728 factum.
2031 5668 2100 5726 Et

519 5739 841 5830 promissum
869 5737 1084 5828 semper
1097 5768 1222 5811 esse
1247 5754 1396 5825 doni,
1434 5772 1541 5814 non
1569 5737 1781 5832 semper
1807 5777 1926 5818 esse
1945 5761 2096 5831 judi-

520 5837 613 5908 cii,
641 5836 764 5896 cum
801 5842 1050 5909 promissi
1097 5845 1313 5914 largitas
1348 5863 1563 5920 semper
1611 5851 1866 5922 laetiﬁca,
1907 5852 2098 5922 iudicii

2201 4755 2444 4822 tionum,
2485 4755 2762 4812 ordinator
2796 4765 2978 4813 tamen
3007 4766 3092 4814 est
3128 4760 3390 4815 malarum
3427 4760 3786 4831 voluntatum,

2203 4854 2261 4904 et
2286 4845 2356 4904 de
2383 4846 2526 4903 malo
2551 4862 2714 4918 opere
2743 4848 3029 4918 cujuslibet
3049 4850 3177 4906 mali
3199 4866 3307 4906 non
3329 4849 3529 4906 desinit
3553 4850 3669 4924 ipse
3693 4853 3793 4910 ho-

2201 4955 2333 4995 num
2361 4941 2593 5010 operari.
2633 4939 2746 4997 Nec
2780 4941 2837 4996 in
2865 4941 2994 5013 ipsis
3035 4942 3242 5013 injustas
3277 4943 3569 5002 voluntatis
3609 4947 3792 5018 operi~

2201 5033 2306 5088 bus
2338 5033 2541 5088 deserit
2559 5045 2786 5103 Operum
2812 5050 3030 5091 suorum
3053 5033 3254 5106 justum
3292 5035 3559 5106 ordinem,
3584 5038 3709 5108 quia
3731 5045 3792 5109 et

2201 5117 2388 5178 hocin
2415 5123 2533 5192 ipso
2557 5123 2743 5194 ordine
2771 5126 2949 5191 habet,
2991 5125 3132 5195 quod
3158 5130 3261 5200 21
3296 5128 3491 5182 malam
3523 5127 3668 5197 justo
3691 5128 3792 5201 ἀε-

2201 5215 2336 5271 serit
2358 5215 2710 5274 voluntatem.
2741 5218 2912 5287 Quam
2941 5226 3121 5274 tamen
3155 5221 3234 5276 sic
3261 5221 3314 5275 in
3343 5220 3454 5276 suis
3481 5221 3636 5277 malis
3655 5236 3793 5293 ope-

2202 5307 2352 5364 ribus
2380 5322 2410 5362 a
2455 5321 2516 5364 se
2553 5296 2916 5367 discedentem
2944 5309 3159 5376 deserit,
3207 5317 3268 5366 ut
3305 5311 3381 5380 ibi
3423 5307 3792 5384 permittentis

2203 5399 2302 5456 Dei
2331 5403 2574 5472 operatio
2602 5403 2743 5460 bona
2772 5415 2881 5460 non
2907 5403 3066 5472 desit,
3088 5402 3215 5468 dum
3237 5405 3362 5464 etin
3384 5405 3658 5476 peccantis
3684 5419 3791 5479 vo-

2204 5490 2413 5548 luntate
2439 5492 2640 5562 injusta
2659 5493 2845 5563 implet
2871 5493 2988 5563 ipso
3003 5492 3286 5563 justitiam,
3308 5502 3367 5551 et
3391 5494 3459 5552 de
3476 5495 3644 5560 malo,
3673 5509 3791 5564 quo

2201 5589 2518 5652 peccantem
2542 5581 2767 5652 iudicat,
2798 5583 2991 5653 quibus
3017 5585 3132 5656 ipse
3157 5586 3274 5642 vult
3298 5586 3790 5658 beneficium-prae-

2202 5682 2376 5743 rogat.
2405 5673 2468 5732 in
2484 5676 2686 5734 unctis
2703 5675 2868 5744 igitur
2884 5675 3220 5747 perfecturus
3237 5678 3620 5748 estDominm,‘
3636 5677 3790 5752 quod

2199 5771 2263 5819 ut
2287 5773 2470 5822 essent
2491 5767 2640 5833 boni,
2669 5767 2836 5836 gratis
2859 5766 3027 5825 dedit.
3055 5768 3215 5838 Quod
3235 5771 3694 5837 automdatustun
3719 5783 3818 5830 sa-

2148 5942 2157 5948 .
2199 5858 2490 5924 nescivit.
2516 5859 2574 5914 in
2609 5868 2810 5917 aeterna
2833 5859 3093 5921 bonitatis
