4026 6336
269 321 380 393 173

1577 334 1668 386 AD
1705 332 2024 392 MONIMUM
2064 337 2191 394 LIB.
2233 341 2271 395 l.

3443 348 3546 422 iis

267 457 440 514 navit.
481 454 604 540 Ipsa
645 460 729 511 est
755 445 900 511 enim
938 448 1335 525 prindestinatio
1371 451 1488 524 Dei,
1533 433 1856 528 sempiterna
1887 466 1940 526 Α
1962 463 2265 518 mercedem
2292 463 2370 519 eis
2411 461 2668 530 Dominus
2701 479 2801 536 pro
2837 465 3091 538 operibus
3127 464 3238 538 suis
3269 467 3545 540 redderet,

266 549 478 604 scilicet
507 547 792 617 dispositio
834 546 995 602 futuri
1041 548 1218 618 operis
1249 549 1363 603 Dei.
1398 547 1566 603 Porro
1591 559 1775 615 autem
1806 551 1860 605 in

266 639 468 709 iniquis
499 640 781 710 puniturus
807 647 910 704 est,
954 637 1098 708 quod
1145 648 1203 695 ut
1240 649 1418 696 essent
1448 641 1592 707 mali,
1627 658 1732 696 non
1762 642 1859 696 de-

266 725 370 795 dit,
408 745 509 786 nec
546 745 642 785 eos
678 730 742 783 ad
780 731 1114 800 iniquitatem
1161 731 1396 802 aliquam
1441 731 1856 802 praedestinavit,

265 825 398 892 quia
425 831 485 877 ut
521 823 702 893 inique
728 823 946 889 vellent,
989 823 1093 880 hoc
1121 825 1200 880 eis
1224 825 1444 880 daturus
1472 826 1584 896 ipse
1606 843 1714 881 non
1739 826 1855 882 fuit.

264 913 336 968 Et
359 917 488 985 quia
515 915 669 970 mala:
704 915 996 971 voluntatis
1032 933 1385 987 perseverans
1412 919 1665 989 iniquitas
1691 920 1859 974 inulta

263 1019 556 1063 remanere
579 1023 684 1062 non
717 1006 920 1072 debuit,
954 1008 1088 1064 tales
1114 1007 1181 1063 ad
1208 1009 1480 1065 interitum
1516 1010 1861 1080 pmdestina-

263 1101 364 1166 vit,
392 1105 519 1171 quia
559 1103 753 1159 talibus
781 1103 940 1173 jUSL‘B
970 1104 1262 1174 punitionis
1296 1089 1613 1174 supplicium
1651 1119 1860 1175 praepa-

266 1194 432 1248 ravit.
466 1193 624 1260 Quod
654 1195 838 1264 utique
867 1193 1152 1249 manifesto
1187 1195 1444 1252 Dominus
1474 1197 1589 1266 ipse
1614 1211 1863 1251 sermone

265 1285 575 1356 perdocuit,
609 1286 662 1340 in
692 1302 758 1341 eo
806 1287 949 1355 quod
1005 1302 1034 1340 a
1066 1303 1124 1342 se
1177 1286 1410 1342 ostendit
1447 1295 1713 1358 paratum,
1753 1303 1862 1342 non

267 1376 442 1431 solum
473 1390 717 1445 regnum,
744 1377 833 1431 ubi
863 1377 1109 1432 laetentur
1133 1377 1280 1442 boni,
1312 1377 1403 1432 sed
1427 1387 1481 1433 et
1511 1379 1684 1445 ignem
1707 1385 1866 1432 aeter-

271 1484 420 1531 num,
449 1468 541 1522 ubi
564 1468 869 1523 crucientur
897 1465 1038 1522 mali.
1069 1468 1228 1523 Bonis
1256 1470 1451 1524 etenim
1478 1468 1713 1523 dicturus
1741 1475 1824 1522 est
1847 1485 1860 1520 :

279 1558 482 1625 Venite,
516 1558 766 1613 benedicti
815 1557 985 1614 Patris
1025 1562 1146 1624 mei,
1186 1561 1429 1629 percipite
1469 1575 1682 1630 regnum
1731 1558 1866 1630 quod

272 1647 409 1703 vobis
444 1659 692 1720 paratum
721 1660 798 1705 est
838 1667 869 1703 a
899 1651 1262 1705 constitutione
1291 1651 1465 1704 mundi
1488 1649 1716 1722 (Matth;
1735 1666 1862 1715 xxv,

272 1738 359 1810 54)
378 1759 394 1804 ;
416 1740 577 1794 malis
597 1750 774 1796 autem
795 1741 1032 1796 dicturus
1050 1749 1131 1797 est
1155 1759 1168 1795 :
1194 1740 1297 1810 Ite,
1319 1742 1593 1807 maledicti,
1617 1741 1673 1795 in
1694 1743 1865 1813 ignem

1960 572 2070 611 non
2099 557 2519 614 misericordiam
2539 570 2868 631 pratrogaret
2892 580 2903 615 :
2937 563 3073 618 sicut
3093 563 3234 619 idem
3255 561 3549 635 Apostolus

1962 647 2069 702 alio
2111 649 2232 704 loco
2262 649 2390 704 dicit
2421 667 2433 702 :
2464 648 2530 703 Ei
2572 662 2741 705 autem
2780 653 2868 722 qui
2907 663 3172 724 aperatur,
3213 671 3404 712 merces
3442 671 3549 713 non

1956 741 2243 814 imputatur
2286 743 2565 798 secundum
2597 745 2841 816 gratiam,
2881 745 2974 799 sed
3015 746 3294 810 secundum
3322 746 3549 804 debitum

1960 831 2137 904 (Rom.
2172 848 2241 897 ιν,
2266 831 2342 902 4).
2376 833 2516 888 Vasa
2550 835 2727 906 itaque
2753 835 3132 891 misericordiae
3160 836 3226 891 ad
3257 837 3550 898 indebitam

1959 931 2085 977 sunt
2113 923 2337 991 gloriam
2378 933 2697 994 pneparata,
2727 925 2852 994 quia
2887 925 3053 993 gratis
3091 926 3549 984 suntmisericor-

1961 1013 2100 1068 diam
2149 1023 2458 1070 consecuta.
2488 1015 2564 1070 De
2613 1016 2806 1085 quibus
2835 1017 2996 1090 etiam
3035 1017 3150 1087 ipse
3178 1017 3369 1074 beatus
3398 1019 3550 1090 Apo-

1962 1106 2131 1162 stolus
2152 1121 2210 1161 se
2237 1122 2355 1162 esse
2385 1113 2628 1171 testatur,
2654 1106 2836 1163 dicens
2869 1127 2881 1162 :
2913 1106 3014 1174 Qui
3041 1110 3184 1180 prius
3212 1110 3288 1182 [ui
3308 1109 3551 1180 blasphe-

1963 1213 2074 1250 mus
2114 1205 2163 1250 et
2187 1209 2478 1268 persecutor
2502 1207 2551 1251 et
2576 1200 2990 1265 contumeliosus,
3015 1199 3108 1254 sed
3141 1201 3554 1256 misericordiam

1961 1297 2260 1344 consecutus
2303 1306 2414 1343 sum
2439 1329 2453 1351 ,
2499 1290 2618 1362 quia
2660 1291 2906 1361 ignorans
2957 1293 3055 1361 feci
3102 1292 3156 1346 in
3194 1291 3554 1351 incredulitate

1965 1376 2022 1448 (1
2053 1376 2184 1432 Tim.
2218 1395 2255 1441 ι,
2288 1379 2400 1447 i5).
2432 1377 2547 1435 Hoc
2581 1387 2664 1438 est
2693 1396 2828 1451 opus
2854 1380 2949 1435 Dei
2989 1381 3044 1436 in
3081 1382 3226 1438 vasis
3246 1383 3552 1440 misericor-

1965 1457 2084 1535 d‘iie,
2119 1479 2176 1524 ut
2211 1471 2536 1540 blasphemis
2578 1479 2632 1526 et
2660 1471 3099 1542 persecutoribus
3124 1480 3179 1527 et
3206 1475 3555 1548 contumelio-

1965 1561 2058 1628 sis,
2090 1577 2199 1616 non
2229 1560 2442 1618 debitus
2471 1562 2789 1618 redderetur
2830 1563 3097 1630 interitus,
3129 1563 3225 1631 sed
3244 1565 3553 1622 misericor-

1967 1641 2066 1707 dia:
2094 1641 2386 1708 donaretur
2412 1654 2703 1721 gratuitum
2730 1669 2944 1712 munus.
2969 1653 3124 1711 Vasis
3144 1671 3275 1712 vero
3297 1655 3390 1711 irae
3418 1671 3556 1712 nun-

1967 1756 2126 1811 quam
2156 1743 2298 1798 Deus
2337 1742 2589 1799 redderet
2626 1738 2919 1811 interitum,
2964 1745 3009 1799 si
3051 1761 3157 1800 non
3197 1750 3555 1817 spontaneum

273 1840 543 1898 sternam,
565 1834 651 1904 qui
678 1843 892 1902 paratus
914 1843 990 1887 est
1015 1832 1220 1888 diabolo
1246 1844 1295 1888 et
1311 1835 1510 1906 angelis
1537 1834 1647 1905 ejus
1673 1833 1860 1904 (Ibid,
1967 1834 2297 1888 inveniretur
2342 1833 2510 1889 homo
2546 1834 2749 1890 habere
2787 1844 3090 1906 peccatum,
3121 1837 3248 1906 quia
3286 1852 3388 1892 nec
3413 1836 3556 1893 Deus

273 1923 388 1994 48).
416 1923 556 1979 Ecce
597 1924 662 1978 ad
691 1925 833 1994 quod
870 1924 1128 1980 Dominus
1168 1927 1378 1996 iniquos
1408 1934 1462 1982 et
1501 1927 1695 1998 impios
1724 1943 1862 1998 prie-

275 2016 584 2080 destinavit,
631 2015 682 2070 id
716 2024 798 2072 est
846 2015 912 2071 ad
950 2017 1265 2087 supplicium
1292 2017 1515 2086 justum,
1546 2034 1652 2072 non
1676 2016 1745 2073 ad
1766 2019 1864 2073 ali-

275 2109 416 2179 quod
445 2110 585 2180 opus
614 2108 868 2177 injustum
894 2127 908 2176 ;
938 2109 1005 2164 ad
1035 2126 1266 2180 pinnam,
1293 2109 1406 2166 non
1432 2111 1498 2165 ad
1525 2111 1768 2181 culpam;
1798 2112 1866 2168 ad

273 2199 641 2271 punitionem,
669 2215 773 2255 non
822 2199 886 2254 ad
921 2203 1428 2269 transgressionem;
1463 2202 1527 2257 ad
1565 2201 1863 2268 interitum,

274 2307 438 2362 quem
469 2292 550 2347 ira
575 2290 707 2360 justi
732 2291 927 2362 judicis
971 2293 1318 2363 peccantibus
1359 2293 1609 2360 reddidit,
1660 2311 1768 2350 non
1798 2295 1865 2350 ad

272 2385 577 2454 interitum,
609 2401 716 2456 quo
761 2385 815 2440 in
860 2401 920 2441 se
962 2386 1095 2440 iram
1127 2385 1218 2440 Dei
1249 2387 1585 2456 peccantium
1616 2387 1866 2456 iniquitas

275 2479 618 2548 provocavit.
668 2475 824 2544 Quod
870 2477 1014 2532 beati
1052 2477 1295 2547 Apostoli
1335 2479 1647 2549 praedicatio
1695 2479 1866 2533 mani-

278 2570 460 2639 festat,
491 2570 582 2641 qui
612 2569 804 2636 malos,
847 2585 982 2639 quos
1026 2569 1078 2623 in
1118 2577 1378 2625 internum
1411 2569 1758 2624 damnaturus
1785 2574 1868 2625 est

280 2663 438 2730 Dens,
465 2677 595 2717 vasa
628 2669 784 2717 vocat
825 2660 935 2726 irae,
963 2675 1067 2714 non
1098 2660 1286 2729 culpae.
1318 2659 1406 2712 Ait
1429 2659 1571 2713 enim
1601 2677 1614 2712 :
1644 2657 1796 2722 Quod
1823 2659 1869 2711 si

278 2737 446 2808 solens
477 2749 622 2804 Deus
649 2749 914 2804 ostendere
939 2751 1090 2814 iram,
1120 2757 1169 2802 et
1192 2757 1369 2803 notam
1400 2749 1567 2819 facere
1584 2750 1866 2816 potentiam

282 2857 444 2906 suam,
488 2841 731 2895 sustinuit
773 2841 828 2894 in
859 2841 1020 2895 multa
1059 2841 1309 2909 patientia
1339 2818 1462 2892 υαξα
1488 2839 1582 2892 ira:
1605 2847 1784 2906 aptata
1813 2841 1867 2893 in

285 2933 558 2997 interim
584 2941 641 2985 ut
667 2932 957 2986 ostenderet
983 2931 1186 2986 divitias
1205 2931 1384 3002 gloria:
1412 2946 1518 2984 sua
1537 2931 1593 2983 in
1630 2947 1752 2984 vasa
1771 2932 1870 2985 mi-

284 3025 598 3088 sericordia,
629 3041 740 3096 qua:
767 3025 1081 3095 prwparavit
1107 3026 1162 3078 in
1193 3024 1409 3094 gloriam
1441 3023 1618 3093 (Rom.
1650 3039 1724 3089 rx,
1752 3021 1866 3098 22).

284 3119 494 3186 Qumso,
531 3116 767 3172 Monime
795 3116 1088 3183 carissime,
1135 3123 1192 3169 ut
1229 3116 1370 3169 hunc
1410 3115 1651 3184 Apostoli
1690 3116 1866 3172 locum

1967 1925 2210 1994 peccanti
2238 1924 2440 1979 homini
2461 1913 2606 1994 juste
2631 1924 2853 1980 inferret
2880 1925 3035 1993 iram,
3067 1927 3111 1981 si
3137 1926 3298 1983 homo
3322 1943 3391 1983 ex
3418 1944 3556 1999 prae-

1967 2007 2326 2086 destinatione
2355 2016 2450 2071 Dei
2491 2005 2771 2072 cecidisset
2799 2017 2855 2072 in
2883 2018 3112 2089 culpam.
3144 2017 3252 2076 Sed
3280 2020 3408 2090 quia
3427 2036 3556 2088 can:

1967 2122 2081 2161 sam
2111 2107 2407 2178 iniquitatis
2436 2123 2544 2163 sua:
2591 2124 2659 2164 ex
2707 2109 2924 2180 propria
2961 2109 3126 2166 homo
3156 2110 3342 2168 habuit
3364 2111 3555 2168 volun-

1967 2206 2100 2264 tate,
2130 2208 2418 2280 propterea
2455 2201 2515 2255 Β.
2563 2200 2760 2258 Paulus
2803 2203 3119 2258 sustinuisse
3159 2204 3352 2261 asserit
3387 2201 3556 2259 Deum

1966 2289 2021 2342 in
2055 2292 2216 2343 multa
2255 2292 2501 2361 patientia
2532 2308 2655 2346 vasa
2681 2293 2795 2357 ine,
2827 2301 3008 2364 aptata
3040 2295 3095 2348 in
3124 2294 3403 2348 interitum.
3430 2292 3556 2349 Haec

1968 2380 2132 2449 igitur
2160 2382 2259 2445 ira,
2292 2382 2413 2437 ideo
2443 2383 2636 2438 talibus
2663 2383 2807 2438 vasis
2848 2383 3122 2440 interitum
3151 2383 3400 2450 reddidit,
3429 2383 3557 2455 quia

1969 2473 2022 2527 in
2051 2474 2128 2528 eis
2149 2463 2397 2529 meritum
2421 2473 2734 2529 voluntariae
2755 2475 3052 2544 iniquitatis
3079 2474 3301 2529 invenit.
3329 2473 3556 2541 Quando

1969 2573 2150 2620 autem
2176 2566 2421 2634 peccanti
2448 2581 2604 2621 servo
2627 2567 2760 2620 iram
2776 2565 2955 2634 justus
2985 2547 3239 2620 Dominus
3266 2565 3553 2633 intulisset,

1969 2641 2014 2712 si
2057 2673 2245 2712 servus
2290 2672 2358 2712 ex
2387 2657 2597 2712 Domini
2634 2657 3105 2728 praedestinatioue
3149 2656 3458 2728 peccasset?
3497 2655 3557 2714 In

1968 2747 2074 2804 hoc
2107 2747 2288 2817 itaque
2315 2748 2419 2803 ista
2445 2763 2571 2802 vasa
2601 2747 2742 2803 Deus
2769 2729 2992 2819 aptavit,
3033 2749 3086 2803 in
3118 2748 3262 2820 quod
3285 2748 3557 2820 praedesti~

1970 2841 2135 2905 navit,
2167 2843 2272 2896 hoc
2309 2847 2393 2895 est
2426 2841 2481 2896 in
2509 2841 2816 2916 interitum,
2862 2841 3010 2894 illum
3047 2831 3231 2917 utique
3260 2840 3555 2906 interitum,

1970 2947 2130 3003 quem
2154 2931 2350 2986 Paulus
2370 2931 2524 2986 malis
2548 2939 2768 3002 repente
2789 2938 3236 3004 superventurum
3258 2930 3556 2994 denuntiat,

1971 3015 2197 3077 dicens:
2229 3015 2356 3075 Cum
2378 3023 2514 3076 enim
2540 3022 2769 3077 dixerint
2795 3039 2902 3093 pax
2943 3031 2992 3076 et
3033 3024 3304 3091 securitas,
3331 3031 3451 3077 tunc
3473 3039 3560 3077 re-

1971 3113 2210 3183 pentinus
2231 3114 2305 3167 eis
2324 3103 2646 3184 superveniet
2671 3113 2907 3168 interitus
2938 3111 2993 3186 (Ι
3011 3112 3189 3168 Thess.
3219 3129 3272 3181 ν,
3302 3114 3380 3185 5).
3407 3111 3561 3182 Quod

287 3209 570 3278 diligenter
617 3209 881 3263 attendas.
933 3207 1127 3262 Notum
1169 3222 1398 3277 namque
1445 3214 1545 3271 est,
1595 3206 1730 3261 iram
1774 3207 1867 3263 Dei
1898 3215 1942 3278 ί]
1973 3205 2018 3259 si
2057 3203 2198 3260 Deus
2244 3205 2377 3261 tales
2413 3205 2466 3261 in
2507 3215 2788 3276 peccatum
2843 3207 3268 3278 praedestinaret,
3310 3224 3422 3264 non
3462 3223 3558 3264 eos

290 3299 391 3355 dici
429 3317 538 3355 non
583 3315 743 3370 posse
780 3299 880 3354 nisi
932 3299 1022 3354 ubi
1067 3298 1303 3366 creditur
1345 3298 1576 3352 hominis
1618 3298 1871 3368 iniquitas

289 3391 642 3462 praeessisse.
686 3390 870 3460 Neque
899 3390 1042 3444 enim
1084 3389 1226 3443 Deus
1257 3398 1347 3443 aut
1387 3389 1602 3456 ignarus
1630 3404 1750 3444 esse
1776 3405 1873 3460 po-

289 3482 403 3548 tuit,
440 3490 535 3536 aut
572 3481 819 3552 injustus,
853 3481 944 3550 qui
973 3487 1158 3552 posset
1196 3487 1288 3533 aut
1334 3480 1607 3549 peccantis
1641 3479 1874 3535 hominis

289 3572 497 3644 culpam
549 3589 656 3628 non
714 3559 1026 3642 agnoscere,
1078 3577 1170 3626 aut
1209 3559 1315 3625 non
1351 3571 1592 3640 peccanti
1617 3569 1873 3639 judicium

291 3653 581 3733 punitionis
610 3661 825 3717 inferre.
852 3661 983 3716 Nam
1009 3677 1064 3716 et
1095 3661 1208 3730 ipse
1251 3659 1441 3714 beatus
1481 3649 1672 3714 Paulus
1701 3661 1753 3714 in
1782 3659 1879 3713 ini-

293 3743 491 3824 quitate
522 3754 755 3809 hominis
776 3753 1035 3824 justitiam
1062 3753 1156 3808 Dei
1194 3741 1446 3823 praedicat
1492 3752 1876 3819 commendari,

295 3853 350 3900 ut
372 3845 649 3910 ostendat,
703 3837 808 3900 non
829 3829 1045 3914 ‘injuste
1095 3843 1227 3898 iram
1257 3843 1643 3912 omnipotentis
1673 3840 1872 3897 inferri.

299 3935 381 3990 Ait
402 3950 640 4004 namque
666 3953 678 3986 :
714 3934 773 3989 Si
802 3943 970 3988 autem
1010 3935 1258 4006 iniquitas
1287 3941 1463 3987 nostra
1493 3933 1750 4004 justitiam
1782 3931 1879 3986 Dei

298 4027 635 4092 commendat,
680 4027 803 4098 quid
831 4027 1094 4080 dicemus?
1123 4027 1347 4097 nunquid
1376 4027 1578 4097 iniquus
1615 4024 1772 4090 Deus,
1796 4025 1882 4097 qui

297 4120 449 4192 infert
475 4119 654 4172 iram?
678 4117 974 4187 (secundum
1004 4117 1258 4170 hominem
1301 4115 1438 4184 dico)
1471 4114 1626 4181 absit,
1657 4114 1882 4186 alioquin

298 4208 552 4280 quomodo
572 4207 827 4279 judicabit
870 4206 1010 4261 Deus
1050 4208 1292 4260 mundum
1332 4203 1506 4278 (Rom.
1543 4222 1618 4271 ιιι,
1652 4205 1744 4278 5)?
1766 4205 1883 4260 Non

299 4300 479 4370 itaque
494 4299 695 4355 frustra
709 4299 829 4353 talis
843 4306 924 4352 est
935 4297 1000 4352 ab
1013 4313 1080 4352 eo
1097 4297 1233 4352 facta
1250 4297 1388 4351 inter
1407 4294 1705 4367 puniendos
1720 4294 1884 4364 glori-

301 4387 652 4458 ﬁcandosque
678 4388 953 4450 discretio,
986 4395 1045 4441 ut
1078 4386 1198 4441 ilios
1222 4389 1441 4441 vocaret
1464 4401 1587 4440 vasa
1613 4383 1723 4450 iraa,
1754 4384 1887 4439 istos

305 4489 483 4537 autem
512 4496 641 4535 vasa
670 4478 1066 4544 misericordite,
1114 4479 1213 4533 nisi
1243 4487 1302 4533 ut
1327 4481 1668 4545 ostenderet,
1698 4486 1804 4548 tam
1835 4476 1886 4530 in

305 4571 446 4626 vasis
488 4571 585 4625 irae
632 4585 791 4640 quam
843 4569 898 4623 in
937 4571 1079 4624 vasis
1129 4567 1506 4624 misericordiae
1552 4568 1887 4642 iniquitatem

310 4663 575 4732 propriam
604 4662 960 4732 praecessisse.
988 4659 1132 4716 Talis
1151 4669 1232 4715 est
1254 4659 1397 4715 enim
1425 4659 1682 4716 Dominus
1699 4655 1883 4723 verus,

244 4749 248 4754 ’
310 4754 456 4823 cujus
478 4756 574 4823 (al.
606 4753 718 4823 cui)
748 4761 802 4809 et
830 4754 1057 4824 gratuita
1088 4753 1157 4807 sit
1185 4751 1571 4815 misericordia,
1593 4758 1647 4805 et
1675 4750 1753 4804 ira
1781 4763 1886 4804 non

312 4846 377 4900 sit
404 4846 600 4914 iniusta
632 4863 646 4911 ;
677 4861 739 4902 ac
773 4860 872 4916 per
898 4845 1019 4909 hoc,
1053 4852 1107 4898 et
1145 4843 1265 4898 illos
1309 4843 1556 4910 indignos
1597 4841 1890 4910 praeveniat

311 4935 552 4991 bonitate
579 4951 718 5006 quos
752 4933 1033 5005 justiﬁeat,
1067 4942 1119 4989 et
1156 4935 1274 4990 illos
1311 4933 1496 5004 dignos
1528 4930 1764 4986 inveniat
1791 4945 1889 5000 pu-

315 5028 514 5084 nitione
543 5043 683 5098 quos
735 5025 982 5093 damnat;
1029 5043 1099 5101 ac.
1140 5027 1218 5081 sic
1260 5033 1533 5097 appareat,
1575 5031 1631 5080 et
1668 5024 1721 5078 in
1748 5021 1891 5079 vasis

319 5120 716 5185 misericordias,
763 5135 870 5175 non
908 5135 975 5174 ex
1003 5119 1160 5189 ipsis,
1200 5117 1290 5171 sed
1328 5132 1395 5170 ex
1429 5115 1542 5170 Deo
1577 5130 1717 5182 esse,
1749 5111 1893 5185 quod

318 5211 436 5266 bui
462 5218 611 5276 sunt,
639 5218 698 5264 et-
732 5211 786 5264 in
828 5210 971 5265 vasis
1000 5210 1112 5274 irie,
1157 5222 1262 5262 non
1299 5221 1364 5261 ex
1393 5205 1524 5269 Deo,
1552 5204 1646 5262 sed
1673 5220 1741 5260 ex
1765 5205 1894 5275 ipsis

318 5318 432 5361 esse
457 5304 603 5375 quod
632 5304 756 5358 mali
781 5311 922 5357 sunt.
954 5301 1144 5357 Posset
1171 5301 1310 5356 enim
1340 5299 1625 5370 Apostolus
1652 5314 1787 5370 quos
1806 5298 1892 5353 di-

317 5397 390 5450 xit
416 5411 541 5450 rasa
570 5391 955 5456 misericordia,
983 5393 1160 5463 potius
1178 5408 1298 5446 vasa
1316 5389 1536 5460 justitice
1555 5404 1890 5459 nuncupare;

316 5487 409 5542 sed
443 5488 491 5542 si
531 5499 662 5542 vasa
709 5484 927 5553 iustitiae
955 5490 1292 5548 vocarentur,
1345 5481 1568 5536 forsitan
1613 5495 1680 5536 ex
1708 5480 1896 5550 seipsis

317 5575 520 5632 habere
538 5575 803 5645 justitiam
845 5582 1180 5645 putaremur.
1226 5573 1377 5628 Nunc
1416 5565 1600 5627 autem
1625 5587 1745 5627 cum
1771 5588 1894 5625 vasa

315 5651 689 5723 οἰκήιοῖάἱώ
713 5667 862 5735 dicit,
899 5667 1088 5737 precul
1123 5665 1306 5731 dubio,
1347 5664 1476 5736 quid
1522 5663 1623 5734 ipsi
1679 5662 1892 5746 fuerint,

316 5775 424 5816 non
453 5761 645 5827 tacuit,
675 5763 781 5831 22
807 5759 932 5829 quia
981 5757 1112 5828 quid
1151 5759 1228 5812 eis
1268 5773 1296 5811 τι
1343 5758 1455 5820 Deo
1505 5758 1757 5813 collatum
1804 5758 1893 5824 sit,

317 5851 604 5909 πῑιθηωτ
623 5845 879 5907 ostendit.
933 5836 1003 5905 Si
1021 5851 1160 5906 enim
1188 5865 1287 5912 per
1312 5851 1518 5915 seipsos
1547 5858 1724 5906 essent
1740 5849 1895 5914 justi,

1938 3303 1940 3306 ’
1977 3295 2265 3368 Apostolus
2283 3314 2408 3354 vasa
2438 3299 2531 3354 irae
2570 3299 2758 3354 mallet
2791 3301 3091 3365 nominare,
3120 3300 3215 3356 sed
3242 3299 3429 3374 culpae,
3461 3316 3563 3361 nec

1977 3389 2030 3443 in
2060 3390 2330 3445 interitum
2360 3391 2487 3445 talia
2533 3408 2680 3455 vasa,
2713 3393 2808 3448 sed
2847 3394 2901 3447 in
2939 3402 3220 3465 peccatum
3256 3393 3562 3466 dicerentur

1975 3488 2176 3550 aptata.
2206 3480 2359 3536 Nunc
2385 3490 2564 3538 autem
2592 3484 2712 3538 ideo
2738 3497 2862 3539 vasa
2891 3485 2982 3540 ira:
3003 3485 3268 3550 dicuntur,
3293 3493 3352 3539 ut
3377 3493 3562 3556 osten-

1978 3569 2158 3637 datur,
2177 3571 2230 3624 in
2255 3571 2445 3626 talibus
2466 3587 2533 3626 ex
2546 3573 2640 3627 Dei
2664 3574 3136 3643 praedestinatione
3155 3589 3264 3629 non
3287 3574 3394 3646 hoc
3421 3589 3560 3640 esse,

1978 3659 2123 3728 quod
2144 3666 2226 3714 est
2253 3661 2393 3715 male
2415 3662 2481 3716 ab
2511 3662 2588 3716 eis
2617 3661 2927 3728 admissum,
2960 3661 3056 3738 sed
3089 3662 3234 3736 quod
3257 3671 3342 3718 est
3370 3663 3565 3722 talibus

1978 3754 2118 3809 bene
2146 3754 2435 3810 redditum.
2875 3745 2878 3748 ’
3043 3743 3046 3748 ’
3528 3743 3532 3753 ί

1980 3864 2163 3922 CAPUT
2192 3883 2357 3923 xxvn.
2387 3868 2556 3934 Quam
2580 3869 2720 3938 juste
2745 3867 2882 3930 Deus
2909 3870 3099 3926 deserit
3118 3872 3282 3928 malos
3308 3883 3359 3928 et
3385 3875 3568 3930 interi‘

2055 3947 2162 4016 tum
2189 3939 2263 3992 eis
2288 3937 2473 4016 reddit.
2509 3937 2683 4016 Iniqui
2705 3941 3058 4016 prcedestinati
3086 3951 3206 4016 sunt
3233 3942 3305 4016 ad
3330 3955 3568 4016 stagnum

2053 4008 2191 4079 ignis
2232 4017 2283 4084 et
2318 4008 2814 4084 sulphuris.'l_”rima
2833 4021 2998 4084 Διιιονει
3032 4012 3221 4067 anima:
3258 4014 3311 4067 in
3342 4008 3570 4084 peEcato,

2056 4079 2280 4152 secunda
2325 4081 2381 4134 in
2419 4089 2605 4152 stagno
2638 4081 2792 4152 ignis.
2833 4080 2960 4136 Vias
2997 4084 3274 4152 impiorum
3301 4079 3406 4138 non
3435 4079 3571 4140 nam?

2058 4149 2331 4222 Dominus,
2360 4151 2478 4222 quia
2498 4149 2590 4222 eas
2615 4149 2718 4222 nim
2741 4153 2880 4221 fecit.
2913 4149 3099 4207 Prima
3123 4170 3264 4214 mors
3292 4155 3482 4212 anima:
3510 4154 3573 4214 al

2058 4219 2283 4292 homine,
2315 4219 2538 4292 secunda
2577 4239 2615 4292 a
2644 4219 2755 4274 Deo
2780 4222 3021 4292 infertur.
3053 4223 3275 4277 Peccata
3302 4225 3572 4292 praedesti-

2059 4291 2199 4344 navit
2219 4288 2360 4344 Deus
2382 4305 2483 4344 non
2515 4291 2771 4361 facienda,
2801 4288 2893 4345 sed
2913 4293 3053 4362 juste
3081 4288 3358 4361 punienda.

2064 4382 2208 4438 Bene
2233 4383 2433 4454 quippe
2454 4381 2608 4437 malis
2636 4382 2883 4438 interitus
2911 4399 2942 4436 a
2968 4383 3080 4438 Deo
3109 4385 3365 4451 redditur,
3386 4401 3572 4457 quam-

1991 4473 2071 4530 vis
2097 4473 2166 4529 sit
2195 4473 2368 4528 malus
2395 4473 2645 4530 interitus
2668 4474 2747 4528 eis
2794 4474 2886 4544 qui
2905 4489 3048 4530 nunc
3069 4473 3214 4544 juste
3234 4477 3574 4547 deserantur,

1916 4589 1970 4652 D
1992 4571 2049 4620 et
2076 4562 2418 4636 postmodum
2450 4562 2594 4632 juste
2635 4565 3044 4633 torqiiebuntur.
3081 4563 3140 4620 In
3193 4566 3386 4623 talibus
3433 4568 3573 4622 enim

1992 4653 2135 4709 Deus
2157 4652 2416 4723 judicium
2443 4668 2598 4708 suum
2627 4654 2936 4722 desertione
2978 4655 3222 4728 inchoat,
3247 4657 3574 4712 cruciatione

1995 4751 2350 4802 consummat.
2382 4742 2515 4797 Nam
2544 4751 2601 4798 et
2653 4745 2758 4798 hoc
2809 4752 3054 4814 tempore
3090 4727 3574 4815 quo’discedente's

1994 4836 2166 4890 malos
2189 4833 2389 4889 deserit
2414 4831 2578 4901 Deus,
2608 4846 2716 4887 non
2745 4839 3000 4903 operatur
3026 4833 3079 4886 in
3109 4833 3185 4887 eis
3226 4827 3374 4901 quod
3389 4833 3439 4890 ei
3467 4834 3575 4890 dis-

1994 4926 2178 4998 plicet,
2221 4924 2316 4982 sed
2363 4931 2618 4996 operatur
2659 4937 2759 4995 per
2792 4937 2888 4979 eos
2923 4922 3068 5002 quod
3105 4923 3156 4978 ei
3193 4907 3387 4994 placet,
3427 4933 3576 4995 post-

1993 5015 2215 5072 modum
2239 5016 2319 5072 eis
2359 5001 2663 5071 redditurus
2688 5001 2834 5085 quod
2872 4999 3097 5084 ab‘iejus
3122 5001 3327 5092 j‘ustitia
3358 5031 3575 5072 meren-

1994 5115 2100 5162 tur.
2158 5105 2441 5178 Recipient
2477 5107 2619 5162 enim
2671 5119 2780 5159 non
2827 5119 2926 5176 pro
2967 5099 3033 5161 eo
3076 5105 3217 5175 quod
3264 5091 3407 5161 Deus
3439 5107 3577 5162 bene

1996 5215 2124 5254 usus
2145 5205 2227 5254 est
2255 5212 2441 5253 eorum
2462 5196 2711 5266 operibus
2738 5194 2910 5264 malis,
2943 5195 3036 5252 sed
3074 5210 3173 5267 pro
3203 5209 3268 5251 eo
3297 5189 3441 5265 quod
3475 5195 3573 5266 ipsi

1999 5290 2140 5344 male
2168 5289 2321 5344 abusi
2373 5297 2498 5342 sunt
2549 5285 2645 5340 Dei
2699 5287 2950 5358 operibus
2986 5288 3160 5345 bonis.
3197 5281 3353 5342 Tales
3395 5287 3594 5357 itaque‘

2001 5381 2141 5436 Deus
2161 5380 2368 5451 aptavit
2395 5379 2448 5433 in
2479 5377 2749 5438 interitum
2777 5380 3090 5450 punitionis,
3117 5371 3275 5450 quem
3304 5387 3576 5452 peccator.

1994 5474 2168 5543 justus
2201 5461 2366 5541 judex
2404 5470 2872 5541 praedestinatione
2893 5472 3036 5542 justa
3075 5451 3332 5549 decrevit.
3375 5470 3488 5525 Non
3519 5471 3572 5527 in

1998 5571 2277 5636 peccatum
2317 5562 2462 5634 quad
2501 5563 2663 5620 homo
2691 5579 2801 5620 non
2843 5580 2910 5620 ex
2963 5562 3430 5642 praedestinatione
3483 5561 3566 5617 di-

1997 5660 2140 5724 vina,
2174 5657 2269 5713 sed
2293 5672 2361 5712 ex
2380 5656 2656 5713 voluntate
2693 5673 2806 5724 sua,
2842 5657 2982 5714 male
3009 5654 3433 5727 concupiscendo
3461 5667 3574 5710 cae!

1995 5753 2096 5826 pit,
2125 5760 2182 5806 et
2201 5750 2342 5805 male
2370 5749 2641 5821 operando
2667 5749 2892 5821 perfecit
2923 5767 2936 5802 :
2968 5735 3398 5819 cancupiscentia
3426 5744 3570 5830 enim

1997 5845 2304 5914 concipiens
2349 5844 2560 5914 peperit
2608 5849 2916 5913 peccatum,
2947 5829 3228 5913 peccatum
3264 5851 3396 5895 vero
3437 5829 3568 5894 eone
