4026 6336
417 380 545 517 ⁵4ἰέ

1472 423 1532 485 s.
1573 406 1937 484 sumsum
1976 406 2272 483 celsoue!
2311 420 2683 484 nussEusrs

3601 422 3708 481 I76

435 496 762 590 summatum
798 494 1006 602 genui.-
1045 546 1272 591 mortem
1304 536 1443 606 (Jac.
1493 513 1551 605 l,‘
1587 538 1698 609 15).
1740 539 1857 595 Non
1899 554 2027 610 ergo
2056 546 2101 602 Α
2131 554 2162 593 a
2192 538 2303 595 Deo
2331 539 2493 595 habet
2520 539 2723 595 donum
2751 547 2808 595 et
2832 538 3022 596 messis
3044 546 3101 596 et
3127 536 3364 596 seminis.
3387 535 3544 606 Quod
3567 513 3723 595 l’su-i
3762 538 3775 545 ’

438 626 606 697 iniqui
638 625 1001 696 prmdestitiati
1029 634 1154 681 sunt
1193 627 1260 682 ad
1295 638 1524 684 mortem
1554 631 1746 686 anima:
1774 633 2017 702 primam,

410 717 533 797 “sed
575 717 936 787 prtedestinati
985 727 1110 773 sunt
1154 719 1219 772 ad
1266 720 1571 787 secundam,
1617 722 1669 777 id
1697 731 1778 776 est
1820 722 1887 777 ad
1913 732 2023 777 sta-

438 822 599 877 gnum
633 810 769 878 ignis
804 818 860 865 et
888 809 1172 880 sulphuris.
1199 810 1284 865 ‘De
1331 828 1437 882 quo
1466 802 1653 867 beatus
1678 811 1912 868 Joannes
1938 813 2023 868 di-

439 903 514 957 cit
546 921 558 956 :
595 901 661 956 Et
683 901 920 958 diabolus
960 904 1047 975 qui
1083 902 1352 958 setlucebat
1376 922 1480 969 eos,
1512 907 1697 960 missus
1726 915 1800 960 est
1835 906 1888 959 in
1918 915 2027 960 sta-

439 1008 597 1061 gnum
622 992 757 1062 ignis
786 1002 835 1045 et
867 992 1127 1060 sulphuris
1155 993 1344 1064 (Apoc.
1371 1011 1461 1060 xx,
1491 995 1580 1065 9).
1610 994 1676 1050 Et
1720 997 1825 1049 alio
1855 997 1975 1051 loco
2008 1014 2020 1048 :

441 1081 511 1137 Et
540 1100 678 1138 mors
707 1092 767 1138 et—
786 1078 1019 1161 infernus
1049 1087 1190 1140 missi
1232 1095 1349 1141 sunt
1371 1088 1425 1141 in
1448 1096 1687 1159 stagnum
1714 1091 1868 1161 ignis.
1899 1088 2026 1144 Hazc

441 1182 517 1225 est
538 1189 677 1226 mors
700 1174 944 1227 secunda.
973 1173 1040 1227 Et
1059 1176 1143 1245 qui
1172 1177 1275 1246 23
1309 1193 1413 1232 non
1450 1187 1528 1232 est
1552 1180 1785 1233 inventus
1812 1181 1865 1233 in
1896 1177 2028 1234 libro

443 1262 568 1332 vita:
586 1264 828 1333 scriptus,
859 1265 1044 1318 missus
1079 1275 1156 1320 est
1186 1267 1241 1320 in
1268 1277 1509 1341 stagnum
1536 1269 1670 1340 ignis
1700 1268 1887 1341 (Ibid.,
1916 1268 2024 1340 l4).

444 1352 647 1410 Rursus
675 1356 840 1411 dicit:
879 1355 1057 1413 Dubiis
1102 1369 1288 1426 autem,
1322 1371 1372 1416 et
1408 1362 1723 1432 inﬁdelibus,
1771 1372 1821 1416 et
1851 1372 2032 1417 conta-

444 1446 672 1509 minatis,
699 1455 747 1499 et
771 1447 1061 1513 homicidis,
1094 1458 1143 1504 et
1161 1453 1454 1521 impudicis,
1493 1462 1541 1507 et
1570 1455 1826 1524 veneﬁcis,
1849 1432 1899 1507 et
1925 1453 2035 1508 ido-

443 1537 507 1592 lis
547 1540 900 1607 servientibus,
942 1553 992 1595 et
1031 1543 1263 1597 omnibus
1305 1544 1653 1610 mendacibus,
1692 1562 1815 1613 pars
1855 1563 2032 1600 eorum

444 1631 499 1685 in
527 1641 713 1703 stagno
739 1634 975 1699 ardente,
1003 1644 1053 1689 et
1081 1636 1344 1706 sulphure,
1376 1637 1511 1708 quod
1535 1646 1612 1692 est
1638 1654 1776 1692 mors
1806 1637 2032 1713 secunda

448 1720 629 1794 (Apoc.
674 1740 795 1790 χχι,
839 1723 915 1796 8).
956 1725 1103 1780 Illam
1147 1727 1436 1782 secundam
1483 1738 1755 1799 nuncupat
1804 1739 2034 1783 mortem

445 1804 564 1884 quae
585 1814 828 1884 sequitur
848 1831 915 1870 ex
945 1817 1210 1872 sententia
1231 1817 1360 1887 justi
1378 1817 1594 1887 iudicis,
1618 1836 1722 1873 non
1746 1818 1890 1873 illam
1916 1834 2036 1889 quas

2128 630 2180 685 lo
2203 639 2338 685 teste
2359 627 2729 698 cognovimus,
2766 631 2844 687 sic
2869 630 3009 687 enim
3032 632 3106 687 ait
3131 648 3145 686 :
3178 628 3279 697 Qui
3307 636 3477 687 autem
3505 630 3598 686 dat
3629 646 3715 688 se-

2128 739 2241 777 men
2269 722 2566 791 seminanti,
2595 733 2646 778 et
2671 740 2859 796 panem
2884 724 2952 778 ad
2980 723 3398 780 manducandum
3423 722 3711 796 prcstabit,

2127 822 2179 867 et
2204 812 2563 884 multiplicabit
2591 831 2759 869 semen
2790 824 3032 884 vestrum,
3078 826 3127 871 et
3164 815 3367 888 augebit
3394 816 3716 871 incrementa

2128 906 2334 976 frugum
2350 904 2571 975 justitite
2597 914 2779 961 vestris
2807 904 2861 978 (1
2868 904 2897 961 Ι
2926 905 3047 961 Cor.
3082 923 3135 963 ιι
3152 947 3168 973 ,
3201 905 3311 978 10).
3341 906 3444 974 Qui
3470 921 3601 962 vero
3626 920 3717 964 se—

2128 993 2298 1047 minat
2338 993 2392 1047 in
2430 1010 2617 1063 carne,
2654 1004 2711 1051 et
2756 995 2824 1052 de
2866 1012 3028 1054 carne
3072 1005 3240 1053 metet
3278 999 3715 1068 corruptionem;

2130 1085 2253 1141 ideo
2300 1102 2407 1142 non
2455 1087 2722 1145 laetabitur
2763 1089 2818 1145 in
2855 1106 3052 1160 messe,
3098 1094 3223 1161 quia
3250 1107 3359 1148 non
3407 1091 3594 1158 Deum,
3622 1090 3720 1148 sed

2128 1175 2367 1244 seipsum
2395 1176 2583 1231 habuit
2607 1189 2883 1236 auctorem
2929 1181 2982 1235 in
3015 1182 3238 1237 semine.
3288 1182 3511 1238 l’eccata
3540 1182 3722 1252 itaque

2130 1266 2409 1322 hominum
2434 1277 2627 1325 cuncta
2655 1271 2873 1339 quidem
2914 1271 3055 1329 Deus
3088 1274 3143 1328 in
3180 1274 3554 1345 peccatoribus
3583 1290 3723 1346 prte-

2132 1358 2288 1414 scivit
2310 1355 2524 1426 futura;
2554 1369 2610 1416 et
2635 1362 2775 1441 quia
2802 1363 2917 1433 ipse
2965 1381 3071 1421 non
3112 1382 3177 1421 ea
3215 1367 3616 1439 praedestinavit
3643 1369 3725 1424 fa-

2132 1454 2341 1521 cienda,
2380 1455 2527 1527 iuste
2561 1455 2959 1527 prcedestinavit
3000 1456 3203 1527 iudicio
3246 1458 3535 1529 punienda.
3568 1458 3725 1526 Quod

2132 1550 2295 1605 etiam
2326 1549 2381 1605 in
2408 1550 2537 1621 ipsis
2564 1549 2723 1606 dictis
2749 1550 2926 1605 sancti
2964 1549 3263 1622 Augustini,
3295 1568 3415 1622 quas,
3443 1560 3548 1607 tua)
3588 1552 3725 1607 inse-

2133 1639 2286 1694 ruisti
2317 1639 2581 1710 epistolas,
2629 1641 2676 1696 si
2725 1641 3058 1708 consideres,
3119 1643 3364 1712 profecto
3400 1650 3729 1713 cognosces,

2134 1732 2227 1801 qui
2247 1741 2530 1803 postquam
2554 1730 2727 1788 dixit:
2764 1752 2783 1785 ι
2809 1732 2925 1789 Hoc
2949 1748 3079 1803 ergo
3101 1734 3322 1802 bonum,
3343 1735 3487 1804 quod
3515 1743 3600 1791 est
3637 1750 3727 1791 re-

2136 1823 2351 1894 quirere
2389 1823 2576 1891 Deum,
2618 1842 2722 1880 non
2769 1833 2885 1879 erat
2914 1827 2999 1896 qui
3030 1828 3242 1896 faceret,
3286 1841 3391 1880 non
3425 1834 3539 1880 erat
3571 1840 3729 1899 usque

448 1907 718 1976 praecessit
758 1908 810 1961 in
857 1909 998 1963 mala
1053 1910 1484 1981 concupiscentia
1538 1913 1860 1983 peccatoris.
1916 1911 2033 1979 Qua
2064 1915 2110 1975 Β
2137 1917 2208 1970 ad
2233 1930 2393 1971 unum
2418 1916 2590 1987 (Psal.
2617 1934 2709 1980 ut,
2739 1916 2831 1989 4);
2866 1938 2885 1970 ι
2919 1918 3013 1973 sed
3042 1919 3094 1973 in
3117 1933 3184 1973 eo
3210 1932 3408 1988 genere
3434 1919 3578 1990 quod
3599 1932 3728 1989 prte-

446 2009 622 2079 morte
649 1999 900 2053 Salvator
926 2000 1187 2068 quosdam
1218 2011 1458 2057 mortuos
1487 2002 1781 2068 asserebat,
1811 2003 1995 2058 dicens
2019 2022 2032 2056 :

448 2080 664 2145 Dimitte
715 2101 940 2148 mortuos
992 2094 1206 2165 sepelire
1254 2106 1481 2151 mortuos
1528 2114 1649 2153 suos
1671 2097 1884 2171 (Matth.
1922 2115 2036 2168 Vill,

591 2179 656 2235 Et
696 2182 986 2253 Apostolus
1032 2185 1099 2240 de
1128 2185 1286 2241 vidua
1320 2204 1333 2240 :
1368 2184 1495 2251 Qua:
1529 2196 1699 2267 autem
1741 2190 1797 2242 in
1839 2190 2038 2244 deliciis

446 2264 533 2329 est
567 2277 736 2331 vivens
783 2286 986 2332 mortua
1036 2288 1112 2332 est
1142 2276 1195 2351 (1
1225 2278 1410 2336 Timot.
1449 2297 1503 2345 v,
1543 2264 1625 2350 6)..
1654 2281 1733 2336 Ad
1777 2282 2040 2352 Ephesios

447 2379 662 2436 quoque
692 2366 770 2422 sic
797 2366 1033 2436 loquitur
1065 2386 1077 2417 :
1107 2367 1179 2423 Et
1208 2387 1314 2434 vos,
1347 2387 1462 2426 cum
1506 2374 1684 2427 essetis
1725 2375 1914 2428 mortui
1947 2372 2040 2428 d'e-

449 2458 584 2513 lictis
612 2470 664 2513 et
707 2460 931 2530 peccatis
971 2464 1181 2527 vestris,
1230 2465 1285 2518 in
1325 2465 1506 2537 quibus
1553 2466 1832 2539 aliquando
1867 2467 2041 2522 ambu-

448 2550 617 2616 lastis,
675 2550 951 2605 secundum
998 2555 1243 2607 steculum
1294 2556 1476 2610 mundi
1529 2556 1701 2626 hujus,
1760 2557 2040 2613 secundum

447 2642 731 2711 principem
757 2644 1028 2712 potestatis
1050 2645 1187 2698 aeris
1207 2643 1383 2715 hujus,
1405 2645 1637 2716 spiritus,
1655 2646 1741 2717 qui
1761 2662 1898 2700 nunc
1918 2664 2040 2717 ope-

408 2790 419 2795 ι
449 2743 599 2787 ratur
627 2733 681 2787 in
709 2733 836 2803 ﬁliis
864 2734 1182 2805 difﬁdentite,
1230 2737 1283 2790 in
1321 2735 1501 2807 quibus
1542 2747 1591 2791 et
1626 2752 1718 2793 nos
1743 2753 1919 2792 omnes
1939 2737 2041 2791 ali-

447 2823 651 2892 quando
677 2826 964 2878 conversari
992 2842 1189 2890 sumus,
1218 2827 1273 2879 in
1308 2827 1580 2881 desideriis
1620 2829 1795 2882 carnis
1824 2840 2036 2894 nostris,

398 2936 403 2941 ί
448 2913 1036 2986 fucieutespoluntatem
1074 2917 1246 2970 carnis
1282 2925 1332 2970 et
1372 2920 1767 2989 cogitationum.
1808 2918 1881 2972 Et
1920 2937 2041 2974 era-

449 3021 562 3059 mus
597 3016 786 3059 natura
815 3007 912 3075 ﬁlii
940 3006 1052 3072 iraa,
1078 3009 1211 3061 sicut
1238 3010 1519 3074 et.cteteri;
1553 3009 1691 3064 Deus
1732 3020 1922 3074 autem,
1951 3012 2040 3082 qui

451 3095 587 3151 dives
615 3103 693 3151 est
738 3098 793 3151 in
830 3097 1213 3165 misericordia,
1251 3108 1461 3170 propter
1506 3101 1722 3154 nimiam
1769 3102 2039 3155 caritatem

451 3203 618 3254 suam,
647 3205 747 3260 qua
771 3186 952 3243 dilexit
978 3206 1094 3257 nos,
1119 3198 1167 3244 et
1196 3206 1308 3244 cum
1329 3207 1552 3246 essemus
1574 3193 1763 3246 mortui
1791 3194 2037 3263 peccatis,

2140 2010 2463 2066 destinatum
2494 2020 2577 2065 est
2599 2011 2664 2065 ad
2696 2011 2992 2077 interitum,
3016 2011 3195 2066 statim
3223 2020 3440 2067 secutus
3463 2010 3726 2080 adiunxit,

2139 2101 2365 2159 dicens:
2407 2102 2514 2174 24
2561 2122 2580 2154 ι
2616 2101 2792 2172 Super
2834 2103 2939 2157 hoc
2985 2103 3126 2157 enim
3169 2102 3407 2171 respexit
3452 2100 3548 2156 Dei
3591 2116 3729 2171 prm-

2140 2194 2385 2258 scientia,
2426 2194 2756 2264 protulitque
2792 2194 3135 2251 sententiam.
3173 2214 3192 2246 ι
3235 2194 3439 2265 Nempe
3478 2194 3610 2249 satis
3643 2202 3731 2249 at-

2141 2300 2246 2354 que
2275 2284 2554 2340 evidenter
2581 2284 2663 2339 bis
2706 2284 2862 2340 dictis
2888 2283 3143 2348 ostendit,
3186 2283 3311 2353 quia
3339 2283 3481 2340 Deus
3509 2291 3731 2355 peccata

2141 2376 2421 2432 hominum
2457 2374 2793 2445 praescientia
2834 2375 2987 2440 vidit,
3027 2374 3222 2444 quibus
3248 2373 3568 2430 sententiam
3596 2388 3733 2445 prte-

2142 2468 2501 2524 destinatioue
2524 2466 2763 2523 dictavit.
2794 2466 2932 2534 Quid
2954 2467 3097 2521 enim
3126 2466 3270 2523 aliud
3299 2467 3545 2537 accipere
3565 2467 3733 2523 debe-

2143 2575 2280 2625 mus,
2318 2560 2373 2615 in
2414 2560 2515 2615 hac
2552 2559 2853 2629 prolatione
2890 2558 3169 2614 sententize
3213 2557 3327 2623 Dei,
3356 2559 3456 2613 nisi
3486 2565 3734 2629 paratum

2143 2650 2459 2723 supplicium
2508 2651 2825 2721 peccatori?
2865 2649 3019 2705 Juste
3054 2658 3232 2705 autem
3275 2658 3357 2704 est
3395 2649 3462 2703 ad
3501 2648 3735 2728 punitio-

2144 2758 2266 2798 neni
2296 2742 2475 2796 divina
2506 2742 2761 2812 aequitate
2785 2741 3214 2816 praedestinatus,
3245 2740 3335 2810 qui
3375 2753 3626 2811 peccator
3649 2747 3736 2796 est

2146 2834 2328 2889 divina
2358 2834 2668 2902 cognitio‘ne
2712 2833 3028 2904 praescitus;
3059 2840 3120 2888 ut
3156 2841 3310 2903 pote,
3352 2831 3443 2902 qui
3483 2831 3735 2902 iniquita-

2132 2935 2274 2991 .tem,
2299 2925 2367 2981 ad
2395 2941 2554 2996 quam
2586 2942 2617 2980 a
2646 2925 2759 2980 Deo
2795 2942 2899 2981 non
2943 2933 3027 2981 est
3053 2917 3486 2996 praidestiuatus,
3516 2922 3735 2996 propria
3780 2931 3815 2941 ’-

2144 3030 2288 3074 esset
2309 3019 2588 3074 voluntate
2613 3018 2873 3074 facturus.
2925 3016 2994 3073 Ut
3037 3017 3093 3073 in
3131 3032 3239 3088 quo
3275 3016 3610 3087 praesidentia
3637 3014 3735 3071 Dei

2145 3109 2361 3167 videbat
2401 3107 2636 3164 futurum
2674 3123 2811 3178 opus
2857 3106 3137 3177 iniustum,
3166 3107 3292 3163 huic
3330 3122 3428 3177 per
3459 3104 3737 3176 pradesti-

2147 3199 2381 3256 nationis
2407 3200 2728 3256 sententiam
2754 3207 2972 3270 pararet
2998 3200 3319 3271 supplicium
3339 3199 3561 3270 justum.

453 3278 822 3349 conviviﬁcavjt
847 3296 939 3335 nos
964 3277 1167 3335 Christo
1196 3280 1407 3350 (Ephes.
1442 3298 1497 3348 ιι,
1534 3281 1608 3352 l).
1640 3280 1717 3337 De
1741 3282 1844 3337 hac
1866 3293 2038 3340 morte

2149 3298 2329 3356 Carus
2377 3312 2563 3372 nviu.
2613 3297 2963 3370 Conﬁrmatur
3002 3315 3073 3372 ςέο
3116 3299 3178 3355 S.
3218 3300 3505 3372 Augustino
3544 3298 3735 3372 nullius

453 3385 558 3443 qua
600 3371 765 3427 homo
793 3380 875 3428 est
903 3382 1147 3429 mortuus
1175 3374 1229 3428 in
1269 3375 1504 3444 peccatis
1531 3373 1661 3430 dicit
1691 3373 1868 3430 Deus:
1902 3373 2043 3431 Nolo

452 3472 670 3519 mortem
714 3465 1003 3530 morientis,
1034 3465 1126 3520 sed
1159 3475 1215 3518 ut
1252 3475 1538 3520 revertatur
1569 3482 1603 3519 a
1643 3466 1725 3519 via
1758 3481 1852 3519 sua
1884 3466 2042 3533 mala,

451 3564 500 3610 et
527 3557 663 3610 vivat
691 3557 866 3610 anima
904 3558 1016 3627 ejus
1046 3555 1260 3629 (Ezech.
1298 3573 1446 3622 svnt,
1484 3555 1595 3620 ⁸52).
1638 3556 1920 3623 Quomodo
1948 3573 2046 3613 au-

454 3632 579 3704 tem
595 3647 663 3703 ad
683 3656 913 3704 mortem
933 3647 1140 3719 peccati
1168 3647 1581 3718 pmdestinasse
1609 3647 1748 3701 Deus
1769 3648 2042 3703 hominem

452 3740 710 3807 creditur,
754 3756 915 3811 quam
954 3742 1070 3810 ipse
1114 3755 1175 3796 se
1229 3737 1375 3795 nolle
1423 3739 1691 3795 testatur?
1734 3738 1878 3794 Mors
1915 3753 2045 3808 ergo

452 3833 555 3888 ista
583 3832 894 3895 morientis,
940 3831 1043 3885 via-
1068 3846 1163 3886 sua
1213 3830 1354 3884 mala
1405 3838 1530 3886 est:
1561 3845 1682 3899 quae
1725 3831 1851 3900 quia
1879 3832 2041 3898 mala,

450 3919 567 3999 Deo
589 3922 787 3989 ignota.
820 3918 1091 3990 Scriptum
1132 3934 1363 3991 namque
1391 3929 1475 3974 est
1504 3937 1527 3987 :7
1560 3919 1685 3975 Vias
1715 3923 1850 3975 enim
1878 3936 1992 3994 qua:
2013 3938 2045 3976 a

457 4011 653 4067 dextris
672 4019 811 4075 sunt,
835 4011 969 4065 novit
996 4004 1276 4072 Dominus;
1300 4026 1552 4080 perversa:
1575 4020 1744 4065 autem
1771 4020 1910 4076 sunt,
1931 4027 2046 4083 quis

454 4121 491 4158 ιι
513 4104 740 4159 sinistris
767 4111 886 4157 sunt
918 4088 1098 4174 (Prov.
1138 4118 1210 4167 IV,
1244 4100 1357 4173 27).
1389 4100 1519 4158 Vias
1552 4115 1701 4170 ergo,
1742 4116 1875 4170 quas
1903 4101 2047 4158 Deus

456 4191 606 4259 fecit,
627 4193 801 4261 novit,
829 4207 963 4264 quas
989 4207 1099 4247 non
1127 4191 1272 4257 fecit,
1303 4191 1500 4261 perdit.
1541 4192 1666 4262 quia
1687 4206 1780 4247 eas
1807 4206 1917 4246 non
1946 4206 2046 4246 no-

459 4285 556 4341 vit.
590 4281 741 4340 Unde
768 4284 1031 4354 scriptum
1059 4290 1142 4338 est
1170 4300 1183 4336 :
1217 4281 1377 4338 Novit
1408 4280 1665 4338 Dominus
1704 4284 1841 4337 viam
1874 4282 2046 4352 justo-

459 4394 593 4443 rum,
614 4386 664 4432 et
701 4378 803 4431 iter
828 4378 1101 4448 impiorum
1127 4374 1314 4447 peribit
1338 4375 1584 4445 (Psal.,t,
1616 4375 1697 4447 β).
1736 4375 1830 4431 Ille
1864 4376 2041 4444 igitur,

459 4468 553 4539 qui
582 4468 685 4524 scit
710 4468 892 4524 omnia
911 4477 1201 4538 antequam
1224 4466 1372 4530 ﬁant,
1398 4474 1466 4545 eti
1481 4466 1635 4545 cuius
1659 4465 1801 4522 oculi
1823 4467 1875 4521 in
1899 4467 2047 4523 omni

460 4556 584 4615 loco
622 4558 966 4630 speculantur
1001 4559 1174 4614 bonos
1201 4566 1259 4613 et
1285 4557 1476 4623 malos,
1506 4556 1660 4633 cujus
1687 4557 1849 4611 etiam
1878 4557 2045 4612 vultus

2223 3371 2464 3425 humana:
2481 3370 2647 3440 culpa:
2667 3368 2877 3425 causam
2905 3372 2959 3424 in
2988 3368 3155 3424 Deum
3183 3368 3663 3441 esse'relerendam.

2223 3459 2479 3529 Quamvis
2508 3459 2668 3529 igitur
2696 3468 2751 3514 tu
2786 3460 2920 3531 ipse,
2950 3459 3238 3529 ca‘terique
3269 3459 3345 3515 tui
3382 3459 3585 3515 similes
3623 3466 3734 3515 stu-

2146 3550 2237 3607 dio
2266 3549 2498 3619 legendi,
2526 3550 2614 3606 vel
2653 3550 2941 3607 velocitate
2977 3549 3327 3619 intelligendi,
3360 3565 3431 3606 ex
3468 3549 3571 3605 hoc
3612 3548 3738 3606 loco

2146 3643 2413 3699 dictorum
2447 3641 2621 3696 sancti
2659 3639 2961 3710 Augustini,
2982 3646 3102 3711 qua:
3139 3640 3192 3694 in
3239 3646 3330 3694 tua
3383 3638 3608 3709 epistola
3634 3653 3739 3709 po—

2146 3735 2320 3802 suisti,
2360 3734 2613 3791 facillime
2658 3729 3016 3802 cognoscatis,
3047 3732 3177 3803 quid
3218 3732 3518 3789 catholicus
3539 3730 3740 3787 habeat

2147 3825 2452 3883 intellectus
2487 3825 2555 3882 de
2597 3825 2683 3882 his
2727 3840 2864 3895 quos
2900 3824 2965 3880 ad
3008 3824 3281 3881 interitum
3329 3822 3740 3895 praadestinatos

2148 3918 2432 3983 audimus,
2464 3926 2647 3972 tamen
2690 3932 2760 3972 ue
2805 3917 3073 3973 tardiores
3112 3916 3310 3987 quique
3353 3916 3498 3972 hunc
3527 3922 3737 3972 tantum

2147 4008 2323 4064 locum
2353 4009 2531 4063 minus
2558 4008 2659 4063 sibi
2688 4016 2877 4079 putent
2918 4008 2970 4062 in
3018 4008 3121 4065 hac
3146 4008 3443 4080 quaestione
3467 4007 3734 4077 sufﬁcere,

2147 4100 2215 4155 de
2241 4100 2359 4155 aliis
2385 4114 2604 4170 quoque
2647 4101 2820 4156 sancti
2867 4101 3149 4171 Augustini
3186 4100 3335 4157 libris
3365 4101 3608 4173 quasdam
3650 4102 3737 4159 iu-

2147 4191 2312 4253 serui,
2342 4190 2536 4259 quibus
2564 4190 2746 4247 docuit
2782 4191 3033 4247 humana:
3065 4192 3362 4261 iniquitatis
3388 4208 3606 4249 causam
3646 4206 3737 4249 so-

2148 4279 2255 4335 lam
2284 4295 2405 4338 esse
2428 4281 2754 4351 superbiam,
2782 4298 2883 4340 nec
2900 4284 2970 4339 ad
2994 4283 3322 4354 peccandum
3350 4285 3614 4351 homines,
3641 4283 3737 4340 sed

2147 4372 2217 4429 ad
2270 4373 2675 4430 damnationem
2725 4374 3135 4446 praedestinatos
3176 4390 3208 4431 a
3251 4374 3385 4440 Deo,
3417 4376 3509 4445 qui
3542 4384 3737 4431 utnon

2147 4464 2467 4535 adiuventur
2494 4482 2525 4522 a
2555 4466 2686 4533 Deo,
2724 4467 2779 4522 in
2808 4467 2940 4538 ipsis
2966 4482 3128 4523 causa
3154 4475 3256 4531 est,
3300 4482 3406 4523 non
3436 4468 3489 4523 in
3519 4466 3651 4523 Deo.
3677 4465 3735 4522 ln

2148 4557 2286 4614 libro
2323 4559 2505 4627 itaque
2547 4558 2785 4614 secundo
2836 4557 2903 4615 de
2946 4557 3222 4630 Baptismo
3271 4557 3616 4629 parvulorum
3668 4556 3738 4613 ad

434 4652 615 4720 "super
642 4649 890 4720 facientes
927 4648 1090 4709 malm
1136 4655 1192 4701 ut
1242 4645 1426 4718 perdat
1469 4646 1534 4700 de
1579 4654 1720 4699 terra
1746 4646 2047 4702 memoriam
2075 4663 2130 4725 Ῑ)
2152 4650 2517 4706 Marcellinum
2553 4649 2815 4715 scribens,
2844 4649 2984 4705 inter
3016 4650 3122 4705 alia
3147 4650 3226 4708 sic
3261 4648 3392 4705 dicit
3413 4645 3560 4721 (Cap.
3594 4647 3685 4719 l7)
3718 4666 3735 4703 :

459 4756 641 4795 eorum
667 4737 839 4809 (Psal.
864 4753 1049 4813 xxxiii,
1082 4736 1194 4803 17;,
1218 4737 1343 4793 ideo
1364 4737 1506 4813 viam
1527 4734 1721 4790 malam
1743 4751 1849 4791 non
1873 4737 2043 4805 novit,

462 4832 721 4901 nonquia
756 4810 1036 4888 scientiam
1066 4829 1229 4900 ipsius
1271 4810 1473 4899 aliquid
1509 4829 1565 4883 in
1593 4826 1843 4898 operibus
1870 4827 2045 4884 homi-

462 4932 591 4975 num
612 4918 767 4991 l‘ugit,
796 4920 890 4976 sed
917 4921 1042 4989 quia
1072 4926 1301 4974 mortem
1329 4918 1609 4974 morientis
1630 4935 1737 4974 non
1766 4916 1922 4980 fecit;
1951 4919 2043 4988 qui

465 5016 646 5062 tamen
674 5017 899 5064 mortem
939 5016 1153 5063 mortuo
1187 5006 1333 5077 iuste
1373 5006 1639 5061 retribuit.
1678 5003 1856 5060 Prima
1885 5006 2047 5075 igitur

465 5112 612 5154 mors
640 5087 850 5163 animai,
880 5114 1043 5169 quam
1069 5099 1171 5154 sibi
1206 5099 1367 5154 homo
1395 5097 1590 5162 intulit,
1633 5096 1880 5152 secundae
1905 5111 2047 5175 tuor-

464 5193 535 5248 tis
562 5198 646 5247 est
688 5205 847 5246 causa
877 5207 892 5243 :
926 5199 982 5245 et
1008 5190 1240 5248 secunda
1278 5205 1425 5246 mors
1462 5203 1625 5260 quam
1662 5186 1805 5261 Deus
1842 5186 2046 5244 homini

467 5280 718 5349 reddidit,
748 5281 937 5353 prima:
963 5283 1152 5337 mortis
1197 5292 1488 5355 estvpuana.
1517 5279 1586 5335 Et
1606 5280 1731 5350 quia
1760 5280 1917 5336 istam
1944 5280 2048 5337 sibi

464 5368 629 5428 homo
652 5371 879 5442 iniustus
907 5370 1102 5441 injuste
1121 5371 1320 5439 intulit,
1339 5372 1481 5426 illam
1496 5386 1527 5425 a
1542 5368 1690 5442 justo
1705 5368 1885 5438 judice
1900 5368 2046 5439 iuste

464 5465 729 5536 percepit,
749 5474 809 5521 ut
828 5465 954 5537 quia
970 5464 1023 5520 in
1045 5465 1147 5521 ista
1165 5452 1354 5521 volens
1373 5460 1558 5520 Semen
1577 5462 1871 5532 iniquitatis
1886 5463 2047 5519 semi-

464 5562 560 5607 nat
581 5565 835 5624 peccator
860 5557 1223 5629 improvidus,
1282 5542 1337 5611 in
1384 5557 1473 5611 illa
1497 5563 1665 5612 metat
1689 5554 1916 5612 fructum
1944 5572 2047 5627 pu-

463 5644 688 5719 nitionis
715 5649 913 5706 invitus
943 5669 956 5703 :
987 5649 1090 5717 Qui
1127 5650 1263 5705 enim
1301 5650 1522 5705 seminat
1559 5650 1615 5703 in
1652 5665 1807 5704 carne
1825 5665 1940 5715 sua,
1984 5649 2049 5704 de

465 5754 623 5795 carne
641 5747 792 5795 metet
817 5745 1192 5812 corruptionem
1215 5758 1232 5797 :
1254 5743 1340 5815 qui
1368 5750 1538 5796 autem
1575 5742 1795 5796 seminat
1814 5743 1869 5796 in
1888 5742 2044 5812 spiri-

2159 4761 2180 4794 s
2207 4741 2511 4812 Ignorantia
2554 4740 2716 4811 igitur
2753 4747 2809 4796 et
2844 4739 3126 4797 inlirmitas
3151 4741 3280 4797 vitia
3305 4747 3450 4802 sunt,
3478 4753 3597 4809 quae
3632 4738 3738 4794 im-
3794 4746 3806 4763 ‘

2150 4832 2374 4905 pediunt
2391 4812 2751 4896 voluntatem,
2781 4847 2852 4887 ne
2876 4840 3157 4888 moveatur
3181 4831 3249 4887 ad
3277 4830 3574 4887 faciendum
3601 4844 3740 4901 opus

2151 4923 2376 4988 bonum,
2418 4923 2505 4978 vel
2541 4923 2610 4978 ab
2655 4936 2822 4992 opere
2861 4921 3005 4977 malo
3040 4919 3433 4978 abstinendum.
3461 4917 3532 4974 Ut
3555 4927 3739 4975 autem

2152 5017 2459 5072 innotescat
2484 5014 2626 5084 quod
2658 5001 2879 5080 latebat,
2922 5023 2978 5070 et
3012 5028 3178 5071 suave
3206 5012 3298 5069 liat
3324 5012 3469 5085 quod
3502 5026 3609 5068 non
3637 5011 3740 5068 de-

2152 5108 2404 5172 lectabat,
2435 5106 2621 5176 gratia‘.
2650 5105 2745 5162 Dei
2773 5115 2887 5179 est,
2907 5104 3025 5177 quae
3054 5106 3148 5177 (al.
3175 5104 3312 5186 qua).
3342 5105 3618 5162 hominum
3641 5103 3740 5161 ad-
3788 5172 3789 5179 γ

2147 5198 2301 5271 juvat
2325 5200 2657 5265 voluntates,
2697 5214 2803 5271 qua
2831 5198 2926 5272 (al.
2961 5196 3107 5270 quia)
3145 5206 3205 5253 ut
3240 5214 3350 5254 non
3390 5198 3737 5269 adiuventur,

2152 5290 2208 5346 in
2236 5290 2366 5362 ipsis
2388 5290 2573 5347 itidem
2601 5305 2765 5347 causa
2792 5296 2897 5354 est,
2923 5303 3032 5344 non
3066 5288 3119 5343 in
3150 5288 3280 5357 Deo,
3310 5289 3426 5346 sive
3445 5288 3738 5346 damnandi

2148 5381 2515 5454 praedestinati
2541 5381 2644 5441 sint
2678 5387 2900 5451 propter
2925 5379 3262 5449 iniquitatem
3297 5382 3584 5453 superbiae,
3613 5381 3737 5437 sive

2150 5480 2339 5529 contra
2383 5474 2554 5545 ipsam
2592 5471 2898 5542 superbiam
2929 5470 3204 5541 iudicandi
3241 5482 3300 5530 et
3336 5472 3646 5538 erudiendi,
3686 5471 3732 5526 si

2151 5561 2245 5620 lilii
2270 5564 2380 5620 sint
2401 5561 2798 5637 misericordiae.
2835 5581 2854 5614 ι
2885 5559 2986 5619 Hic
3031 5563 3214 5620 statim
3240 5573 3465 5631 sanctus,
3482 5562 3733 5633 Augusti-

2149 5670 2251 5711 nus
2275 5654 2635 5729 testimonium
2656 5651 2933 5725 propheta:
2959 5653 3250 5726 subiunxit,
3275 5656 3496 5714 dicens:
3526 5674 3546 5708 ι
3577 5652 3733 5711 Unde

2145 5742 2428 5812 leremias,
2458 5760 2580 5802 cum
2618 5744 2862 5813 dixisset,
2908 5744 3053 5813 Scio,
3084 5745 3323 5813 Domine,
3353 5748 3598 5820 quoniam
3623 5761 3731 5803 non

465 5835 540 5897 tu,
566 5830 633 5886 de
648 5832 833 5904 spiritu
857 5840 1009 5887 metet
1035 5835 1188 5891 vitam
1209 5844 1452 5891 aeternam
1474 5832 1614 5904 (Gal.
1635 5849 1708 5901 vi,
1729 5834 1806 5903 8).
1832 5833 1939 5889 Sed
1958 5833 2045 5907 qui
2144 5847 2220 5893 est
2249 5839 2305 5891 in
2326 5837 2533 5893 homine
2551 5838 2633 5892 via
2658 5840 2790 5912 ejus,
2824 5856 2916 5895 nec
2949 5840 3045 5895 viri
3070 5848 3148 5897 est
3176 5849 3233 5895 ut
3257 5844 3500 5910 ambulet,
3524 5853 3576 5902 et
3596 5844 3729 5901 diri-

464 5921 687 5981 seminat
712 5924 767 5980 in
798 5921 1014 5994 spiritu,
1045 5932 1094 5982 et
1120 5927 1181 5981 de
1202 5929 1380 5994 spiritu
1417 5935 1568 5981 metet
1594 5926 1744 5981 vitam
1773 5934 2037 5985 aeternam.

2146 5938 2232 5996 qut
2277 5947 2474 5992 gressus
2513 5948 2631 5988 suos
2657 5929 2868 5999 (Jerem.
2902 5947 2963 5996 ιτ
2985 5931 3098 6001 ‘23),
3120 5933 3375 5992 continuo
3413 5934 3727 6005 subiunxit,
