4026 6336
1255 331 1260 334 ,
1285 312 1403 334 νισιλῆ

331 409 444 474 177

1658 423 1747 478 ΑΒ
1785 405 2104 482 MONIMUM
2142 427 2266 484 Lm.
2309 428 2346 487 t.

3506 434 3606 494 178

337 528 556 601 Corripe
579 546 680 592 me,
712 527 954 593 Domine,
979 495 1320 589 uerumtamen
1346 535 1400 590 in
1416 535 1636 605 judicio,
1667 546 1839 593 etnon
1868 541 1921 594 in
1952 541 2149 610 Aquia
2197 541 2423 597 inultum
2460 559 2567 599 non
2621 545 2957 617 relinquitur,
2999 547 3144 620 quod
3186 546 3302 616 sine
3346 559 3606 622 operante

336 626 512 680 furore
543 633 648 678 tuo.
683 618 962 694 Tanquam
987 624 1192 681 diceret
1220 645 1232 680 :
1267 625 1390 683 Scio
1428 628 1493 683 ad
1527 632 1922 702 correptionem

328 733 514 799 nieam
544 714 836 786 pertinere,
867 711 1016 785 quod
1040 718 1214 775 minus
1242 720 1337 775 abs
1366 729 1418 775 te
1446 721 1689 799 adquor,
1717 733 1774 778 ut
1801 740 1924 794 per-

331 788 482 863 fecte
519 808 818 876 dirigantur
847 822 1063 876 gressus
1110 812 1236 866 mei.
1284 788 1772 870 Verumtamen-ob
1803 788 1924 872 hoc

331 899 512 970 ipsum
542 899 660 976 noli
684 899 764 954 sic
792 915 1002 955 mecum
1042 915 1223 970 agere,
1254 912 1503 972 tanquam
1534 905 1586 960 in
1615 906 1792 962 furore
1815 922 1924 976 quo

325 987 555 1058 iniquos
578 991 832 1046 damnare
853 993 1107 1058 statuisti,
1130 993 1221 1050 sed
1242 1004 1493 1066 tanquam
1517 999 1570 1052 in
1595 998 1796 1068 judicio
1816 1015 1923 1070 quo

327 1078 502 1136 doces
549 1090 668 1137 tuos
696 1095 804 1138 non
845 1083 1141 1152 superbire.
1205 1083 1353 1141 Unde
1419 1087 1542 1142 alibi
1583 1089 1776 1146 dicitur
1809 1109 1822 1144 :
1855 1091 1924 1147 Et

327 1173 535 1249 iudicia
564 1184 651 1226 tua
679 1172 1092 1250 adjuvabuntme
1110 1173 1280 1247 (Prol.
1302 1193 1480 1240 cxvnt,
1509 1179 1649 1252 175).
1673 1201 1692 1234 ι
1721 1182 1924 1253 Supra-

327 1263 539 1342 dictum
568 1263 750 1333 itaque
785 1262 1151 1343 Marcellinum
1179 1267 1271 1322 tali
1300 1267 1542 1326 doctrina
1572 1282 1788 1330 sanctus
1811 1275 1922 1332 Au-

325 1337 578 1425 gustinus
597 1341 910 1423 informans,
933 1358 1174 1428 sequitur
1194 1368 1249 1414 et
1269 1361 1396 1417 dicit
1423 1381 1434 1416 :
1467 1383 1485 1416 ι
1514 1365 1717 1422 Nullius
1741 1369 1921 1439 proin-

323 1447 401 1502 de
427 1445 602 1516 culpte
631 1446 875 1502 humana:
903 1449 954 1502 in
982 1448 1146 1504 Deum
1177 1451 1378 1508 referas
1405 1470 1641 1522 causam,
1668 1459 1919 1516 vitiorum

323 1550 566 1605 namque
600 1537 838 1592 omnium
890 1539 1248 1596 humanorum
1277 1559 1438 1601 causa
1483 1550 1730 1618 superbia
1760 1561 1862 1608 est.
1894 1573 1913 1607 ι

322 1623 384 1680 In
411 1627 533 1682 istis
554 1629 728 1683 sancti
757 1627 1037 1697 Augustini
1058 1631 1214 1687 dictis
1242 1637 1476 1702 attende,
1505 1655 1708 1710 quzeso,
1733 1644 1804 1698 mi
1829 1655 1920 1699 ca:-

321 1721 562 1777 rissime.
596 1720 832 1776 Primum
867 1724 990 1792 quia
1022 1733 1080 1778 ut
1121 1741 1227 1780 non
1258 1727 1504 1786 homines
1543 1733 1860 1802 adjuvantur
1887 1753 1916 1792 a

319 1811 460 1880 Deo,
475 1813 528 1867 in
545 1814 677 1884 ipsis
687 1829 848 1869 causa
862 1830 980 1870 esse
993 1815 1208 1883 dicitur,
1221 1834 1329 1874 non
1342 1820 1393 1875 in
1410 1821 1775 1891 Deo.'Deindc,
1793 1829 1916 1896 quia

2029 630 2140 687 Deo
2170 633 2341 690 malus
2369 645 2641 706 operatur.

2027 723 2208 806 Carujr
2242 744 2367 806 χχχ.
2417 729 2700 806 Responsio
2729 731 2974 806 Prosperi
3011 735 3080 787 ad
3114 735 3607 806 quartamdecimam

2098 749 2208 781 .PUT
2243 749 2367 783 xxx.
2417 749 2517 786 nes
2556 749 2700 788 onero
2729 749 2973 803 Prosper:
3011 749 3077 787 aa
3114 749 3605 806 quartamdecimam

2098 797 2452 879 objectiouem.
2497 749 2786 879 ﬁespensio
2826 805 2895 857 ad
2925 807 3431 879 quintamdecimam.
3467 806 3605 865 Con-

2097 869 2257 922 clusio
2280 870 2345 923 de
2363 869 2831 941 pra'destinatione.

2025 1024 2028 1028 ί
2098 959 2214 1016 Non
2251 971 2430 1018 autem
2469 965 2684 1036 ignoras
2727 969 2888 1024 etiam
2930 971 3202 1040 przcterito
3243 982 3485 1046 tempore
3528 976 3603 1031 illi

2025 1051 2448 1111 luculentissimo
2485 1061 2657 1116 sancti
2701 1062 2979 1131 Augustini
3020 1067 3190 1134 operi,
3217 1067 3360 1137 quod
3391 1069 3603 1138 scripsit

2026 1143 2096 1198 de
2143 1146 2610 1215 prtedestinatione
2657 1161 2984 1217 sanctorum,
3017 1170 3047 1210 a
3078 1157 3395 1224 quibusdam
3436 1156 3603 1214 Gallis

2024 1237 2316 1306 objectum,
2337 1241 2482 1310 quod
2505 1243 2693 1298 beatus
2715 1245 3036 1314 Augustinus
3065 1249 3119 1303 in
3146 1252 3444 1306 assertione
3464 1267 3602 1322 prae.

2023 1328 2396 1387 destinationis
2421 1333 2637 1403 divinm,
2670 1345 3000 1405 peccatores,
3033 1354 3138 1393 non
3169 1339 3235 1394 ad
3262 1340 3434 1396 solum
3461 1358 3599 1412 prte-

2022 1417 2318 1477 destinatos
2346 1421 2550 1478 diceret
2574 1424 2856 1494 judicium,
2885 1429 2978 1483 sed
3006 1429 3167 1484 etiam
3197 1432 3262 1485 ad
3286 1441 3597 1502 peccatum;

2021 1509 2174 1579 cujus
2212 1511 2386 1581 dicta,
2431 1516 2554 1585 quia
2605 1516 2720 1585 ipse
2766 1518 2929 1573 celeri
2968 1529 3272 1590 pneventus
3305 1532 3387 1577 est
3427 1523 3600 1592 obitu,

2021 1599 2254 1672 Prosper
2287 1605 2400 1672 vir,
2430 1607 2670 1663 eruditus
2694 1618 2748 1664 et
2773 1621 3011 1678 sanctus,
3048 1623 3194 1668 recta
3223 1613 3459 1669 defendit
3497 1613 3600 1670 ﬁde

2019 1704 2074 1751 et
2106 1697 2222 1762 (at.
2256 1707 2406 1754 recte
2445 1700 2681 1756 defendit
2722 1703 2893 1772 fideli,
2936 1705 3024 1776 et)
3068 1708 3290 1777 copioso
3327 1723 3594 1764 sermone.

2017 1784 2098 1841 Ex
2127 1789 2318 1857 quibus
2343 1787 2616 1846 Gallorum
2641 1794 2910 1864 capitulis,
2940 1805 2999 1850 ut
3021 1812 3126 1852 non
3154 1799 3321 1852 multa
3344 1816 3484 1855 nunc
3508 1814 3602 1870 po-

319 1882 931 1976 propterﬁiniquitatem
981 1882 1242 1977 superbia:
1279 1912 1635 1981 praedestinati
1665 1882 1916 1975 dicudtur
1942 1932 1993 1994 Β
2651 1895 2859 1994 dmum:
2903 1903 3073 1994 que":
3107 1891 3372 1994 ξδτ⁰¹¹¹¹¹¹η
3419 1892 3602 1994 facere

321 1996 632 2062 damnandi,
663 1996 806 2068 quod
849 2000 1082 2068 pertinet
1125 2001 1192 2056 ad
1230 2000 1512 2072 judicium,
1561 2023 1667 2061 non
1714 2008 1912 2080 depra-

318 2086 500 2152 vandi,
531 2087 676 2156 quod
708 2089 941 2158 pertinet
961 2089 1027 2143 ad
1055 2102 1354 2160 peccatum.
1381 2093 1564 2151 Tertio
1592 2099 1755 2154 etiam
1782 2116 1916 2156 con-

314 2178 522 2246 sidera,
550 2179 676 2248 quia
706 2179 903 2235 nullius
931 2181 1101 2252 culpae
1121 2183 1366 2240 humana:
1394 2186 1446 2240 in
1479 2186 1644 2242 Deum
1675 2189 1914 2247 referen-

314 2269 441 2324 dam
455 2271 714 2327 admonet
725 2287 959 2338 causam,
977 2289 1080 2343 qua
1095 2275 1340 2346 (anuia)
1357 2277 1402 2332 si
1422 2277 1596 2350 aliqua
1609 2286 1912 2352 peccatoris

315 2363 576 2432 iniquitas
604 2379 634 2418 a
677 2363 785 2420 Deo
819 2367 1193 2436 prmdestinata
1223 2371 1482 2440 creditur,
1524 2374 1691 2444 ipsius
1719 2376 1911 2448 iniqui-

313 2453 442 2508 tatis
498 2469 661 2510 causa
713 2456 765 2510 in
815 2455 1281 2526 pnedestinatione
1328 2461 1504 2518 divina
1554 2476 1784 2534 ponetur
1811 2468 1903 2538 (al.

313 2544 722 2617 constituatur).
750 2544 904 2612 Quod
947 2554 978 2616 ξ
999 2548 1049 2618 5
1076 2564 1238 2618 quam
1267 2551 1336 2607 sit
1365 2553 1605 2623 impium,
1639 2572 1908 2629 quamque

315 2635 436 2690 ﬁdei
499 2636 814 2692 Christiana:
860 2640 1228 2705 contrarium,
1287 2643 1489 2699 nullum
1540 2660 1669 2715 puto
1724 2650 1906 2719 fugere

314 2724 698 2783 Christianum.
733 2728 851 2784 Alio
889 2745 1105 2802 quoque
1151 2732 1388 2800 ejusdem
1434 2732 1556 2790 libri
1600 2738 1719 2792 loco
1751 2737 1902 2810 (Cap.

315 2817 404 2888 19)
451 2827 785 2874 memoratus
837 2820 893 2876 S.
949 2822 1271 2890 Augustinus
1313 2826 1392 2880 sic
1442 2827 1614 2880 dicit:
1651 2849 1668 2880 ι
1706 2828 1903 2887 Extolli

315 2907 514 2976 quippe
543 2909 595 2960 in
636 2909 941 2979 superbiam
992 2913 1220 2980 propriae
1268 2912 1554 2969 voluntatis
1601 2925 1686 2972 est
1731 2919 1904 2974 hom:-

315 3011 459 3050 num.
511 3013 624 3054 non
660 3001 841 3069 operis
876 3001 988 3056 Dei.
1034 3001 1217 3072 Neque
1244 3005 1386 3060 enim
1413 3006 1478 3059 ad
1503 3007 1606 3062 hoc
1630 3024 1724 3064 eos
1751 3024 1902 3065 com-

307 3087 461 3158 pellit
486 3098 579 3143 aut
608 3089 830 3161 adjuvat
863 3093 1022 3149 Deus.
1059 3114 1077 3147 ι

308 3197 491 3256 CAPUT
524 3218 668 3257 χιιι.
722 3204 1116 3263 Ρνιεάρεῑὶηαιὶο
1149 3211 1260 3264 sine
1297 3211 1393 3266 Dei

384 3289 487 3342 non
518 3282 703 3342 potest,
734 3277 825 3329 sed
869 3278 993 3331 bene
1034 3295 1063 3332 e
1107 3296 1368 3337 converso.

389 3339 489 3394 Dei
507 3339 632 3413 opus
651 3354 746 3407 est,
773 3347 862 3400 sed
881 3347 1156 3419 judicium.

1470 3216 1760 3270 razscientia
1787 3235 1901 3274 esse

381 3447 447 3504 Et
505 3461 561 3506 ut
612 3454 976 3514 manifestiore
1021 3459 1286 3516 dictorum
1333 3464 1449 3533 ejus
1488 3466 1684 3523 indicio
1710 3479 1893 3526 nostra

304 3541 566 3598 fulciatur
608 3549 855 3614 assertio,
901 3550 1098 3621 aliquid
1147 3553 1302 3610 nobis
1344 3560 1648 3626 ponendum
1696 3571 1780 3616 est
1825 3563 1894 3618 de

303 3631 443 3689 libro
471 3650 638 3704 quem
672 3639 886 3708 scripsit
929 3642 995 3697 de
1039 3645 1508 3714 pnedestinatione
1560 3661 1891 3720 sa:.ctorum,

302 3742 412 3798 quo
450 3727 794 3786 manifestius
832 3735 1083 3800 ostendit,
1113 3738 1724 3808 sineprzedestinatione
1753 3761 1889 3815 prte-

305 3820 592 3874 scientiam
613 3822 710 3876 Dei
731 3837 847 3878 esse
869 3840 1048 3893 posse,
1065 3828 1590 3897 praedestinationem
1618 3848 1749 3888 vero
1778 3837 1892 3892 sine

303 3910 644 3979 praescientia
673 3927 792 3967 esse
813 3928 919 3967 non
947 3929 1143 3984 posse;
1187 3926 1241 3972 et
1288 3920 1414 3989 quia
1453 3919 1594 3977 Deus
1622 3924 1892 3992 prmscivit

307 4003 466 4056 etiam
495 4017 622 4072 quae
650 4001 762 4073 ipse
791 4021 897 4060 non
929 4005 1072 4073 facit,
1103 4010 1208 4065 hoc
1233 4021 1338 4080 est,
1369 4023 1610 4082 peccata.
1641 4014 1696 4070 In
1728 4032 1890 4088 supra

301 4101 607 4148 memorato
633 4095 791 4162 igitur
817 4099 973 4163 libro,
1014 4099 1129 4156 hinc
1156 4111 1239 4156 est
1265 4102 1503 4171 ejusdem
1533 4105 1677 4162 beati
1706 4108 1890 4179 Augu-

301 4185 425 4239 stini
477 4187 748 4240 sententia
800 4187 957 4260 (Lib.
1001 4205 1050 4258 ι,
1091 4208 1209 4264 cap.
1243 4193 1344 4265 l0)
1381 4215 1392 4249 :
1433 4215 1451 4247 ε
1486 4195 1890 4258 Ρηεάρειὶηθῐὶο

303 4282 408 4342 est,
441 4289 569 4344 qua:
593 4276 709 4332 sine
723 4280 1053 4348 przescientia
1084 4297 1190 4336 non
1221 4294 1404 4354 potest
1429 4302 1564 4354 esse,
1590 4299 1767 4360 potest
1794 4309 1890 4348 au-

301 4369 414 4418 tem
441 4379 564 4420 esse
593 4366 711 4422 sine
731 4369 1198 4438 praedestinatione
1227 4379 1580 4444 praescientia.
1613 4379 1892 4440 Praedesti-

305 4458 525 4512 natione
552 4459 753 4529 quippe
793 4459 936 4516 Deus
983 4477 1046 4517 ea
1087 4466 1372 4534 praescivit,
1403 4483 1520 4537 quae
1566 4471 1736 4527 fuerat
1776 4475 1890 4545 ipse

307 4545 564 4616 facturus,
613 4550 753 4605 unde
799 4549 1000 4607 dictum
1040 4562 1124 4608 est
1155 4572 1167 4608 :
1201 4553 1349 4610 Fecit
1389 4576 1502 4630 qua:
1535 4563 1710 4632 futura
1748 4573 1885 4618 sunt.

309 4642 561 4704 Praescire
591 4657 769 4704 autem
798 4658 991 4719 potens
1018 4661 1101 4707 est
1127 4654 1288 4708 etiam
1317 4671 1436 4725 quae
1460 4658 1573 4728 ipse
1604 4675 1706 4715 non
1737 4660 1884 4729 facit,
1915 4684 1968 4746 ι)

307 4743 445 4801 sicut
481 4761 816 4818 quaecunque
865 4758 1106 4818 peccata.
1146 4750 1280 4818 Quia
1323 4756 1422 4809 etsi
1470 4765 1597 4811 sunt
1637 4761 1880 4827 quaedam

307 4850 423 4909 qua:
470 4838 546 4894 ita
594 4849 812 4910 peccata
853 4849 996 4906 sunt,
1029 4850 1086 4897 ut
1122 4860 1292 4914 poenae
1316 4847 1420 4900 sint
1444 4850 1603 4902 etiam
1634 4861 1886 4920 peccato-

305 4932 444 4992 mm,
478 4927 625 4983 unde
651 4928 850 4985 dictum
881 4939 965 4985 est
999 4949 1011 4983 :
1049 4930 1284 4988 Tradidit
1314 4936 1430 4989 illos
1462 4935 1599 4992 Deus
1621 4941 1675 4992 in
1706 4956 1856 5010 repro

305 5018 418 5075 bam
446 5030 689 5088 mentem,
728 5031 784 5076 ut
812 5025 1008 5094 faciant
1035 5042 1149 5096 qua:
1177 5044 1279 5083 non
1307 5033 1608 5086 conueniunt
1636 5035 1652 5104 (
1669 5032 1818 5091 Rom.
1843 5052 1881 5102 ι,

276 5118 429 5210 Ι24),
465 5137 574 5176 non
617 5122 688 5178 ibi
720 5133 1000 5194 peccatum
1029 5124 1123 5180 Dei
1147 5135 1248 5188 est,
1281 5128 1374 5183 sed
1399 5129 1675 5198 judicium.
1702 5153 1720 5184 ι
1756 5133 1888 5190 Ριιιο

302 5221 354 5275 in
407 5221 494 5278 his
541 5221 701 5278 dictis
747 5223 892 5279 beati
940 5225 1221 5296 Augustini
1266 5228 1543 5286 evidenter
1591 5243 1889 5304 ostensum,

301 5321 446 5377 bona
496 5337 663 5394 opera
698 5339 794 5379 sua
831 5324 1000 5380 Deum
1044 5328 1322 5397 praescisse
1371 5337 1426 5384 et
1464 5331 1887 5404 praedestinasse,

301 5418 409 5477 hoc
429 5429 533 5486 est,
555 5421 668 5477 sive
695 5438 816 5494 qua:
837 5423 906 5479 ad
929 5425 1380 5492 misericordiam,-
1394 5443 1490 5484 seu
1515 5444 1634 5499 qua:
1654 5432 1718 5487 ad
1735 5432 1893 5502 justi-

303 5522 433 5577 tiam
463 5523 776 5594 pertinent;
804 5524 944 5578 mala
980 5539 1110 5580 vero
1155 5540 1342 5598 opera,
1382 5528 1484 5583 hoc
1528 5539 1611 5586 est
1647 5544 1890 5603 peccata,

301 5623 586 5692 praecisae
614 5631 841 5689 tantum,
869 5638 978 5679 non
1001 5625 1164 5681 etiam
1190 5627 1626 5697 przedestinasse;
1657 5634 1782 5701 quia
1816 5635 1886 5690 ibi

302 5727 413 5768 non
442 5729 581 5786 opus
610 5713 702 5770 Dei
722 5729 843 5771 esse
861 5715 1074 5783 dicitur,
1106 5717 1200 5774 sed
1221 5719 1502 5788 judicium.
1527 5721 1653 5779 ldeo
1681 5724 1734 5779 in
1765 5739 1889 5796 pec-

305 5813 432 5860 ωω
459 5819 597 5876 opus
621 5804 715 5860 Dei
738 5820 848 5862 non
873 5813 974 5872 est,
999 5807 1123 5875 quia
1153 5815 1211 5862 ut
1241 5818 1518 5878 peccatum
1551 5808 1721 5879 ﬁeret,
1753 5829 1890 5885 prae-

306 5893 632 5956 δαηίωωιη
654 5897 724 5957 ab
747 5911 818 5959 eo
845 5913 955 5956 non
979 5906 1080 5961 est.
1120 5897 1248 5955 Ideo
1284 5909 1462 5964 autem
1489 5901 1748 5970 judicium
1778 5914 1882 5970 est.

1446 3301 1480 3338 η
1507 3289 1752 3355 peccatis,
1788 3306 1890 3346 non
1921 3304 1966 3370 ρ

2017 1968 2322 2040 disputandi
2377 1977 2670 2031 necessitas
2722 1981 2898 2048 cogit,
2941 1981 3284 2050 prolixiorem
3351 1984 3599 2039 voluntas

2013 2059 2196 2116 facere
2222 2063 2486 2129 videatur,
2511 2066 2733 2123 duarum
2763 2072 3174 2140 responsionum
3204 2073 3323 2128 loca
3353 2074 3599 2131 duximus

2014 2152 2317 2210 inserenda.
2369 2157 2780 2223 Quartadecima
2820 2164 3021 2232 quippe
3049 2162 3325 2219 Gallorum
3365 2165 3598 2235 ohjectio

2011 2243 2089 2298 sic
2119 2243 2316 2300 habet:
2349 2265 2368 2298 ι
2403 2246 2556 2315 Quod
2595 2251 2688 2320 qui
2729 2253 3051 2321 evangelica:
3093 2254 3460 2324 praedicationi
3487 2271 3595 2311 non

2011 2335 2255 2401 credunt,
2305 2353 2373 2393 ex
2421 2338 2516 2396 Dei
2557 2343 3030 2412 praedestinatione
3079 2363 3186 2403 non
3239 2351 3481 2405 credant.
3529 2349 3596 2404 Et

2011 2425 2158 2493 quod
2187 2427 2325 2483 Deus
2355 2429 2426 2483 ita
2470 2431 2755 2497 definierit,
2787 2445 2844 2490 ut
2882 2439 3189 2509 quicunque
3211 2456 3318 2496 non
3345 2440 3596 2509 credunt,

2010 2528 2079 2569 ex
2121 2516 2286 2586 ipsius
2324 2523 2710 2578 constitutione
2758 2541 2866 2580 non
2910 2529 3152 2583 credant.
3185 2549 3205 2582 ι
3238 2525 3595 2600 Ηυίἁὶιειιιιιο

2009 2610 2258 2677 pravitati
2284 2627 2402 2680 qum
2431 2613 2572 2668 beati
2597 2616 2880 2684 Augustini
2920 2620 3095 2686 dictis,
3122 2638 3228 2677 non
3251 2639 3317 2678 ex
3340 2626 3589 2691 veritate,

2007 2701 2101 2755 sed
2146 2716 2212 2755 ex
2268 2703 2435 2760 livore
2481 2706 2857 2776 objiciebatur,
2908 2711 3000 2765 tali
3050 2711 3286 2784 Prosper
3340 2730 3594 2772 sermone

2005 2793 2285 2860 respondit
2317 2812 2328 2847 :
2369 2813 2387 2846 ι
2423 2795 2717 2854 lnfidelitas
2751 2815 2858 2855 non
2901 2801 3234 2859 credentium
3279 2803 3592 2875 Evangelio,

2005 2899 2343 2954 nequaquam
2373 2904 2439 2943 ex
2465 2887 2558 2943 Dei
2581 2894 3053 2961 prmdestinatione
3081 2907 3389 2964 generatur.
3408 2897 3590 2953 Bono-

2002 2991 2122 3031 rum
2149 2979 2291 3031 enim
2325 2978 2464 3034 Deus
2487 2990 2678 3037 auctor
2703 2992 2803 3050 est,
2845 3000 2952 3039 non
2981 2987 3264 3041 malorum.
3307 2990 3416 3059 26
3443 2986 3590 3065 Prae:

2002 3067 2294 3124 destinatio
2317 3073 2479 3141 igitur
2497 3073 2590 3128 Dei
2612 3091 2826 3146 semper
2845 3078 2895 3132 in
2917 3078 3063 3134 bono
3089 3088 3189 3144 est,
3206 3089 3298 3134 aut
3325 3081 3392 3135 ad
3421 3081 3580 3136 retri-

1999 3158 2276 3214 butionem
2294 3161 2718 3230 justititc,autad
2729 3167 3361 3237 donationempertinens
3378 3172 3581 3239 gratiae.

2005 3249 2270 3306 Unireme
2281 3256 2418 3307 enim
2438 3256 2531 3310 rite
2551 3255 2764 3312 Domini
2777 3260 3131 3314 misericordia
3141 3271 3189 3314 et
3208 3262 3392 3316 ueritas
3413 3261 3586 3334 (Paul.

1997 3344 2277 3408 xx1v,10;.
2311 3333 2544 3400 Proinde
2598 3347 2884 3408 infidelitas
2931 3365 3041 3404 non
3089 3351 3444 3419 credentium,
3476 3367 3585 3408 non

1993 3435 2060 3489 ad
2083 3437 2524 3490 constitutionem
2549 3437 2773 3504 Dei,sed
2799 3439 2864 3493 ad
2890 3443 3284 3509 p'rmscientiatn
3305 3445 3586 3501 referenda

1995 3536 2097 3583 est.
2131 3528 2260 3595 Qua:
2293 3547 2397 3585 non
2428 3532 2549 3586 ideo
2576 3535 2952 3588 necessitatem
2979 3551 3086 3589 non
3108 3538 3361 3592 credendi
3383 3539 3581 3607 intulit,

1992 3620 2119 3689 quia
2150 3621 2259 3675 falli
2279 3624 2346 3677 de
2375 3639 2459 3682 ea.
2490 3637 2610 3691 qua:
2639 3623 2816 3679 futura
2847 3635 2983 3690 erat,
3017 3626 3330 3684 inﬁdelitate
3353 3647 3459 3686 non
3487 3648 3586 3704 po-

1993 3712 2115 3765 tuit.
2145 3730 2165 3764 »
2194 3711 2602 3778 Quintadecima
2628 3715 2788 3770 etiam
2817 3717 3049 3786 objectio
3079 3721 3162 3775 bis
3182 3722 3357 3787 verbis
3387 3723 3584 3782 inserta

1991 3811 2097 3867 est,
2129 3807 2272 3872 quod
2315 3805 2456 3859 idem
2487 3807 2559 3861 sit
2609 3810 2944 3877 praescientia
2973 3813 3116 3882 quod
3155 3815 3580 3883 prtedestinatio.

1992 3891 2092 3948 Cui
2141 3894 2373 3966 Prosper
2397 3898 2474 3952 sic
2502 3899 2777 3969 respondit
2805 3919 2818 3953 :
2861 3921 2879 3952 ι
2913 3901 3015 3969 Qui
3074 3906 3460 3973 praescientiam
3491 3909 3584 3968 Dei

1993 3983 2049 4038 in
2092 3985 2240 4040 nullo
2287 3986 2354 4040 ab
2385 3987 2554 4055 ipsius
2583 3989 3055 4058 prmdestinatione
3102 3995 3378 4053 discernit.
3431 3998 3584 4066 Quod

1991 4074 2340 4128 tribuendum
2370 4084 2452 4130 est
2479 4077 2590 4132 Deo
2614 4079 2682 4134 de
2713 4081 2893 4144 bonis,
2925 4083 3028 4139 hoc
3056 4084 3106 4140 ei
3135 4086 3295 4141 etiam
3337 4089 3404 4145 de
3433 4092 3584 4148 malis

1993 4179 2220 4224 conatur
2246 4171 2535 4226 ascribere.
2577 4172 2682 4228 Sed
2709 4191 2830 4230 cum
2863 4177 3002 4232 bona
3034 4178 3099 4233 ad
3148 4180 3453 4250 largitorem
3493 4201 3585 4240 co-

1993 4267 2444 4330 operatoremque
2474 4277 2660 4317 eorum
2695 4264 2880 4329 Deum,
2918 4269 3054 4322 mala
3087 4279 3265 4325 autem
3313 4274 3378 4327 ad
3402 4276 3584 4331 volun-

1992 4351 2186 4403 tariam
2215 4350 2495 4405 rationalis
2521 4362 2784 4408 creaturae
2813 4358 3106 4427 nequitiam
3148 4359 3427 4416 referenda
3457 4365 3586 4434 sint,

1992 4440 2210 4494 dubium
2239 4457 2344 4496 non
2373 4451 2475 4506 est,
2504 4443 2621 4498 sine
2652 4445 2757 4498 ulla
2782 4448 3063 4516 temporali
3093 4450 3389 4506 differentia
3417 4453 3586 4509 Deum

1993 4538 2048 4585 et
2077 4533 2354 4600 prmscisse
2394 4533 2575 4597 simul,
2607 4541 2663 4588 et
2693 4535 3120 4604 prcedestinasse,
3148 4555 3268 4609 qua:
3296 4543 3412 4612 ipso
3434 4553 3586 4599 erant

1993 4631 2216 4674 auctore
2248 4622 2513 4687 facienda,
2545 4624 2631 4678 vel
2660 4639 2778 4694 qua:
2809 4627 2963 4682 malis
2992 4630 3195 4686 meritis
3240 4631 3386 4699 justo
3433 4641 3586 4686 erant

1992 4710 2195 4779 judicio
2236 4713 2582 4768 retribuenda
2616 4733 2629 4767 :
2680 4718 2958 4784 praescisse
2987 4729 3164 4773 autem
3194 4723 3583 4790 tantummodo,

1988 4817 2094 4855 non
2128 4803 2291 4856 etiam
2317 4805 2748 4872 praedestinasse,
2771 4824 2890 4874 quae
2908 4825 3015 4863 non
3043 4827 3106 4864 ex
3141 4814 3256 4880 ipso
3286 4824 3439 4866 erant
3460 4830 3586 4871 cau-

1986 4907 2100 4948 sam
2147 4895 2479 4963 operationis
2519 4896 2784 4950 habitura.
2825 4917 2843 4950 ›
2879 4897 2987 4953 Nos
3032 4902 3214 4969 itaque
3241 4943 3254 4965 ,
3288 4904 3585 4973 carissime,

1994 4985 2112 5039 lucc
2143 4986 2358 5040 interim
2391 5001 2559 5056 pauca
2589 4987 2654 5042 de
2686 4988 2835 5043 libris
2873 4991 3043 5044 sancti
3087 4991 3390 5060 Augustini,
3420 5004 3476 5050 et
3521 4997 3587 5055 de

1997 5079 2439 5149 responsionibus
2459 5080 2728 5150 Prosperi,
2744 5083 2812 5136 ob
2834 5083 2937 5138 hoc
2958 5085 3240 5139 maluimus
3263 5087 3386 5143 huic
3409 5089 3590 5146 libello

1998 5169 2257 5236 inserere,
2284 5179 2343 5225 ut
2368 5171 2548 5226 cuncti
2578 5173 2826 5226 noverint
2862 5173 2990 5241 quid
3021 5174 3253 5231 debeant
3281 5178 3348 5233 de
3380 5181 3586 5248 prinde-

1999 5262 2294 5317 stinatione
2338 5271 2644 5316 sanctormn
2679 5263 3090 5338 (impiorumque
3143 5271 3372 5330 sentire;
3405 5272 3588 5328 simul—

1996 5365 2103 5420 que
2127 5389 2142 5414 ,
2174 5359 2234 5405 ut
2261 5358 2521 5420 appareat
2569 5349 2810 5419 ejusdem
2839 5354 2981 5409 beati
3012 5357 3289 5425 Augustini
3320 5357 3477 5414 dictis
3507 5372 3586 5418 tc-

2001 5456 2188 5496 norem
2242 5450 2441 5495 nostraa
2491 5444 2770 5506 senter'Jze
2826 5447 3132 5501 convenire.
3184 5446 3416 5504 Proinde
3462 5454 3586 5521 quia

1996 5529 2328 5587 sufﬁcienter
2361 5531 2441 5602 (ut
2485 5532 2741 5604 arbitror)
2775 5535 2985 5604 iniquos
3022 5551 3127 5589 non
3172 5537 3238 5591 ad
3280 5547 3580 5608 peccatum,

1998 5623 2093 5679 sed
2123 5622 2190 5676 ad
2231 5622 2551 5692 supplicium
2602 5625 3016 5694 praedestinatos
3057 5629 3414 5694 ostendimus,
3465 5631 3587 5705 huic

1993 5718 2252 5774 volumini
2275 5717 2386 5786 jam
2412 5719 2701 5773 terminum
2724 5719 3000 5783 debemus,
3025 5729 3084 5775 ut
3104 5721 3170 5776 ad
3195 5723 3418 5779 aliarum
3448 5729 3596 5795 quaes'

1993 5811 2228 5868 stionum
2256 5810 2678 5881 disputationem
2711 5812 2968 5868 attentius
3017 5816 3432 5884 recensendam,
3464 5817 3583 5874 lec-

1995 5905 2128 5962 toris
2154 5911 2382 5967 renovet
2403 5904 2954 5983 stndiumtemperies
2980 5907 3230 5978 distincta
3265 5911 3550 5975 librorum.
