4122 6330
429 386 528 472 179

1451 419 1506 474 S.
1548 413 1912 474 FULGENTi-l
1955 417 2255 475 EPISCOPI
2296 417 2666 473 RUSPENSIS

3203 329 3324 352 ‘.'.'.’-
3357 335 3363 342 '

3601 415 3704 470 iiii)
3754 439 3760 446 τ

3229 503 3304 524 -.Α⁴

921 507 945 524 .ο
993 521 996 524 .
1039 521 1044 524 .
1102 517 1140 525 ,ι
1247 521 1254 525 .
1293 505 1347 524 ii'
1398 512 1432 520 '-
1495 508 1556 525 ,ιτ
1833 512 1853 520 ‘-

2613 513 2618 516 -
2697 509 2702 525 ἰ
2804 515 2808 520 ι
2979 512 3024 524 οι.
3073 514 3075 516 ·
3137 519 3140 524 .
3229 505 3304 524 -.Α⁴
3396 513 3460 525 qn.
3533 519 3538 524 ,

429 565 3647 582 mw

1589 641 1879 718 LIBER
1955 641 2510 719 SECUNDUS.
2546 594 2563 625 ⁷

495 800 680 853 ms
714 775 1179 867 Quasnouus
1217 779 1788 854 eorumnum-ms:
1834 781 2047 854 usum
2086 799 2185 852 nu
2225 787 2622 855 BACBlPlGiI
2660 790 3101 870 cinnamomi,
3145 790 3497 870 animum
3535 809 3634 859 na

765 893 1085 947 θρωπε
1111 894 1376 944 εΑιωτι
1409 894 1777 970 ιωιοκε,
1815 891 2147 975 TERTIA!!!
2186 895 2284 944 DE
2325 885 3026 946 BUPEBEROGATIONE
3063 897 3137 945 Β.
3160 887 3397 946 ῬΑυιι.

1885 1058 2212 1074 ———_

426 1185 608 1243 (item
646 1197 868 1265 paruum
904 1182 1155 1265 Epilogus
1191 1181 1582 1265 componamus
1623 1181 1688 1235 de
1732 1180 2004 1251 praedesti-
2031 1186 2084 1247 Α
2109 1175 2355 1238 tendant.
2406 1171 2472 1235 Et
2513 1177 2767 1260 quoniam
2806 1165 2863 1236 in
2908 1179 3079 1251 ipsam
3108 1167 3429 1252 sapientiam
3458 1161 3554 1255 (ai.
3587 1175 3701 1255 ipsa
3761 1149 3766 1153 η

761 1255 968 1308 natione
987 1253 1247 1324 justorum
1272 1260 1320 1307 et
1344 1253 1655 1324 iniquorum.

329 1410 339 1421 _
496 1348 600 1420 27
627 1345 790 1410 Satis,
830 1351 890 1400 ut
913 1344 1164 1408 arbitror,
1185 1342 1419 1398 Monime
1433 1341 1734 1410 carissime,
1754 1340 2009 1415 quastio-

426 1456 552 1497 nem
581 1439 651 1494 de
671 1438 985 1494 diversitate
1004 1433 1490 1507 prmdestinationis
1516 1433 1784 1502 iustorum
1804 1431 2014 1486 scilicet

425 1543 482 1589 et
501 1533 826 1604 iniquorum,
856 1530 961 1584 hoc
979 1536 1062 1583 est
1080 1541 1270 1584 eorum
1290 1541 1427 1595 quos
1451 1525 1690 1596 gratuita
1710 1524 2012 1580 misericor-

426 1627 512 1682 dia
525 1624 620 1680 Dei
636 1622 967 1694 praeveniens
981 1617 1325 1689 justiticando
1337 1616 1624 1682 convertit,
1647 1614 2009 1686 glorificatura

427 1731 750 1778 conversos;
781 1721 838 1768 et
863 1726 1051 1768 eorum
1077 1725 1213 1779 quos
1230 1708 1376 1778 justa
1398 1708 1494 1762 Dei
1521 1708 1779 1763 severitas
1799 1707 1853 1761 in
1876 1721 2008 1778 pec-

425 1811 560 1867 catis
585 1805 910 1877 derelinquit
934 1803 1187 1874 punitura
1214 1802 1526 1867 damnatos;
1557 1800 1803 1871 superior
1829 1813 2008 1854 sermo

427 1902 506 1974 (in
533 1907 796 1973 quantum
823 1896 1079 1970 Dominus
1109 1893 1456 1966 pusillitatem
1496 1900 1739 1950 nostram
1759 1892 2010 1962 dignatus

425 1991 806 2062 estadjuvare)
836 1999 892 2046 et
938 1995 1324 2060 pertractatam
1369 1986 1613 2042 continet
1652 1993 1710 2040 et
1752 1985 2006 2052 solutam,

425 2087 500 2142 ita
527 2093 587 2140 ut
614 2084 880 2156 plerique,
926 2081 1052 2136 licet
1093 2080 1148 2134 in
1187 2094 1252 2134 ea
1274 2079 1488 2144 soleant
1515 2093 1626 2132 non
1665 2078 1854 2133 leviter
1880 2093 2008 2148 per-

424 2176 646 2240 mueri,
679 2174 836 2230 facile
859 2172 1089 2243 possint,
1135 2178 1192 2226 et
1218 2169 1523 2224 divinorum
1566 2168 1823 2222 librorum
1851 2168 2008 2223 testi-

423 2269 620 2325 moniis
648 2267 836 2322 instrui
858 2273 913 2320 et
940 2263 1113 2319 sancti
1152 2261 1431 2330 Augustini
1461 2260 1629 2326 libris,
1673 2267 1729 2314 et
1761 2259 2012 2330 Prosperi

424 2359 772 2422 eruditissimi
810 2357 912 2413 viri
956 2353 1396 2426 responsionibus
1442 2351 1758 2415 informari,
1817 2351 2012 2420 quibus

424 2459 720 2524 agnoscant
739 2447 1266 2523 przedestinationem
1287 2446 1384 2501 Dei
1414 2445 1542 2500 nihil
1575 2443 1718 2499 aliud
1745 2459 1887 2513 esse,
1907 2444 2013 2500 nisi

2112 1267 2400 1344 sapientia)
2431 1287 2659 1343 peccare
2686 1267 3099 1340 convincuntur,
3150 1270 3315 1343 ipsius
3341 1267 3616 1344 sapientiae
3645 1277 3700 1334 in

2111 1365 2190 1420 eis
2218 1379 2397 1419 sermo
2425 1363 2747 1434 completur,
2796 1351 2857 1419 ut
2885 1361 3013 1418 dum
3056 1363 3111 1418 in
3139 1347 3312 1436 ipSarn
3350 1365 3598 1438 peccant,
3646 1367 3701 1422 in

2112 1457 2318 1512 animas
2339 1471 2462 1511 suas
2485 1465 2764 1525 peccatum
2787 1454 3080 1525 impietatis
3107 1454 3420 1523 admittant;
3451 1455 3529 1511 Sic
3549 1472 3697 1512 nam-

2111 1562 2216 1616 que
2245 1547 2375 1602 dicit
2404 1547 2518 1617 ipsa
2547 1539 2821 1616 Sapientia
2857 1564 2868 1598 :
2905 1541 3008 1612 Qui
3035 1553 3207 1600 autem
3251 1547 3306 1601 in
3345 1541 3426 1600 me
3463 1548 3698 1618 peccant,

2110 1639 2267 1708 impie
2295 1638 2492 1709 faciunt
2531 1639 2587 1692 in
2616 1638 2816 1690 animas
2844 1629 2966 1690 suas
2988 1652 3006 1690 :
3027 1629 3077 1688 et
3098 1631 3183 1708 qui
3209 1627 3291 1690 tne
3329 1627 3547 1692 oderunt
3574 1637 3698 1692 dili-

2112 1727 2237 1801 gunt
2277 1736 2492 1783 mortem
2542 1725 2720 1801 (Prov.
2767 1742 2878 1795 vm,
2923 1723 3034 1798 56).
3082 1723 3366 1793 Quomodo
3414 1727 3561 1782 enim
3601 1727 3700 1784 Dei

2110 1817 2306 1873 Filium
2332 1819 2441 1874 non
2464 1805 2710 1882 oderunt,
2735 1831 2896 1886 quem
2920 1805 3254 1886 unigenitum
3280 1811 3499 1896 quidem
3526 1818 3702 1876 verbis

2089 1925 2312 1980 negare
2337 1926 2445 1965 non
2467 1918 2710 1980 possunt,
2743 1907 2836 1963 sed
2866 1923 2990 1963 eum
3021 1923 3051 1962 a
3082 1915 3272 1963 natura
3294 1901 3490 1975 Patris,
3515 1909 3702 1965 incon-

2110 2001 2344 2057 siderata
2365 2001 2732 2072 perversitate,
2748 1989 3090 2055 discernunt?
3116 2007 3209 2055 aut
3227 1999 3496 2070 qudmodo
3518 1995 3570 2054 in
3593 2001 3704 2055 ani-

2111 2111 2229 2150 mas
2255 2111 2378 2150 suas
2408 2094 2571 2164 impie
2600 2109 2707 2148 non
2737 2087 2960 2162 faciunt,
3000 2092 3092 2162 qui
3133 2089 3228 2148 Dei
3255 2087 3585 2161 unigenitum
3606 2089 3699 2148 Fi-

2113 2183 2262 2252 lium,
2294 2185 2465 2241 Deum
2495 2181 2925 2250 scilicetverum,
2958 2183 3058 2237 nec
3080 2171 3382 2250 glorificare
3402 2177 3523 2237 cum
3542 2179 3705 2238 Patre

2112 2279 2477 2346 consentiunt,
2502 2275 2603 2333 nec
2630 2275 2736 2332 uno
2767 2275 3068 2346 eodemque
3088 2272 3350 2332 sacriﬁcio
3382 2277 3580 2347 pariter
3599 2273 3701 2332 ho-

2114 2369 2297 2425 norari
2327 2367 2681 2440 permittunt?
2722 2365 2947 2435 Quibus,
3001 2381 3123 2421 cum
3171 2359 3267 2420 Dei
3309 2353 3577 2434 adjutorio
3621 2363 3703 2440 (in

2113 2459 2373 2534 quantum
2400 2463 2570 2516 series
2597 2442 2879 2531 prtesentis
2909 2452 3091 2528 o'peris
3128 2443 3318 2528 capit),
3339 2455 3576 2513 breviter
3615 2461 3701 2512 re-

424 2543 874 2617 prteparatiouem
899 2555 1125 2612 operum
1152 2538 1288 2608 ejus,
1318 2552 1438 2607 qua:
1466 2537 1519 2591 in
1545 2544 1746 2591 :nterna
1771 2552 1870 2592 sua
1895 2537 2008 2595 dis-

2115 2554 2446 2626 spondentes
2493 2551 2637 2608 hanc
2679 2539 3158 2620 interrogationem
3197 2538 3599 2626 praemittimus,
3647 2537 3703 2604 ut

424 2637 716 2710 positione,
759 2644 853 2699 aut
880 2633 1300 2689 misericorditer
1324 2646 1386 2687 se
1429 2630 1691 2686 facturum
1721 2630 2010 2701 praescivit,

424 2735 519 2786 aut
539 2728 717 2799 justo;
748 2736 804 2782 et
825 2726 950 2796 quia
979 2725 1034 2780 in
1065 2727 1302 2794 peccatis
1331 2737 1433 2778 nec
1468 2722 1836 2778 misericordia
1866 2722 2014 2775 inve-

425 2821 571 2878 nitur
594 2835 697 2876 nec
717 2818 944 2888 iustitia,
977 2817 1208 2886 ideoque
1236 2830 1451 2871 omnem
1480 2815 1787 2884 iniquorum
1814 2813 2014 2869 malam

425 2911 776 2974 voluntatem,
810 2921 916 2976 qua
940 2913 1184 2976 peccant,
1213 2904 1534 2974 praescitam,
1560 2910 1872 2958 nontamen
1892 2916 2016 2957 esse

425 3014 456 3055 ι
484 2999 596 3055 Deo
645 2995 1106 3069 praedestinatam,
1152 3009 1274 3050 eum
1317 2994 1487 3064 ipsam
1534 2993 1864 3048 voluntatem
1893 3008 2012 3046 ma.

423 3091 532 3147 iam
555 3105 665 3146 non
697 3089 854 3144 aliter
878 3094 1058 3142 essent
1086 3085 1341 3148 habituri,
1365 3084 1467 3140 nisi
1488 3085 1540 3138 in
1567 3099 1633 3140 eo
1663 3097 1770 3152 quo
1792 3082 2016 3138 fuissent

425 3197 459 3236 a
478 3179 708 3236 Domino
735 3177 1021 3234 recessuri.
1051 3174 1162 3231 Nec
1187 3175 1356 3230 Deum
1382 3172 1788 3244 praedestinasse
1812 3171 2014 3228 disces-

425 3273 633 3329 sionem
679 3269 913 3326 hominis
952 3283 985 3323 a
1012 3282 1090 3333 se,
1122 3282 1244 3322 cum
1277 3280 1439 3322 causa
1469 3264 1640 3335 ipsius
1666 3264 2014 3320 discessionis

424 3364 544 3421 sola
571 3363 876 3420 voluntaria
923 3367 1066 3416 esset
1093 3359 1304 3415 aversio
1339 3357 1662 3430 peccatoris.
1709 3355 1840 3423 Qua:
1885 3355 2013 3427 quia

423 3455 596 3514 Deum
638 3457 816 3513 futura
855 3470 966 3512 non
994 3453 1170 3520 latuit,
1215 3452 1268 3507 in
1293 3459 1494 3508 aeterna
1522 3449 1856 3520 praescientia
1896 3447 2014 3517 ejus

426 3557 780 3622 [imparatam
805 3547 907 3603 sibi
930 3561 1147 3617 prunam
1169 3544 1329 3614 iustae
1359 3541 1730 3599 retributionis
1753 3539 1975 3596 invenit.

425 3659 607 3716 Cum
636 3675 692 3716 ιι.
726 3657 1201 3725 Secundaq'uaestio
1220 3653 1444 3725 Honimi
1455 3654 1520 3709 de
1539 3654 1801 3725 sacrificio
1828 3667 2015 3722 corpo-

494 3734 566 3786 ris
595 3740 644 3785 et
661 3729 941 3798 sanguinis
968 3724 1179 3798 Christi.
1220 3724 1471 3798 Hazretici
1498 3740 1598 3798 sua
1627 3724 1828 3798 malitia
1847 3738 2016 3798 emcre—

495 3802 620 3866 cali,
646 3791 972 3866 Trinitntem,
994 3791 1050 3866 et
1073 3793 1396 3866 substantia,
1418 3802 1468 3846 et
1485 3791 1669 3866 Patris
1692 3795 2017 3866 ueneratione

497 3857 774 3936 dissipant.
811 3857 1186 3918 Prwmmenda
1215 3858 1430 3932 qutcstio
1461 3861 1527 3914 de
1551 3857 1654 3928 ﬁde
1681 3860 1924 3913 Abrahae.

493 3923 646 4012 Nunt;
669 3955 848 4023 itaque
869 3955 934 4009 ad
954 3951 1197 4009 residuas
1218 3923 1565 4020 qu:rsiibnes,
1597 3951 1736 4005 duce
1765 3947 2012 4012 Domino,
2041 3923 2088 3984 (ἶ

423 4041 755 4117 indagandas
795 4035 993 4117 nostra;
1037 4041 1414 4113 disputationis
1462 4039 1720 4106 dirigatur
1763 4035 2013 4091 intentlo‘.

427 4115 622 4198 Dicisa
647 4115 923 4191 ndnhuilis
951 4142 1004 4188 te
1027 4127 1415 4200 interrogatum
1445 4129 1514 4185 de
1535 4127 1799 4184 sacrificio
1820 4126 2016 4196 corpoi-

426 4228 503 4285 ris
525 4233 583 4282 et
610 4223 883 4294 sanguinis
902 4215 1121 4290 Christi,
1145 4209 1288 4292 quod
1330 4217 1570 4291 plerique
1597 4215 1699 4274 Soli
1723 4209 1868 4270 Patri
1896 4217 2015 4271 exi-

423 4318 649 4376 stimant
688 4307 972 4371 immulari.
1031 4306 1180 4368 lianc
1212 4309 1372 4367 etiam
1402 4307 1598 4366 asseris
1639 4307 2014 4365 haareticormn

427 4396 547 4465 esse
579 4405 732 4476 quasi
775 4405 1070 4476 palmarem‘
1119 4393 1615 4472 interrogati‘dhein.
1665 4399 1776 4458 Sed
1814 4399 2013 4456 novum

427 4497 662 4562 non-est,
685 4504 744 4550 ut
762 4491 1022 4562 hatretici,
1044 4489 1238 4564 privati
1266 4492 1466 4548 lumine
1492 4487 1755 4561 veritatis,
1780 4491 1888 4564 28
1911 4491 2015 4547 illis

427 4606 489 4647 se
528 4579 987 4660 propositioniblis
1031 4587 1313 4640 veritatem
1359 4581 1706 4655 superaturos
1747 4581 2012 4639 arbitren-

428 4689 535 4747 tur,
581 4679 776 4750 quibus
799 4675 1050 4733 facillime
1095 4679 1454 4745 Superantur:
1485 4673 1666 4729 Gloria
1711 4673 1931 4744 namque
1958 4676 2014 4730 in

428 4771 785 4842 confusionem
821 4767 1052 4839 ipsarum
1093 4761 1169 4820 est
1207 4763 1293 4836 qui
1321 4767 1526 4820 terrena
1547 4765 1757 4835 sapiunt
1787 4761 2009 4837 (Philip.

429 4855 506 4926 m,
537 4859 650 4923 i9).
680 4855 796 4915 Hoc
825 4872 955 4928 ergo
984 4855 1251 4914 sectantes
1291 4850 1551 4922 haeretici,-
1597 4862 1660 4910 ea
1690 4856 1810 4920 sibi,
1860 4857 2013 4925 quasi

430 4947 691 5022 palmaria
725 4959 784 5006 et
809 4951 1029 5016 invicta,
1058 4950 1308 5006 videntur
1351 4961 1674 5018 praponere,
1726 4948 1865 5002 unde
1911 4949 2013 5002 sibi

430 5035 801 5095 confusionem
828 5055 936 5095 non
963 5041 1147 5096 vident
1173 5035 1470 5093 imminere.
1504 5033 1614 5091 Sed
1643 5037 1764 5091 cum
1808 5052 1837 5091 a
1866 5037 2010 5092 veri-

345 5153 348 5156 ·
430 5140 542 5189 tate
563 5136 905 5201 superantur,
936 5123 1039 5188 hoc
1068 5134 1121 5187 in
1156 5130 1259 5188 illis
1284 5127 1466 5200 utitjue
1495 5124 1771 5199 impletur,
1799 5131 1854 5183 ut
1872 5129 2013 5185 unde

429 5226 730 5296 gloriantur
753 5213 876 5278 inde
903 5221 1314 5278 confundantur.
1345 5217 1462 5284 Non
1493 5221 1575 5276 est
1610 5219 1770 5289 igitur
1791 5217 2007 5285 niirum,

2115 2645 2297 2702 dicant
2321 2665 2331 2698 :
2364 2643 2554 2699 Utrum
2578 2659 2697 2698 eam
2720 2633 2879 2696 iidem
2902 2639 3042 2695 Deus
3072 2653 3180 2694 suae
3205 2636 3414 2693 donarit
3433 2635 3700 2704 Ecclesiae,

2116 2752 2222 2807 qua
2252 2721 2415 2808 pater.
2435 2745 2620 2790 noster
2651 2723 2918 2788 Abraham
2950 2727 3060 2787 Deo
3108 2731 3332 2786 credens
3381 2729 3602 2800 placuit,
3651 2707 3705 2790 ei

2116 2817 2170 2884 in
2200 2843 2306 2898 qua
2330 2835 2547 2882 cunctas
2568 2833 2753 2895 gentes
2778 2825 2934 2878 terrae
2959 2823 3011 2876 in
3034 2836 3132 2876 suo
3155 2817 3360 2876 semine
3385 2818 3705 2874 benedicen-

2116 2901 2212 2974 das
2241 2917 2450 2988 accepit
2475 2935 2487 2970 :
2513 2932 2580 2970 an
2611 2913 2770 2969 aliam
2795 2912 2896 2968 sibi
2924 2911 3199 2983 religionis
3228 2925 3470 2966 normam
3509 2907 3706 2965 divini-'-

2119 3017 2205 3066 tus
2231 3008 2585 3080 profiteantur
2611 3003 2882 3070 traditam,
2932 2991 2991 3059 ut
3025 3003 3452 3074 patriarcharum
3491 3009 3547 3058 et
3572 2989 3702 3073 pro;

2118 3102 2403 3170 phetarum
2455 3099 2611 3153 iidem
2648 3098 2916 3153 :estiment
2960 3094 3348 3150 abdicandam?
3376 3093 3444 3149 Et
3485 3094 3609 3150 licet
3637 3081 3706 3150 ab

2117 3187 2217 3245 hac
2248 3187 2350 3245 ﬁde
2383 3188 2542 3262 (sicut
2569 3187 3001 3243 demonstratura
3029 3193 3112 3241 est
3137 3185 3358 3262 veritas)
3383 3173 3706 3242 dmuimddis

2116 3257 2417 3336 habeantur
2461 3273 2732 3346 extranei,
2786 3280 2958 3350 ipsam
3005 3271 3184 3346 tamen
3225 3257 3477 3333 EccieSiae
3523 3276 3706 3332 datam

2116 3373 2321 3446 dicunt,
2365 3374 2644 3444 ipsamque
2687 3371 2830 3446 apud
2871 3387 2931 3427 se
2958 3359 3272 3426 inviolatam
3322 3384 3543 3426 manere
3567 3384 3703 3425 con-

2118 3466 2360 3521 tendunt.

2119 3555 2300 3611 CAPUT
2332 3574 2431 3626 lli.»
2451 3555 2678 3619 Quaestio
2721 3555 2965 3626 sacriﬁcii
2994 3569 3066 3626 ea;
3086 3551 3290 3626 patrum
3316 3551 3422 3622 ﬁde
3461 3550 3702 3626 aetermi~

2191 3637 2365 3680 natur.
2398 3623 2778 3679 Promissiones
2828 3619 2978 3694 factae
3005 3619 3226 3676 Abraha:
3263 3619 3530 3694 eit'is'emini
3567 3620 3700 3694 ejus.

2191 3697 2456 3750 Abraham
2495 3697 2784 3749 construxit
2828 3691 2996 3747 alta-re
3041 3709 3147 3747 non
3193 3693 3492 3758 satiPatri,
3539 3691 3628 3744 sed
3655 3699 3705 3744 et

2190 3766 2334 3821 Filio
2377 3767 2786 3835 sacriﬁcaturus.
2848 3763 2996 3818 Idem
3037 3772 3110 3835 es}
3141 3763 3462 3835 inuocarein
3489 3763 3637 3835 anomi

2193 3836 2404 3891 Domini
2427 3821 2563 3907 quo'd
2587 3838 2827 3890 invocare
2856 3821 3595 3907 nomen_I)omini._riltrahuin

2199 3907 2305 3959 Deo
2327 3897 2616 3958 construxit
2640 3907 2804 3958 altare
2827 3907 2911 3976 qui
2941 3905 2989 3956 ei
3018 3905 3150 3956 risus
3176 3911 3269 3955 est.
3297 3897 3550 3976 inricmm
3581 3897 3706 3976 conf

2190 3985 2272 4098 Ξῖ
2325 3976 2596 4097 νὶωνθιίεοε
2642 3968 2999 4045 argumentum
3061 3990 3127 4026 ex
3182 3970 3440 4041 sacriﬁcio
3499 3980 3548 4023 et
3602 3968 3706 4038 ﬁde

2271 4058 2332 4097 ra
2353 4060 2433 4098 ue.

2271 4058 2433 4099 rauce.

2191 4132 2326 4190 Dum
2352 4147 2482 4202 ergo
2515 4133 2657 4191 inter
2682 4149 2782 4190 nos
2811 4143 2866 4189 et
2893 4134 3013 4193 illos
3041 4131 3288 4188 sacriﬁcii
3320 4132 3543 4188 vertitur
3561 4144 3706 4201 qum-

2119 4226 2248 4294 stio,
2297 4224 2364 4280 ad
2410 4226 2531 4280 illos
2559 4227 2713 4282 nobis
2758 4223 3142 4282 recurrentium
3191 4233 3272 4278 est
3316 4232 3516 4292 patres,
3569 4235 3705 4294 quos

2119 4317 2280 4382 Deus,
2326 4317 2472 4371 velut
2518 4317 2799 4371 luminaria
2841 4317 2894 4370 in
2940 4315 3160 4381 mundo,
3205 4315 3269 4369 ad
3296 4313 3705 4370 instructionem

2120 4415 2358 4464 nostram
2389 4421 2528 4461 verte
2554 4405 2679 4461 ﬁdei
2707 4406 3018 4461 clariﬁcavit
3047 4404 3262 4470 indicio,
3287 4420 3515 4474 quorum
3545 4402 3704 4458 iidem

2118 4501 2191 4555 ita
2216 4498 2462 4565 dignatus
2488 4506 2570 4552 est
2593 4512 2620 4550 a
2648 4512 2707 4553 se
2738 4497 3051 4566 inspiratam
3081 4495 3385 4560 ostendere,
3429 4502 3703 4563 utleorum

2117 4606 2176 4646 se
2204 4588 2373 4643 Deum
2407 4588 2708 4642 inveniatur
2734 4586 3135 4642 evidentissime
3152 4587 3461 4654 nominare,
3476 4586 3663 4658 dicens
3686 4603 3702 4644 :

2117 4679 2231 4752 Ego
2257 4696 2372 4733 sum
2400 4678 2539 4733 Deus
2570 4677 2852 4761 Abraham,
2901 4688 2950 4732 et
2977 4677 3118 4757 Deus
3150 4675 3324 4760 Isaac,
3365 4676 3582 4761 etpeus
3609 4675 3706 4761 Ja-

2116 4769 2362 4834 _cob:hoc
2392 4768 2519 4822 mihi
2561 4768 2747 4821 non‘ten
2786 4759 2862 4820 est
2903 4753 3270 4838 sempiternum
3316 4777 3364 4832 et
3408 4751 3705 4826 memoriaic

2116 4860 2172 4914 in
2193 4859 2578 4930 generationem
2599 4868 2647 4910 et
2675 4867 3054 4928 generationem
3086 4843 3278 4937 (Ex-od,
3317 4843 3536 4939 tumin).

2115 4929 2299 5018 itaque
2345 4964 2442 5001 nos
2481 4947 2708 5001 dicimus
2756 4948 3077 5026 sacrificium
3117 4964 3244 5026 non2
3269 4931 3372 5026 soli
3399 4929 3704 5026 iiatri,_‘seti

2114 5013 2276 5094 simul
2304 5052 2467 5090 unum
2513 5035 2659 5090 Patri
2702 5017 2946 5106 Filioque
2984 5037 3186 5105 offerri,
3236 5013 3335 5090 illi.
3355 5013 3703 5106 autemiiatri

2115 5131 2216 5184 soli
2247 5129 2554 5183 existimant
2574 5127 2840 5184 immolari
2861 5170 2875 5194 ,
2898 5129 2950 5182 in
2971 5127 3232 5183 sacrilicio
3254 5101 3699 5197 patriarélia'ruiﬁ,

2117 5239 2252 5278 vene
2276 5239 2340 5277 ac
2357 5221 2466 5276 Deo
2489 5221 2693 5291 placita:
2715 5236 3014 5290 quaeramus
3032 5211 3410 5276 immolationis
3426 5215 3698 5275 indicium.

428 5295 475 5371 si
505 5315 600 5381 illi,
629 5331 767 5385 quos
795 5305 998 5369 malitia
1023 5315 1118 5366 sua
1147 5311 1308 5382 (sicut
1350 5311 1608 5383 Scriptum
1637 5308 1739 5378 εει)
1764 5326 2007 5366 θιαεοει-
2035 5295 2089 5355 Ῑ)
2117 5309 2196 5368 Ab
2226 5313 2319 5368 illo
2369 5312 2549 5381 itaque
2591 5306 2745 5366 nobis
2792 5305 2875 5365 est
2919 5301 3360 5366 dob'tnnéntdihtii
3395 5305 3575 5367 "series
3617 5301 3702 5365 in-

427 5414 534 5473 tos,
567 5406 766 5461 veritas
811 5405 923 5475 ipsa
961 5397 1101 5473 (qna:
1130 5395 1219 5456 lux
1253 5399 1336 5456 est
1364 5399 1514 5476 vera)
1561 5399 1819 5470 deseruit,
1868 5416 2005 5470 quo-

428 5510 656 5565 rumque
702 5497 1035 5567 squalentem
1083 5485 1324 5564 perversi
1363 5489 1538 5549 cordis
1587 5493 1828 5549 obtutum
1885 5494 2011 5548 tetri

428 5585 628 5641 erroris
655 5581 951 5641 obscuritas
975 5581 1362 5652 circumsepslt,
1392 5583 1802 5654 inseparabilem
1836 5581 2012 5637 Trini-

428 5670 618 5743 tatem,
645 5671 804 5745 quam
832 5669 1167 5731 substantia“
1191 5671 1501 5730 diversitate
1522 5671 1790 5745 disparem
1820 5673 2010 5745 praedi-

428 5759 556 5824 care
580 5773 687 5822 'n'un
713 5763 958 5824 dubitant
974 5811 990 5840 ,
1014 5763 1406 5840 consequenter
1433 5765 1856 5824 honoriﬁcentia!
1875 5775 2011 5838 quo-

429 5859 535 5941 que
559 5855 778 5942 imparis
808 5857 901 5929 (αι.
941 5858 1154 5943 impari)
1181 5852 1360 5922 cilicio
1398 5855 1563 5944 talpis
1591 5850 1851 5928 dissipare
1875 5874 2010 5916 con-

2117 5395 2384 5468 citoanda,
2416 5401 2469 5456 in
2499 5399 2653 5471 cuiuis
2681 5397 2949 5456 invehitur
2969 5395 3172 5457 semine
3192 5399 3369 5458 futura
3385 5387 3702 5458 tunetaruiit

2115 5494 2354 5562 gentium
2383 5491 2686 5548 benedictio
2714 5492 3061 5562 repromissa;
3083 5492 3295 5547 dicente
3315 5491 3480 5548 Paulo
3504 5503 3518 5547 ξ
3542 5493 3702 5545 Αῡνᾱς

2117 5584 2380 5665 Ιιωμίσῑω
2402 5593 2522 5637 sunt
2549 5584 2914 5652 promissiones
2951 5593 3001 5636 et
3026 5585 3210 5638 mini
3233 5585 3366 5656 eius
3399 5582 3527 5638 Non
3553 5570 3699 5649 dicit,

2124 5686 2173 5732 et
2202 5675 2500 5741 seminibus,
2532 5671 2682 5746 quasi
2708 5677 2765 5731 in
2785 5676 2980 5743 inultis,
3001 5677 3093 5732 sed
3115 5679 3259 5750 quasi
3282 5676 3338 5731 in
3363 5692 3470 5732 uno
3489 5692 3504 5732 :
3525 5677 3597 5731 Et
3618 5690 3698 5730 se-

2115 5771 2244 5824 mini
2278 5769 2546 5839 tumquod
2574 5778 2649 5824 est
2678 5765 2914 5824 Christus
2944 5769 3085 5840 (Gal.
3117 5778 3189 5836 nr,
3222 5763 3331 5840 i6):
3366 5768 3434 5824 Et
3461 5771 3694 5825 iterum:

2121 5859 2192 5929 Ut
2230 5862 2283 5916 in
2322 5857 2555 5926 cantibus
2599 5859 2883 5920 benedictio
2922 5861 3144 5924 RW:
3186 5858 3357 5943 ﬁet-et,-
3404 5863 3463 5919 αι
3489 5858 3696 5921 6W
