4026 6336
501 407 606 465 £735

1539 407 1591 460 S.
1633 405 1994 461 FULGENTH
2031 405 2335 464 EPISCOPI
2376 405 2746 463 RUSPENSIS

3667 403 3777 468 18‘

499 523 925 597 postponendus.
979 525 1212 582 Proinde
1261 524 1386 579 licet
1422 522 1552 578 nulli
1590 521 1809 578 dubium
1855 523 1926 578 sit
1979 537 2080 593 pa-
2111 530 2164 589 Α
2186 535 2294 592 que
2328 519 2650 576 videbantur
2684 523 2876 591 ignari,
2907 522 3159 595 deinceps
3192 523 3332 578 scire
3371 523 3570 580 debent
3613 540 3776 584 omne

499 613 803 671 triarcbalis
837 615 1090 673 sacriﬁcii
1120 616 1428 672 testimonio
1466 613 1840 671 rectitudinem
1885 623 2084 670 nostra:

499 707 622 764 ﬁdei
650 710 992 776 communiri,
1019 710 1104 766 cui
1131 709 1368 780 quandiu
1392 708 1656 765 obdurato
1674 707 1839 766 corde
1857 708 2084 779 quilibet

497 800 851 858 obnitendum
873 802 1161 867 existimat,
1193 816 1223 856 a
1247 801 1350 856 ﬁde
1372 801 1754 869 consortioque
1773 807 2083 856 sanctorum

498 892 706 949 alienus
734 902 950 950 exerrat
974 912 988 962 ;
1032 908 1311 965 possemus
1338 901 1394 949 et
1419 893 1488 948 de
1525 892 1806 964 prophetis
1835 892 2081 949 testimo-

495 985 586 1040 nia
623 1001 732 1041 non
760 986 978 1058 imparis
1008 985 1274 1041 ﬁrmitatis
1305 1000 1369 1040 ac
1399 985 1611 1042 roboris
1654 985 1948 1051 innectere,
1977 983 2082 1039 nisi

496 1075 663 1130 totius
690 1075 943 1132 reddendi
968 1089 1234 1131 memores
1260 1075 1445 1142 debiti,
1473 1073 1541 1130 ad
1563 1075 1898 1131 residuarum
1917 1074 2079 1130 etiam

493 1167 851 1236 quaestionum
897 1167 1222 1224 solutionem
1261 1167 1542 1223 mallemus
1583 1165 1905 1238 quantocius
1931 1165 2080 1222 festi-

494 1273 648 1316 nare.

461 1347 675 1411 ,ϐυδοτ
723 1365 774 1406 v.
823 1353 978 1423 Aliud
1026 1353 1369 1407 testimonium
1411 1369 1476 1406 ea:
1511 1353 1793 1423 prophetis,
1837 1360 1892 1405 ut
1933 1350 2077 1408 Filio

561 1437 778 1493 quoque,
803 1422 1056 1493 offeratur
1093 1423 1428 1492 sacriﬁcium.
1473 1420 1767 1493 ptumam;
1808 1423 2078 1477 hmretico-

559 1491 781 1564 tumqui
798 1491 943 1564 ilv‘ilio
965 1508 1068 1546 non
1096 1491 1420 1564 sacrificant.
1457 1491 1708 1546 Catholici
1733 1494 1824 1547 toti
1853 1493 2080 1561 oﬂ'erunt

563 1558 827 1625 Trinitati,
852 1563 1055 1616 etiamsi
1085 1558 1247 1617 solius
1277 1563 1451 1618 Patris
1474 1579 1660 1616 nomen
1687 1558 2002 1633 exprimunt.

562 1648 966 1718 Verumtamen,
985 1666 1052 1707 ne
1078 1653 1178 1706 sub
1201 1653 1419 1707 nomine
1439 1652 1778 1708 abundantia:
1793 1653 2078 1723 quisquam

488 1734 586 1797 nos
615 1743 894 1813 penuriam
915 1743 1245 1799 defensionis
1272 1745 1546 1800 existimet
1573 1745 1848 1802 obcelasse
1868 1748 1962 1818 (al.
1987 1746 2078 1803 ob-

484 1833 739 1904 velasse),
756 1849 921 1888 unum
942 1833 1012 1889 de
1028 1835 1306 1906 prophetis
1326 1838 1692 1894 testimonium
1718 1837 2073 1909 proferemus,

484 1938 594 1997 quo
618 1925 790 1995 possit
811 1924 1088 1980 evidenter
1111 1925 1320 1982 ostendi
1341 1928 1630 1998 prophetas
1651 1937 1868 1996 sanctos
1888 1929 2080 1985 divini-
2110 1918 2159 1980 Β

390 2087 394 2091 ,
482 2023 572 2070 tus
583 2014 890 2086 inspiratos,
903 2017 954 2088 3
965 2021 1008 2090 ι
1024 2025 1175 2072 certo
1193 2017 1614 2088 ﬁdelissimoque
1627 2021 1881 2077 vaticinio
1895 2023 2084 2092 praedi-

483 2109 650 2174 xisse,
675 2105 806 2161 Novi
827 2122 1043 2178 quoque
1064 2116 1309 2180 tempore
1328 2109 1659 2166 Testamenti
1682 2113 1955 2183 spiritales
1975 2115 2080 2169 lio-

481 2196 614 2252 slias
638 2212 748 2251 non
764 2196 910 2253 Patri
935 2208 1164 2265 tantum,
1189 2201 1284 2256 sed
1311 2203 1473 2258 etiam
1485 2202 1620 2258 Filio
1637 2219 1667 2258 a
1690 2203 1935 2264 ﬁdelibus
1948 2205 2082 2264 oﬁ'e-

481 2287 697 2344 rendas.
715 2297 742 2326 ι
758 2287 1064 2365 Suplionias
1085 2293 1285 2363 quippe
1303 2293 1432 2348 dicit
1450 2311 1462 2346 :
1480 2293 1692 2350 Sustine
1705 2313 1806 2360 me.
1827 2297 1952 2352 dicit
1967 2297 2079 2354 Do-

482 2377 676 2444 minus,
691 2379 746 2432 in
769 2378 903 2434 diem
924 2384 1314 2438 resurrectionis
1337 2401 1464 2439 mea:
1483 2386 1539 2439 in
1557 2388 1902 2443 testimonium
1921 2406 2078 2461 :quo-

479 2473 626 2528 niam
638 2473 892 2546 judicium
915 2492 1082 2531 meum
1101 2478 1156 2532 in
1172 2479 1626 2551 congregationem
1643 2482 1873 2552 gentium
1886 2483 2006 2551 erit,
2021 2494 2078 2538 ut

481 2566 730 2636 recipiam
747 2583 890 2638 reges
929 2576 978 2622 et
1006 2569 1273 2638 effundam
1294 2587 1450 2642 super
1467 2588 1555 2627 eos
1574 2573 1710 2626 iram
1731 2575 1924 2644 furoris
1945 2577 2076 2629 mei:

477 2655 724 2724 quoniam
751 2657 804 2711 in
833 2655 952 2728 igne
973 2657 1323 2714 cumulationis
1361 2676 1488 2716 mete
1507 2662 1944 2716 consummabitur
1965 2679 2076 2717 ont-

485 2744 568 2798 nis
603 2753 760 2810 terra,
789 2746 909 2816 quia
932 2755 1052 2801 tunc
1078 2749 1390 2820 transferam
1426 2767 1579 2822 super
1605 2751 1822 2824 papulas
1841 2753 2076 2825 linguam

475 2833 538 2888 in
557 2835 827 2904 progenies
848 2835 980 2904 ejus,
1004 2845 1059 2888 ut
1087 2837 1320 2892 invocent
1347 2856 1520 2894 omnes
1541 2858 1725 2896 nomen
1761 2841 1994 2908 Domini,
2020 2855 2072 2898 et

480 2929 710 2986 serviant
729 2929 776 2982 ei
799 2927 891 2981 sub
911 2929 1041 3001 jugo
1066 2947 1190 2997 uno,
1213 2948 1245 2984 a
1268 2935 1629 3002 transﬂumine
1645 2933 1935 3007 zEt/tiopia:
1961 2954 2076 2992 sus-

479 3021 671 3092 cipiam
695 3021 1020 3079 observantes
1050 3042 1149 3091 me,
1178 3028 1264 3098 qui
1281 3026 1512 3100 dispersi
1539 3036 1677 3090 sunt,
1710 3027 1930 3096 a/ferent
1953 3029 2075 3084 hos-

481 3109 588 3164 tias
615 3112 744 3167 milii
771 3112 825 3167 in
854 3113 945 3170 illo
973 3115 1058 3170 die
1084 3114 1343 3188 (Soplton.
1374 3131 1454 3185 tu,
1484 3115 1564 3186 8).
1594 3115 1732 3184 Quid
1765 3116 1888 3185 hac,
1917 3132 2070 3187 rogo,

481 3199 872 3260 vaticinatione
893 3203 1162 3262 lucidius?
1186 3205 1271 3262 vel
1299 3208 1445 3278 quod
1467 3207 1884 3265 hictenebrosm
1913 3210 2074 3266 obsti-

2191 609 2480 680 cujuslibet
2522 610 2942 668 honoriﬁcentia:
2969 623 3025 669 et
3052 612 3296 669 sacriﬁcii
3325 612 3574 671 salutaris
3612 618 3774 676 obse-

2189 701 2398 772 quium,
2441 709 2499 758 et
2535 700 2682 757 Patri
2727 711 2783 758 et
2820 702 2955 758 Filio
2985 711 3042 759 et
3080 701 3298 774 Spiritui
3319 712 3532 772 sancto,
3560 706 3664 764 hoc
3690 717 3777 766 est

2189 800 2388 850 sanctae
2410 791 2678 858 Trinitati,
2721 793 2789 849 ab
2816 793 3054 851 Ecclesia
3075 795 3338 852 catholica
3385 798 3590 868 pariter
3615 800 3774 856 exhi-

2187 883 2327 939 beri.
2351 881 2409 940 In
2432 883 2584 954 cujus
2604 885 2788 956 utique
2816 902 2922 942 uno
2943 887 3161 943 nomine
3180 888 3521 946 manifestum
3543 899 3629 948 est
3649 908 3776 950 san-

2189 983 2335 1030 ctum
2365 989 2580 1044 quoque
2609 974 2873 1044 baptisma
2893 975 3176 1031 celebrari.
3200 976 3384 1048 Neque
3405 979 3548 1035 enim
3577 981 3774 1052 praeju-

2186 1064 2388 1120 dicium
2417 1063 2554 1120 Filio
2582 1065 2667 1121 vel
2687 1074 2875 1122 sancto
2903 1066 3124 1136 Spiritui
3153 1077 3520 1139 comparatur,
3547 1070 3677 1127 dum
3704 1073 3774 1129 ad

2189 1151 2367 1210 Patris
2390 1169 2681 1226 personam
2712 1157 2952 1227 precatio
2994 1159 3062 1213 ab
3085 1157 3349 1215 oﬁ'erente
3377 1160 3641 1231 dirigitur.
3663 1163 3770 1221 Cn‘

2177 1224 2273 1312 'jus
2299 1224 2728 1313 consummatio,
2740 1246 2867 1302 dum
2913 1246 3034 1302 Filii
3061 1257 3118 1302 et
3162 1249 3392 1322 Spiritus
3419 1224 3590 1310 sancti
3620 1271 3772 1313 com-

2186 1330 2443 1399 plectitur
2469 1349 2698 1400 nomen,
2730 1336 2966 1392 ostendit
3010 1338 3215 1394 nullum
3263 1355 3384 1398 esse
3428 1344 3483 1398 in
3511 1345 3773 1405 Tﬁnitate

2187 1421 2500 1479 discrimen.
2529 1425 2666 1494 Quia
2694 1426 2819 1483 dum
2848 1429 2916 1484 ad
2947 1430 3114 1488 solius
3159 1431 3333 1490 Patris
3361 1451 3649 1506 personam
3674 1441 3774 1498 lto-

2186 1512 2335 1568 noris
2359 1527 2539 1596 sermo
2564 1515 2832 1586 dirigitur,
2867 1519 3006 1575 bene
3028 1521 3299 1580 credentis
3328 1524 3431 1582 ﬁde
3454 1536 3569 1585 tota
3597 1529 3774 1589 Trini-

2187 1611 2271 1659 tas
2313 1603 2646 1684 honoratur:
2678 1618 2876 1666 etcum
2908 1611 2977 1667 ad
3004 1612 3219 1672 Patrem
3243 1617 3450 1677 litantis
3474 1622 3772 1684 destinatur

2185 1683 2436 1766 intentio,
2461 1701 2711 1758 sacriﬁcii
2732 1719 2927 1760 munus
2953 1707 3100 1762 omni
3131 1705 3398 1776 Trinitati,
3430 1728 3538 1770 uno
3559 1683 3771 1774 eodem

2183 1806 2290 1860 que
2317 1791 2542 1848 oﬁ'ertur
2561 1793 2765 1851 litantis
2792 1798 2988 1855 ofﬁcio.
3007 1799 3116 1856 Nos
3137 1802 3320 1873 itaque
3344 1804 3470 1862 dum
3497 1806 3769 1878 Trinitati,

2188 1899 2308 1954 quae
2337 1901 2473 1940 unus
2497 1895 2554 1941 et
2581 1904 2742 1945 verus
2762 1897 2844 1945 est
2866 1889 3026 1958 De'us,
3055 1909 3219 1950 unum
3247 1897 3566 1956 sacriﬁcium
3595 1900 3772 1960 oﬁ‘eri-

2188 1991 2328 2041 mus,
2351 1977 2504 2032 vanis
2525 1977 2899 2037 haereticorum
2922 2000 3028 2040 non
3049 2001 3365 2044 moveamur
3379 1991 3617 2062 objectis,
3645 2009 3770 2052 cum

2187 2066 2255 2120 ad
2281 2067 2385 2123 hoc
2427 2071 2778 2140 sequendum,
2828 2089 2892 2130 ac
2918 2067 3291 2136 robustissime
3319 2083 3681 2156 retinendum,
3712 2097 3772 2145 et

2185 2157 2443 2214 divinitus
2469 2163 2820 2232 promulgatis
2845 2165 3172 2224 instruamur
3195 2173 3446 2244 oraculis,
3476 2185 3530 2232 et
3557 2193 3763 2250 prtece-

2185 2247 2426 2305 dentium
2453 2260 2762 2310 sanctorum
2785 2253 3060 2313 ﬁrmemur
3086 2264 3365 2334 exemplis.

2184 2379 2487 2477 Captivi.“
2511 2385 2685 2477 Tertia
2722 2396 2938 2476 quaestio
2987 2391 3227 2477 Dienoni,
3271 2416 3362 2477 cur
3404 2405 3461 2477 in
3493 2399 3771 2477 sacrificiis

2257 2455 2417 2535 solius
2444 2455 2676 2535 Spiritus
2705 2455 2883 2516 missio
2917 2455 3227 2534 postuletur:
3273 2455 3772 2535 Nonﬁrid'eo'

2255 2534 2332 2604 est
2358 2525 2588 2604 Spiritus
2597 2544 2826 2604 sanctus
2854 2525 2990 2604 quod
3016 2538 3202 2604 missus
3229 2550 3308 2593 est
3333 2559 3366 2594 a
3397 2525 3554 2600 Putre

2254 2595 2346 2661 lio,
2374 2595 2493 2688 quia
2513 2607 2561 2651 et
2586 2597 2755 2688 Filius
2786 2595 2970 2688 mis-sus
2991 2615 3092 2688 fu,-
3111 2603 3296 2688 Migu'q
3319 2595 3769 2688 Fuit-"ef'ti's'p'iﬂig‘
3795 2629 3799 2633 .

2253 2667 2553 2750 sanctinon
2592 2680 2667 2724 est
2712 2673 2957 2750 localiter;
2985 2677 3145 2750 facta.
3173 2667 3447 2750 Scriptura
3470 2667 3771 2744 hic?

2253 2738 2574 2859 menstitatem
2595 2757 2697 2794 non
2720 2742 2885 2797 solum
2914 2738 3111 2813 Patris,
3138 2751 3228 2803 sed
3249 2738 3306 2805 et'
3322 2749 3454 2809 Filii
3473 2738 3524 2810 et

2253 2822 2378 2859 sane
2401 2823 2439 2859 ι.
3499 2857 3502 2859 λ

2253 2822 2439 2862 sancti.
3499 2857 3502 2860 ’

2252 2909 2357 2981 32
2396 2908 2514 2965 Jam
2543 2927 2684 2970 nunc
2712 2915 2875 2995 etiam
2897 2917 2987 2973 illa
3015 2919 3172 2977 nobis
3195 2923 3367 2980 estde
3395 2924 3626 2997 Spiritus
3649 2946 3770 2989 san-

2155 3025 2158 3028 ~
2181 3000 2254 3055 cti
2285 3001 2540 3058 missione
2560 3006 2786 3073 quaestio
2809 3009 3137 3068 revolvenda
3163 3031 3176 3066 :
3203 3012 3310 3069 Cur
3328 3017 3536 3074 scilicet
3554 3019 3598 3075 si
3619 3024 3770 3081 omni

2150 3119 2154 3130 ε
2180 3090 2431 3148 Trinitati
2461 3096 2780 3153 sacriﬁcium
2810 3099 3051 3168 oﬁ‘ertur,
3081 3103 3146 3157 ad
3194 3107 3632 3166 sanctiﬁcandum
3655 3115 3767 3184 (al.

2179 3183 2610 3259 sacriﬁcandum)
2641 3189 2928 3246 oblationis
2958 3201 3158 3249 nostrze
3194 3200 3405 3265 munus‘,
3438 3204 3610 3258 sancti
3639 3202 3769 3275 Spi-

475 3292 716 3352 "monis
760 3294 1044 3353 latibulum
1087 3295 1342 3355 hmmtica
1384 3309 1563 3370 potest
1601 3299 1888 3357 inﬁdelitas
1914 3318 2074 3374 τρυε,
2104 3302 2150 3366 C
2181 3283 2319 3339 ritus
2348 3293 2553 3340 tantum
2583 3287 2768 3342 missio
2798 3289 3100 3358 postuletur
3131 3311 3144 3347 :
3197 3297 3348 3366 quasi
3397 3312 3527 3354 vero
3581 3303 3664 3372 (ut
3693 3303 3770 3360 ita

475 3385 612 3452 rire,
629 3401 740 3457 quo
761 3389 934 3459 possit
957 3389 1138 3446 lumen
1159 3398 1325 3446 tanta;
1345 3391 1797 3450 manifestationis
1815 3394 2078 3464 eﬁ’ugere?

472 3473 615 3535 Cum
643 3481 725 3536 sic
751 3480 807 3537 in
833 3481 951 3538 sole
978 3481 1386 3540 tabernaculum
1428 3499 1584 3539 suum
1624 3485 1866 3554 posuerit
1893 3485 2077 3543 Domi-

476 3583 582 3623 nus
613 3567 787 3641 (Psal.
821 3585 971 3636 xvm,
993 3568 1073 3644 6),
1098 3580 1158 3627 ut
1183 3588 1292 3628 non
1313 3573 1385 3628 sit
1403 3574 1496 3643 qui
1524 3573 1584 3630 se
1603 3574 1902 3631 absentidat
1921 3591 1952 3632 a
1979 3591 2074 3634 ca-

453 3659 595 3716 lore
616 3661 753 3731 ejus.
785 3661 1054 3730 Quoniam
1099 3665 1257 3737 (forte
1277 3665 1324 3720 A
1350 3680 1459 3736 quo
1475 3665 1612 3738 jam)
1641 3667 1689 3722 si
1709 3668 1832 3737 quis
1868 3684 1930 3725 se
1955 3669 2074 3740 gla-

476 3752 604 3809 ciali
633 3753 833 3822 frigore
875 3754 1208 3812 inﬁdelitatis
1255 3758 1586 3828 stupefactus
1625 3760 1939 3828 abscondat,
1971 3762 2074 3819 sibi

476 3845 881 3916 propitiationis
908 3855 1092 3917 potest
1113 3847 1377 3904 auxilium
1423 3851 1773 3919 subtrahere,
1803 3868 1864 3908 se
1892 3864 2073 3910 autem

475 3951 587 3992 non
612 3943 790 4006 potest
837 3937 1018 3995 celare
1056 3939 1325 3996 vindictae.
1355 3942 1496 3998 Ecce
1522 3943 1614 3999 ille
1637 3947 1729 4016 qui
1775 3962 1835 4003 se
1875 3963 2071 4020 exspe-

476 4025 738 4084 ctandum
759 4027 813 4082 in
841 4029 929 4086 die
969 4033 1382 4089 resurrectionis
1403 4051 1513 4091 sua:
1539 4038 1943 4110 pmcipit,‘ipse
1967 4042 2070 4098 sibi

476 4116 684 4173 hostias
712 4119 780 4173 ab
805 4123 1054 4178 omnibus
1075 4125 1325 4193 gentibus
1369 4127 1672 4186 offerendas
1709 4133 1943 4188 ostendit
1969 4152 1982 4189 :
2013 4143 2071 4190 ut

476 4218 867 4277 agnosceretur
912 4211 1236 4269 sacriﬁcium
1258 4215 1386 4276 illud
1415 4231 1536 4273 esse
1573 4211 1903 4291 acceptabile
1932 4222 2065 4289 Deo,

475 4300 622 4372 quod
641 4303 1000 4360 communiter
1012 4303 1157 4361 Patri
1179 4315 1234 4362 et
1253 4306 1390 4364 Filio
1410 4309 1635 4382 supplex
1657 4311 1812 4368 oﬁ‘ert
1834 4312 2069 4371 ﬁdelium

477 4406 724 4463 puraque
777 4394 1014 4453 devotio.
1053 4393 1151 4455 His
1192 4413 1356 4471 atque
1396 4401 1697 4472 hujnsmodi
1743 4406 2070 4465 testimoniis

476 4484 718 4542 haeretici
745 4490 1081 4557 commoniti,
1109 4492 1314 4548 utinam
1366 4510 1474 4550 non
1512 4496 1689 4553 surdis
1727 4499 1946 4556 auribus
1973 4517 2070 4560 au-

475 4574 648 4644 diant,
680 4578 775 4634 sed
805 4581 1090 4637 veritatem
1128 4581 1276 4653 ﬁdei,
1304 4599 1560 4643 concessa
1600 4589 1702 4644 sibi
1729 4589 1981 4650 divinitus
2002 4594 2068 4648 il-

2184 3376 2382 3447 dicam)
2410 3377 2525 3449 ipse
2553 3375 2714 3435 Pater
2741 3379 2899 3445 Deus,
2932 3398 2964 3437 a
3003 3400 3110 3455 quo
3137 3385 3368 3457 Spiritus
3394 3402 3616 3450 sanctus
3640 3411 3770 3468 pro.

2181 3473 2346 3543 cedit,
2375 3474 2697 3532 sacriﬁcium
2737 3478 2838 3533 sibi
2868 3479 3107 3538 oblatum
3137 3488 3473 3547 sanctilicare
3501 3507 3609 3550 non
3639 3485 3770 3567 pos-

2180 3563 2281 3630 sit;
2315 3572 2408 3619 aut
2454 3565 2569 3636 ipse
2609 3565 2777 3624 Filius
2814 3572 3150 3630 sanctiﬁcare
3187 3589 3419 3649 nequeat
3444 3563 3768 3646 sacriﬁcium

2179 3657 2425 3726 corporis
2449 3658 2550 3724 sui,
2579 3659 2727 3729 quod
2755 3659 3028 3720 oll'erimus
3053 3681 3150 3721 nos
3168 3705 3185 3732 ,
3231 3685 3354 3726 cum
3381 3687 3575 3745 corpus
3601 3692 3765 3736 suum

2179 3749 2296 3819 ipse
2326 3751 2761 3822 sanctiﬁcaverit,
2805 3755 2952 3826 quod
2984 3759 3198 3824 obtulit,
3228 3770 3288 3817 ut
3310 3764 3594 3824 redimeret
3623 3786 3765 3840 nos;

2178 3848 2273 3894 aut
2295 3840 2369 3895 ita
2398 3839 2630 3912 Spiritus
2675 3855 2896 3902 sanctus
2930 3849 2997 3904 ad
3045 3855 3463 3912 consecrandum
3510 3839 3770 3927 Ecclesim

2176 3933 2502 3990 sacriﬁcium
2549 3937 2844 3995 mittendus
2867 3940 2956 4008 sit,
2983 3950 3236 4014 tanquam
3281 3946 3448 4005 Pater
3469 3960 3562 4008 aut
3603 3952 3768 4014 Filius

2177 4022 2600 4082 sacriﬁcantibus
2649 4028 2808 4084 desit.
2855 4029 3037 4090 Primo
3092 4037 3273 4108 itaque
3310 4043 3620 4118 meminisse
3663 4063 3766 4106 nos

2175 4117 2448 4184 convenit,
2475 4118 2530 4172 in
2557 4118 2714 4188 hujus
2740 4123 3004 4181 vocabulo
3032 4127 3301 4186 missionis
3327 4147 3428 4189 nec
3454 4135 3766 4197 inferiorem

2146 4207 2346 4289 accipi
2368 4207 2567 4266 debere
2595 4221 2839 4268 sanctum
2867 4214 3146 4286 Spiritum,
3183 4237 3284 4278 nec
3320 4225 3614 4297 minorem;
3638 4232 3765 4300 quia

2172 4300 2220 4356 si
2240 4299 2437 4371 minor,
2469 4303 2652 4376 utique
2674 4305 2916 4377 inferior,
2943 4319 2998 4367 et
3023 4314 3068 4368 si
3095 4313 3339 4387 inferior,
3350 4322 3536 4390 utique
3563 4299 3762 4381 minor.

2172 4387 2290 4448 Hoc
2309 4401 2486 4448 autem
2507 4400 2944 4469 praemonuimus,
2968 4403 3200 4464 scientes
3218 4409 3286 4464 ab
3310 4387 3576 4471 bareticis
3601 4429 3766 4486 quam

2172 4483 2408 4539 maxime
2435 4484 2560 4541 ﬁdei
2593 4498 2792 4545 nostrae
2830 4491 3141 4564 frequenter
3164 4499 3455 4570 objectum,
3490 4483 3763 4579 ideo—Spi-

2172 4574 2335 4631 ritum
2365 4587 2612 4635 sanctum
2642 4583 2907 4641 minorem
2950 4589 3276 4650 credendum
3325 4595 3484 4672 Patre
3508 4609 3564 4656 et
3602 4574 3767 4673 Filio,

476 4664 835 4725 luminatione
861 4681 1218 4742 cognoscant,
1250 4682 1309 4728 ut
1331 4687 1553 4747 recepto
1597 4679 1818 4737 salutari
1846 4682 2070 4751 lumine,
2097 4691 2155 4755 ι)
2177 4667 2302 4736 quia
2331 4675 2386 4724 et
2413 4684 2444 4724 ³
2472 4669 2633 4728 Patre
2659 4675 2854 4734 missus
2899 4689 3003 4750 θθιν
3033 4691 3089 4738 ει
3112 4700 3143 4740 ³
3191 4685 3348 4744 ¹⁴Ἢίοο
3378 4667 3550 4748 Ρδπο
3579 4704 3766 4758 amem

478 4757 732 4815 desinant
771 4761 1028 4833 deinceps
1057 4763 1109 4819 in
1152 4767 1390 4823 tenebris
1417 4769 1706 4826 mortiferae
1741 4773 2070 4834 inﬁdelitatis

479 4862 682 4906 errare.
712 4849 814 4919 Qui
855 4867 981 4908 cum
1024 4851 1165 4912 Filio
1192 4855 1517 4914 sacriﬁcium
1539 4875 1650 4916 non
1671 4861 1924 4931 olferunt,
1956 4875 2012 4922 et
2037 4883 2069 4923 a

477 4935 584 4995 ﬁde
609 4942 1036 5010 patriarcharum
1063 4959 1128 5002 ac
1158 4947 1546 5018 prophetarum
1577 4953 1872 5010 miserabili
1901 4957 2070 5014 obdu-

483 5029 692 5084 ratione
713 5031 1042 5117 desciscunt,
1067 5037 1233 5109 impie
1260 5038 1652 5112 delinquentes,
1683 5047 1893 5117 seipsos
1917 5065 1948 5104 a
1977 5065 2066 5106 se-

480 5117 726 5211 metipsis
745 5113 1028 5182 damnatos
1047 5129 1358 5186 ostendunt.
1388 5131 1700 5203 Apostolica
1728 5113 1930 5211 quippe
1957 5157 2069 5197 om-

399 5249 403 5254 -
483 5224 610 5268 nem
640 5208 953 5268 haereticum
983 5217 1074 5271 tali
1115 5223 1460 5290 cognoscitur
1483 5208 1922 5295 pronuntiatione
1943 5247 2070 5289 con.

407 5325 428 5391 :A
483 5295 771 5358 demnasse
791 5305 1078 5360 sententia.
1106 5307 1260 5376 Quod
1283 5321 1340 5368 et
1364 5313 1648 5373 haereticus
1677 5325 1802 5389 post
1839 5321 2067 5391 primam

406 5387 428 5484 ν’
482 5399 541 5448 et
568 5393 863 5465 secundam
909 5399 1304 5468 correptionem
1331 5406 1402 5461 sit
1437 5387 1762 5471 omnimodis
1787 5387 2068 5473 evitandus

404 5481 415 5551 ζ
479 5481 613 5553 (Tit.
640 5497 718 5550 nt,
746 5483 859 5559 10),
875 5501 944 5544 eo
969 5487 1116 5560 quod
1136 5489 1398 5560 ejusmodi
1421 5513 1531 5555 non
1551 5501 1728 5559 solum
1747 5504 1818 5560 sit
1843 5506 2068 5563 subver-

476 5583 590 5644 sas,
618 5587 806 5628 verum
833 5577 995 5634 etiam
1043 5595 1143 5636 suo
1182 5582 1254 5638 sit
1305 5583 1505 5652 judicio
1547 5593 1958 5654 condemnatus.
1998 5599 2058 5656 Si

477 5659 575 5731 qui
599 5675 730 5720 vero
757 5663 1006 5724 catholici
1031 5667 1242 5739 ﬁdeles,
1263 5671 1420 5744 hujus
1446 5684 1765 5740 sacramenti
1795 5700 1940 5745 nunc
1962 5703 2056 5746 us-

561 5856 1165 5953 :guE-irrep‘serant‘e'x
1192 5868 1434 5953 margine
1463 5871 2062 5953 verba‘ista,‘Prophet¢e

477 5931 829 5989 testimonium
840 5931 905 5986 de
917 5935 1177 6005 ιαοτὶθῖάο
1199 5931 1336 6007 θυοδ
1354 5956 1492 6000 "um:
1512 5943 1568 5996 ίη
1589 5931 1825 6005 Eccum!

2175 4759 2224 4815 si
2251 4762 2416 4818 misso
2461 4765 2681 4822 mittens
2720 4770 2901 4838 potior
2937 4783 3021 4832 est
3072 4778 3400 4851 credendus,
3431 4801 3767 4858 cognoscant

2177 4852 2231 4908 in
2280 4854 2386 4913 hoc
2411 4872 2564 4914 suam
2597 4862 2844 4920 convinci
2873 4868 3170 4943 perﬁdiam,
3221 4878 3346 4946 quia
3374 4852 3572 4937 sicut'a
3602 4883 3768 4943 Patre

2175 4953 2232 4999 et
2278 4945 2416 5004 Filio
2442 4950 2638 5008 missus
2664 4953 2860 5023 legitur
2903 4957 3134 5031 Spiritus
3172 4945 3408 5037 sanctus,
3439 4974 3517 5030 sic
3541 4990 3572 5030 a
3602 4975 3768 5036 Patre

2177 5049 2232 5139 et
2256 5037 2460 5110 Spiritu
2484 5044 2680 5102 missus
2719 5048 2990 5109 invenitur
3017 5065 3072 5111 et
3099 5057 3284 5116 Filius.
3329 5062 3486 5131 Quod
3529 5068 3643 5139 ipse
3674 5070 3769 5128 Fi-

2173 5131 2280 5226 lius
2305 5142 2363 5189 et
2387 5149 2484 5206 per
2510 5139 2848 5210 prophetam,
2879 5147 3049 5203 multo
3087 5160 3377 5222 antequam
3424 5131 3762 5226 mitteretur.

2175 5223 2329 5293 dixit,
2357 5235 2412 5282 et
2434 5239 2718 5300 postquam
2765 5236 2958 5294 missus
2991 5249 3093 5306 est,
3125 5247 3343 5315 propria
3378 5223 3767 5314 testiﬁcatione

2174 5315 2424 5374 ﬁrmavit.
2455 5319 2589 5376 Nam
2609 5325 2827 5382 veniens
2855 5328 2910 5384 in
2938 5328 3220 5401 Nazareth,
3249 5347 3307 5393 et
3328 5355 3656 5413 synagogam
3680 5349 3765 5404 in-

2175 5424 2410 5481 gressus,
2441 5429 2564 5470 cum
2596 5417 2791 5474 tradito
2844 5420 2945 5476 sibi
2993 5423 3061 5478 ad
3115 5424 3402 5496 legendum
3441 5434 3580 5490 libro
3607 5437 3764 5495 lsaia.‘

2175 5505 2472 5576 prophetae,
2503 5508 2650 5597 illum
2678 5509 2854 5566 locum
2878 5514 3179 5574 revolveret
3218 5523 3306 5579 ubi
3337 5526 3594 5597 scriptum
3624 5540 3714 5586 est
3748 5552 3760 5585 :

2170 5594 2399 5664 Spiritus
2442 5593 2655 5654 Domini
2707 5617 2861 5690 super
2897 5620 2996 5670 me,
3045 5620 3252 5679 prapter
3287 5617 3424 5687 quod
3443 5593 3619 5676 prurit
3651 5641 3758 5690 me,

2127 5745 2132 5747 _
2166 5688 2523 5758 evangelisare
2564 5689 2873 5760 pauperibus
2911 5696 3049 5751 misit
3072 5715 3155 5754 me
3184 5700 3335 5774 (Luc.
3368 5722 3439 5773 tv,
3470 5708 3562 5782 18)
3591 5729 3603 5765 :
3634 5688 3758 5772 red;

2163 5902 2290 5982 ἸΗΞῈ
2298 5890 2450 5982 Ῐέῗὲ
2463 5890 2779 5982 ΨῩΞῘῬΡΡγ
2789 5910 2930 5982 ,⁸1⁸³³
2946 5911 3054 5982 ,ηθο
3075 5899 3130 5956 in
3158 5916 3287 5962 ’³³⁸³-
3317 5905 3609 5982 διδεοωτ.
3643 5928 3755 5975 uec

2163 5957 2452 6028 quidquam
2481 5957 2985 6033 sensuiconféntnt.
