4122 6330
320 410 432 471 185
1611 396 1700 452 AD
1738 393 1931 451 MONlh

2026 391 2057 447 il
2096 389 2222 445 LIB.
2264 388 2326 444 ll.
2757 431 2767 439 .
3496 378 3596 435 |86

318 524 436 583 dito
451 519 749 588 volumine,
771 520 1056 578 veritatem
1082 515 1378 594 prophetia:
1393 514 1532 571 illius
1551 509 1919 585 praesentites.
1941 514 1995 575 Α
2017 507 2137 561 dero
2172 505 2225 558 in
2249 502 2541 594 infernum,
2561 500 2704 594 ades.
2730 496 2802 553 Et
2822 498 2865 553 si
2893 508 3219 594 assumpsere
3236 508 3432 594 penna

288 606 293 685 ξ
318 582 468 672 tatus
487 620 572 670 est
599 582 794 670 eﬁ'ectu
814 582 1139 685 completam
1167 582 1380 668 dicens:
1411 582 1586 663 Hodie
1611 604 1822 676 impleta
1834 609 1912 657 est
2013 604 2135 653 ante
2160 594 2340 659 lucem,
2365 602 2414 649 et
2454 590 2750 647 habitavere
2777 590 2836 643 in
2877 587 3152 685 novissimo
3368 622 3384 650 ,
3413 582 3601 637 etenim

278 673 294 789 ξ
318 710 431 767 nec
447 708 709 782 scriptura
723 709 781 763 in
795 673 1007 763 auribus
1022 705 1202 763 vestris
1226 702 1375 778 (Luc.
1392 719 1465 767 tv,
1481 673 1716 773 2|).Sed
1731 703 1787 752 et
1806 695 1912 752 alio
2011 686 2138 741 ίιιαο
2164 699 2349 740 manus
2378 691 2466 737 tua
2494 680 2712 789 άςάαεεε
2733 694 2831 744 ’πει
2861 686 2911 733 ει
2940 674 3124 730 lenem
3160 690 3242 730 me
3278 673 3491 728 dem“
3511 680 3601 726 ⁸⁸⁸⁸

286 797 291 800 ’
317 801 567 874 ejusdem
586 801 870 874 prophetae
895 800 1017 856 loco
1047 814 1078 853 a
1106 796 1336 854 Domino
1366 804 1528 867 atque
1547 792 1616 848 ab
1647 792 1764 862 ejus
1790 787 1913 861 Spi-

314 895 431 953 ritu
456 909 521 951 se
546 894 769 950 missum
796 892 880 948 his
906 892 1085 948 verbis
1104 889 1341 947 ostendit
1372 908 1386 944 :
1416 885 1485 942 Et
1507 903 1642 942 nunc
1662 882 1915 937 Dominus

314 987 466 1044 misit
489 1001 594 1053 me,
611 995 662 1040 et
689 983 920 1057 Spiritus
951 983 1066 1057 ejus
1096 980 1252 1054 (.lsai.
1279 994 1462 1042 xnvm,
1488 975 1596 1049 16).
1624 974 1667 1030 A
1695 989 1754 1031 se
1773 988 1914 1045 quo-

314 1095 427 1153 que
446 1087 696 1136 sanctim
716 1076 978 1150 Spiritum
997 1075 1136 1131 mitti
1151 1072 1445 1145 discipulis,
1470 1078 1595 1126 ante
1608 1067 1913 1140 passionem

315 1187 477 1230 suam
506 1173 613 1229 hoc
638 1169 801 1226 modo
824 1167 1141 1241 pronuntiat
1167 1186 1185 1223 ε
1216 1165 1346 1223 Cum
1391 1172 1560 1220 autem
1584 1163 1773 1218 venerit
1801 1158 1914 1214 Pa-

314 1265 568 1331 mletus,
598 1279 746 1336 quem
775 1278 871 1334 ego
890 1262 1096 1317 mittam
1120 1257 1262 1315 vobis
1290 1275 1323 1313 a
1362 1254 1527 1312 Patre
1551 1253 1806 1326 Spiritum
1827 1267 1914 1305 ve-

315 1358 514 1424 ritatis,
531 1357 618 1429 qui
639 1373 672 1409 a
686 1353 850 1410 Patre
868 1351 1124 1425 proeedit,
1147 1350 1235 1405 ille
1258 1347 1604 1405 testimonium
1633 1339 1917 1414 perhibebit

315 1459 384 1514 de
409 1472 496 1513 me
526 1453 708 1529 (Joan.
740 1469 828 1520 xv,
852 1451 968 1523 26).
998 1450 1260 1522 Superius
1303 1455 1485 1504 autem
1511 1444 1759 1502 eumdem
1789 1441 1912 1514 Spi-

316 1559 486 1615 ritum
514 1557 677 1612 etiam
706 1570 738 1609 a
768 1551 930 1609 Patre
967 1540 1108 1607 mitti
1135 1550 1396 1607 docuerat
1427 1566 1440 1603 :
1476 1546 1785 1603 Paracletus
1822 1562 1916 1600 au-

319 1635 448 1713 tem,
470 1646 740 1719 inquiens,
772 1642 1002 1716 Spiritus
1029 1650 1262 1706 sanctus,
1287 1657 1437 1712 quem
1462 1639 1628 1694 mittet
1654 1637 1817 1693 Pater
1857 1638 1916 1692 in

317 1741 531 1797 nomine
558 1754 693 1803 meo,
724 1736 814 1791 ille
840 1751 926 1791 vos
947 1732 1147 1790 docebit
1169 1734 1347 1789 omnia
1369 1730 1550 1803 (Joan.
1584 1746 1694 1797 xxv,
1723 1728 1837 1799 26).
1868 1729 1914 1784 A

319 1836 493 1892 Patre
517 1845 643 1902 ergo
670 1840 727 1887 et
755 1846 788 1886 a
810 1828 1015 1900 Spiritu
1043 1828 1240 1883 missus
1275 1836 1361 1883 est
1387 1824 1575 1891 Filius,
1621 1832 1676 1879 et
1699 1838 1731 1879 a
1756 1820 1916 1879 Patre

320 1936 386 1986 et
430 1925 566 1982 Filio
606 1925 798 2005 missus
826 1931 911 1978 est
935 1921 1187 1993 Spiritus.
1222 1919 1624 1990 Verumtamen,
1665 1933 1767 1973 nec
1795 1916 1914 1972 Filii

323 2036 433 2079 nec
457 2018 688 2091 Spiritus
714 2017 899 2097 sancti.
917 2016 1230 2073 missionem
1258 2013 1504 2071 localiter
1539 2012 1734 2068 factam
1762 2012 1912 2084 quis-

317 2129 485 2188 quam
513 2112 679 2170 debet
702 2106 1042 2168 Christianus
1071 2110 1338 2179 accipere,
1389 2106 1483 2163 sed
1524 2106 1617 2161 illo
1642 2104 1916 2161 missionis

318 2204 563 2271 nomine,
598 2218 736 2275 opus
773 2202 1135 2271 intelligamus
1177 2197 1628 2256 manifestationis
1673 2195 1910 2251 indultae.

317 2297 413 2357 Sic
436 2297 587 2354 enim
607 2311 716 2351 non
743 2293 991 2350 localiter
1015 2292 1213 2349 missus
1237 2298 1321 2347 est
1340 2289 1526 2357 Filius,
1552 2304 1653 2345 nec
1673 2287 1917 2346 localiter

322 2388 560 2447 mittitur
587 2385 822 2458 Spiritus
847 2391 1083 2449 sanctus,
1118 2383 1257 2439 sicut
1281 2395 1384 2437 nec
1412 2381 1579 2451 ipsius
1607 2377 1786 2435 Patris
1831 2387 1918 2435 est

320 2494 596 2554 quoquam
622 2478 719 2552 (al.
748 2474 990 2548 quoque)
1018 2475 1205 2531 localis
1241 2474 1521 2530 adventus.
1553 2472 1689 2528 Cum
1737 2481 1918 2530 tamen

324 2573 502 2634 Filius
517 2572 871 2630 dilectoribus
897 2572 1009 2628 suis
1034 2587 1141 2628 non
1171 2578 1379 2627 tantum
1407 2586 1586 2639 suum,
1615 2571 1709 2627 sed
1737 2576 1794 2625 et
1815 2571 1917 2624 Pa-

328 2669 434 2725 tris
459 2666 736 2739 promittat
758 2664 1067 2732 adventum;
1093 2663 1170 2720 ait
1192 2663 1335 2721 enim
1360 2680 1375 2717 :
1409 2661 1469 2718 Si
1490 2663 1601 2735 quis
1629 2661 1796 2733 diligit
1817 2678 1916 2728 me,

324 2774 617 2819 sermonem
640 2773 812 2825 meum
834 2754 1077 2822 servabit,
1107 2764 1158 2811 et
1201 2753 1363 2810 Pater
1387 2769 1529 2809 meus
1569 2753 1746 2823 diliget
1782 2768 1916 2819 eum,

325 2860 381 2911 at
405 2853 476 2908 ad
501 2868 618 2908 eum
634 2850 894 2906 cernemus
920 2858 972 2905 et
999 2849 1321 2904 mansionem
1349 2846 1489 2918 apud
1516 2862 1633 2901 eum
1674 2845 1920 2917 facimus

332 2944 524 3022 (Ibit,
551 2941 668 3000 2'5).
698 2941 849 2999 Sicut
878 2956 1010 3012 ergo
1038 2939 1201 2996 Pater
1226 2947 1284 2996 et
1311 2937 1479 2993 Filius
1508 2924 1770 3007 nusquam
1797 2936 1919 3005 qui-

329 3035 455 3094 dem
480 3034 707 3103 desunt,
730 3043 788 3090 et
812 3042 990 3089 tamen
1020 3032 1088 3088 ad
1114 3046 1275 3102 quem
1312 3032 1519 3097 volunt,
1550 3030 1774 3111 veniunt
1805 3028 1924 3103 (per

327 3130 561 3203 gratiam
589 3128 734 3185 enim
783 3126 1027 3190 veniunt,
1062 3125 1157 3204 qui
1184 3139 1283 3196 per
1308 3122 1606 3195 potentiam
1658 3124 1922 3194 nusquam

328 3220 574 3293 desunt),
603 3222 682 3279 sic
710 3219 873 3276 etiam
903 3219 956 3275 in
998 3218 1254 3275 missione
1289 3217 1376 3272 vel
1425 3215 1658 3273 adventu
1694 3214 1924 3286 Spiritus

331 3322 516 3381 sancti
544 3320 715 3376 nauus
734 3319 921 3376 localis
941 3317 1085 3373 illius
1110 3317 1452 3388 accipiendas
1480 3323 1563 3372 est
1600 3323 1802 3383 motus,
1831 3314 1927 3371 sed

331 3423 541 3473 nostrae
567 3409 866 3468 credendus
893 3417 978 3466 est
1032 3407 1473 3465 sanctiﬁcationis
1521 3405 1761 3463 eﬁ’ectus.
1794 3406 1929 3463 Nam

331 3509 384 3567 si
401 3506 651 3564 localiter
677 3503 974 3561 secundum
1001 3501 1264 3558 Deitatem
1288 3501 1482 3559 missus
1501 3510 1586 3557 est
1621 3500 1804 3565 Filius,
1838 3507 1931 3563 aut

331 3598 588 3657 localiter
606 3595 746 3652 mitti
760 3595 862 3667 33
884 3600 1105 3665 putatur
1116 3592 1348 3663 Spiritus
1361 3602 1599 3659 sanctus,
1617 3606 1745 3661 ergo
1766 3591 1930 3646 etiam

332 3687 483 3746 Deus
510 3686 671 3743 Pater
716 3686 838 3743 loco
868 3683 1037 3756 (quod
1065 3684 1228 3754 absit)
1273 3682 1529 3739 credetur
1576 3684 1833 3739 inclusus.
1867 3681 1934 3737 Et

337 3781 432 3837 ubi
458 3788 564 3846 est,
588 3776 738 3849 quod
776 3775 1194 3836 immensitatem
1220 3789 1374 3831 suam
1423 3773 1565 3830 Deus
1594 3774 1707 3844 ipse
1756 3772 1936 3828 taliter

336 3875 501 3933 nobis
527 3874 767 3931 insinuat
817 3871 1001 3928 dicens
1036 3890 1047 3925 :
1096 3868 1291 3926 Caelum
1328 3879 1379 3925 et
1410 3880 1599 3925 terram
1628 3886 1723 3942 ego
1746 3868 1935 3938 impleo
2024 3888 2027 3891 λ

342 3967 483 4043 (δεῖ.
510 3978 660 4029 xxm,
683 3963 798 4038 24),
829 3963 950 4019 Filii
980 3978 1197 4034 quoque
1222 3961 1637 4018 immensitatem
1660 3961 1939 4033 propheti-

341 4072 444 4117 eos
458 4058 618 4114 nobis
638 4070 819 4111 sermo
834 4054 1198 4112 commendat.
1221 4054 1294 4109 De
1316 4069 1424 4125 quo
1445 4063 1667 4109 sanctus
1681 4051 1941 4109 leremias

340 4152 427 4210 sic
450 4149 694 4220 loquitur
723 4145 995 4219 {Magnus
1024 4155 1099 4201 est
1139 4156 1189 4201 et
1217 4162 1320 4201 non
1363 4145 1515 4201 habet
1540 4147 1697 4218 ﬁnem
1722 4163 1740 4201 :
1768 4146 1939 4201 excel-

339 4250 511 4301 suset
530 4242 812 4295 immensus
844 4236 1095 4301 (Barach.
1147 4251 1228 4302 ιιι,
1279 4234 1394 4306 25).
1448 4235 1511 4291 Et
1558 4238 1683 4307 quia
1722 4238 1837 4307 ipse
1860 4245 1944 4293 est

338 4336 522 4392 virtus
547 4341 607 4391 et
630 4332 892 4404 sapientia
922 4332 1038 4396 Dei,
1071 4331 1140 4388 de
1193 4332 1312 4403 ipso
1344 4331 1527 4402 utique
1554 4330 1752 4387 dicitur
1780 4349 1793 4385 :
1846 4331 1942 4383 At-

342 4428 506 4500 rlngit
523 4443 556 4481 α
575 4426 683 4497 ﬁne
718 4441 879 4498 usque
901 4424 970 4478 ad
990 4426 1149 4496 finem
1181 4426 1409 4498 fortiter,
1432 4431 1483 4479 et
1509 4422 1740 4494 disponit
1771 4423 1946 4477 omnia

342 4518 578 4575 suaviter
616 4515 789 4589 (Sap.
818 4531 933 4580 vm,
966 4515 1043 4586 1).
1076 4514 1387 4586 Apostolica
1435 4530 1649 4586 quoque
1704 4522 1946 4569 tenemus

347 4606 739 4680 pradicatione
766 4614 1127 4677 compertum,
1150 4608 1275 4679 quia
1293 4608 1348 4661 in
1369 4605 1574 4661 Christo
1595 4606 1804 4660 condita
1828 4614 1946 4660 sunt

348 4698 596 4753 universa
613 4699 669 4752 in
697 4698 835 4753 caelis
856 4707 906 4752 et
925 4698 981 4752 in
1005 4706 1166 4767 terra,
1189 4695 1411 4752 visibilia
1452 4706 1500 4752 et
1520 4695 1822 4761 invisibilia,
1846 4697 1951 4751 sive

348 4788 550 4853 throni,
579 4790 684 4843 sire
710 4789 1112 4855 dominationes,
1138 4790 1245 4843 sive
1270 4790 1616 4861 principatus,
1646 4791 1752 4844 sive
1778 4800 1951 4860 potes-

348 4889 507 4934 tates.
543 4875 1031 4951 Omniaperipsum
1069 4887 1119 4933 et
1165 4880 1219 4933 in
1255 4880 1370 4950 ipso
1400 4888 1575 4933 creata
1609 4886 1748 4945 sunt,
1772 4887 1821 4932 et
1844 4880 1955 4948 ipse

344 4980 433 5027 est
458 4978 585 5025 ante
630 4985 826 5036 omnes,
877 4980 927 5026 et
955 4972 1133 5026 omnia
1158 4971 1214 5024 in
1245 4971 1359 5042 ipso
1387 4979 1630 5025 constant
1661 4968 1880 5044 (Coloss.
1912 4987 1950 5035 ι,

350 5064 468 5136 16).
501 5063 642 5132 Quid
668 5078 800 5134 ergo
820 5072 903 5119 est
947 5062 1092 5135 quod
1137 5062 1364 5133 implere
1392 5078 1488 5119 sua
1536 5064 1819 5134 prmsentia
1849 5077 1949 5119 ne-

350 5162 546 5227 queat,
577 5155 634 5209 in
656 5169 767 5223 quo
787 5153 1077 5224 Apostolus
1096 5153 1344 5208 universa
1366 5153 1419 5207 in
1441 5153 1592 5209 cmlis
1619 5161 1674 5209 et
1703 5156 1755 5209 in
1786 5162 1952 5221 terra,

354 5248 660 5304 visibiliaet
677 5244 963 5301 invisibilia
983 5251 1233 5301 constare
1253 5244 1602 5314 pronuntiat?
1617 5244 1797 5300 Sancti
1827 5261 1958 5314 quo-

350 5354 466 5412 que
492 5336 729 5409 Spiritus
772 5337 1185 5393 immensitatem
1222 5336 1502 5407 Scriptura
1546 5336 1623 5393 sic
1669 5336 1950 5407 loquitur:

316 5417 596 5505 lSpiritus
624 5429 837 5487 Domini
852 5430 1073 5503 replevit
1096 5428 1268 5486 orbem
1300 5437 1554 5484 terrarum
1603 5427 1763 5501 (Sap.
1796 5445 1842 5496 ι,
1874 5429 1951 5501 7).

356 5524 597 5595 Propter
621 5521 769 5594 quod
797 5530 854 5579 et
894 5521 1063 5577 David
1088 5530 1288 5578 sancta:
1313 5520 1593 5577 Trinitatis
1620 5537 1781 5576 unam
1829 5522 1953 5578 sub-

353 5616 695 5674 stantialiter
722 5615 1138 5672 immensitatem
1186 5630 1294 5671 non
1323 5615 1497 5671 solum
1523 5613 1687 5670 corde
1733 5614 1959 5671 credens

2016 778 2186 853 (Psal.
2212 792 2466 843 cxxxvm,
2499 773 2573 847 7).

2015 893 2197 951 Carur
2222 909 2319 951 vn.-
2354 891 2485 947 Tota
2517 888 2745 944 Trinitas
2777 886 2960 959 ubique
2988 892 3083 959 est.
3117 882 3346 959 Nomine
3372 880 3602 953 Spiritus

2115 964 2418 1040 quandoque
2445 960 2705 1034 spiritalia
2746 953 2888 1013 dona
2913 958 3095 1029 gratia:
3121 953 3501 1027 signiﬁcantur.

2087 1060 2222 1118 Cum
2246 1074 2400 1131 ergo,
2425 1059 2565 1115 sicut
2586 1056 2838 1125 diximus,
2867 1062 2980 1111 tota
3008 1052 3243 1108 Trinitas
3264 1050 3472 1106 unitate
3493 1048 3606 1105 dei-

2016 1153 2143 1208 tatis
2169 1166 2282 1208 suae
2307 1149 2629 1207 naturaliter
2652 1148 2913 1213 immensa
2936 1143 3251 1213 inﬁnitaque
3266 1147 3599 1213 permaneat,

2017 1254 2072 1301 et
2097 1244 2175 1301 sic
2203 1243 2448 1299 localiter
2470 1254 2731 1311 nusquam
2759 1239 2829 1294 sit
2857 1245 2916 1292 ut
2940 1244 3119 1292 tamen
3146 1249 3409 1305 nusquam
3437 1232 3599 1302 desit,

2017 1345 2180 1408 atque
2205 1337 2280 1392 ita
2313 1335 2382 1391 sit
2412 1335 2607 1404 ubique
2629 1340 2764 1399 tota,
2784 1324 2856 1387 ut
2880 1346 2982 1387 nec
3008 1346 3109 1403 per
3131 1338 3315 1400 partes
3342 1335 3604 1385 creatura:

2018 1431 2185 1487 totius
2233 1427 2632 1501 particulariter
2676 1425 2862 1490 dividi,
2914 1439 3013 1480 nec
3044 1423 3394 1480 universitate
3438 1421 3603 1478 totius

2015 1522 2188 1596 possit
2215 1529 2477 1578 creaturae
2500 1515 2772 1586 concludi,
2794 1517 3011 1589 quoties
3038 1514 3270 1587 Spiritus
3292 1523 3508 1571 sanctus
3533 1512 3601 1569 ad

2016 1612 2439 1671 consecrandum
2490 1610 2813 1668 sacriﬁcium
2863 1625 2895 1664 a
2926 1607 3086 1663 Patre
3141 1606 3400 1679 poscitur,
3430 1605 3603 1675 prima

2018 1713 2101 1763 est
2122 1702 2243 1760 ﬁdei
2263 1703 2424 1769 ratio,
2452 1702 2624 1772 prima
2649 1709 2731 1756 est
2741 1699 2961 1756 'cunctis
2981 1697 3303 1755 Christianis
3321 1695 3608 1752 salubriter

2017 1795 2337 1853 retentanda
2367 1794 2597 1859 cautela,
2631 1800 2691 1847 ut
2728 1790 2898 1847 sancti
2936 1789 3167 1860 Spiritus
3195 1788 3497 1844 nullatenus
3525 1780 3633 1842 lo?

1944 1900 1994 1963 Β
2018 1889 2151 1945 calis
2185 1887 2450 1959 cogitetur
2497 1892 2591 1939 aut
2640 1883 2981 1941 existimetur
3009 1880 3290 1936 adventus.
3337 1876 3608 1934 Fidelihus

2014 1980 2213 2051 quippe
2240 1977 2369 2031 dicit
2396 1974 2688 2047 Apostolus
2732 1991 2744 2027 :
2792 1971 3023 2027 Nescitis
3062 1972 3182 2043 quia
3224 1969 3468 2041 templum
3506 1966 3609 2023 Dei

2024 2074 2167 2137 estis,
2193 2080 2241 2124 et
2263 2069 2490 2141 Spiritus
2507 2067 2604 2123 Dei
2626 2066 2826 2121 habitat
2849 2066 2905 2120 in
2927 2064 3067 2121 vobis
3095 2063 3150 2136 (Ι
3172 2062 3292 2119 Cor.
3311 2078 3392 2131 ιιι,
3411 2060 3523 2133 16).
3544 2059 3610 2118 Et

2021 2163 2126 2219 alio
2156 2162 2305 2218 loco:
2347 2157 2569 2214 Orantes
2599 2160 2738 2215 omni
2771 2166 2994 2228 ιεηιρονε
3031 2158 3086 2210 in
3109 2155 3311 2225 spiritu,
3336 2162 3387 2208 et
3411 2154 3468 2208 in
3494 2154 3609 2225 ipso

2014 2252 2287 2324 vigilantes
2314 2248 2530 2321 (Ep/res.
2555 2264 2637 2313 vr,
2670 2244 2777 2319 18).
2809 2244 2876 2300 Ει
2914 2246 3030 2316 ipse
3060 2243 3307 2300 Salvator
3338 2242 3612 2315 discipulis

2018 2343 2127 2400 suis
2153 2341 2310 2397 dicit:
2343 2340 2406 2396 Si
2429 2339 2644 2411 diligitis
2670 2353 2769 2404 me,
2792 2336 3043 2393 mandata
3072 2352 3185 2390 mea
3207 2344 3427 2403 servate,
3449 2342 3499 2389 et
3518 2350 3612 2407 ego

2018 2434 2212 2509 rogabo
2241 2433 2474 2498 Patrem,
2504 2442 2553 2486 et
2590 2431 2751 2487 alium
2795 2428 3128 2484 Paracletunt
3172 2427 3315 2482 dabit
3351 2426 3513 2492 vobis,
3556 2434 3612 2481 ut

2020 2536 2227 2582 maneat
2254 2525 2511 2580 vobiscum
2537 2524 2590 2576 in
2620 2534 2887 2586 teternum,
2917 2519 3170 2590 Spiritum
3192 2516 3439 2577 veritatis.
3465 2530 3613 2588 quem

2019 2619 2241 2676 mundus
2283 2635 2385 2673 non
2429 2624 2593 2686 potest
2619 2613 2869 2684 accipere,
2921 2613 3041 2685 quia
3069 2627 3174 2666 non
3200 2609 3335 2665 videt
3361 2624 3498 2674 eum,
3519 2625 3614 2663 nec

2020 2712 2117 2768 scit
2152 2726 2308 2765 eum:
2348 2726 2434 2763 vos
2466 2716 2635 2760 autem
2664 2704 2979 2776 cognoscetis
3018 2719 3155 2768 eum,
3183 2702 3303 2774 quia
3343 2701 3484 2772 apud
3530 2716 3616 2755 vos

2022 2803 2249 2860 manebit
2276 2812 2325 2856 et
2349 2803 2405 2856 in
2433 2797 2573 2856 vobis
2599 2799 2701 2854 erit
2729 2795 2910 2870 (Joan.
2941 2812 3048 2862 xiv,
3083 2794 3194 2865 15).
3226 2791 3380 2851 Unde
3402 2776 3458 2849 et
3476 2793 3616 2851 Pau-

2023 2892 2382 2953 luseumdem
2413 2909 2514 2949 nos
2555 2891 2811 2962 Spiritum
2857 2888 3166 2962 adoptionis
3220 2888 3495 2960 accepisse
3540 2889 3617 2944 sic

2026 2987 2281 3060 prtcdicat
2315 3003 2328 3040 :
2370 2982 2495 3040 Non
2522 2982 2660 3037 enim
2680 2982 2951 3053 accepistis
2977 2980 3217 3050 spiritum
3236 2979 3495 3033 servitutis
3518 2978 3619 3033 ite-

2025 3098 2139 3136 rum
2165 3080 2218 3133 in
2243 3079 2443 3143 timore,
2472 3075 2564 3131 sed
2591 3075 2860 3144 accepistis
2882 3072 3137 3144 Spiritum
3164 3070 3457 3143 adoptionis
3477 3070 3620 3141 ﬁlio-

2024 3189 2160 3234 rum,
2198 3173 2253 3225 in
2281 3186 2380 3242 quo
2411 3166 2717 3227 clamamus,
2756 3161 2901 3217 Abba
2947 3160 3109 3217 Pater
3152 3158 3330 3233 (Rom.
3362 3174 3473 3226 vm,
3508 3156 3621 3231 15).

1957 3283 2004 3349 C
2032 3263 2308 3319 Fidelibns
2337 3261 2538 3330 itaque,
2566 3257 2659 3329 qui
2682 3254 2941 3327 templum
2963 3249 3058 3309 Dei
3089 3260 3231 3319 sunt,
3261 3259 3319 3307 et
3354 3250 3408 3305 in
3434 3249 3624 3322 quibus

2033 3356 2266 3427 Spiritus
2312 3353 2407 3408 Dei
2450 3350 2742 3417 inhabitat,
2788 3349 2897 3403 imo
2945 3345 3038 3417 qui
3069 3344 3326 3416 templum
3356 3351 3481 3398 sunt
3507 3341 3624 3414 Spi-

1998 3478 1999 3485 η
2031 3450 2170 3506 ritus
2196 3446 2385 3510 sancti,
2409 3445 2550 3499 sicut
2570 3428 2861 3514 Apostolus
2884 3439 3049 3495 dicit:
3073 3435 3304 3492 Nescitis
3329 3438 3450 3509 quia
3476 3452 3624 3490 mem-

2022 3530 2127 3596 bra
2153 3547 2323 3593 vestra
2346 3535 2588 3606 templum
2608 3542 2683 3588 est
2712 3531 2941 3604 Spiritus
2966 3528 3153 3591 sancti,
3182 3528 3271 3599 qui
3296 3529 3350 3581 in
3370 3525 3509 3581 vobis
3528 3534 3624 3591 est,

2034 3648 2182 3702 quem
2233 3627 2430 3682 habetis
2461 3644 2493 3680 a
2521 3624 2630 3680 Deo
2660 3622 2733 3695 (Ι
2760 3621 2882 3677 Cor.
2932 3627 3009 3687 ut,
3040 3618 3139 3692 16)
3164 3620 3188 3674 ?
3213 3619 3408 3689 quibus
3464 3619 3629 3674 etiam

2036 3722 2180 3778 idem
2211 3718 2489 3790 apostolus
2537 3715 2773 3772 mandat'
2808 3722 2866 3769 ut
2910 3713 2962 3768 in
3004 3713 3122 3782 ipso
3169 3717 3327 3765 orent
3373 3717 3535 3782 atque
3570 3712 3629 3769 in

2038 3815 2155 3886 ipso
2198 3809 2450 3881 vigilant,
2482 3806 2755 3877 quomodo
2812 3804 3047 3876 Spiritus
3091 3810 3325 3868 sanctus,
3376 3810 3630 3872 tanquam

2040 3915 2165 3965 ante
2194 3906 2389 3962 absens
2429 3901 2568 3958 mitti
2609 3899 2889 3956 creditur?
2911 3912 3032 3954 cum
3062 3911 3164 3952 nec
3184 3910 3342 3951 orare
3369 3894 3633 3967 condigne

2041 4016 2107 4057 ac
2133 3987 2358 4068 vigilare
2385 3995 2577 4065 aliquis
2600 3992 2794 4065 possit,
2826 3991 2926 4046 nisi
2955 4007 3016 4047 se
3044 3988 3121 4044 illi
3159 3988 3391 4060 Spiritus
3417 3998 3634 4046 sanctus

2040 4090 2314 4147 infuderit.
2340 4087 2626 4156 Quocirca,
2657 4085 2794 4140 sicut
2821 4082 2946 4140 dicit
2966 4081 3276 4154 Apostolus,
3302 4080 3635 4153 Spiritalibus

2042 4180 2303 4255 spiritalia
2347 4183 2705 4250 comparantes
2756 4172 2810 4248 (Ι
2840 4172 2958 4229 Cor.
3004 4187 3060 4241 ιι,
3105 4172 3214 4244 15),
3247 4179 3302 4227 et
3328 4171 3382 4227 in
3407 4170 3632 4243 Spiritu,

2043 4273 2135 4344 qui
2165 4272 2348 4342 utique
2375 4267 2692 4325 naturaliter
2715 4265 2825 4339 35.
2850 4265 2993 4321 Deus
3026 4272 3129 4332 est,
3159 4263 3288 4320 nihil
3333 4263 3635 4335 corporale,

2025 4364 2180 4437 nihil
2208 4360 2528 4432 temporale,
2558 4356 2691 4413 nihil
2722 4356 2917 4421 locale,
2950 4355 3084 4412 nihil
3112 4353 3372 4411 mutabile
3394 4355 3637 4424 cogitan-

2050 4464 2160 4521 tes,
2215 4453 2560 4510 considerare
2608 4451 2867 4507 debemus
2915 4448 3133 4504 nomine
3186 4446 3439 4519 Spiritus,
3466 4446 3639 4504 sancti

2051 4559 2436 4613 nonnunquam
2465 4542 2606 4601 dona
2648 4538 2906 4613 spiritalis
2932 4539 3118 4611 gratia:
3162 4535 3481 4608 nuncupari.
3504 4534 3639 4592 Nam

1979 4667 2029 4728 Β
2050 4634 2279 4705 legimus
2307 4630 2797 4728 io‘libro-Regum
2822 4628 3123 4728 cum-esset
3137 4626 3288 4728 lilias
3324 4626 3641 4728 divinqmu-

2055 4740 2187 4781 nere
2210 4722 2635 4787 transferendus,
2665 4729 2720 4776 et
2746 4720 3040 4791 discipulo,
3068 4718 3378 4790 priusquam
3424 4714 3641 4770 mliere-

2055 4827 2163 4884 tur,
2188 4814 2423 4870 dedisset
2444 4812 2689 4867 ﬁduciam
2712 4808 3014 4881 postulandi
3038 4807 3187 4877 quod
3215 4807 3397 4870 vellet,
3431 4804 3520 4860 ille
3539 4805 3644 4877 spi-

2056 4910 2241 4972 ritum,
2270 4920 2431 4977 quem
2460 4902 2607 4959 Elias
2635 4906 2922 4973 accepant
2943 4898 3210 4970 duplicem
3235 4938 3251 4966 ,
3275 4896 3376 4953 sibi
3403 4896 3644 4968 postula-

2060 5002 2138 5057 vit
2165 4999 2402 5056 attribui.
2436 4994 2538 5054 Ubi
2578 4996 2764 5066 utique
2796 4990 3140 5061 intelligimus
3178 4988 3399 5061 spiritus
3428 4986 3646 5045 nomine

2062 5093 2261 5149 donum
2309 5089 2566 5161 spiritalis
2592 5087 2778 5159 gratia:
2805 5080 3092 5151 designari.
3122 5079 3305 5150 Neque
3324 5078 3486 5135 'enim
3514 5078 3643 5136 sab-

2062 5185 2257 5242 stantia
2270 5184 2503 5254 Spiritus
2528 5180 2700 5236 sancti
2727 5184 2905 5250 potest
2916 5173 3003 5232 vel
3024 5173 3208 5243 augeri
3227 5172 3313 5229 vel
3341 5171 3526 5239 minui,
3556 5171 3649 5240 qui

2064 5278 2205 5334 sicut
2231 5284 2314 5332 est
2343 5274 2459 5331 sine
2480 5273 2633 5328 mitio
2662 5278 2718 5326 et
2761 5268 2877 5324 sine
2906 5266 3137 5323 termino
3167 5264 3545 5335 sempiternus,
3575 5261 3651 5337 sic

2065 5380 2147 5427 est
2192 5371 2310 5426 sine
2348 5374 2636 5439 augmento
2656 5362 3089 5433 detrimentoque
3117 5358 3405 5432 perfectus.

2061 5486 2244 5542 Csvnr
2285 5501 2392 5541 vm.
2433 5482 2587 5537 Dona
2626 5478 2855 5552 Spiritus
2895 5478 3062 5535 sancti
3094 5478 3161 5552 in
3188 5470 3336 5552 nobis
3366 5487 3543 5552 auger:
3572 5473 3651 5552 vel

2134 5540 2295 5614 minui
2318 5540 2553 5626 possunt,
2576 5540 2688 5626 nati
2702 5552 2812 5626 ipse
2826 5551 3074 5626 Spiritus.
3099 5545 3248 5626 Sicut
3534 5542 3653 5611 plus

2137 5609 2645 5698 minusque__diversa
2670 5609 2962 5698 illuminat,
2994 5620 3071 5671 ita
3095 5623 3145 5669 et
3181 5613 3317 5670 idem
3364 5609 3594 5685 Spiritus
3619 5629 3653 5668 ιι

353 5712 436 5768 ad
477 5711 761 5783 justitiam,
804 5711 934 5783 quin
974 5711 1134 5767 etiam
1165 5724 1260 5765 ore
1296 5709 1559 5766 conﬁtens
1604 5709 1669 5762 ad
1710 5707 1957 5776 salutem,
2139 5691 2349 5752 diversi}
2379 5691 2717 5750 άὶυεηῑηιοάε
2745 5692 3008 5763 recipitur-

353 5805 449 5863 sie
470 5804 674 5861 cecinit
701 5820 716 5858 :
749 5801 864 5869 Quo
904 5799 992 5858 ibo
1019 5818 1053 5855 a
1081 5802 1267 5873 spiritu
1295 5809 1401 5866 tuo,
1424 5811 1474 5856 et
1506 5817 1539 5855 a
1576 5801 1709 5872 facie
1736 5808 1825 5854 tua
1863 5816 1961 5872 quo
2141 5796 2306 5869 Cujus
2334 5804 2516 5851 tamen
2538 5794 2702 5862 dona,
2730 5788 3020 5848 secundum
3058 5787 3224 5860 ipsius
3271 5788 3659 5864 imperscruta-

355 5895 610 5972 [πριαιιῖ
630 5895 693 5955 Si
708 5893 992 5953 escendero
1010 5894 1068 5948 in
1095 5892 1297 5956 celum.
1317 5900 1369 5948 tu
1391 5894 1499 5949 illic
1518 5903 1656 5961 es,et
1675 5894 1722 5949 si
1742 5892 1959 5951 descen-
2042 5888 2045 5889 ⁷
2073 5888 2235 5947 bilem
2260 5895 2422 5959 atque
2470 5878 2999 5961 lrreprehensibilem
3041 5879 3398 5952 voluntatem,
3433 5879 3578 5943 sicut
3598 5876 3662 5944 in
