4026 6336
461 403 566 506 ts:
623 419 629 424 ’

1487 432 1546 490 s.
1584 397 1955 485 FULGENTII
1990 397 2294 479 Episcopi
2329 405 2698 474 RUSPENSIS

3635 384 3742 454 13.;

464 559 774 619 Mnibus
797 551 1172 630 posseaugerl
1201 547 1503 614 credimus,
1539 545 1623 600 sic
1667 543 1720 598 in
1772 541 1851 614 eis
1897 553 2057 610 posse
2086 527 2135 599 Ᾱ
2232 534 2356 616 Saul
2392 546 2606 602 quoque
2652 527 3002 620 prophetiam.
3023 495 3229 589 habuit,
3333 497 3524 577 Simon
3552 504 3744 590 Illa-gius

463 652 635 708 minui
683 629 815 707 non,
839 659 1121 715 negamus.
1151 640 1286 696 Nam
1313 654 1438 696 cum
1466 636 1606 691 dona
1655 640 1781 690 sunt
1827 629 2057 704 Spiritus

464 741 900 806 sancti,'caritas,
929 733 1193 806 gaudium,
1223 748 1346 802 pax,
1393 727 1782 800 longanimitas,
1831 722 2055 785 bonitas,

465 834 778 907 benignitas,
804 828 958 907 ﬁdes,
1003 823 1279 894 modestia,
1334 816 1909 907 continentia(Gal.’v,
1935 813 2054 882 9.2);

466 935 525 983 et
571 896 693 984 c'um
732 896 826 975 alii
865 896 1015 974 detur
1041 909 1134 987 per
1161 904 1417 985 Spiritum
1442 926 1608 967 sermo
1649 896 1939 980 sapientia’,
1969 903 2062 958 alii

469 1026 640 1072 autem
682 1029 852 1069 sermo
901 1006 1454 1082 scientiw'secandum
1500 1003 1733 1058 eumdem
1782 999 2056 1072 Spiritum,

471 1108 623 1164 alteri
651 1104 783 1177 ﬁdes
823 1105 880 1158 in
906 1100 1088 1156 eodem
1133 1099 1335 1170 Spiritu
1361 1095 1414 1168 (1
1447 1095 1567 1152 Cor.
1589 1111 1682 1158 xu,
1706 1091 1793 1164 8);
1838 1091 1953 1146 haec
1982 1097 2063 1143 ta-

471 1212 599 1258 men
625 1194 809 1251 omnia
827 1197 1064 1266 possunt
1083 1189 1139 1245 in
1168 1186 1558 1256 hominibuset
1587 1183 1771 1252 augeri
1799 1190 1854 1237 et
1873 1179 2061 1236 minui.

472 1286 644 1360 Unde
675 1291 758 1341 est
779 1269 918 1352 illud
945 1281 1092 1351 quod
1143 1279 1246 1352 ipsi
1291 1277 1524 1360 apostoli
1570 1281 1916 1344 augmentum
1943 1269 2065 1360 ﬁdei

472 1355 573 1440 sibi
597 1357 868 1454 aDomino
890 1371 1165 1445 postulant
1182 1357 1500 1434 condonari,
1518 1365 1787 1423 dicentes:
1816 1355 2062 1427 Domine,

475 1471 678 1542 cdauge
699 1467 845 1524 nobis
856 1465 1012 1537 ﬁdem
1027 1462 1179 1537 (Luc.
1194 1477 1321 1528 xvn,
1336 1459 1413 1540 5).
1429 1459 1487 1514 in
1503 1458 1728 1514 caritate
1737 1467 1952 1542 quoque
1969 1464 2068 1506 nos

475 1538 755 1642 crescere,
785 1559 903 1629 ipse
928 1557 1119 1612 beatus
1146 1538 1484 1610 demonstrat
1512 1548 1819 1620 Apostolus,
1851 1539 1943 1615 qui
1970 1543 2065 1597 ait:

484 1636 770 1708 Veritatem
798 1658 970 1722 autem
999 1648 1278 1719 facientes,
1311 1647 1364 1699 in
1413 1643 1634 1698 caritate
1675 1653 1984 1703 crescamus,
2014 1636 2070 1689 in

2160 609 2407 685 credidit,
2446 630 2501 676 et
2528 603 2792 689 baptismi”
2819 610 3213 672 sacramentum
3245 603 3470 681 accepit,
3516 627 3636 666 nam
3684 617 3746 666 et

2159 711 2449 777 daemones,
2482 713 2606 766 dum
2637 710 2859 766 credunt
2907 716 2962 763 et
3007 704 3443 767 contremiscunt,
3498 703 3747 757 videntur

2159 811 2363 868 habere
2393 809 2576 876 ﬁdem,
2611 806 2705 861 sed
2736 805 2864 859 nihil
2891 804 2968 857 eis
2993 799 3230 873 prodest,
3262 793 3385 870 quia
3416 798 3522 852 non
3544 797 3748 851 habent

2160 887 2464 958 caritatem.
2513 891 2665 952 Multi
2718 897 2880 950 etiam
2931 893 3210 948 facultates
3253 895 3376 945 Suas
3425 889 3750 958 pauperibus

2162 1001 2470 1065 erogantes,
2496 989 2616 1062 quia
2649 1005 2756 1042 non
2793 990 3115 1040 curaverunt
3142 975 3481 1051 acquirendr'e
3506 977 3750 1034 caritatis

2163 1083 2397 1142 studium
2448 1079 2776 1158 impendere,
2825 1091 2912 1158 res
2957 1065 3170 1145 quidem
3220 1075 3344 1126 suas
3391 1071 3751 1134 donaverunt,

2164 1177 2312 1247 quod
2339 1164 2462 1230 ideo
2491 1151 2618 1227 nihil
2648 1169 2725 1226 eis
2744 1151 2966 1240 proi'uit,
2984 1161 3109 1236 quia
3139 1155 3344 1232 seipsos
3383 1157 3750 1230 perdiderunt,

2169 1283 2278 1324 non
2308 1257 2635 1334 acquirendo
2665 1249 2964 1324 caritatem,
3012 1247 3170 1324 quani
3219 1249 3497 1321 acquirere
3548 1249 3754 1304 debue-

2169 1341 2317 1414 runt.
2351 1351 2444 1409 His
2477 1343 2637 1421 igitur
2661 1349 3061 1405 demonstratur
3091 1335 3303 1400 indiciis
3332 1341 3406 1397 ibi
3433 1347 3555 1397 esse
3583 1339 3755 1410 Spiri-

2172 1437 2286 1502 tum
2317 1449 2559 1500 sanctum
2584 1441 2671 1495 ubi
2700 1448 2781 1494 est
2814 1438 2933 1492 ﬁnis
2960 1433 3235 1507 praecepti,
3263 1434 3369 1490 hoc
3411 1441 3512 1491 est.
3565 1433 3758 1486 car-ita!

2173 1540 2239 1594 de
2267 1539 2394 1610 puro
2424 1536 2598 1597 c'orde,
2629 1542 2678 1586 et
2707 1531 3020 1586 conscientia
3062 1530 3218 1596 bona,
3257 1535 3306 1579 et
3345 1524 3450 1595 ﬁde
3492 1537 3595 1577 non
3631 1524 3758 1593 ﬁcta

2177 1626 2233 1704 (1
2266 1629 2400 1685 Tim.
2427 1645 2469 1696 ι,
2499 1625 2576 1697 5).
2610 1622 2712 1680 Ubi
2758 1633 2937 1678 autem
2981 1635 3102 1676 cum
3142 1619 3246 1674 iide
3287 1618 3484 1673 caritas
3521 1625 3624 1669 non
3655 1621 3762 1679 est;

477 1745 567 1799 ato
595 1760 687 1820 per
715 1728 890 1796 omnia
921 1709 1142 1812 (Ephes.
1198 1709 1273 1802 Iv,
1306 1735 1419 1806 15).
1469 1731 1750 1801 Quomodo
1788 1738 1968 1786 autem
2017 1727 2073 1810 in
2177 1729 2510 1798 qurecunque
2555 1719 2695 1775 doha
2744 1714 2976 1787 Spiritus
3014 1713 3186 1768 sancti
3227 1725 3345 1767 esse
3376 1721 3556 1779 posse,
3583 1709 3762 1820 ipsum

477 1799 703 1889 cariiate
726 1832 1040 1895 crescimus,
1072 1828 1176 1886 nisi
1214 1841 1336 1884 cum
1385 1825 1532 1881 dono
1582 1821 1769 1892 gratia:
1816 1807 2074 1891 spiritalis
2113 1876 2116 1878 γ
2177 1833 2309 1872 vero
2333 1814 2591 1884 Spiritum
2623 1817 2866 1866 sanctum
2896 1820 3015 1861 esse
3041 1821 3150 1860 non
3179 1818 3366 1873 posse;
3417 1816 3483 1856 ac
3505 1807 3605 1870 per
3631 1799 3763 1866 hoc;

479 1910 813 2007 crementum
845 1890 1138 1990 accipimus
1165 1915 1444 1972 caritatis?
1464 1890 1669 1969 Caritas
1693 1913 1832 1967 enim
1848 1890 1959 1964 Dei
1981 1909 2081 1980 dif-
2104 1897 2157 1964 Β
2183 1906 2316 1964 nihil
2343 1906 2600 1978 prodesse
2622 1902 2838 1956 illorum
2879 1899 3144 1954 donorum
3194 1895 3518 1962 largitatem,
3555 1891 3646 1946 ubi
3686 1890 3769 1947 siit

481 1997 601 2096 lusa
631 2024 709 2070 est
755 2011 809 2068 in
841 2012 1080 2067 cordibus
1101 2011 1290 2093 nostris
1310 2025 1402 2080 per
1425 1997 1678 2076 Spiritum
1700 2011 1962 2078 sanctum,
1990 2001 2080 2074 qui

487 2087 642 2164 datus
691 2094 767 2161 est
796 2106 944 2161 nobis
984 2103 1160 2176 (Rom.
1192 2087 1268 2175 v).
1295 2099 1412 2156 Hoc
1438 2098 1669 2155 sentitur
1695 2104 1751 2152 et
1780 2093 1848 2150 de
1870 2094 2081 2164 caeteris

479 2185 806 2270 spiritalibus
833 2175 1010 2264 donis,
1041 2209 1160 2263 qua:
1186 2207 1284 2263 pro
1314 2189 1736 2258 uniuscujusque
1764 2194 1959 2257 captu,
1989 2175 2081 2242 vei

482 2289 778 2371 augerivel
819 2274 1264 2367 minuidicuntur
1303 2285 1358 2339 in
1387 2269 1562 2339 nobis.
1593 2279 2078 2358 Quoniamqtalium

482 2365 758 2454 crementa
787 2365 1218 2459 detrimentaque
1246 2375 1656 2438 charismatum,
1685 2371 1983 2426 secundum
2028 2369 2084 2425 id

483 2459 759 2550 dicuntur,
774 2468 921 2540 quod
949 2467 1270 2548 quibusdam
1299 2481 1395 2522 seu
1415 2464 1536 2536 plus
1556 2478 1654 2518 seu
1676 2459 1854 2516 minus
1874 2461 2079 2527 insunt,

485 2551 606 2642 non.
623 2545 767 2638 quod
797 2562 940 2642 inse
966 2561 1054 2617 vel
1079 2545 1266 2628 augeri
1294 2557 1381 2614 vel
1399 2555 1565 2612 minui
1593 2560 1840 2624 possunt.
1875 2550 2008 2606 Nam
2031 2543 2088 2606 et

480 2639 568 2714 Sol
592 2661 774 2710 tantus
819 2639 905 2708 est
948 2666 1073 2707 cum
1113 2639 1328 2706 videtur
1355 2647 1425 2704 ab
1452 2646 1624 2703 oculis
1662 2639 1829 2710 sanis,
1854 2649 2089 2713 quantus

487 2735 612 2802 cum
632 2731 849 2800 videtur
872 2757 904 2797 a
928 2731 1145 2807 sauciis,
1177 2755 1278 2796 nec
1297 2740 1414 2810 ipse
1440 2736 1721 2802 minuitur,
1749 2748 1873 2789 cum
1908 2733 2088 2788 minus

488 2833 558 2893 ab
587 2825 756 2892 oculis
797 2832 1025 2888 turbatis
1049 2816 1362 2902 percipitur,
1392 2844 1494 2884 nec
1522 2834 1768 2893 augetur,
1808 2838 1931 2878 cum
1973 2836 2089 2876 am-

489 2929 630 3010 plius
651 2923 822 2983 oculis
850 2923 998 3010 sanis
1038 2919 1356 3009 infunditur.
1389 2913 1526 2986 Quia
1578 2916 1864 2972 diversitas
1893 2909 1982 2969 illa
2012 2915 2090 2969 vi-

411 3067 416 3070 .
490 3004 658 3077 sionis
689 3034 799 3074 non
824 3004 890 3073 ex
914 3005 1228 3072 diversitate
1249 3004 1385 3080 solis
1413 3009 1614 3076 evenit,
1644 3005 1740 3063 sed
1787 3008 1840 3062 in
1864 3004 2089 3061 diversi-

494 3093 608 3169 tate
659 3096 906 3169 sanitatis
962 3092 1395 3174 inﬁrmitatisque
1446 3102 1708 3159 consistit.
1738 3085 1804 3154 Et
1843 3099 2091 3170 quamvis

491 3190 660 3260 unum
709 3201 908 3266 minus,
935 3183 1166 3254 alterum
1213 3185 1386 3271 magis
1413 3181 1713 3260 illuminet,
1764 3193 1879 3262 ipse
1909 3199 2090 3245 tamen

2181 1998 2397 2071 aliquod
2427 1999 2626 2053 donum
2654 1993 2885 2065 Spiritus
2914 1991 3158 2054 habetur,
3184 1990 3241 2042 ut
3262 1988 3378 2058 ipse
3405 1985 3635 2056 Spiritus
3653 1990 3769 2039 non

2181 2093 2462 2148 habeatur.
2492 2087 2728 2144 Proinde
2769 2085 2924 2147 tales,
2971 2083 3071 2138 etsi
3115 2080 3362 2135 videntur
3409 2077 3774 2148 quorumlilta

2181 2187 2534 2257 paternorum
2557 2180 2819 2235 donorum
2847 2175 3157 2247 participes,
3182 2187 3286 2227 non
3317 2180 3494 2225 tamen
3517 2175 3639 2223 sunt
3659 2169 3774 2222 lius-

2183 2251 2430 2332 i-editatis
2458 2279 2698 2344 paterna:
2719 2273 3015 2330 consortes,
3041 2263 3293 2334 quoniam
3314 2253 3540 2332 Spiritus
3561 2251 3775 2312 sanctus

2186 2373 2264 2421 est
2290 2367 2478 2437 pignus
2508 2359 2825 2418 [hereditatis
2854 2363 3048 2412 nostra:
3068 2352 3284 2425 (Ephes.
3307 2369 3347 2419 ι,
3380 2349 3576 2437 ii).Et
3595 2350 3647 2405 in
3669 2349 3778 2406 nec

2186 2435 2442 2512 nosti—eas
2465 2463 2513 2508 et
2542 2459 2687 2524 pater
2715 2449 2925 2504 Domini
2966 2447 3129 2501 nostri
3149 2445 3273 2500 Iesu
3293 2435 3485 2500 Christi
3507 2441 3775 2496 benedixit

2186 2552 2243 2604 in
2265 2547 2404 2604 omni
2430 2545 2780 2601 benedictione
2807 2541 3053 2612 spiritali,
3079 2533 3134 2593 in
3161 2536 3442 2593 cwlestibus
3471 2537 3526 2590 in
3549 2535 3779 2602 Christo,

2189 2644 2322 2697 sicut
2342 2641 2494 2712 elegit
2522 2655 2615 2692 nos
2642 2640 2697 2692 in
2717 2637 2852 2707 ipso,
2885 2641 3006 2687 ante
3033 2631 3211 2686 mundi
3254 2630 3694 2694 constitutionem,
3723 2631 3779 2681 ut

2190 2743 2418 2789 essemus
2467 2731 2636 2785 sancti
2677 2736 2728 2783 et
2774 2725 3095 2781 immaculati
3138 2725 3195 2777 in
3235 2729 3510 2793 conspectu
3535 2722 3701 2791 ipsius
3721 2721 3781 2774 il

2193 2824 2430 2878 caritate.
3356 2813 3358 2816 ’

2193 2925 2379 2990 CArU'r
2408 2947 2462 2987 Χ.
2509 2931 2666 2986 Recte
2691 2930 2846 3002 igitur
2865 2929 2920 3002 in
2944 2927 3203 3002 sacriﬁcio
3234 2925 3403 3002 poscit
3423 2923 3660 3002 Ecclesia
3685 2923 3781 3002 ad-

2263 2989 2469 3060 uentum
2486 2989 2922 3072 Spiriatsvsancti.
2939 2989 3134 3072 Chriin
3145 2989 3505 3072 infernatione
3520 2989 3665 3049 nobis
3680 2999 3783 3063 pas

2265 3084 2318 3130 et
2363 3066 2540 3127 unitas
2577 3087 2692 3125 cum
2733 3069 2847 3123 Deo
2894 3078 2989 3136 est.
3037 3066 3143 3128 Per
3182 3066 3435 3136 Spiritum
3474 3076 3710 3136 sanctum
3736 3077 3786 3120 et

2268 3145 2503 3200 Christus
2553 3152 2703 3194 natas
2749 3149 2826 3194 est
2869 3147 2918 3193 et
2964 3135 3197 3190 Ecclesia
3226 3132 3447 3205 'renata.
3477 3132 3713 3205 Christus
3740 3143 3787 3190 ‘et

2272 3213 2529 3270 Ecclesia.
2559 3209 2663 3264 Per
2685 3210 2938 3270 Spiritum
2970 3219 3206 3261 sanctum
3233 3201 3406 3259 unitas
3428 3213 3505 3259 est
3525 3201 3718 3259 Christi
3739 3209 3786 3258 ‘et

493 3285 661 3352 unum
688 3302 850 3362 atque
877 3291 1018 3346 idem
1047 3290 1102 3344 in
1131 3304 1191 3345 se
1231 3288 1412 3344 lumen
1450 3285 1634 3351 habet,
1659 3282 1804 3354 quod
1826 3298 1964 3338 unus
1988 3281 2092 3338 mi-
2119 3287 2168 3353 (ζ
2270 3283 2542 3362 Ecclesia.
2585 3281 2692 3362 Per
2720 3275 2976 3362 Spiritum
3001 3283 3236 3362 sanctam
3257 3291 3358 3359 _nos
3387 3275 3710 3346 aediﬁcantur
3731 3278 3787 3329 in

495 3404 617 3458 nus,
647 3387 786 3442 alter
813 3373 1041 3455 amplius
1077 3383 1245 3438 videt.
1269 3380 1360 3437 Sic
1387 3379 1554 3435 etiam
1573 3375 1778 3448 Spiritu
1804 3383 2014 3442 sancto,
2034 3376 2090 3430 in

493 3496 554 3542 se
601 3467 720 3558 sine
747 3461 1035 3546 augmento
1079 3489 1142 3529 ac
1170 3471 1501 3528 detrimento
1542 3465 1946 3522 immutabiliter
1970 3480 2094 3536 per-

497 3554 772 3633 manente,
803 3554 1073 3638 duplicem
1112 3563 1214 3618 sibi
1263 3561 1474 3617 Eliseus
1528 3555 1775 3629 spiritum
1821 3554 2091 3630 poposcit,

477 3659 553 3718 ἰιι
599 3677 666 3718 eo
712 3653 856 3733 quod
903 3646 1250 3727 augmentum
1296 3646 1555 3723 spiritalis
1607 3647 1792 3718 gratia:
1847 3641 2092 3719 postula-

497 3741 593 3807 ‘vit.

497 3864 539 3920 C
612 3879 690 3931 υτ,
719 3877 791 3916 lx.
835 3858 935 3923 Qui
957 3857 1200 3914 dicuntur
1229 3857 1387 3920 locuti
1416 3855 1492 3910 lin
1527 3857 1608 3908 uis
1637 3854 1957 3926 angelorum.
1991 3852 2094 3920 Qui

543 3881 729 3977 Aﬂentem
751 3930 958 3977 docent-
990 3937 1039 3977 et
1059 3942 1164 3977 non
1195 3923 1414 3977 faciunt.
1447 3872 1547 3977 Πῖὶ
1575 3924 1790 3977 caritas.
1821 3922 1893 3977 ibi
1921 3919 2094 3977 Spiri-

480 4006 482 4009 τ
509 3919 524 3920 7
568 3919 729 4010 legem
751 3919 958 4052 dotcent,
990 3937 1039 3982 et
1059 3942 1164 3980 non
1194 3923 1414 3997 faciunt.
1447 3919 1547 3979 Ubi
1575 3919 1790 3988 caritas,
1821 3922 1893 3978 ibi
1921 3919 2094 3995 Spiri-

572 4011 654 4052 tus
684 4015 809 4052 sane
834 4013 911 4052 us.

572 4011 654 4056 tus
684 4011 911 4054 sanctus.

568 4089 705 4145 Cum
739 4102 867 4159 ergo
888 4077 1056 4142 sancti
1086 4083 1321 4156 Spiritus
1360 4083 1427 4139 ad
1456 4081 1898 4139 sanctificandum
1929 4084 2095 4138 totius

501 4179 754 4240 Ecclesia:
782 4177 1102 4236 sacriﬁcium
1135 4178 1438 4247 postulatur
1466 4174 1750 4239 adventus,
1780 4173 1913 4230 nihil
1951 4173 2096 4230 aliud

504 4271 764 4348 postulari
799 4265 927 4325 niihi
957 4267 1170 4324 videtur
1199 4269 1302 4324 nisi
1330 4276 1388 4323 ut
1418 4283 1515 4338 per
1543 4269 1769 4336 gratiam
1798 4265 2096 4336 spiritalem

504 4367 559 4422 in
589 4357 819 4435 torpore
841 4359 1039 4417 Christi
1066 4359 1231 4432 (quod
1251 4368 1332 4415 est
1356 4357 1618 4428 Ecclesia)
1651 4357 1890 4414 caritatis
1919 4358 2099 4414 unitas

504 4451 702 4528 iugiter
729 4447 1026 4522 indisriipta
1054 4459 1318 4506 servetur.
1351 4449 1479 4505 Haec
1518 4455 1600 4505 est
1629 4447 1771 4504 enim
1803 4449 2098 4519 principale

505 4539 740 4617 Spiritus
763 4542 935 4599 sancti
958 4542 1177 4607 donum,
1211 4541 1326 4597 sine
1355 4547 1459 4611 qua
1498 4539 1740 4611 quisquis
1770 4539 1960 4613 linguis
2001 4541 2096 4596 ho-

2272 3353 2477 3409 Christo
2501 3352 2743 3423 templum
2765 3347 3006 3404 sanctum
3031 3349 3086 3402 in
3116 3347 3358 3402 Domino.

2269 3445 2408 3502 Dum
2429 3444 2610 3512 itaque
2635 3440 2877 3497 Ecclesia
2895 3438 3152 3510 Spiritum
3181 3446 3427 3494 sanctum
3455 3439 3557 3494 sibi
3580 3439 3791 3495 caelitus

2197 3540 2436 3614 postulat
2481 3537 2642 3603 mitti,
2685 3535 2886 3591 donum
2933 3534 3034 3589 sibi
3074 3533 3314 3589 caritatis
3341 3542 3396 3586 et
3424 3533 3793 3589 unanimitatis

2197 3631 2439 3704 postulat
2465 3645 2496 3685 a
2525 3629 2639 3685 Deo
2663 3626 2918 3684 conferri.
2948 3625 3173 3693 Quando
3201 3633 3383 3680 autem
3409 3625 3796 3694 congruentia

2196 3739 2360 3793 quam
2390 3723 2459 3778 ad
2488 3718 2917 3778 consecrandum
2956 3719 3277 3792 sacriﬁcium
3317 3718 3554 3788 corporis
3584 3715 3792 3774 Christi

2197 3823 2387 3872 sancta
2417 3813 2653 3870 Ecclesia
2677 3815 2819 3883 (qua:
2847 3825 3042 3881 corpus
3061 3817 3144 3864 est
3171 3807 3393 3879 Christi)
3415 3808 3648 3878 Spiritus
3673 3825 3798 3866 san-

2214 3908 2290 3962 cti
2319 3906 2580 3976 deposcat
2607 3902 2934 3958 adventum?
2973 3917 3092 3970 qum
3117 3902 3288 3971 ipsum
3317 3910 3480 3972 caput
3499 3917 3658 3958 suum
3701 3915 3796 3958 se-

2201 3995 2437 4051 cundum
2486 4008 2704 4050 carnem
2752 3993 2819 4048 de
2855 3992 3058 4064 Spiritu
3095 4000 3284 4049 sancto
3322 3994 3536 4048 noverit
3579 4000 3791 4052 natum.

2201 4087 2293 4143 Sic
2320 4087 2462 4142 enim
2493 4085 2736 4153 angelico
2768 4085 2932 4140 Maria
2960 4083 3281 4140 informatur
3319 4083 3574 4152 eloquio:
3613 4083 3798 4153 Spiri-

2200 4189 2282 4234 tus
2306 4188 2516 4234 sanctas
2544 4179 2865 4248 superveniet
2883 4179 2938 4231 in
2961 4185 3030 4242 te,
3053 4185 3104 4231 et
3135 4179 3297 4231 virtus
3323 4176 3578 4231 Altissimi
3607 4175 3796 4234 obum-

2200 4267 2369 4324 brabit
2399 4267 2510 4323 tibi.
2541 4267 2766 4340 Ideoque
2792 4268 2928 4339 quod
2956 4277 3198 4322 nascetur
3221 4256 3291 4322 ea:
3319 4278 3368 4321 te
3385 4277 3622 4322 sanctum
3641 4283 3801 4324 voca-

2203 4359 2340 4414 bitur
2368 4357 2538 4413 Filius
2592 4357 2690 4413 Dei
2736 4357 2887 4429 (Luc.
2938 4374 2978 4426 ι,
3029 4356 3138 4430 55).
3190 4356 3528 4427 Evangelista
3575 4373 3803 4430 quoque

2202 4450 2485 4506 Matthaeus
2528 4448 2718 4505 eodem
2765 4450 2968 4520 Spiritu
3017 4459 3204 4505 sancto
3256 4451 3496 4520 repletus
3541 4449 3798 4518 allii-mat,

2202 4543 2323 4613 quia
2363 4558 2477 4594 cum
2516 4542 2829 4611 desponsata
2852 4550 2984 4595 esset
3009 4549 3173 4595 mater
3212 4541 3325 4612 ejus
3367 4527 3544 4595 Maria
3576 4541 3796 4612 Joseph,

511 4635 706 4692 minam
720 4627 1121 4706 angelorumque
1140 4628 1520 4703 loquitur,'velu't
1542 4627 1614 4686 iis
1625 4647 1835 4692 sonans,
1855 4641 2100 4704 autcym-
2124 4663 2182 4728 Β
2204 4633 2504 4704 priusquam
2543 4633 2890 4698 convenirent,
2935 4633 3141 4687 inventa
3160 4642 3236 4688 est
3259 4635 3313 4688 in
3334 4642 3482 4688 utero
3509 4633 3706 4688 habens
3733 4635 3805 4689 de

487 4727 682 4785 blitum
712 4728 957 4790 tinniens,
983 4739 1176 4781 sonum
1202 4723 1330 4780 dare
1356 4731 1552 4795 potest,
1579 4723 1741 4778 vitam
1770 4723 1971 4781 habere
1988 4739 2100 4781 non

507 4823 614 4893 35
639 4829 833 4891 potest.
860 4817 976 4873 Etsi
1004 4817 1199 4873 habeat
1219 4831 1420 4873 omnem
1445 4819 1786 4888 prophetiam,
1813 4829 1868 4874 et
1886 4817 2101 4875 noverit
2129 4871 2135 4877 .

507 4911 751 4980 mysteria
773 4910 947 4963 omnia
969 4919 1019 4962 et
1060 4921 1259 4963 omnem
1290 4907 1576 4972 scientiam,
1629 4909 1725 4960 etsi
1765 4903 1962 4962 habeat
1989 4911 2100 4963 om-

507 5011 624 5053 nem
650 5001 825 5069 ﬁdem,
855 5002 930 5053 ita
953 5009 1008 5053 ut
1034 5007 1235 5053 montes
1264 4992 1576 5058 transierat,
1611 4999 1883 5052 caritatem
1928 5007 2099 5055 autem

510 5095 613 5145 non
645 5088 859 5152 habeat,
881 5090 1010 5144 nihil
1036 5100 1131 5144 est.
1161 5087 1278 5145 Etsi
1302 5086 1632 5144 distribuerit
1660 5090 1715 5142 in
1745 5083 1883 5142 cibos
1912 5105 2102 5161 paupe-

508 5198 623 5238 rum
651 5176 829 5236 mitnes
860 5181 1132 5250 )hcultates
1159 5197 1305 5246 suas,
1349 5189 1398 5236 et
1425 5177 1703 5236 tradiderit
1732 5179 1915 5248 corpus
1943 5179 2099 5238 suum

509 5285 563 5328 nt
583 5273 785 5337 ardeat,
816 5268 1086 5325 caritatem
1107 5273 1402 5329 autemnon
1427 5271 1641 5339 habeat,
1676 5271 1806 5328 nihil
1827 5271 1875 5328 ei
1893 5275 2105 5344 prodest

475 5387 478 5391 -
514 5361 566 5432 (1
591 5362 710 5417 Cor.
743 5353 854 5427 xiii,
891 5355 941 5426 i,
973 5358 1272 5429 2,3).Nam
1295 5364 1418 5430 quia
1443 5361 1612 5432 legem
1644 5361 2102 5433 dicltApostolus,

509 5453 804 5507 ordinatam
819 5469 911 5524 per
925 5450 1138 5523 angelos
1157 5451 1212 5503 in
1240 5468 1396 5505 manu
1416 5455 1714 5510 mediatoris
1727 5453 1869 5525 (Gal.
1889 5471 1963 5520 ut,
1991 5455 2102 5526 19),

513 5543 706 5611 linguis
735 5542 902 5597 locuti
946 5547 1074 5596 sunt
1102 5539 1434 5608 angelorum,
1465 5545 1556 5612 qui
1584 5545 1639 5598 in
1668 5553 1783 5609 ore,
1828 5559 1946 5614 qua:
1973 5545 2106 5612 legis

512 5644 636 5690 sunt
658 5636 750 5706 (at.
785 5633 1076 5707 legebant),
1096 5632 1382 5700 docebant,
1413 5643 1466 5690 et
1494 5636 1751 5692 adverSus
1781 5637 1950 5706 legem
1984 5653 2108 5708 pra-

515 5728 592 5783 vis
621 5727 875 5797 operibus
904 5727 1227 5781 militabant.
1261 5725 1335 5782 De
1364 5726 1557 5796 quibus
1585 5729 1698 5797 ipse
1743 5727 1990 5783 Salvator
2023 5727 2108 5782 di-

511 5811 586 5874 cit
618 5835 628 5869 τ
658 5805 789 5881 Ὠιιῶ
817 5807 1018 5883 dicunt,
1043 5814 1218 5888 facile,
1238 5806 1352 5890 qua}
1372 5807 1539 5870 autem
1567 5818 1765 5888 faciunt
1784 5857 1798 5882 ,
1831 5820 2001 5889 facere
2021 5808 2139 5876 no:

511 5907 634 5977 lite;
666 5905 841 5974 dicunt
870 5901 1008 5968 enim
1036 5891 1086 5962 et
1117 5924 1219 5962 non
1247 5903 1455 5970 faciant
1486 5901 1700 5972 (Matth,
1733 5923 1882 5973 χχιιι,
1913 5906 1990 5971 5).

2209 4724 2409 4796 Spiritu
2435 4734 2612 4779 sancto
2644 4723 2856 4795 (Matth.
2879 4741 2915 4790 1,
2939 4724 3050 4793 18).
3080 4724 3148 4780 Et
3167 4726 3233 4780 ad
3261 4725 3460 4794 Joseph
3487 4725 3566 4780 sic
3592 4741 3805 4781 memo—

2205 4826 2292 4870 rat
2320 4816 2568 4885 angelnm
2621 4817 2674 4870 in
2717 4816 2920 4871 somnis
2967 4817 3200 4872 dixisse:
3230 4817 3444 4886 lose-ph,
3475 4818 3556 4887 ﬁli
3603 4816 3802 4887 David,

2211 4910 2317 4963 noli
2358 4909 2535 4962 timere
2583 4909 2816 4978 accipere
2868 4907 3099 4964 Heriem
3143 4909 3410 4981 conjugem
3453 4920 3631 4964 tuam:
3659 4911 3805 4979 quod

2209 5001 2347 5053 enim
2415 5000 2468 5051 in
2531 5015 2592 5052 ea
2653 5009 2833 5052 natum
2888 5008 3004 5063 est,
3067 5000 3133 5054 de
3191 4999 3392 5070 Spiritu
3449 5011 3630 5054 sancto
3695 5011 3800 5056 est.

2210 5089 2348 5156 Quid
2394 5105 2523 5144 vero
2575 5098 2658 5144 est
2712 5091 2856 5146 illius
2907 5092 3291 5146 incarnationis
3347 5091 3628 5148 dominicae
3666 5109 3803 5167 μυγ-

2210 5181 2376 5236 sterio
2405 5181 2630 5248 factum,
2661 5183 2765 5237 nisi
2803 5191 2862 5238 ut
2908 5182 3074 5237 divisa
3123 5184 3433 5249 unirentur,
3484 5194 3541 5238 et
3587 5185 3804 5240 discor--

2208 5275 2391 5330 dantia
2422 5278 2783 5344 pacarentur?
2817 5275 2990 5330 Testis
3029 5284 3112 5332 est
3140 5277 3282 5331 enim
3313 5275 3512 5334 Paulus
3541 5279 3609 5333 de
3633 5277 3802 5333 Chri-

2207 5375 2292 5420 sto
2317 5385 2329 5419 :
2367 5365 2500 5430 Quia
2538 5367 2648 5437 ipse
2689 5376 2765 5421 est
2803 5383 2909 5437 paa:
2935 5377 3114 5421 nostra
3141 5369 3228 5437 qui
3257 5370 3377 5438 fecit
3399 5380 3613 5442 utraque
3637 5386 3804 5424 unum

2209 5467 2257 5511 et
2301 5458 2523 5511 mediam
2567 5459 2815 5528 parietem
2852 5461 3108 5525 maceriae,
3161 5461 3363 5516 solvens
3404 5464 3703 5518 inimicitias
3741 5466 3801 5519 in

2209 5563 2366 5602 carne
2412 5565 2505 5602 sua
2529 5566 2547 5603 :
2579 5549 2739 5618 legem
2781 5549 3148 5606 mandatorum
3185 5552 3409 5609 decretis
3435 5571 3714 5622 evacuans,
3743 5565 3802 5611 ut

2207 5638 2336 5692 duos
2379 5639 2564 5692 condat
2612 5640 2665 5692 in
2715 5641 2986 5710 semetipso
3014 5643 3106 5712 (al.
3151 5645 3522 5718 semetipsum)
3551 5647 3606 5700 in
3635 5662 3802 5703 unum

2209 5743 2393 5782 novum
2420 5729 2694 5796 hominem,
2719 5731 2825 5800 36
2854 5733 3051 5801 faciens
3069 5753 3262 5805 pacem,
3291 5747 3348 5788 at
3368 5740 3660 5794 reconciliet
3682 5757 3803 5794 am-

2207 5819 2297 5873 bos
2319 5821 2372 5874 in
2395 5837 2498 5877 uno
2526 5837 2737 5892 corpore
2775 5821 2910 5890 Deo;
2932 5842 3025 5896 per
3049 5844 3246 5883 crucem
3280 5829 3597 5900 interﬁciens
3618 5832 3824 5896 inirrti-,

2209 5913 2358 5973 tilias
2403 5915 2456 5972 in
2501 5917 2813 5992 semetipso:
2840 5926 2890 5983 et
2929 5921 3132 5977 veniens
3177 5924 3544 6006 evangelizat'il
3585 5921 3797 6002 pacem,
