4026 6336
563 433 660 491 191

1608 427 1664 482 Β.
1703 425 2064 482 FULGENTII
2105 423 2408 481 EPISCOI’I
2449 425 2818 482 RUSPENSIS

3733 431 3839 488 192

565 551 869 622 adoptionis
895 550 1116 617 divinae,
1144 544 1289 617 quod
1315 554 1574 616 operatus
1617 551 1702 598 est
1741 543 1906 597 etiam
1955 543 2008 597 in
2048 541 2155 597 illis
2182 550 2229 606 Α
2261 541 2314 594 in
2344 540 2460 596 sola
2481 539 2747 596 catholica
2789 538 3028 597 Ecclesia
3074 557 3171 613 per
3203 557 3396 600 manus
3433 545 3838 617 impositionem

564 642 658 713 qui
677 641 731 698 in
753 641 1135 699 libroActuum
1149 635 1518 708 apostolorum
1532 633 1874 688 inveniuntur
1897 632 2146 689 eumdem

565 733 826 806 Spiritum
855 731 1146 801 accepisse.
1177 727 1255 784 De
1281 727 1478 799 quibus
1520 725 1756 782 dicitur:
1792 723 2147 781 Multitudinis

562 838 737 882 autem
754 826 1068 882 credentium
1097 831 1212 878 erat
1231 836 1321 877 cor
1337 829 1388 877 et
1413 820 1592 875 anima
1625 835 1730 874 una
1755 818 1890 891 (Act.
1915 833 1988 884 tv,
2017 816 2144 890 52):

562 932 730 973 unum
758 915 900 971 enim
928 929 1025 970 cor
1051 922 1108 970 et
1134 913 1370 971 animam
1409 909 1615 966 iecerat
1641 908 1998 966 multitudinis
2023 922 2144 964 cre-

561 1005 802 1062 dentium
828 1004 882 1060 in
911 1003 1024 1061 Deo
1051 1004 1144 1076 qui
1171 1001 1347 1058 Patris
1385 1011 1440 1058 et
1470 1001 1590 1057 Filii
1618 1017 1755 1057 unus
1775 1010 1858 1058 est
1892 1000 2145 1072 Spiritus,

562 1109 763 1158 etcum
788 1099 951 1157 Patre
978 1115 1043 1156 ac
1070 1097 1208 1154 Filio
1234 1112 1373 1154 unus
1389 1104 1474 1152 est
1519 1091 1683 1152 Deus.
1729 1093 1881 1152 Unde
1907 1102 1963 1150 et
1991 1094 2144 1166 Apo-

561 1192 732 1249 stolus
751 1192 893 1248 hanc
919 1189 1216 1262 spiritalem
1244 1188 1506 1245 unitatem
1531 1187 1586 1243 in
1614 1186 1830 1243 vinculo
1856 1186 2004 1257 pacis
2031 1186 2142 1242 sol-

561 1284 710 1341 licite
755 1284 886 1341 dicit
933 1297 1054 1340 esse
1105 1280 1445 1347 servandam,
1473 1280 1551 1336 sic
1576 1277 1840 1350 Ephesios
1876 1293 2140 1335 monens:

559 1374 788 1431 Obsecro
815 1377 990 1446 itaque
1016 1389 1105 1430 vos
1128 1389 1224 1445 ego
1251 1371 1448 1427 vinctus
1494 1371 1549 1424 in
1597 1368 1848 1440 Domino,
1894 1379 1950 1424 ut
1990 1371 2144 1442 digne

556 1467 829 1523 ambuletis
851 1467 1115 1522 vocatione
1141 1480 1244 1536 qua
1269 1463 1438 1519 vocati
1477 1463 1621 1527 estis,
1664 1477 1779 1516 cum
1807 1462 1948 1517 omni
1976 1461 2147 1516 humi-

556 1563 704 1618 litate
754 1570 806 1615 et
845 1558 1258 1623 mansuetudine,
1299 1572 1415 1611 cum
1461 1555 1735 1627 patientia,
1785 1562 2148 1625 supportantes

555 1653 774 1707 invicem
801 1652 856 1706 in
881 1652 1121 1716 caritate,
1150 1648 1361 1704 solliciti
1403 1663 1608 1703 servare
1636 1646 1887 1700 unitatem
1919 1644 2147 1717 Spiritus

554 1743 610 1799 in
631 1743 833 1800 vinculo
855 1744 1020 1812 pacis,
1046 1757 1206 1796 unum
1234 1736 1421 1810 corpus
1449 1747 1499 1792 et
1522 1753 1653 1792 unus
1683 1739 1900 1809 spiritus
1929 1735 2144 1810 (Ephes.

553 1850 627 1901 tv,
661 1834 738 1905 l).
789 1831 946 1890 Hunc
993 1831 1254 1902 Spiritum
1297 1827 1621 1886 discedendo
1669 1829 1940 1893 amittunt,
1981 1827 2146 1897 siqui

2249 627 2366 687 dari
2415 627 2642 695 dicitur,
2677 631 2927 686 nimirum
2968 632 3073 688 hoc
3113 631 3336 703 intelligi
3391 633 3625 704 majores
3664 643 3838 697 nostri

2250 723 2534 781 voluerunt
2563 723 2706 794 quod
2747 723 3036 796 Apostolus
3083 725 3193 780 ait:
3230 727 3487 790 Quoniam
3518 731 3710 785 caritas
3737 731 3841 802 Der

2248 816 2442 887 diffusa
2471 823 2548 871 est
2589 817 2646 870 in
2685 815 2926 872 cordibus
2965 819 3174 883 nostris,
3203 836 3294 890 per
3324 818 3579 890 Spiritum
3599 835 3839 879 sanctum

2247 911 2334 983 qui
2383 909 2536 964 datus
2585 920 2665 964 est
2708 909 2875 964 nobis.
2917 929 2935 960 ι
2972 909 3373 980 Subsequenter
3417 919 3598 968 autem
3646 916 3835 979 etiam,

2247 997 2395 1068 quod
2421 997 2588 1055 ludas
2613 999 2890 1070 apostolus
2919 999 2972 1054 in
3001 999 3239 1071 Epistola
3262 1017 3355 1056 sua
3384 1004 3587 1071 posuit,
3618 1015 3836 1063 remoto

2247 1089 2601 1146 dubitationis
2628 1091 2901 1160 ambiguo,
2948 1101 3167 1147 sanctus
3195 1091 3520 1161 Augustinus
3565 1099 3839 1168 exposuit.

2247 1179 2412 1236 Judas
2439 1181 2582 1238 enim
2613 1182 2891 1253 apostolus
2912 1182 3043 1238 dicit
3067 1200 3080 1236 :
3114 1181 3188 1236 Ili
3209 1191 3329 1237 sunt
3353 1183 3440 1254 qui
3463 1199 3736 1260 segregant
3755 1185 3842 1245 se-

2247 1274 2509 1345 metipsos,
2543 1275 2814 1340 animales,
2847 1275 3100 1346 Spiritum
3119 1291 3221 1331 non
3252 1276 3518 1335 habentes.
3549 1279 3618 1335 Et
3643 1281 3841 1340 beatus

2249 1363 2580 1434 Augustinus
2602 1365 2670 1420 de
2694 1367 2918 1440 caritate
2953 1367 3066 1433 Dei,
3098 1383 3218 1437 qua:
3253 1366 3444 1425 dilfusa
3474 1379 3556 1426 est
3579 1373 3632 1428 in
3653 1376 3838 1431 cordi-

2249 1457 2352 1513 bus
2372 1457 2570 1514 nostris
2597 1473 2694 1529 per
2721 1458 2978 1529 Spiritum
3004 1469 3275 1532 sanctum,
3311 1463 3406 1533 qui
3449 1461 3604 1540 datus
3625 1475 3709 1522 est
3734 1484 3837 1524 no-

2250 1550 2355 1616 bis,
2386 1549 2518 1605 dicit
2543 1569 2556 1606 :
2588 1569 2606 1604 t
2638 1550 2759 1621 Ipsa
2789 1561 2872 1607 est
2901 1553 3042 1608 enim
3067 1555 3266 1610 caritas
3290 1570 3452 1626 quam
3481 1573 3588 1613 non
3637 1560 3840 1619 habent

2249 1641 2343 1712 qui
2364 1641 2432 1697 ab
2453 1641 2704 1698 Ecclesia:
2725 1643 3004 1699 catholica:
3017 1647 3396 1703 communione
3409 1649 3615 1719 prarcisi
3633 1659 3780 1706 sunt.
3812 1673 3832 1705 ι

2251 1739 2332 1794 An
2362 1737 2644 1811 quisquam
2667 1741 2906 1797 dicturus
2937 1753 3038 1810 est,
3074 1745 3216 1801 aliud
3247 1761 3365 1804 esse
3389 1747 3648 1819 Spiritum
3674 1764 3835 1805 sane.

2253 1839 2368 1885 tum
2399 1844 2496 1901 per
2519 1845 2711 1887 manus
2740 1831 3137 1902 impositionem
3181 1837 3528 1897 redeuntibus
3575 1839 3839 1900 haereticis

553 1933 648 1981 aut
677 1922 899 1996 perﬁdia
928 1921 1226 1993 depravati,
1266 1920 1376 1992 38
1419 1928 1514 1975 aut
1559 1919 1809 1991 superbia
1852 1916 2038 1986 inﬁati,
2072 1919 2141 1974 ab
2171 1934 2218 1995 Β
2243 1921 2382 1990 dari,
2410 1935 2572 1992 quam
2614 1923 2842 1993 spiritali
2891 1925 3159 1983 sacriﬁcio
3197 1928 3460 1986 divinitus
3486 1932 3686 1987 tribuit
3716 1932 3835 1990 Hoc

552 2018 763 2075 unitate
789 2015 1035 2087 corporis
1075 2013 1332 2071 Ecclesia:
1377 2021 1745 2082 segregantur.
1793 2011 1939 2080 Quos
1977 2010 2144 2067 Judas

551 2109 830 2181 apostolus
869 2108 987 2164 sine
1014 2107 1118 2163 hoc
1166 2105 1368 2176 Spiritu
1413 2121 1534 2161 esse
1572 2104 1851 2160 evidenter
1883 2104 2140 2170 ostendit,

551 2199 776 2258 dicens:
809 2197 884 2253 ﬂi
913 2206 1034 2254 sunt
1053 2198 1138 2269 qui
1171 2206 1445 2269 segregant
1489 2198 1813 2264 semetipsos,
1867 2195 2142 2261 animales,

551 2290 809 2364 Spiritum
837 2306 939 2344 non
981 2289 1225 2344 habentes
1256 2286 1403 2359 (Jud.
1445 2285 1555 2359 19).
1589 2285 1655 2340 Hi
1680 2286 1822 2340 enim
1860 2285 1985 2356 quia
2024 2286 2134 2339 ani-

552 2381 723 2439 males
743 2389 888 2448 sunt,
920 2380 1042 2436 ideo
1071 2377 1328 2450 Spiritum
1350 2394 1459 2433 non
1489 2378 1709 2433 habent.
1739 2375 1972 2448 Propter
1997 2376 2145 2448 quod

552 2471 752 2529 Paulus
777 2471 1056 2544 apostolus
1081 2471 1212 2526 dicit
1237 2489 1250 2524 :
1281 2471 1538 2525 Animalis
1597 2471 1749 2525 homo
1795 2487 1901 2524 non
1929 2469 2146 2540 percipit

549 2571 807 2627 Μαρια
835 2564 1070 2636 Spiritus
1102 2561 1196 2618 Dei
1224 2560 1278 2633 (Ι
1306 2559 1430 2617 Cor.
1447 2577 1503 2626 tr,
1535 2559 1646 2632 14).
1677 2559 1835 2616 Tales
1864 2559 2044 2628 itaque
2067 2556 2146 2612 fa-

550 2656 683 2715 ciles
705 2665 832 2713 sunt
870 2656 936 2712 ad
966 2655 1304 2719 divisionem,
1329 2653 1455 2724 quia
1483 2651 1741 2725 Spiritum
1784 2667 1892 2706 non
1921 2651 2143 2719 habent,

550 2749 605 2806 in
652 2763 760 2820 quo
791 2763 900 2803 uno
931 2747 1174 2802 membra
1201 2745 1401 2802 Christi
1427 2759 1609 2801 caram
1637 2750 1857 2799 servant
1887 2743 2143 2814 spiritali-

550 2848 637 2896 ter
657 2841 939 2896 unitatem.
973 2836 1127 2894 Unde
1163 2837 1505 2893 manifestum
1534 2844 1618 2892 est
1644 2835 1785 2907 apud
1813 2850 2003 2890 omnes
2031 2835 2143 2889 bte-

550 2931 752 2989 reticos
776 2928 1008 3001 Spiritus
1045 2929 1219 2985 sancti
1256 2930 1482 2996 gratiam
1516 2943 1623 2983 non
1651 2942 1791 2990 esse,
1827 2943 1926 2983 nec
1953 2943 2144 2983 eorum

551 3021 836 3087 sacriﬁcia,
861 3019 1099 3092 quandiu
1131 3019 1370 3074 haeretici
1408 3026 1554 3084 sunt,
1585 3033 1744 3088 posse
1773 3017 1884 3072 Deo
1905 3018 2140 3087 placere,

551 3125 728 3184 neque
747 3110 1004 3183 spiritalis
1031 3110 1218 3181 gratiae
1242 3105 1725 3165 sanctiﬁcationem
1752 3106 2030 3163 sacriﬁciis
2057 3122 2146 3164 eo-

551 3216 670 3262 rum
699 3204 860 3261 tribui
891 3205 984 3276 qui
1012 3201 1246 3260 oﬁ'erunt
1273 3202 1341 3256 ab
1368 3200 1721 3257 ecclesiastici
1743 3201 1990 3270 corporis
2017 3201 2141 3256 uni-

553 3304 665 3352 tate
687 3295 936 3365 disiuncti
964 3315 977 3348 :
1009 3293 1348 3394 solius‘enim
1375 3290 1628 3347 Ecclesize
1673 3291 1827 3394 Deus
1842 3291 2143 3394 delectatur
2170 3330 2216 3394 ρ

553 3386 849 3454 sacriﬁciis,
881 3401 1000 3458 qua:
1039 3383 1299 3441 sacriﬁcia
1328 3384 1422 3455 (al.
1460 3397 1623 3454 quam
1653 3380 1996 3450 sacriﬁcium)
2027 3382 2142 3441 Deo

553 3479 682 3536 facit
703 3479 882 3534 unitas
899 3477 1160 3550 spiritalis
1187 3495 1201 3531 :
1227 3475 1370 3532 unde
1392 3475 1528 3548 (ubi)
1545 3474 2147 3531 etlideiveritasnullam

553 3569 724 3626 credit
751 3570 805 3625 in
824 3568 1088 3624 Trinitate
1113 3566 1446 3631 distantiam,
1478 3574 1535 3621 et
1577 3566 1728 3637 pacis
1755 3565 2017 3621 tenacitas
2047 3564 2147 3620 fra-

553 3669 763 3719 ternam
785 3669 966 3718 servat
987 3660 1041 3715 in
1062 3661 1288 3716 caritate
1318 3657 1681 3714 concordiam.

555 3773 738 3829 Csrur
768 3788 862 3827 xu.
905 3770 1109 3826 Caritas
1133 3769 1232 3825 Dei
1273 3770 1466 3839 diffusa
1488 3778 1565 3824 est
1587 3772 1642 3824 in
1673 3770 1912 3825 cordibus
1952 3771 2146 3825 nostris

629 3861 722 3916 per
765 3844 1032 3916 Spiritum
1063 3849 1319 3916 sanctum.
1354 3839 1454 3916 Qui
1497 3841 1567 3916 ad
1611 3840 2150 3916 unitatent_Ecclesiw

632 3910 867 3980 redeunt,
893 3911 1132 3968 exhibent
1156 3927 1210 3964 se
1238 3912 1458 3964 hostium
1496 3912 1660 3964 vivam
1693 3910 1800 3965 Deo
1838 3911 2144 3981 placentem.

631 4013 708 4071 Ne
735 4013 858 4085 quis
885 4020 1064 4068 autem
1089 4025 1192 4065 nos
1218 4011 1536 4081 putet,dum
1560 4009 1798 4066 Ecclesia
1824 4012 1876 4066 in
1899 4010 2146 4068 sacriﬁcii

559 4120 722 4181 prece
760 4103 993 4174 Spiritus
1018 4102 1192 4158 sancti
1237 4101 1483 4172 deposcit
1508 4101 1819 4167 adventum,
1855 4103 2146 4172 incongrue

559 4197 732 4256 sancti
775 4195 1006 4266 Spiritus
1045 4192 1307 4250 vocabulo
1350 4194 1632 4249 caritatem
1675 4194 1991 4263 intelligere,
2026 4210 2145 4264 qua:

558 4287 747 4347 diffusa
769 4294 851 4344 est
878 4288 931 4342 in
961 4285 1213 4342 cordibus
1242 4285 1442 4340 nostris
1465 4300 1562 4355 per
1589 4285 1848 4356 Spiritum
1878 4295 2144 4352 sanctum,

557 4381 651 4453 qui
679 4379 838 4436 datus
885 4386 969 4434 est
1014 4377 1194 4446 nobis,
1249 4377 1591 4434 commodum
1628 4377 1878 4433 duximus
1908 4380 2148 4449 paternis

558 4472 927 4530 deﬁnitionem
954 4478 1194 4527 nostram
1243 4469 1562 4540 prmmunire
1587 4470 1887 4526 sententiis.
1918 4469 2147 4527 Sanctus

559 4565 704 4622 enim
735 4564 1059 4634 Augustinus
1099 4563 1154 4617 in
1198 4561 1346 4616 libris
1393 4559 1460 4615 de
1489 4559 1760 4631 Baptismo
1790 4558 1904 4627 (lib.
1927 4575 2004 4626 nr,
2027 4576 2143 4631 cap.

2245 2020 2426 2067 autem
2451 2013 2543 2083 qui
2577 2013 2762 2080 sentit,
2805 2022 2898 2086 aut
2925 2015 3074 2081 dicit,
3107 2017 3351 2088 profecto
3373 2022 3606 2078 nondum
3630 2024 3837 2079 intelli-

2243 2105 2340 2174 git,
2389 2104 2624 2175 qualiter
2670 2109 2990 2178 semetipsos
3039 2110 3330 2166 exhibeant
3375 2112 3603 2168 hostiam
3652 2115 3838 2172 vivam

2243 2204 2510 2263 sanctam,
2541 2197 2656 2255 Deo
2702 2199 3026 2269 placentem,
3076 2201 3122 2256 si
3168 2203 3260 2271 qui
3288 2203 3751 2262 schismaticorum
3779 2214 3837 2263 et

2245 2287 2640 2354 haereticorum,
2687 2290 3024 2347 mortiferum
3067 2292 3433 2363 relinquentes
3465 2311 3724 2363 errorem,
3763 2297 3836 2355 ad

2246 2382 2528 2438 catholicae
2569 2385 2816 2442 veritatis
2845 2386 3074 2442 redeunt
3103 2389 3383 2456 unitatem,
3415 2391 3505 2446 ubi
3545 2391 3836 2451 oﬁemntes

2247 2473 2573 2532 sacriﬁcium
2605 2476 2717 2533 Deo
2745 2479 2992 2549 spiritum
3021 2482 3434 2538 contribulatum
3462 2484 3562 2554 ipsi
3588 2495 3713 2543 sunt
3732 2487 3834 2544 bo-

2246 2567 2348 2621 stia
2372 2568 2510 2633 viva,
2537 2575 2744 2636 Sancta,
2761 2601 2775 2612 -
2795 2571 3014 2641 placens
3039 2574 3146 2643 39
3180 2573 3306 2629 Deo.
3343 2573 3478 2642 Quia
3502 2584 3600 2647 pe‘r
3625 2580 3832 2635 contri-

2248 2657 2449 2714 tionem
2479 2660 2740 2714 humiliati
2769 2661 2950 2717 cordis
2977 2663 3032 2717 in
3065 2664 3326 2720 unitatem
3353 2667 3716 2723 membrorum
3744 2684 3833 2725 re-

2247 2748 2415 2804 deunt
2457 2749 2598 2805 illius
2641 2732 2940 2807 Sacerdotis
2987 2755 3082 2822 qui
3134 2753 3324 2810 dilexit
3371 2771 3488 2820 nos,
3523 2758 3662 2814 sicut
3702 2760 3833 2815 dicit

2249 2840 2581 2911 Apostolus:
2614 2842 2684 2897 Et
2721 2843 2903 2899 obtulit
2922 2848 3246 2918 semetipsum
3287 2865 3382 2918 pro
3427 2849 3574 2904 nobis
3613 2850 3832 2907 oblatio.

2246 2947 2362 2985 nem
2377 2942 2428 2985 et
2448 2933 2670 2988 hostiam
2700 2933 2811 2989 Deo
2836 2937 2892 2990 in
2913 2936 3124 2992 odorem
3150 2941 3419 2996 suavitatis
3441 2941 3656 3012 (Ephes.
3677 2959 3734 3010 v,
3749 2944 3830 3008 2'.

2249 3021 2320 3077 Ut
2347 3031 2527 3078 autem
2549 3025 2772 3080 redeant
2792 3035 2847 3082 et
2875 3028 3116 3098 spiritale
3129 3028 3448 3087 sacriﬁcium
3471 3034 3617 3099 ﬁant,
3635 3037 3834 3092 caritas

2245 3113 2342 3170 Dei
2375 3115 2504 3171 facit
2527 3133 2648 3188 quas
2674 3118 2864 3175 diﬁusa
2886 3130 2970 3177 est
2993 3124 3045 3176 in
3067 3123 3319 3181 cordibus
3343 3127 3559 3192 nostris,
3590 3143 3689 3198 per
3713 3128 3834 3200 Spi-

2245 3207 2406 3262 ritum
2438 3218 2684 3264 sanctum
2710 3214 2801 3283 qui
2831 3210 2988 3270 datus
3017 3223 3102 3271 est
3129 3217 3302 3273 nobis.
3335 3217 3512 3274 Solius
3539 3220 3720 3290 itaque
3743 3238 3810 3279 ca

2245 3297 2462 3354 tbolicte
2509 3300 2752 3357 veritatis
2799 3312 2856 3358 et
2899 3307 3296 3364 communionis
3331 3309 3650 3366 sacriﬁcium
3694 3313 3836 3374 Deus

2247 3387 2480 3446 libenter
2506 3391 2739 3464 accipit:
2767 3397 2892 3464 quia
2921 3397 3048 3452 dum
3077 3399 3359 3455 caritatem
3398 3417 3548 3456 suam
3591 3419 3689 3474 per
3715 3405 3835 3477 Spi-

2246 3480 2409 3536 ritum
2438 3491 2684 3539 sanctum
2705 3484 2952 3542 diﬁ‘usam
3000 3490 3051 3544 in
3084 3505 3148 3545 ea
3177 3483 3426 3557 custodit,
3457 3493 3624 3563 ipsam
3646 3493 3836 3553 Eccle-

2245 3574 2384 3631 siam
2403 3575 2504 3631 sibi
2525 3586 2736 3645 gratum
2762 3579 3082 3638 sacriﬁcium
3111 3582 3259 3652 facit,
3281 3601 3399 3656 qua:
3428 3587 3600 3658 ipsum
3621 3605 3837 3662 semper

2247 3669 2422 3739 poscit
2449 3670 2675 3738 gratiam
2703 3671 2959 3742 spiritalis
2985 3674 3223 3730 caritatis
3264 3677 3510 3746 accipere
3550 3695 3647 3749 per
3669 3696 3837 3750 quam

2247 3774 2308 3815 se
2357 3761 2532 3831 poscit
2579 3761 2811 3818 hostiam
2852 3765 3050 3832 vivam,
3095 3775 3356 3834 sanctam,
3394 3767 3504 3825 Deo
3533 3769 3837 3841 placentem

2243 3852 2447 3923 jugiter
2471 3856 2747 3912 exhibere.

2248 3954 2432 4040 Carm
2490 3973 2605 4040 xm.
2641 3955 2850 4040 (Quarta
2878 3961 3092 4040 quaestio
3133 3961 3352 4040 "animi
3393 3966 3834 4040 deusnpereroga-

2323 4030 2459 4100 tione
2485 4029 2757 4100 Apostoli.
2775 4027 3048 4100 Expositio
3072 4030 3210 4087 beati
3229 4027 3653 4100 Ambrosii,libro
3682 4027 3761 4092 vri
3781 4040 3835 4094 its

2321 4113 2374 4152 tv
2400 4097 2526 4151 Luc.
2563 4097 2834 4166 Expositio
2862 4097 2926 4155 Β.
2951 4099 3128 4171 Optati
3149 4115 3268 4157 ante
3289 4097 3509 4158 medium
3533 4106 3652 4160 libri
3671 4111 3835 4162 sexti.

2319 4187 2520 4244 Scribis
2551 4198 2812 4259 prtcterea
2853 4191 2920 4246 de
2961 4191 3053 4247 illo
3092 4192 3332 4265 Apostoli
3362 4195 3482 4251 loco
3505 4235 3523 4261 ,
3573 4197 3661 4251 ubi
3711 4198 3828 4254 ait:

2249 4277 2330 4333 De
2373 4279 2655 4352 virginibus
2685 4291 2853 4336 autem
2894 4295 3206 4356 prteceptum
3246 4284 3456 4340 Domini
3497 4304 3599 4344 non
3647 4289 3834 4358 habeo,

2249 4373 2522 4427 consilium
2571 4383 2742 4426 autem
2807 4373 2892 4428 do.
2966 4375 3122 4442 Quod
3169 4377 3452 4432 consilium
3499 4378 3552 4434 in
3600 4379 3833 4451 epistola

2251 4481 2412 4536 quam
2435 4465 2501 4520 ad
2533 4473 2586 4522 te
2615 4481 2789 4536 nuper
2827 4468 3012 4538 scripsi
3039 4468 3105 4522 ad
3127 4468 3251 4524 illud
3274 4471 3544 4540 pertinere
3564 4486 3834 4528 memora-
3896 4483 3898 4485 ’

2248 4559 2301 4613 vi
2351 4558 2514 4630 quod,
2545 4559 2754 4616 duobus
2783 4559 3015 4616 denariis
3051 4577 3080 4615 a
3122 4562 3345 4617 Domino
3373 4565 3629 4635 acceptis,
3663 4562 3833 4625 ﬁdelis

560 4657 676 4729 16),
704 4672 827 4715 cum
848 4654 1198 4726 quaestionem
1217 4651 1285 4707 de
1301 4651 1676 4708 haereticorum
1696 4651 2009 4722 receptione
2031 4651 2147 4706 sine
2179 4709 2228 4729 ἢ
2253 4649 2577 4705 stabularius
2619 4653 3025 4721 supererogavit
3065 4651 3215 4725 (Luc.
3246 4670 3279 4709 x
3300 4695 3315 4720 ,
3355 4655 3468 4727 55).
3513 4655 3678 4726 Cujus
3727 4657 3833 4717 loci

558 4709 903 4821 baptismatis
949 4745 1238 4802 iteratione
1279 4751 1540 4809 versaret,
1601 4743 1655 4797 itr
1703 4742 1864 4796 tertio
1909 4740 2150 4811 ejusdem
2179 4709 2230 4771 θ
2255 4755 2509 4804 sensum,
2562 4739 2688 4796 licet
2738 4757 2842 4795 non
2895 4744 2965 4796 ita
2995 4757 3026 4796 a
3054 4709 3240 4800 sancto
3269 4709 3565 4813 Augustino
3588 4709 3832 4816 positum

559 4838 741 4911 operis
787 4837 948 4903 libro,
991 4836 1142 4890 inter.
1169 4833 1274 4889 alia
1314 4833 1391 4888 sic
1437 4831 1603 4888 dicit:
1642 4850 1660 4884 t
1696 4829 1928 4904 Spiritus
1969 4841 2148 4886 autem

558 4938 800 4994 sanctus,
829 4927 976 4999 quod
1005 4929 1060 4982 in
1099 4927 1214 4984 sola
1241 4925 1509 4998 catholica
1537 4923 1796 4988 Ecclesia,
1837 4939 1934 4994 per
1961 4937 2149 4977 manus

561 5021 964 5090 impositionem
991 5017 1109 5072 dari
1133 5016 1350 5080 dicitur,
1373 5015 1626 5069 nimirum
1657 5013 1765 5068 hoc
1790 5013 2014 5080 intelligi
2035 5028 2147 5067 ma-

560 5111 709 5183 jores
737 5111 904 5166 nostri
923 5110 1230 5172 voluerunt,
1259 5105 1402 5176 quod
1424 5106 1712 5175 Apostolus
1743 5105 1819 5158 ait
1846 5123 1858 5158 :
1890 5101 2148 5168 Quoniam

563 5203 756 5260 caritas
779 5199 876 5255 Dei
905 5201 1095 5270 diffusa
1121 5211 1198 5256 est
1225 5201 1280 5254 in
1309 5197 1547 5254 cordibus
1591 5197 1804 5261 nostris,
1845 5212 1935 5267 per
1977 5195 2151 5267 Spiri-

564 5303 672 5350 tum
699 5301 954 5352 sanctum,
1009 5293 1094 5364 qui
1138 5291 1293 5352 datus
1337 5301 1415 5346 est
1452 5289 1601 5344 nobis
1631 5287 1808 5361 (Rom.
1840 5304 1893 5355 v,
1921 5286 1998 5357 5).
2029 5287 2148 5359 Ipsa

563 5395 648 5441 est
669 5385 818 5452 enim
839 5384 1056 5450 caritas,
1087 5399 1249 5453 quam
1278 5399 1386 5442 non
1416 5383 1616 5438 habent
1663 5381 1758 5452 qui
1797 5381 1865 5436 ab
1893 5378 2148 5436 Ecclesiae

563 5475 842 5535 catholicae
855 5475 1235 5532 communione
1251 5475 1457 5544 praecisi
1471 5481 1615 5530 sunt.
1641 5493 1659 5527 ι
1680 5472 1930 5536 Attende,
1945 5487 2149 5542 (ιιιωεο,

563 5566 931 5624 beatissimum
961 5565 1313 5634 Augustinum
1342 5567 1396 5621 in
1424 5567 1625 5624 sanctis
1637 5565 1927 5638 Scripturis
1957 5565 2150 5620 divini-

567 5671 655 5717 tus
683 5660 974 5727 eruditum,
1002 5657 1278 5730 quomodo
1296 5675 1402 5715 uno
1430 5660 1626 5717 inloco
1651 5677 1759 5716 non
1779 5659 1952 5715 solum
1975 5658 2152 5714 sancti

568 5751 802 5824 apostoli
829 5749 1002 5820 Pauli,
1031 5753 1126 5808 sed
1165 5752 1329 5807 etiam
1374 5754 1545 5808 sancti
1584 5750 1734 5808 inda.-
1762 5751 1992 5823 apostoli
2021 5766 2149 5808 sen-

567 5860 708 5910 sum,
734 5843 787 5899 in
817 5843 990 5898 sancti
1020 5842 1252 5914 Spiritus
1291 5844 1528 5907 nomine,
1559 5844 1877 5898 mirabiliter
1917 5843 2148 5913 aperuit.

567 5936 660 5997 Ait
700 5936 844 5996 enim
875 5934 1160 6013 statarius:
1197 5954 1215 5986 ι
1248 5935 1481 6002 Spiritus
1527 5942 1706 5991 autem
1735 5943 1973 5999 sanctus,
2005 5933 2151 6011 quod

2256 4845 2468 4886 asseras
2492 4872 2507 4897 ,
2557 4831 2691 4885 alios
2722 4839 2900 4886 tamen
2945 4833 3178 4890 illustres
3204 4835 3348 4890 viros
3397 4836 3574 4891 taliter
3606 4835 3713 4892 hoc
3737 4853 3832 4908 po-

2253 4925 2425 4979 suisse
2463 4922 2770 4979 conﬁrmas.
2829 4921 2922 4980 Est
2946 4925 3160 4994 quidem
3198 4941 3423 4981 verum:
3454 4927 3581 4997 quia
3610 4937 3833 4985 sanctus

2255 5015 2583 5082 Augustinus
2629 5013 2732 5070 hoc
2776 5015 2911 5070 dixit
2954 5017 3022 5071 ab
3062 5015 3321 5087 Apostolo
3367 5027 3832 5089 supererogatum.

2254 5103 2401 5175 quod
2430 5120 2550 5160 cum
2573 5107 2866 5161 secundum
2889 5116 3211 5178 praeceptum
3242 5116 3444 5178 posset,
3473 5109 3732 5174 sivellet,
3766 5109 3832 5168 de

2253 5196 2546 5265 Evangelio
2566 5197 2768 5265 vivere,
2811 5199 2998 5254 maluit
3027 5209 3201 5254 tamen
3228 5215 3335 5255 non
3363 5201 3536 5256 solum
3563 5201 3685 5265 sibi,
3738 5202 3833 5258 sed

2253 5289 2418 5373 ethis
2439 5291 2531 5360 qui
2559 5307 2681 5347 cum
2709 5291 2800 5347 illo
2829 5300 3002 5357 erant,
3029 5292 3262 5362 proyriis
3291 5294 3537 5348 manibus
3561 5292 3834 5363 laborare,

2254 5384 2393 5440 sicut
2419 5381 2664 5454 Ephesiis
2688 5385 2952 5440 veraciter
2997 5384 3131 5439 dixit
3156 5402 3169 5437 :
3222 5383 3335 5455 Ipsi
3365 5387 3507 5440 scitis
3531 5428 3546 5453 ,
3589 5388 3834 5458 quoniam

2256 5475 2350 5546 (al.
2389 5475 2665 5544 quomodo)
2692 5475 2761 5529 ad
2785 5491 2845 5529 ea
2873 5491 2987 5547 qua:
3017 5475 3143 5529 mihi
3172 5491 3300 5545 Opus
3337 5485 3524 5541 erant,
3565 5485 3614 5530 et
3637 5477 3718 5530 his
3746 5478 3836 5546 qui

2253 5585 2450 5622 mecum
2475 5579 2636 5638 sunt,
2678 5569 3098 5622 ministraverunt
3142 5585 3324 5625 manus
3371 5570 3502 5624 ista.
3556 5568 3622 5624 Et
3659 5573 3836 5626 omnia

2254 5660 2453 5715 ostendi
2477 5658 2637 5726 vobis,
2667 5663 2909 5733 quoniam
2937 5662 3010 5716 sic
3037 5660 3333 5718 laborantes
3358 5671 3558 5734 oportet
3582 5664 3834 5732 suscipere

2252 5752 2492 5823 inﬁmos
2537 5753 2672 5824 (Act.
2715 5768 2816 5815 xx,
2859 5752 2970 5807 54:.
3001 5752 3132 5808 Nam
3180 5763 3234 5808 et
3265 5733 3865 5810 Thessalonicensibus‘

2254 5845 2515 5910 scribens,
2547 5843 2800 5899 Mensores
2819 5845 2958 5899 enim
2988 5847 3132 5911 estis,
3161 5845 3364 5914 inquit,
3398 5846 3608 5916 fratres,
3638 5842 3834 5899 laboris

2256 5939 2350 6012 (al.
2383 5940 2638 6015 laborem,
2684 5939 2815 6005 etc.)
2846 5939 3009 6000 nostri
3033 5948 3083 5994 ct
3114 5939 3458 6015 fatigationis,
3489 5945 3635 6000 nocte
3670 5944 3722 5992 et
3750 5936 3834 6002 die
