  <div class='ocr_page' id='page_1' title='image "/cluster/home/n/w/nwhite01/storage/ocr_20150623/65/hvd.32044054128558/102.png"; bbox 0 0 4026 6336; ppageno 0'>
   <div class='ocr_carea' id='block_1_1' title="bbox 191 425 295 492">
    <p class='ocr_par' dir='ltr' id='par_1_1' title="bbox 191 425 295 492">
     <span class='ocr_line' id='line_1_1' title="bbox 191 425 295 492; baseline -0.048 0"><span class='ocrx_word' id='word_1_1' title='bbox 191 425 295 492; x_wconf 71' lang='grc'><strong>195</strong></span> 
     </span>
    </p>
   </div>
   <div class='ocr_carea' id='block_1_2' title="bbox 1470 403 2175 480">
    <p class='ocr_par' dir='ltr' id='par_1_2' title="bbox 1470 403 2175 480">
     <span class='ocr_line' id='line_1_2' title="bbox 1470 403 2175 480; baseline -0.003 0"><span class='ocrx_word' id='word_1_2' title='bbox 1470 421 1562 480; x_wconf 76' lang='lat' dir='ltr'><strong>AD</strong></span> <span class='ocrx_word' id='word_1_3' title='bbox 1597 416 1913 478; x_wconf 71' lang='lat' dir='ltr'><strong>uounwu</strong></span> <span class='ocrx_word' id='word_1_4' title='bbox 1951 403 2077 476; x_wconf 77' lang='lat' dir='ltr'><strong>un.</strong></span> <span class='ocrx_word' id='word_1_5' title='bbox 2114 418 2175 478; x_wconf 85' lang='grc' dir='ltr'>ιι.</span> 
     </span>
    </p>
   </div>
   <div class='ocr_carea' id='block_1_3' title="bbox 3357 411 3460 471">
    <p class='ocr_par' dir='ltr' id='par_1_3' title="bbox 3357 411 3460 471">
     <span class='ocr_line' id='line_1_3' title="bbox 3357 411 3460 471; baseline 0.019 -3"><span class='ocrx_word' id='word_1_6' title='bbox 3357 411 3460 471; x_wconf 61' lang='grc'><strong>198</strong></span> 
     </span>
    </p>
   </div>
   <div class='ocr_carea' id='block_1_4' title="bbox 189 497 3463 620">
    <p class='ocr_par' dir='ltr' id='par_1_4' title="bbox 189 497 3463 620">
     <span class='ocr_line' id='line_1_4' title="bbox 189 497 3463 620; baseline -0.005 -21"><span class='ocrx_word' id='word_1_7' title='bbox 189 549 481 620; x_wconf 72' lang='lat' dir='ltr'><strong>oper-antes,</strong></span> <span class='ocrx_word' id='word_1_8' title='bbox 504 558 571 597; x_wconf 82' lang='lat' dir='ltr'><strong>ne</strong></span> <span class='ocrx_word' id='word_1_9' title='bbox 587 555 737 614; x_wconf 81' lang='lat' dir='ltr'><strong>quem</strong></span> <span class='ocrx_word' id='word_1_10' title='bbox 758 497 977 595; x_wconf 71' lang='lat' dir='ltr'><strong>uestrum</strong></span> <span class='ocrx_word' id='word_1_11' title='bbox 996 551 1323 611; x_wconf 75' lang='lat' dir='ltr'><strong>grauarsums</strong></span> <span class='ocrx_word' id='word_1_12' title='bbox 1344 534 1401 609; x_wconf 78' lang='grc' dir='ltr'>(ι</span> <span class='ocrx_word' id='word_1_13' title='bbox 1414 533 1684 599; x_wconf 82' lang='lat' dir='ltr'><strong>Thess.m,</strong></span> <span class='ocrx_word' id='word_1_14' title='bbox 1697 532 1775 606; x_wconf 90' lang='lat'><strong>8),</strong></span> <span class='ocrx_word' id='word_1_15' title='bbox 1805 537 1856 596; x_wconf 77' lang='grc' dir='ltr'><strong>Α</strong></span> <span class='ocrx_word' id='word_1_16' title='bbox 1881 534 2060 605; x_wconf 79' lang='lat' dir='ltr'><strong>posuit</strong></span> <span class='ocrx_word' id='word_1_17' title='bbox 2101 532 2216 589; x_wconf 76' lang='lat' dir='ltr'><strong>haec</strong></span> <span class='ocrx_word' id='word_1_18' title='bbox 2243 551 2255 586; x_wconf 90' lang='lat'><strong>:</strong></span> <span class='ocrx_word' id='word_1_19' title='bbox 2312 549 2333 586; x_wconf 72' lang='grc' dir='ltr'><strong>ι</strong></span> <span class='ocrx_word' id='word_1_20' title='bbox 2359 530 2512 601; x_wconf 84' lang='lat' dir='ltr'><strong>Quod</strong></span> <span class='ocrx_word' id='word_1_21' title='bbox 2550 528 2804 587; x_wconf 75' lang='lat' dir='ltr'><strong>inferiora</strong></span> <span class='ocrx_word' id='word_1_22' title='bbox 2845 500 2984 585; x_wconf 62' lang='lat' dir='ltr'><strong>arcte</strong></span> <span class='ocrx_word' id='word_1_23' title='bbox 3030 525 3358 583; x_wconf 86' lang='lat' dir='ltr'><strong>bicamerata</strong></span> <span class='ocrx_word' id='word_1_24' title='bbox 3404 537 3463 583; x_wconf 89' lang='lat' dir='ltr'><strong><em>et</em></strong></span> 
     </span>
    </p>
   </div>
   <div class='ocr_carea' id='block_1_5' title="bbox 191 629 1776 710">
    <p class='ocr_par' dir='ltr' id='par_1_5' title="bbox 191 629 1776 710">
     <span class='ocr_line' id='line_1_5' title="bbox 191 629 1776 710; baseline -0.011 -12"><span class='ocrx_word' id='word_1_25' title='bbox 191 657 307 699; x_wconf 87' lang='lat' dir='ltr'><strong>nam</strong></span> <span class='ocrx_word' id='word_1_26' title='bbox 337 637 502 710; x_wconf 46' lang='lat' dir='ltr'><strong>et.ad</strong></span> <span class='ocrx_word' id='word_1_27' title='bbox 525 635 836 691; x_wconf 76' lang='lat' dir='ltr'><strong>Corinthios</strong></span> <span class='ocrx_word' id='word_1_28' title='bbox 861 633 995 687; x_wconf 79' lang='lat' dir='ltr'><strong>hanc</strong></span> <span class='ocrx_word' id='word_1_29' title='bbox 1020 633 1145 687; x_wconf 84' lang='lat' dir='ltr'><strong>dicit</strong></span> <span class='ocrx_word' id='word_1_30' title='bbox 1179 629 1462 687; x_wconf 77' lang='lat' dir='ltr'><strong>mercedem</strong></span> <span class='ocrx_word' id='word_1_31' title='bbox 1488 645 1637 684; x_wconf 84' lang='lat' dir='ltr'><strong>suam</strong></span> <span class='ocrx_word' id='word_1_32' title='bbox 1660 670 1676 691; x_wconf 89' lang='lat'><strong>,</strong></span> <span class='ocrx_word' id='word_1_33' title='bbox 1718 635 1776 681; x_wconf 79' lang='lat' dir='ltr'><strong>ut</strong></span> 
     </span>
    </p>
   </div>
   <div class='ocr_carea' id='block_1_6' title="bbox 193 717 1777 802">
    <p class='ocr_par' dir='ltr' id='par_1_6' title="bbox 193 717 1777 802">
     <span class='ocr_line' id='line_1_6' title="bbox 193 717 1777 802; baseline -0.01 -15"><span class='ocrx_word' id='word_1_34' title='bbox 193 729 534 802; x_wconf 81' lang='lat' dir='ltr'><strong>Erangelium</strong></span> <span class='ocrx_word' id='word_1_35' title='bbox 551 727 866 800; x_wconf 72' lang='lat' dir='ltr'><strong>praedicans,</strong></span> <span class='ocrx_word' id='word_1_36' title='bbox 884 725 996 779; x_wconf 87' lang='lat' dir='ltr'><strong>siue</strong></span> <span class='ocrx_word' id='word_1_37' title='bbox 1022 732 1225 795; x_wconf 85' lang='lat' dir='ltr'><strong>sumptu</strong></span> <span class='ocrx_word' id='word_1_38' title='bbox 1253 731 1412 794; x_wconf 82' lang='lat' dir='ltr'><strong>ponat</strong></span> <span class='ocrx_word' id='word_1_39' title='bbox 1443 717 1777 792; x_wconf 68' lang='lat' dir='ltr'><strong>Euaitgelium</strong></span> 
     </span>
    </p>
   </div>
   <div class='ocr_carea' id='block_1_7' title="bbox 191 809 1772 890">
    <p class='ocr_par' dir='ltr' id='par_1_7' title="bbox 191 809 1772 890">
     <span class='ocr_line' id='line_1_7' title="bbox 191 809 1772 890; baseline -0.009 -11"><span class='ocrx_word' id='word_1_40' title='bbox 191 836 238 879; x_wconf 82' lang='lat' dir='ltr'><strong>ll</strong></span> <span class='ocrx_word' id='word_1_41' title='bbox 261 841 372 878; x_wconf 83' lang='lat' dir='ltr'><strong>non</strong></span> <span class='ocrx_word' id='word_1_42' title='bbox 399 822 645 876; x_wconf 75' lang='lat' dir='ltr'><strong>abutatur</strong></span> <span class='ocrx_word' id='word_1_43' title='bbox 665 825 917 890; x_wconf 84' lang='lat' dir='ltr'><strong>potestate</strong></span> <span class='ocrx_word' id='word_1_44' title='bbox 946 816 1115 871; x_wconf 80' lang='lat' dir='ltr'><strong>suain</strong></span> <span class='ocrx_word' id='word_1_45' title='bbox 1145 813 1430 886; x_wconf 84' lang='lat' dir='ltr'><strong>Evangelia</strong></span> <span class='ocrx_word' id='word_1_46' title='bbox 1458 812 1512 883; x_wconf 85' lang='grc' dir='ltr'><strong>(Ι</strong></span> <span class='ocrx_word' id='word_1_47' title='bbox 1541 809 1660 866; x_wconf 85' lang='lat' dir='ltr'><strong>Cor.</strong></span> <span class='ocrx_word' id='word_1_48' title='bbox 1699 826 1772 875; x_wconf 77' lang='lat' dir='ltr'><strong>Ix,</strong></span> 
     </span>
    </p>
   </div>
   <div class='ocr_carea' id='block_1_8' title="bbox 196 907 1776 989">
    <p class='ocr_par' dir='ltr' id='par_1_8' title="bbox 196 907 1776 989">
     <span class='ocr_line' id='line_1_8' title="bbox 196 907 1776 989; baseline -0.011 -15"><span class='ocrx_word' id='word_1_49' title='bbox 196 919 291 989; x_wconf 88' lang='lat' dir='ltr'><strong>l8).</strong></span> <span class='ocrx_word' id='word_1_50' title='bbox 340 917 482 970; x_wconf 79' lang='lat' dir='ltr'><strong>Cum</strong></span> <span class='ocrx_word' id='word_1_51' title='bbox 508 926 637 981; x_wconf 87' lang='lat' dir='ltr'><strong>ergo</strong></span> <span class='ocrx_word' id='word_1_52' title='bbox 679 912 783 966; x_wconf 90' lang='lat' dir='ltr'><strong>hoc</strong></span> <span class='ocrx_word' id='word_1_53' title='bbox 808 918 1026 966; x_wconf 91' lang='lat' dir='ltr'><strong>sanctus</strong></span> <span class='ocrx_word' id='word_1_54' title='bbox 1056 907 1381 976; x_wconf 71' lang='lat' dir='ltr'><strong>Augustinus</strong></span> <span class='ocrx_word' id='word_1_55' title='bbox 1405 911 1776 976; x_wconf 81' lang='lat' dir='ltr'><strong><em>competenter</em></strong></span> 
     </span>
    </p>
   </div>
   <div class='ocr_carea' id='block_1_9' title="bbox 192 991 1778 1074">
    <p class='ocr_par' dir='ltr' id='par_1_9' title="bbox 192 991 1778 1074">
     <span class='ocr_line' id='line_1_9' title="bbox 192 991 1778 1074; baseline -0.012 -10"><span class='ocrx_word' id='word_1_56' title='bbox 192 1017 238 1064; x_wconf 89' lang='lat' dir='ltr'><strong>et</strong></span> <span class='ocrx_word' id='word_1_57' title='bbox 263 1018 513 1074; x_wconf 77' lang='lat' dir='ltr'><strong>congrue</strong></span> <span class='ocrx_word' id='word_1_58' title='bbox 533 1001 830 1073; x_wconf 84' lang='lat' dir='ltr'><strong>posuisset,</strong></span> <span class='ocrx_word' id='word_1_59' title='bbox 864 1013 969 1054; x_wconf 93' lang='lat' dir='ltr'><strong>non</strong></span> <span class='ocrx_word' id='word_1_60' title='bbox 1002 1005 1181 1052; x_wconf 88' lang='lat' dir='ltr'><strong>tamen</strong></span> <span class='ocrx_word' id='word_1_61' title='bbox 1212 998 1584 1066; x_wconf 89' lang='lat' dir='ltr'><strong>incompetens</strong></span> <span class='ocrx_word' id='word_1_62' title='bbox 1608 991 1778 1048; x_wconf 88' lang='lat' dir='ltr'><strong>videri</strong></span> 
     </span>
    </p>
   </div>
   <div class='ocr_carea' id='block_1_10' title="bbox 193 1085 1779 1165">
    <p class='ocr_par' dir='ltr' id='par_1_10' title="bbox 193 1085 1779 1165">
     <span class='ocr_line' id='line_1_10' title="bbox 193 1085 1779 1165; baseline -0.011 -8"><span class='ocrx_word' id='word_1_63' title='bbox 193 1111 273 1158; x_wconf 82' lang='lat' dir='ltr'><strong>aut</strong></span> <span class='ocrx_word' id='word_1_64' title='bbox 310 1101 677 1165; x_wconf 84' lang='lat' dir='ltr'><strong>incongruum</strong></span> <span class='ocrx_word' id='word_1_65' title='bbox 699 1092 878 1156; x_wconf 84' lang='lat' dir='ltr'><strong><em>debet,</em></strong></span> <span class='ocrx_word' id='word_1_66' title='bbox 907 1090 1047 1160; x_wconf 90' lang='lat' dir='ltr'><strong>quod</strong></span> <span class='ocrx_word' id='word_1_67' title='bbox 1069 1098 1287 1146; x_wconf 90' lang='lat' dir='ltr'><strong>sanctus</strong></span> <span class='ocrx_word' id='word_1_68' title='bbox 1306 1088 1619 1144; x_wconf 85' lang='lat' dir='ltr'><strong>Ambrosius</strong></span> <span class='ocrx_word' id='word_1_69' title='bbox 1633 1085 1779 1141; x_wconf 85' lang='lat' dir='ltr'><strong><em>beati</em></strong></span> 
     </span>
    </p>
   </div>
   <div class='ocr_carea' id='block_1_11' title="bbox 196 1178 1780 1258">
    <p class='ocr_par' dir='ltr' id='par_1_11' title="bbox 196 1178 1780 1258">
     <span class='ocr_line' id='line_1_11' title="bbox 196 1178 1780 1258; baseline -0.008 -14"><span class='ocrx_word' id='word_1_70' title='bbox 196 1189 341 1258; x_wconf 73' lang='lat' dir='ltr'><strong>Pauli</strong></span> <span class='ocrx_word' id='word_1_71' title='bbox 405 1184 944 1258; x_wconf 84' lang='lat' dir='ltr'><strong>supererogationem</strong></span> <span class='ocrx_word' id='word_1_72' title='bbox 995 1180 1080 1238; x_wconf 88' lang='lat' dir='ltr'><strong>vel</strong></span> <span class='ocrx_word' id='word_1_73' title='bbox 1129 1181 1182 1235; x_wconf 94' lang='lat' dir='ltr'><strong>in</strong></span> <span class='ocrx_word' id='word_1_74' title='bbox 1228 1178 1566 1238; x_wconf 81' lang='lat' dir='ltr'><strong>sermonibus</strong></span> <span class='ocrx_word' id='word_1_75' title='bbox 1617 1185 1780 1246; x_wconf 89' lang='lat' dir='ltr'><strong>atque</strong></span> 
     </span>
    </p>
   </div>
   <div class='ocr_carea' id='block_1_12' title="bbox 196 1268 1780 1351">
    <p class='ocr_par' dir='ltr' id='par_1_12' title="bbox 196 1268 1780 1351">
     <span class='ocr_line' id='line_1_12' title="bbox 196 1268 1780 1351; baseline -0.009 -15"><span class='ocrx_word' id='word_1_76' title='bbox 196 1279 440 1351; x_wconf 82' lang='lat' dir='ltr'><strong>epistolis</strong></span> <span class='ocrx_word' id='word_1_77' title='bbox 471 1277 606 1347; x_wconf 85' lang='lat' dir='ltr'><strong>ejus,</strong></span> <span class='ocrx_word' id='word_1_78' title='bbox 642 1275 724 1330; x_wconf 87' lang='lat' dir='ltr'><strong>vel</strong></span> <span class='ocrx_word' id='word_1_79' title='bbox 755 1275 806 1329; x_wconf 91' lang='lat' dir='ltr'><strong>in</strong></span> <span class='ocrx_word' id='word_1_80' title='bbox 838 1272 1003 1328; x_wconf 92' lang='lat' dir='ltr'><strong>nimio</strong></span> <span class='ocrx_word' id='word_1_81' title='bbox 1029 1272 1212 1327; x_wconf 86' lang='lat' dir='ltr'><strong>labore</strong></span> <span class='ocrx_word' id='word_1_82' title='bbox 1241 1271 1436 1326; x_wconf 93' lang='lat' dir='ltr'><strong>mentis</strong></span> <span class='ocrx_word' id='word_1_83' title='bbox 1464 1278 1519 1325; x_wconf 93' lang='lat' dir='ltr'><strong>et</strong></span> <span class='ocrx_word' id='word_1_84' title='bbox 1539 1268 1780 1338; x_wconf 89' lang='lat' dir='ltr'><strong>corporis</strong></span> 
     </span>
    </p>
   </div>
   <div class='ocr_carea' id='block_1_13' title="bbox 197 1359 1782 1434">
    <p class='ocr_par' dir='ltr' id='par_1_13' title="bbox 197 1359 1782 1434">
     <span class='ocr_line' id='line_1_13' title="bbox 197 1359 1782 1434; baseline -0.007 -9"><span class='ocrx_word' id='word_1_85' title='bbox 197 1369 504 1425; x_wconf 82' lang='lat' dir='ltr'><strong>collocavit.</strong></span> <span class='ocrx_word' id='word_1_86' title='bbox 558 1365 786 1421; x_wconf 87' lang='lat' dir='ltr'><strong>Sanctus</strong></span> <span class='ocrx_word' id='word_1_87' title='bbox 815 1372 995 1418; x_wconf 81' lang='lat' dir='ltr'><strong>autem</strong></span> <span class='ocrx_word' id='word_1_88' title='bbox 1034 1361 1261 1434; x_wconf 91' lang='lat' dir='ltr'><strong>Optatus</strong></span> <span class='ocrx_word' id='word_1_89' title='bbox 1300 1361 1676 1426; x_wconf 86' lang='lat' dir='ltr'><strong>Milevitanus,</strong></span> <span class='ocrx_word' id='word_1_90' title='bbox 1727 1359 1782 1414; x_wconf 90' lang='lat' dir='ltr'><strong>in</strong></span> 
     </span>
    </p>
   </div>
   <div class='ocr_carea' id='block_1_14' title="bbox 199 1450 1783 1518">
    <p class='ocr_par' dir='ltr' id='par_1_14' title="bbox 199 1450 1783 1518">
     <span class='ocr_line' id='line_1_14' title="bbox 199 1450 1783 1518; baseline -0.006 -2"><span class='ocrx_word' id='word_1_91' title='bbox 199 1455 663 1516; x_wconf 21' lang='lat' dir='ltr'><strong>sexto‘adversus</strong></span> <span class='ocrx_word' id='word_1_92' title='bbox 709 1454 1122 1510; x_wconf 87' lang='lat' dir='ltr'><strong>Parmenianum</strong></span> <span class='ocrx_word' id='word_1_93' title='bbox 1169 1455 1345 1518; x_wconf 91' lang='lat' dir='ltr'><strong>libro,</strong></span> <span class='ocrx_word' id='word_1_94' title='bbox 1393 1453 1673 1509; x_wconf 89' lang='lat' dir='ltr'><strong>consilium</strong></span> <span class='ocrx_word' id='word_1_95' title='bbox 1716 1450 1783 1506; x_wconf 91' lang='lat' dir='ltr'><strong>de</strong></span> 
     </span>
    </p>
   </div>
   <div class='ocr_carea' id='block_1_15' title="bbox 123 1542 1780 1620">
    <p class='ocr_par' dir='ltr' id='par_1_15' title="bbox 123 1542 1780 1620">
     <span class='ocr_line' id='line_1_15' title="bbox 123 1542 1780 1620; baseline -0.008 -12"><span class='ocrx_word' id='word_1_96' title='bbox 123 1543 130 1552; x_wconf 72' lang='grc'><em>’</em></span> <span class='ocrx_word' id='word_1_97' title='bbox 202 1550 506 1620; x_wconf 74' lang='lat' dir='ltr'><strong>Virginibus</strong></span> <span class='ocrx_word' id='word_1_98' title='bbox 523 1547 744 1602; x_wconf 86' lang='lat' dir='ltr'><strong>Paulum</strong></span> <span class='ocrx_word' id='word_1_99' title='bbox 764 1560 1178 1616; x_wconf 86' lang='lat' dir='ltr'><strong>supererogasse</strong></span> <span class='ocrx_word' id='word_1_100' title='bbox 1199 1551 1429 1610; x_wconf 81' lang='lat' dir='ltr'><strong>testatur</strong></span> <span class='ocrx_word' id='word_1_101' title='bbox 1455 1544 1539 1598; x_wconf 90' lang='lat' dir='ltr'><strong>his</strong></span> <span class='ocrx_word' id='word_1_102' title='bbox 1565 1542 1740 1598; x_wconf 81' lang='lat' dir='ltr'><strong>verbis</strong></span> <span class='ocrx_word' id='word_1_103' title='bbox 1766 1559 1780 1594; x_wconf 90' lang='lat'><strong>:</strong></span> 
     </span>
    </p>
   </div>
   <div class='ocr_carea' id='block_1_16' title="bbox 205 1634 1780 1712">
    <p class='ocr_par' dir='ltr' id='par_1_16' title="bbox 205 1634 1780 1712">
     <span class='ocr_line' id='line_1_16' title="bbox 205 1634 1780 1712; baseline -0.005 -15"><span class='ocrx_word' id='word_1_104' title='bbox 205 1642 487 1712; x_wconf 75' lang='lat' dir='ltr'><strong>Virginitas</strong></span> <span class='ocrx_word' id='word_1_105' title='bbox 515 1639 657 1694; x_wconf 89' lang='lat' dir='ltr'><strong>enim</strong></span> <span class='ocrx_word' id='word_1_106' title='bbox 686 1637 978 1693; x_wconf 79' lang='lat' dir='ltr'><strong>voluntatis</strong></span> <span class='ocrx_word' id='word_1_107' title='bbox 1007 1651 1094 1692; x_wconf 92' lang='lat' dir='ltr'><strong>res</strong></span> <span class='ocrx_word' id='word_1_108' title='bbox 1121 1645 1237 1704; x_wconf 91' lang='lat' dir='ltr'><strong>est,</strong></span> <span class='ocrx_word' id='word_1_109' title='bbox 1279 1651 1386 1691; x_wconf 90' lang='lat' dir='ltr'><strong>non</strong></span> <span class='ocrx_word' id='word_1_110' title='bbox 1427 1634 1780 1690; x_wconf 85' lang='lat' dir='ltr'><strong>necessitatis.</strong></span> 
     </span>
    </p>
   </div>
   <div class='ocr_carea' id='block_1_17' title="bbox 204 1723 1781 1803">
    <p class='ocr_par' dir='ltr' id='par_1_17' title="bbox 204 1723 1781 1803">
     <span class='ocr_line' id='line_1_17' title="bbox 204 1723 1781 1803; baseline -0.008 -13"><span class='ocrx_word' id='word_1_111' title='bbox 204 1733 439 1803; x_wconf 85' lang='lat' dir='ltr'><strong>Denique</strong></span> <span class='ocrx_word' id='word_1_112' title='bbox 468 1729 793 1788; x_wconf 89' lang='lat' dir='ltr'><strong>stabularius</strong></span> <span class='ocrx_word' id='word_1_113' title='bbox 830 1729 920 1784; x_wconf 86' lang='lat' dir='ltr'><strong>ille</strong></span> <span class='ocrx_word' id='word_1_114' title='bbox 947 1726 1226 1797; x_wconf 90' lang='lat' dir='ltr'><strong>apostolus</strong></span> <span class='ocrx_word' id='word_1_115' title='bbox 1256 1723 1452 1780; x_wconf 87' lang='lat' dir='ltr'><strong>Paulus</strong></span> <span class='ocrx_word' id='word_1_116' title='bbox 1474 1765 1490 1790; x_wconf 96' lang='lat'><strong>,</strong></span> <span class='ocrx_word' id='word_1_117' title='bbox 1533 1723 1622 1779; x_wconf 87' lang='lat' dir='ltr'><strong>cui</strong></span> <span class='ocrx_word' id='word_1_118' title='bbox 1649 1738 1781 1779; x_wconf 86' lang='lat' dir='ltr'><strong>con-</strong></span> 
     </span>
    </p>
   </div>
   <div class='ocr_carea' id='block_1_18' title="bbox 205 1813 1784 1896">
    <p class='ocr_par' dir='ltr' id='par_1_18' title="bbox 205 1813 1784 1896">
     <span class='ocr_line' id='line_1_18' title="bbox 205 1813 1784 1896; baseline -0.009 -13"><span class='ocrx_word' id='word_1_119' title='bbox 205 1827 372 1883; x_wconf 79' lang='lat' dir='ltr'><strong>fossus</strong></span> <span class='ocrx_word' id='word_1_120' title='bbox 399 1832 742 1896; x_wconf 82' lang='lat' dir='ltr'><strong>peccatorum</strong></span> <span class='ocrx_word' id='word_1_121' title='bbox 782 1819 1091 1875; x_wconf 88' lang='lat' dir='ltr'><strong>vulneribus</strong></span> <span class='ocrx_word' id='word_1_122' title='bbox 1120 1820 1348 1888; x_wconf 91' lang='lat' dir='ltr'><strong>populus</strong></span> <span class='ocrx_word' id='word_1_123' title='bbox 1375 1813 1784 1872; x_wconf 84' lang='lat' dir='ltr'><strong>commendatus</strong></span> 
     </span>
    </p>
   </div>
   <div class='ocr_carea' id='block_1_19' title="bbox 1881 622 3461 696">
    <p class='ocr_par' dir='ltr' id='par_1_19' title="bbox 1881 622 3461 696">
     <span class='ocr_line' id='line_1_19' title="bbox 1881 622 3461 696; baseline 0 -16"><span class='ocrx_word' id='word_1_124' title='bbox 1881 625 2220 681; x_wconf 85' lang='lat' dir='ltr'><strong>tricamerata</strong></span> <span class='ocrx_word' id='word_1_125' title='bbox 2261 631 2679 688; x_wconf 87' lang='lat' dir='ltr'><strong>construuntur,</strong></span> <span class='ocrx_word' id='word_1_126' title='bbox 2720 624 2861 680; x_wconf 89' lang='lat' dir='ltr'><strong>sicut</strong></span> <span class='ocrx_word' id='word_1_127' title='bbox 2897 639 2965 680; x_wconf 86' lang='lat' dir='ltr'><strong>ex</strong></span> <span class='ocrx_word' id='word_1_128' title='bbox 3007 623 3256 680; x_wconf 89' lang='lat' dir='ltr'><strong>omnibus</strong></span> <span class='ocrx_word' id='word_1_129' title='bbox 3284 622 3461 696; x_wconf 84' lang='lat' dir='ltr'><strong>genti-</strong></span> 
     </span>
    </p>
   </div>
   <div class='ocr_carea' id='block_1_20' title="bbox 1876 713 3455 789">
    <p class='ocr_par' dir='ltr' id='par_1_20' title="bbox 1876 713 3455 789">
     <span class='ocr_line' id='line_1_20' title="bbox 1876 713 3455 789; baseline -0.001 -16"><span class='ocrx_word' id='word_1_130' title='bbox 1876 718 1976 774; x_wconf 90' lang='lat' dir='ltr'><strong>bus</strong></span> <span class='ocrx_word' id='word_1_131' title='bbox 2002 717 2089 774; x_wconf 90' lang='lat' dir='ltr'><strong>vel</strong></span> <span class='ocrx_word' id='word_1_132' title='bbox 2115 717 2422 789; x_wconf 89' lang='lat' dir='ltr'><strong>bipartitam</strong></span> <span class='ocrx_word' id='word_1_133' title='bbox 2451 715 2842 772; x_wconf 86' lang='lat' dir='ltr'><strong>multitudinem</strong></span> <span class='ocrx_word' id='word_1_134' title='bbox 2870 725 3163 786; x_wconf 76' lang='lat' dir='ltr'><strong>congregat</strong></span> <span class='ocrx_word' id='word_1_135' title='bbox 3187 713 3455 786; x_wconf 79' lang='lat' dir='ltr'><strong>Ecclesia,</strong></span> 
     </span>
    </p>
   </div>
   <div class='ocr_carea' id='block_1_21' title="bbox 1879 809 3466 892">
    <p class='ocr_par' dir='ltr' id='par_1_21' title="bbox 1879 809 3466 892">
     <span class='ocr_line' id='line_1_21' title="bbox 1879 809 3466 892; baseline -0.001 -26"><span class='ocrx_word' id='word_1_136' title='bbox 1879 819 2098 883; x_wconf 88' lang='lat' dir='ltr'><strong>propter</strong></span> <span class='ocrx_word' id='word_1_137' title='bbox 2124 811 2586 892; x_wconf 86' lang='lat' dir='ltr'><strong>circumcisionem</strong></span> <span class='ocrx_word' id='word_1_138' title='bbox 2615 817 2672 865; x_wconf 89' lang='lat' dir='ltr'><strong>et</strong></span> <span class='ocrx_word' id='word_1_139' title='bbox 2702 809 3022 881; x_wconf 63' lang='lat' dir='ltr'><strong>praeputium</strong></span> <span class='ocrx_word' id='word_1_140' title='bbox 3045 849 3061 874; x_wconf 91' lang='lat'><strong>,</strong></span> <span class='ocrx_word' id='word_1_141' title='bbox 3099 809 3184 864; x_wconf 89' lang='lat' dir='ltr'><strong>vel</strong></span> <span class='ocrx_word' id='word_1_142' title='bbox 3226 809 3466 880; x_wconf 79' lang='lat' dir='ltr'><strong>triparti-</strong></span> 
     </span>
    </p>
   </div>
   <div class='ocr_carea' id='block_1_22' title="bbox 1879 890 3464 975">
    <p class='ocr_par' dir='ltr' id='par_1_22' title="bbox 1879 890 3464 975">
     <span class='ocr_line' id='line_1_22' title="bbox 1879 890 3464 975; baseline 0 -18"><span class='ocrx_word' id='word_1_143' title='bbox 1879 911 1989 958; x_wconf 90' lang='lat' dir='ltr'><strong>tam</strong></span> <span class='ocrx_word' id='word_1_144' title='bbox 2017 911 2241 975; x_wconf 81' lang='lat' dir='ltr'><strong>propter</strong></span> <span class='ocrx_word' id='word_1_145' title='bbox 2267 910 2375 958; x_wconf 89' lang='lat' dir='ltr'><strong>tres</strong></span> <span class='ocrx_word' id='word_1_146' title='bbox 2402 890 2542 958; x_wconf 87' lang='lat' dir='ltr'><strong>lilios</strong></span> <span class='ocrx_word' id='word_1_147' title='bbox 2569 903 2681 958; x_wconf 86' lang='lat' dir='ltr'><strong>Noe</strong></span> <span class='ocrx_word' id='word_1_148' title='bbox 2700 945 2715 969; x_wconf 90' lang='lat'><strong>,</strong></span> <span class='ocrx_word' id='word_1_149' title='bbox 2745 917 2972 973; x_wconf 90' lang='lat' dir='ltr'><strong>quorum</strong></span> <span class='ocrx_word' id='word_1_150' title='bbox 3001 901 3258 973; x_wconf 83' lang='lat' dir='ltr'><strong>progenie</strong></span> <span class='ocrx_word' id='word_1_151' title='bbox 3286 901 3464 972; x_wconf 87' lang='lat' dir='ltr'><strong>reple-</strong></span> 
     </span>
    </p>
   </div>
   <div class='ocr_carea' id='block_1_23' title="bbox 1883 991 3467 1066">
    <p class='ocr_par' dir='ltr' id='par_1_23' title="bbox 1883 991 3467 1066">
     <span class='ocr_line' id='line_1_23' title="bbox 1883 991 3467 1066; baseline -0.004 -15"><span class='ocrx_word' id='word_1_152' title='bbox 1883 1007 1967 1051; x_wconf 91' lang='lat' dir='ltr'><strong>tus</strong></span> <span class='ocrx_word' id='word_1_153' title='bbox 1993 1004 2076 1052; x_wconf 85' lang='lat' dir='ltr'><strong>est</strong></span> <span class='ocrx_word' id='word_1_154' title='bbox 2104 996 2271 1054; x_wconf 84' lang='lat' dir='ltr'><strong>orbis.</strong></span> <span class='ocrx_word' id='word_1_155' title='bbox 2304 1014 2324 1050; x_wconf 76' lang='grc' dir='ltr'><strong>ι</strong></span> <span class='ocrx_word' id='word_1_156' title='bbox 2355 995 2411 1049; x_wconf 94' lang='lat' dir='ltr'><strong>ln</strong></span> <span class='ocrx_word' id='word_1_157' title='bbox 2436 995 2836 1066; x_wconf 91' lang='lat' dir='ltr'><strong>quintodecimo</strong></span> <span class='ocrx_word' id='word_1_158' title='bbox 2868 1003 3045 1048; x_wconf 91' lang='lat' dir='ltr'><strong>autem</strong></span> <span class='ocrx_word' id='word_1_159' title='bbox 3075 992 3212 1048; x_wconf 93' lang='lat' dir='ltr'><strong>libro</strong></span> <span class='ocrx_word' id='word_1_160' title='bbox 3236 991 3303 1048; x_wconf 90' lang='lat' dir='ltr'><strong>de</strong></span> <span class='ocrx_word' id='word_1_161' title='bbox 3329 991 3467 1047; x_wconf 83' lang='lat' dir='ltr'><strong>Civi-</strong></span> 
     </span>
    </p>
   </div>
   <div class='ocr_carea' id='block_1_24' title="bbox 1883 1083 3466 1154">
    <p class='ocr_par' dir='ltr' id='par_1_24' title="bbox 1883 1083 3466 1154">
     <span class='ocr_line' id='line_1_24' title="bbox 1883 1083 3466 1154; baseline -0.003 -13"><span class='ocrx_word' id='word_1_162' title='bbox 1883 1095 1992 1142; x_wconf 89' lang='lat' dir='ltr'><strong><em>tate</em></strong></span> <span class='ocrx_word' id='word_1_163' title='bbox 2024 1086 2136 1152; x_wconf 88' lang='lat' dir='ltr'><strong>Dei,</strong></span> <span class='ocrx_word' id='word_1_164' title='bbox 2164 1094 2473 1141; x_wconf 77' lang='lat' dir='ltr'><strong>memoratae</strong></span> <span class='ocrx_word' id='word_1_165' title='bbox 2501 1101 2640 1141; x_wconf 66' lang='lat' dir='ltr'><strong>arcte</strong></span> <span class='ocrx_word' id='word_1_166' title='bbox 2669 1101 2765 1154; x_wconf 91' lang='lat' dir='ltr'><strong>pro</strong></span> <span class='ocrx_word' id='word_1_167' title='bbox 2797 1085 2900 1140; x_wconf 90' lang='lat' dir='ltr'><strong>loci</strong></span> <span class='ocrx_word' id='word_1_168' title='bbox 2944 1083 3345 1154; x_wconf 87' lang='lat' dir='ltr'><strong>opportunitate</strong></span> <span class='ocrx_word' id='word_1_169' title='bbox 3374 1096 3466 1151; x_wconf 88' lang='lat' dir='ltr'><strong>ag-</strong></span> 
     </span>
    </p>
   </div>
   <div class='ocr_carea' id='block_1_25' title="bbox 1882 1171 3467 1248">
    <p class='ocr_par' dir='ltr' id='par_1_25' title="bbox 1882 1171 3467 1248">
     <span class='ocr_line' id='line_1_25' title="bbox 1882 1171 3467 1248; baseline -0.004 -14"><span class='ocrx_word' id='word_1_170' title='bbox 1882 1193 2100 1248; x_wconf 75' lang='lat' dir='ltr'><strong>gressus</strong></span> <span class='ocrx_word' id='word_1_171' title='bbox 2129 1192 2401 1248; x_wconf 85' lang='lat' dir='ltr'><strong>exponere</strong></span> <span class='ocrx_word' id='word_1_172' title='bbox 2425 1185 2850 1242; x_wconf 87' lang='lat' dir='ltr'><strong>sacramentum,</strong></span> <span class='ocrx_word' id='word_1_173' title='bbox 2884 1182 3007 1246; x_wconf 89' lang='lat' dir='ltr'><strong>post</strong></span> <span class='ocrx_word' id='word_1_174' title='bbox 3034 1173 3208 1243; x_wconf 91' lang='lat' dir='ltr'><strong>aliqua</strong></span> <span class='ocrx_word' id='word_1_175' title='bbox 3228 1210 3244 1236; x_wconf 94' lang='lat'><strong>,</strong></span> <span class='ocrx_word' id='word_1_176' title='bbox 3277 1173 3330 1227; x_wconf 92' lang='lat' dir='ltr'><strong>in</strong></span> <span class='ocrx_word' id='word_1_177' title='bbox 3362 1171 3467 1227; x_wconf 89' lang='lat' dir='ltr'><strong>hoc</strong></span> 
     </span>
    </p>
   </div>
   <div class='ocr_carea' id='block_1_26' title="bbox 1882 1243 3494 1337">
    <p class='ocr_par' dir='ltr' id='par_1_26' title="bbox 1882 1243 3494 1337">
     <span class='ocr_line' id='line_1_26' title="bbox 1882 1243 3494 1337; baseline -0.002 -15"><span class='ocrx_word' id='word_1_178' title='bbox 1882 1267 2027 1337; x_wconf 90' lang='lat' dir='ltr'><strong>quod</strong></span> <span class='ocrx_word' id='word_1_179' title='bbox 2070 1267 2267 1324; x_wconf 89' lang='lat' dir='ltr'><strong>dicitur</strong></span> <span class='ocrx_word' id='word_1_180' title='bbox 2316 1267 2697 1323; x_wconf 87' lang='lat' dir='ltr'><strong>bicameratam</strong></span> <span class='ocrx_word' id='word_1_181' title='bbox 2745 1273 2802 1320; x_wconf 90' lang='lat' dir='ltr'><strong><em>et</em></strong></span> <span class='ocrx_word' id='word_1_182' title='bbox 2843 1243 3241 1320; x_wconf 85' lang='lat' dir='ltr'><strong>tricameratam</strong></span> <span class='ocrx_word' id='word_1_183' title='bbox 3283 1243 3494 1318; x_wconf 8' lang='lat' dir='ltr'><strong>arcam?</strong></span> 
     </span>
    </p>
   </div>
   <div class='ocr_carea' id='block_1_27' title="bbox 1884 1353 3471 1426">
    <p class='ocr_par' dir='ltr' id='par_1_27' title="bbox 1884 1353 3471 1426">
     <span class='ocr_line' id='line_1_27' title="bbox 1884 1353 3471 1426; baseline 0 -16"><span class='ocrx_word' id='word_1_184' title='bbox 1884 1356 1996 1413; x_wconf 87' lang='lat' dir='ltr'><strong>Noe</strong></span> <span class='ocrx_word' id='word_1_185' title='bbox 2024 1357 2222 1413; x_wconf 88' lang='lat' dir='ltr'><strong>debere</strong></span> <span class='ocrx_word' id='word_1_186' title='bbox 2251 1358 2513 1418; x_wconf 88' lang='lat' dir='ltr'><strong>construi,</strong></span> <span class='ocrx_word' id='word_1_187' title='bbox 2541 1356 2682 1411; x_wconf 91' lang='lat' dir='ltr'><strong>illius</strong></span> <span class='ocrx_word' id='word_1_188' title='bbox 2710 1356 3062 1426; x_wconf 82' lang='lat' dir='ltr'><strong>expositionis</strong></span> <span class='ocrx_word' id='word_1_189' title='bbox 3089 1370 3208 1426; x_wconf 64' lang='lat' dir='ltr'><strong>qua:</strong></span> <span class='ocrx_word' id='word_1_190' title='bbox 3236 1354 3290 1409; x_wconf 93' lang='lat' dir='ltr'><strong>in</strong></span> <span class='ocrx_word' id='word_1_191' title='bbox 3321 1353 3471 1410; x_wconf 89' lang='lat' dir='ltr'><strong>libris</strong></span> 
     </span>
    </p>
   </div>
   <div class='ocr_carea' id='block_1_28' title="bbox 1885 1445 3470 1515">
    <p class='ocr_par' dir='ltr' id='par_1_28' title="bbox 1885 1445 3470 1515">
     <span class='ocr_line' id='line_1_28' title="bbox 1885 1445 3470 1515; baseline -0.003 -11"><span class='ocrx_word' id='word_1_192' title='bbox 1885 1449 2143 1506; x_wconf 86' lang='lat' dir='ltr'><strong>adversus</strong></span> <span class='ocrx_word' id='word_1_193' title='bbox 2184 1448 2439 1505; x_wconf 89' lang='lat' dir='ltr'><strong>Faustum</strong></span> <span class='ocrx_word' id='word_1_194' title='bbox 2484 1448 2836 1504; x_wconf 68' lang='lat' dir='ltr'><strong>Manichmum</strong></span> <span class='ocrx_word' id='word_1_195' title='bbox 2879 1447 3227 1515; x_wconf 89' lang='lat' dir='ltr'><strong>continetur,</strong></span> <span class='ocrx_word' id='word_1_196' title='bbox 3275 1445 3470 1501; x_wconf 87' lang='lat' dir='ltr'><strong>indidit</strong></span> 
     </span>
    </p>
   </div>
   <div class='ocr_carea' id='block_1_29' title="bbox 1886 1536 3469 1611">
    <p class='ocr_par' dir='ltr' id='par_1_29' title="bbox 1886 1536 3469 1611">
     <span class='ocr_line' id='line_1_29' title="bbox 1886 1536 3469 1611; baseline -0.003 -13"><span class='ocrx_word' id='word_1_197' title='bbox 1886 1542 2214 1598; x_wconf 90' lang='lat' dir='ltr'><strong>mentionem</strong></span> <span class='ocrx_word' id='word_1_198' title='bbox 2239 1583 2254 1606; x_wconf 95' lang='lat'><strong>,</strong></span> <span class='ocrx_word' id='word_1_199' title='bbox 2305 1542 2418 1597; x_wconf 73' lang='lat' dir='ltr'><strong>hch</strong></span> <span class='ocrx_word' id='word_1_200' title='bbox 2450 1541 2841 1611; x_wconf 88' lang='lat' dir='ltr'><strong>subsequenter</strong></span> <span class='ocrx_word' id='word_1_201' title='bbox 2867 1539 3123 1611; x_wconf 89' lang='lat' dir='ltr'><strong>adjiciens</strong></span> <span class='ocrx_word' id='word_1_202' title='bbox 3149 1558 3162 1593; x_wconf 88' lang='lat'><strong>:</strong></span> <span class='ocrx_word' id='word_1_203' title='bbox 3214 1559 3234 1592; x_wconf 75' lang='grc' dir='ltr'><strong>ι</strong></span> <span class='ocrx_word' id='word_1_204' title='bbox 3261 1536 3328 1594; x_wconf 84' lang='grc' dir='ltr'>Ει</span> <span class='ocrx_word' id='word_1_205' title='bbox 3355 1537 3469 1594; x_wconf 79' lang='lat' dir='ltr'><strong>ﬁeri</strong></span> 
     </span>
    </p>
   </div>
   <div class='ocr_carea' id='block_1_30' title="bbox 1886 1623 3470 1704">
    <p class='ocr_par' dir='ltr' id='par_1_30' title="bbox 1886 1623 3470 1704">
     <span class='ocr_line' id='line_1_30' title="bbox 1886 1623 3470 1704; baseline -0.003 -15"><span class='ocrx_word' id='word_1_206' title='bbox 1886 1633 2102 1704; x_wconf 85' lang='lat' dir='ltr'><strong>quidem</strong></span> <span class='ocrx_word' id='word_1_207' title='bbox 2133 1640 2330 1703; x_wconf 89' lang='lat' dir='ltr'><strong>potest,</strong></span> <span class='ocrx_word' id='word_1_208' title='bbox 2365 1640 2424 1687; x_wconf 93' lang='lat' dir='ltr'><strong>ut</strong></span> <span class='ocrx_word' id='word_1_209' title='bbox 2446 1641 2503 1688; x_wconf 90' lang='lat' dir='ltr'><strong>et</strong></span> <span class='ocrx_word' id='word_1_210' title='bbox 2531 1632 2687 1689; x_wconf 89' lang='lat' dir='ltr'><strong>nobis</strong></span> <span class='ocrx_word' id='word_1_211' title='bbox 2708 1623 2973 1703; x_wconf 85' lang='lat' dir='ltr'><strong>quispiam</strong></span> <span class='ocrx_word' id='word_1_212' title='bbox 3003 1639 3060 1686; x_wconf 91' lang='lat' dir='ltr'><strong>et</strong></span> <span class='ocrx_word' id='word_1_213' title='bbox 3086 1631 3222 1686; x_wconf 90' lang='lat' dir='ltr'><strong>alius</strong></span> <span class='ocrx_word' id='word_1_214' title='bbox 3245 1630 3350 1686; x_wconf 88' lang='lat' dir='ltr'><strong>alio</strong></span> <span class='ocrx_word' id='word_1_215' title='bbox 3377 1644 3470 1684; x_wconf 85' lang='lat' dir='ltr'><strong>ex-</strong></span> 
     </span>
    </p>
   </div>
   <div class='ocr_carea' id='block_1_31' title="bbox 1887 1721 3470 1798">
    <p class='ocr_par' dir='ltr' id='par_1_31' title="bbox 1887 1721 3470 1798">
     <span class='ocr_line' id='line_1_31' title="bbox 1887 1721 3470 1798; baseline -0.003 -16"><span class='ocrx_word' id='word_1_216' title='bbox 1887 1737 2059 1798; x_wconf 86' lang='lat' dir='ltr'><strong>ponat</strong></span> <span class='ocrx_word' id='word_1_217' title='bbox 2083 1728 2196 1782; x_wconf 77' lang='lat' dir='ltr'><strong>luec</strong></span> <span class='ocrx_word' id='word_1_218' title='bbox 2225 1727 2420 1796; x_wconf 85' lang='lat' dir='ltr'><strong>aptius.</strong></span> <span class='ocrx_word' id='word_1_219' title='bbox 2462 1727 2595 1781; x_wconf 90' lang='lat' dir='ltr'><strong>Dum</strong></span> <span class='ocrx_word' id='word_1_220' title='bbox 2639 1736 2815 1781; x_wconf 88' lang='lat' dir='ltr'><strong>tamen</strong></span> <span class='ocrx_word' id='word_1_221' title='bbox 2857 1742 2920 1781; x_wconf 90' lang='lat' dir='ltr'><strong>ea</strong></span> <span class='ocrx_word' id='word_1_222' title='bbox 2960 1741 3079 1797; x_wconf 67' lang='lat' dir='ltr'><strong>qua:</strong></span> <span class='ocrx_word' id='word_1_223' title='bbox 3125 1725 3374 1780; x_wconf 91' lang='lat' dir='ltr'><strong>dicuntur</strong></span> <span class='ocrx_word' id='word_1_224' title='bbox 3403 1721 3470 1778; x_wconf 87' lang='lat' dir='ltr'><strong>ad</strong></span> 
     </span>
    </p>
   </div>
   <div class='ocr_carea' id='block_1_32' title="bbox 1888 1799 3471 1889">
    <p class='ocr_par' dir='ltr' id='par_1_32' title="bbox 1888 1799 3471 1889">
     <span class='ocr_line' id='line_1_32' title="bbox 1888 1799 3471 1889; baseline -0.003 -17"><span class='ocrx_word' id='word_1_225' title='bbox 1888 1819 2048 1882; x_wconf 91' lang='lat' dir='ltr'><strong>hanc,</strong></span> <span class='ocrx_word' id='word_1_226' title='bbox 2071 1819 2138 1873; x_wconf 87' lang='lat' dir='ltr'><strong>de</strong></span> <span class='ocrx_word' id='word_1_227' title='bbox 2163 1834 2267 1887; x_wconf 91' lang='lat' dir='ltr'><strong>qua</strong></span> <span class='ocrx_word' id='word_1_228' title='bbox 2299 1818 2598 1889; x_wconf 85' lang='lat' dir='ltr'><strong>loquimur,</strong></span> <span class='ocrx_word' id='word_1_229' title='bbox 2629 1817 2722 1872; x_wconf 90' lang='lat' dir='ltr'><strong>Dei</strong></span> <span class='ocrx_word' id='word_1_230' title='bbox 2751 1818 3022 1872; x_wconf 85' lang='lat' dir='ltr'><strong>civitatem</strong></span> <span class='ocrx_word' id='word_1_231' title='bbox 3050 1817 3103 1872; x_wconf 92' lang='lat' dir='ltr'><strong>in</strong></span> <span class='ocrx_word' id='word_1_232' title='bbox 3129 1818 3237 1872; x_wconf 63' lang='lat' dir='ltr'><strong>hoc</strong></span> <span class='ocrx_word' id='word_1_233' title='bbox 3273 1799 3471 1871; x_wconf 64' lang='lat' dir='ltr'><strong>sarculo</strong></span> 
     </span>
    </p>
   </div>
   <div class='ocr_carea' id='block_1_33' title="bbox 205 1906 3468 1985">
    <p class='ocr_par' dir='ltr' id='par_1_33' title="bbox 205 1906 3468 1985">
     <span class='ocr_line' id='line_1_33' title="bbox 205 1906 3468 1985; baseline -0.005 -8"><span class='ocrx_word' id='word_1_234' title='bbox 205 1928 316 1985; x_wconf 86' lang='lat' dir='ltr'><strong>est,</strong></span> <span class='ocrx_word' id='word_1_235' title='bbox 367 1919 504 1974; x_wconf 88' lang='lat' dir='ltr'><strong>duos</strong></span> <span class='ocrx_word' id='word_1_236' title='bbox 527 1915 778 1971; x_wconf 83' lang='lat' dir='ltr'><strong>denarios</strong></span> <span class='ocrx_word' id='word_1_237' title='bbox 804 1929 942 1984; x_wconf 89' lang='lat' dir='ltr'><strong>quos</strong></span> <span class='ocrx_word' id='word_1_238' title='bbox 969 1919 1246 1980; x_wconf 89' lang='lat' dir='ltr'><strong>erogasset</strong></span> <span class='ocrx_word' id='word_1_239' title='bbox 1276 1909 1368 1982; x_wconf 90' lang='lat' dir='ltr'><strong>(al.</strong></span> <span class='ocrx_word' id='word_1_240' title='bbox 1399 1907 1670 1980; x_wconf 79' lang='lat' dir='ltr'><strong>erogaret)</strong></span> <span class='ocrx_word' id='word_1_241' title='bbox 1698 1922 1787 1964; x_wconf 89' lang='lat' dir='ltr'><strong>ac—</strong></span> <span class='ocrx_word' id='word_1_242' title='bbox 1817 1916 1866 1977; x_wconf 82' lang='grc' dir='ltr'><strong>Β</strong></span> <span class='ocrx_word' id='word_1_243' title='bbox 1891 1910 2154 1977; x_wconf 86' lang='lat' dir='ltr'><strong>maligno,</strong></span> <span class='ocrx_word' id='word_1_244' title='bbox 2184 1918 2435 1976; x_wconf 88' lang='lat' dir='ltr'><strong>tanquam</strong></span> <span class='ocrx_word' id='word_1_245' title='bbox 2465 1909 2515 1962; x_wconf 92' lang='lat' dir='ltr'><strong>in</strong></span> <span class='ocrx_word' id='word_1_246' title='bbox 2539 1908 2741 1964; x_wconf 90' lang='lat' dir='ltr'><strong>diluvio</strong></span> <span class='ocrx_word' id='word_1_247' title='bbox 2772 1909 3201 1978; x_wconf 76' lang='lat' dir='ltr'><strong>peregrinantem</strong></span> <span class='ocrx_word' id='word_1_248' title='bbox 3229 1949 3244 1975; x_wconf 96' lang='lat'><strong>,</strong></span> <span class='ocrx_word' id='word_1_249' title='bbox 3288 1906 3468 1962; x_wconf 82' lang='lat' dir='ltr'><strong>omnia</strong></span> 
     </span>
    </p>
   </div>
   <div class='ocr_carea' id='block_1_34' title="bbox 207 2002 1783 2085">
    <p class='ocr_par' dir='ltr' id='par_1_34' title="bbox 207 2002 1783 2085">
     <span class='ocr_line' id='line_1_34' title="bbox 207 2002 1783 2085; baseline -0.01 -14"><span class='ocrx_word' id='word_1_250' title='bbox 207 2019 435 2085; x_wconf 84' lang='lat' dir='ltr'><strong>ceperat,</strong></span> <span class='ocrx_word' id='word_1_251' title='bbox 459 2012 568 2066; x_wconf 90' lang='lat' dir='ltr'><strong>duo</strong></span> <span class='ocrx_word' id='word_1_252' title='bbox 590 2009 795 2065; x_wconf 87' lang='lat' dir='ltr'><strong>scilicet</strong></span> <span class='ocrx_word' id='word_1_253' title='bbox 809 2006 1173 2062; x_wconf 87' lang='lat' dir='ltr'><strong>Testamenta.</strong></span> <span class='ocrx_word' id='word_1_254' title='bbox 1203 2003 1326 2060; x_wconf 80' lang='lat' dir='ltr'><strong>llzec</strong></span> <span class='ocrx_word' id='word_1_255' title='bbox 1347 2018 1442 2075; x_wconf 89' lang='lat' dir='ltr'><strong>per</strong></span> <span class='ocrx_word' id='word_1_256' title='bbox 1461 2002 1783 2070; x_wconf 88' lang='lat' dir='ltr'><strong>doctrinam,</strong></span> 
     </span>
    </p>
   </div>
   <div class='ocr_carea' id='block_1_35' title="bbox 207 2097 1793 2182">
    <p class='ocr_par' dir='ltr' id='par_1_35' title="bbox 207 2097 1793 2182">
     <span class='ocr_line' id='line_1_35' title="bbox 207 2097 1793 2182; baseline -0.009 -17"><span class='ocrx_word' id='word_1_257' title='bbox 207 2110 354 2182; x_wconf 82' lang='lat' dir='ltr'><strong>quasi</strong></span> <span class='ocrx_word' id='word_1_258' title='bbox 382 2118 629 2178; x_wconf 88' lang='lat' dir='ltr'><strong>sumptus</strong></span> <span class='ocrx_word' id='word_1_259' title='bbox 653 2102 930 2175; x_wconf 86' lang='lat' dir='ltr'><strong>impendit.</strong></span> <span class='ocrx_word' id='word_1_260' title='bbox 969 2099 1160 2157; x_wconf 89' lang='lat' dir='ltr'><strong>Docuit</strong></span> <span class='ocrx_word' id='word_1_261' title='bbox 1184 2100 1457 2170; x_wconf 88' lang='lat' dir='ltr'><strong>quomodo</strong></span> <span class='ocrx_word' id='word_1_262' title='bbox 1481 2097 1793 2168; x_wconf 80' lang='lat' dir='ltr'><strong>conjugales</strong></span> 
     </span>
    </p>
   </div>
   <div class='ocr_carea' id='block_1_36' title="bbox 210 2189 1788 2267">
    <p class='ocr_par' dir='ltr' id='par_1_36' title="bbox 210 2189 1788 2267">
     <span class='ocr_line' id='line_1_36' title="bbox 210 2189 1788 2267; baseline -0.009 -7"><span class='ocrx_word' id='word_1_263' title='bbox 210 2201 496 2260; x_wconf 83' lang='lat' dir='ltr'><strong>Christiani</strong></span> <span class='ocrx_word' id='word_1_264' title='bbox 525 2198 759 2255; x_wconf 89' lang='lat' dir='ltr'><strong>debeant</strong></span> <span class='ocrx_word' id='word_1_265' title='bbox 784 2196 1001 2258; x_wconf 88' lang='lat' dir='ltr'><strong>vivere,</strong></span> <span class='ocrx_word' id='word_1_266' title='bbox 1040 2194 1108 2250; x_wconf 91' lang='lat' dir='ltr'><strong>de</strong></span> <span class='ocrx_word' id='word_1_267' title='bbox 1138 2191 1234 2267; x_wconf 91' lang='lat' dir='ltr'><strong>(al.</strong></span> <span class='ocrx_word' id='word_1_268' title='bbox 1265 2189 1322 2264; x_wconf 80' lang='lat' dir='ltr'><strong>a)</strong></span> <span class='ocrx_word' id='word_1_269' title='bbox 1348 2210 1456 2264; x_wconf 93' lang='lat' dir='ltr'><strong>quo</strong></span> <span class='ocrx_word' id='word_1_270' title='bbox 1485 2208 1608 2248; x_wconf 90' lang='lat' dir='ltr'><strong>cum</strong></span> <span class='ocrx_word' id='word_1_271' title='bbox 1639 2207 1788 2263; x_wconf 65' lang='lat' dir='ltr'><strong>quae—</strong></span> 
     </span>
    </p>
   </div>
   <div class='ocr_carea' id='block_1_37' title="bbox 211 2281 1787 2362">
    <p class='ocr_par' dir='ltr' id='par_1_37' title="bbox 211 2281 1787 2362">
     <span class='ocr_line' id='line_1_37' title="bbox 211 2281 1787 2362; baseline -0.01 -10"><span class='ocrx_word' id='word_1_272' title='bbox 211 2303 414 2353; x_wconf 88' lang='lat' dir='ltr'><strong>reretur</strong></span> <span class='ocrx_word' id='word_1_273' title='bbox 457 2290 589 2362; x_wconf 88' lang='lat' dir='ltr'><strong>quid</strong></span> <span class='ocrx_word' id='word_1_274' title='bbox 634 2291 702 2344; x_wconf 89' lang='lat' dir='ltr'><strong>de</strong></span> <span class='ocrx_word' id='word_1_275' title='bbox 733 2287 1025 2357; x_wconf 79' lang='lat' dir='ltr'><strong>virginibus</strong></span> <span class='ocrx_word' id='word_1_276' title='bbox 1071 2286 1432 2356; x_wconf 66' lang='lat' dir='ltr'><strong>praeciperet,</strong></span> <span class='ocrx_word' id='word_1_277' title='bbox 1486 2281 1787 2354; x_wconf 86' lang='lat' dir='ltr'><strong>respondit,</strong></span> 
     </span>
    </p>
   </div>
   <div class='ocr_carea' id='block_1_38' title="bbox 211 2370 1789 2457">
    <p class='ocr_par' dir='ltr' id='par_1_38' title="bbox 211 2370 1789 2457">
     <span class='ocr_line' id='line_1_38' title="bbox 211 2370 1789 2457; baseline -0.011 -12"><span class='ocrx_word' id='word_1_278' title='bbox 211 2389 298 2446; x_wconf 68' lang='lat' dir='ltr'><strong>sibi</strong></span> <span class='ocrx_word' id='word_1_279' title='bbox 317 2389 382 2442; x_wconf 86' lang='lat' dir='ltr'><strong>de</strong></span> <span class='ocrx_word' id='word_1_280' title='bbox 402 2382 686 2457; x_wconf 80' lang='lat' dir='ltr'><strong>virginibus</strong></span> <span class='ocrx_word' id='word_1_281' title='bbox 706 2380 835 2436; x_wconf 80' lang='lat' dir='ltr'><strong>nihil</strong></span> <span class='ocrx_word' id='word_1_282' title='bbox 859 2397 968 2435; x_wconf 90' lang='lat' dir='ltr'><strong>esse</strong></span> <span class='ocrx_word' id='word_1_283' title='bbox 987 2378 1290 2434; x_wconf 82' lang='lat' dir='ltr'><strong>mandatum</strong></span> <span class='ocrx_word' id='word_1_284' title='bbox 1321 2375 1374 2448; x_wconf 86' lang='grc'><strong>(1</strong></span> <span class='ocrx_word' id='word_1_285' title='bbox 1395 2374 1516 2431; x_wconf 87' lang='lat' dir='ltr'><strong>Cor.</strong></span> <span class='ocrx_word' id='word_1_286' title='bbox 1546 2391 1648 2439; x_wconf 87' lang='lat' dir='ltr'><strong>vn,</strong></span> <span class='ocrx_word' id='word_1_287' title='bbox 1673 2370 1789 2443; x_wconf 75' lang='lat'><strong>25).</strong></span> 
     </span>
    </p>
   </div>
   <div class='ocr_carea' id='block_1_39' title="bbox 214 2466 1795 2544">
    <p class='ocr_par' dir='ltr' id='par_1_39' title="bbox 214 2466 1795 2544">
     <span class='ocr_line' id='line_1_39' title="bbox 214 2466 1795 2544; baseline -0.013 -4"><span class='ocrx_word' id='word_1_288' title='bbox 214 2480 498 2540; x_wconf 70' lang='lat' dir='ltr'><strong>Cordessus</strong></span> <span class='ocrx_word' id='word_1_289' title='bbox 524 2484 628 2544; x_wconf 91' lang='lat' dir='ltr'><strong>est,</strong></span> <span class='ocrx_word' id='word_1_290' title='bbox 666 2491 726 2533; x_wconf 87' lang='lat' dir='ltr'><strong>se</strong></span> <span class='ocrx_word' id='word_1_291' title='bbox 753 2474 860 2532; x_wconf 89' lang='lat' dir='ltr'><strong>duo</strong></span> <span class='ocrx_word' id='word_1_292' title='bbox 887 2472 1262 2538; x_wconf 84' lang='lat' dir='ltr'><strong>Testamenta,</strong></span> <span class='ocrx_word' id='word_1_293' title='bbox 1293 2470 1398 2525; x_wconf 89' lang='lat' dir='ltr'><strong>hoc</strong></span> <span class='ocrx_word' id='word_1_294' title='bbox 1426 2477 1508 2524; x_wconf 91' lang='lat' dir='ltr'><strong>est</strong></span> <span class='ocrx_word' id='word_1_295' title='bbox 1535 2467 1671 2523; x_wconf 91' lang='lat' dir='ltr'><strong>duos</strong></span> <span class='ocrx_word' id='word_1_296' title='bbox 1699 2466 1795 2521; x_wconf 91' lang='lat' dir='ltr'><strong>de-</strong></span> 
     </span>
    </p>
   </div>
   <div class='ocr_carea' id='block_1_40' title="bbox 218 2557 1795 2639">
    <p class='ocr_par' dir='ltr' id='par_1_40' title="bbox 218 2557 1795 2639">
     <span class='ocr_line' id='line_1_40' title="bbox 218 2557 1795 2639; baseline -0.013 -9"><span class='ocrx_word' id='word_1_297' title='bbox 218 2575 386 2630; x_wconf 83' lang='lat' dir='ltr'><strong>narios</strong></span> <span class='ocrx_word' id='word_1_298' title='bbox 414 2583 691 2639; x_wconf 80' lang='lat' dir='ltr'><strong>erogasse.</strong></span> <span class='ocrx_word' id='word_1_299' title='bbox 732 2565 985 2636; x_wconf 84' lang='lat' dir='ltr'><strong>Expliciti</strong></span> <span class='ocrx_word' id='word_1_300' title='bbox 1015 2572 1168 2619; x_wconf 89' lang='lat' dir='ltr'><strong>erant</strong></span> <span class='ocrx_word' id='word_1_301' title='bbox 1193 2557 1589 2632; x_wconf 88' lang='lat' dir='ltr'><strong>quodammodo</strong></span> <span class='ocrx_word' id='word_1_302' title='bbox 1611 2572 1795 2628; x_wconf 88' lang='lat' dir='ltr'><strong>sump-</strong></span> 
     </span>
    </p>
   </div>
   <div class='ocr_carea' id='block_1_41' title="bbox 219 2651 1794 2731">
    <p class='ocr_par' dir='ltr' id='par_1_41' title="bbox 219 2651 1794 2731">
     <span class='ocr_line' id='line_1_41' title="bbox 219 2651 1794 2731; baseline -0.008 -14"><span class='ocrx_word' id='word_1_303' title='bbox 219 2673 312 2726; x_wconf 88' lang='lat' dir='ltr'><strong>tus,</strong></span> <span class='ocrx_word' id='word_1_304' title='bbox 335 2662 432 2719; x_wconf 88' lang='lat' dir='ltr'><strong>sed</strong></span> <span class='ocrx_word' id='word_1_305' title='bbox 461 2661 556 2731; x_wconf 87' lang='lat' dir='ltr'><strong>qui</strong></span> <span class='ocrx_word' id='word_1_306' title='bbox 585 2658 823 2715; x_wconf 89' lang='lat' dir='ltr'><strong>saucium</strong></span> <span class='ocrx_word' id='word_1_307' title='bbox 845 2653 1353 2713; x_wconf 88' lang='lat' dir='ltr'><strong>commendaverat.</strong></span> <span class='ocrx_word' id='word_1_308' title='bbox 1384 2651 1708 2722; x_wconf 88' lang='lat' dir='ltr'><strong>promiserat</strong></span> <span class='ocrx_word' id='word_1_309' title='bbox 1735 2663 1794 2704; x_wconf 90' lang='lat' dir='ltr'><strong>se</strong></span> 
     </span>
    </p>
   </div>
   <div class='ocr_carea' id='block_1_42' title="bbox 219 2734 1796 2821">
    <p class='ocr_par' dir='ltr' id='par_1_42' title="bbox 219 2734 1796 2821">
     <span class='ocr_line' id='line_1_42' title="bbox 219 2734 1796 2821; baseline -0.009 -13"><span class='ocrx_word' id='word_1_310' title='bbox 219 2752 541 2810; x_wconf 87' lang='lat' dir='ltr'><strong>redditurum</strong></span> <span class='ocrx_word' id='word_1_311' title='bbox 571 2734 829 2821; x_wconf 83' lang='lat' dir='ltr'><strong>quidquid</strong></span> <span class='ocrx_word' id='word_1_312' title='bbox 847 2765 851 2770; x_wconf 94' lang='grc'><strong>·</strong></span> <span class='ocrx_word' id='word_1_313' title='bbox 871 2749 925 2800; x_wconf 92' lang='lat' dir='ltr'><strong>in</strong></span> <span class='ocrx_word' id='word_1_314' title='bbox 953 2761 1080 2801; x_wconf 86' lang='lat' dir='ltr'><strong>cura</strong></span> <span class='ocrx_word' id='word_1_315' title='bbox 1109 2744 1338 2814; x_wconf 86' lang='lat' dir='ltr'><strong>amplius</strong></span> <span class='ocrx_word' id='word_1_316' title='bbox 1366 2750 1643 2811; x_wconf 87' lang='lat' dir='ltr'><strong>erogasset</strong></span> <span class='ocrx_word' id='word_1_317' title='bbox 1672 2746 1796 2811; x_wconf 91' lang='lat' dir='ltr'><strong>post</strong></span> 
     </span>
    </p>
   </div>
   <div class='ocr_carea' id='block_1_43' title="bbox 217 2833 1796 2916">
    <p class='ocr_par' dir='ltr' id='par_1_43' title="bbox 217 2833 1796 2916">
     <span class='ocr_line' id='line_1_43' title="bbox 217 2833 1796 2916; baseline -0.008 -16"><span class='ocrx_word' id='word_1_318' title='bbox 217 2845 486 2916; x_wconf 77' lang='lat' dir='ltr'><strong>inpensus</strong></span> <span class='ocrx_word' id='word_1_319' title='bbox 524 2841 663 2896; x_wconf 91' lang='lat' dir='ltr'><strong>duos</strong></span> <span class='ocrx_word' id='word_1_320' title='bbox 700 2839 972 2895; x_wconf 88' lang='lat' dir='ltr'><strong>denarios.</strong></span> <span class='ocrx_word' id='word_1_321' title='bbox 1021 2837 1138 2892; x_wconf 82' lang='lat' dir='ltr'><strong>Non</strong></span> <span class='ocrx_word' id='word_1_322' title='bbox 1175 2844 1476 2908; x_wconf 84' lang='lat' dir='ltr'><strong>praecepta,</strong></span> <span class='ocrx_word' id='word_1_323' title='bbox 1531 2833 1627 2890; x_wconf 90' lang='lat' dir='ltr'><strong>sed</strong></span> <span class='ocrx_word' id='word_1_324' title='bbox 1662 2848 1796 2889; x_wconf 90' lang='lat' dir='ltr'><strong>con-</strong></span> 
     </span>
    </p>
   </div>
   <div class='ocr_carea' id='block_1_44' title="bbox 219 2926 1798 3003">
    <p class='ocr_par' dir='ltr' id='par_1_44' title="bbox 219 2926 1798 3003">
     <span class='ocr_line' id='line_1_44' title="bbox 219 2926 1798 3003; baseline -0.008 -11"><span class='ocrx_word' id='word_1_325' title='bbox 219 2937 390 2992; x_wconf 79' lang='lat' dir='ltr'><strong>silium</strong></span> <span class='ocrx_word' id='word_1_326' title='bbox 451 2941 644 3003; x_wconf 88' lang='lat' dir='ltr'><strong>erogat</strong></span> <span class='ocrx_word' id='word_1_327' title='bbox 676 2931 873 2987; x_wconf 84' lang='lat' dir='ltr'><strong>Paulus</strong></span> <span class='ocrx_word' id='word_1_328' title='bbox 931 2929 1001 2986; x_wconf 89' lang='lat' dir='ltr'><strong>ad</strong></span> <span class='ocrx_word' id='word_1_329' title='bbox 1043 2929 1422 3000; x_wconf 87' lang='lat' dir='ltr'><strong>virginitatem.</strong></span> <span class='ocrx_word' id='word_1_330' title='bbox 1472 2926 1582 2982; x_wconf 85' lang='lat' dir='ltr'><strong>Nec</strong></span> <span class='ocrx_word' id='word_1_331' title='bbox 1626 2927 1798 2997; x_wconf 89' lang='lat' dir='ltr'><strong>impe-</strong></span> 
     </span>
    </p>
   </div>
   <div class='ocr_carea' id='block_1_45' title="bbox 220 3017 1798 3098">
    <p class='ocr_par' dir='ltr' id='par_1_45' title="bbox 220 3017 1798 3098">
     <span class='ocr_line' id='line_1_45' title="bbox 220 3017 1798 3098; baseline -0.006 -17"><span class='ocrx_word' id='word_1_332' title='bbox 220 3025 449 3081; x_wconf 83' lang='lat' dir='ltr'><strong>dimento</strong></span> <span class='ocrx_word' id='word_1_333' title='bbox 495 3032 581 3079; x_wconf 87' lang='lat' dir='ltr'><strong>est</strong></span> <span class='ocrx_word' id='word_1_334' title='bbox 624 3021 930 3078; x_wconf 88' lang='lat' dir='ltr'><strong>volentibus</strong></span> <span class='ocrx_word' id='word_1_335' title='bbox 953 3061 970 3088; x_wconf 93' lang='lat'><strong>,</strong></span> <span class='ocrx_word' id='word_1_336' title='bbox 1021 3035 1123 3075; x_wconf 91' lang='lat' dir='ltr'><strong>nec</strong></span> <span class='ocrx_word' id='word_1_337' title='bbox 1165 3019 1412 3098; x_wconf 82' lang='lat' dir='ltr'><strong>nolentes</strong></span> <span class='ocrx_word' id='word_1_338' title='bbox 1451 3017 1678 3089; x_wconf 85' lang='lat' dir='ltr'><strong>impellit</strong></span> <span class='ocrx_word' id='word_1_339' title='bbox 1705 3025 1798 3072; x_wconf 87' lang='lat' dir='ltr'><strong>aut</strong></span> 
     </span>
    </p>
   </div>
   <div class='ocr_carea' id='block_1_46' title="bbox 219 3121 372 3190">
    <p class='ocr_par' dir='ltr' id='par_1_46' title="bbox 219 3121 372 3190">
     <span class='ocr_line' id='line_1_46' title="bbox 219 3121 372 3190; baseline -0.013 -13"><span class='ocrx_word' id='word_1_340' title='bbox 219 3121 372 3190; x_wconf 87' lang='lat' dir='ltr'><strong>cogit.</strong></span> 
     </span>
    </p>
   </div>
   <div class='ocr_carea' id='block_1_47' title="bbox 220 3222 1795 3295">
    <p class='ocr_par' dir='ltr' id='par_1_47' title="bbox 220 3222 1795 3295">
     <span class='ocr_line' id='line_1_47' title="bbox 220 3222 1795 3295; baseline -0.01 -6"><span class='ocrx_word' id='word_1_341' title='bbox 220 3232 397 3289; x_wconf 67' lang='lat' dir='ltr'><strong>Cum</strong></span> <span class='ocrx_word' id='word_1_342' title='bbox 427 3247 537 3288; x_wconf 75' lang='lat' dir='ltr'><strong>xlv.</strong></span> <span class='ocrx_word' id='word_1_343' title='bbox 570 3229 706 3286; x_wconf 84' lang='lat' dir='ltr'><strong>Ecce</strong></span> <span class='ocrx_word' id='word_1_344' title='bbox 740 3246 876 3285; x_wconf 79' lang='lat' dir='ltr'><strong>unus</strong></span> <span class='ocrx_word' id='word_1_345' title='bbox 905 3229 1046 3284; x_wconf 86' lang='lat' dir='ltr'><strong>locus</strong></span> <span class='ocrx_word' id='word_1_346' title='bbox 1085 3225 1316 3295; x_wconf 77' lang='lat' dir='ltr'><strong>Apostoli</strong></span> <span class='ocrx_word' id='word_1_347' title='bbox 1344 3243 1376 3278; x_wconf 89' lang='lat' dir='ltr'><strong>a</strong></span> <span class='ocrx_word' id='word_1_348' title='bbox 1411 3223 1572 3278; x_wconf 82' lang='lat' dir='ltr'><strong>tribus</strong></span> <span class='ocrx_word' id='word_1_349' title='bbox 1601 3222 1795 3295; x_wconf 68' lang='lat' dir='ltr'><strong>sanctis</strong></span> 
     </span>
    </p>
   </div>
   <div class='ocr_carea' id='block_1_48' title="bbox 1891 1998 3471 2069">
    <p class='ocr_par' dir='ltr' id='par_1_48' title="bbox 1891 1998 3471 2069">
     <span class='ocr_line' id='line_1_48' title="bbox 1891 1998 3471 2069; baseline 0.001 -15"><span class='ocrx_word' id='word_1_350' title='bbox 1891 1999 2196 2055; x_wconf 80' lang='lat' dir='ltr'><strong>referantur</strong></span> <span class='ocrx_word' id='word_1_351' title='bbox 2214 2041 2229 2066; x_wconf 92' lang='lat'><strong>,</strong></span> <span class='ocrx_word' id='word_1_352' title='bbox 2272 1999 2317 2053; x_wconf 88' lang='lat' dir='ltr'><strong>si</strong></span> <span class='ocrx_word' id='word_1_353' title='bbox 2339 2001 2407 2053; x_wconf 90' lang='lat' dir='ltr'><strong>ab</strong></span> <span class='ocrx_word' id='word_1_354' title='bbox 2437 1998 2552 2069; x_wconf 88' lang='lat' dir='ltr'><strong>ejus</strong></span> <span class='ocrx_word' id='word_1_355' title='bbox 2575 2014 2734 2054; x_wconf 87' lang='lat' dir='ltr'><strong>sensu</strong></span> <span class='ocrx_word' id='word_1_356' title='bbox 2755 1998 2846 2068; x_wconf 89' lang='lat' dir='ltr'><strong>qui</strong></span> <span class='ocrx_word' id='word_1_357' title='bbox 2874 1998 2973 2054; x_wconf 85' lang='lat' dir='ltr'><strong>ista</strong></span> <span class='ocrx_word' id='word_1_358' title='bbox 2996 1998 3333 2067; x_wconf 89' lang='lat' dir='ltr'><strong>conscripsit,</strong></span> <span class='ocrx_word' id='word_1_359' title='bbox 3364 2011 3471 2055; x_wconf 87' lang='lat' dir='ltr'><strong>non</strong></span> 
     </span>
    </p>
   </div>
   <div class='ocr_carea' id='block_1_49' title="bbox 1891 2088 3468 2158">
    <p class='ocr_par' dir='ltr' id='par_1_49' title="bbox 1891 2088 3468 2158">
     <span class='ocr_line' id='line_1_49' title="bbox 1891 2088 3468 2158; baseline -0.003 -13"><span class='ocrx_word' id='word_1_360' title='bbox 1891 2090 2005 2145; x_wconf 93' lang='lat' dir='ltr'><strong>vult</strong></span> <span class='ocrx_word' id='word_1_361' title='bbox 2031 2090 2188 2158; x_wconf 86' lang='lat' dir='ltr'><strong>longe</strong></span> <span class='ocrx_word' id='word_1_362' title='bbox 2226 2089 2478 2143; x_wconf 89' lang='lat' dir='ltr'><strong>aberrare</strong></span> <span class='ocrx_word' id='word_1_363' title='bbox 2521 2089 2613 2158; x_wconf 90' lang='lat' dir='ltr'><strong>qui</strong></span> <span class='ocrx_word' id='word_1_364' title='bbox 2655 2090 2914 2158; x_wconf 82' lang='lat' dir='ltr'><strong>exponit:</strong></span> <span class='ocrx_word' id='word_1_365' title='bbox 2985 2088 3218 2158; x_wconf 87' lang='lat' dir='ltr'><strong>exempli</strong></span> <span class='ocrx_word' id='word_1_366' title='bbox 3258 2088 3428 2156; x_wconf 85' lang='lat' dir='ltr'><strong>gratia</strong></span> <span class='ocrx_word' id='word_1_367' title='bbox 3452 2123 3468 2151; x_wconf 96' lang='lat'><strong>,</strong></span> 
     </span>
    </p>
   </div>
   <div class='ocr_carea' id='block_1_50' title="bbox 1891 2177 3472 2250">
    <p class='ocr_par' dir='ltr' id='par_1_50' title="bbox 1891 2177 3472 2250">
     <span class='ocr_line' id='line_1_50' title="bbox 1891 2177 3472 2250; baseline -0.003 -14"><span class='ocrx_word' id='word_1_368' title='bbox 1891 2182 2039 2237; x_wconf 89' lang='lat' dir='ltr'><strong>velut</strong></span> <span class='ocrx_word' id='word_1_369' title='bbox 2075 2181 2119 2235; x_wconf 90' lang='lat' dir='ltr'><strong>si</strong></span> <span class='ocrx_word' id='word_1_370' title='bbox 2161 2180 2423 2250; x_wconf 86' lang='lat' dir='ltr'><strong>quispiam</strong></span> <span class='ocrx_word' id='word_1_371' title='bbox 2473 2179 2618 2249; x_wconf 83' lang='lat' dir='ltr'><strong>quod</strong></span> <span class='ocrx_word' id='word_1_372' title='bbox 2675 2180 2760 2235; x_wconf 89' lang='lat' dir='ltr'><strong>hic</strong></span> <span class='ocrx_word' id='word_1_373' title='bbox 2778 2180 3036 2248; x_wconf 85' lang='lat' dir='ltr'><strong>scriptum</strong></span> <span class='ocrx_word' id='word_1_374' title='bbox 3071 2185 3191 2246; x_wconf 89' lang='lat' dir='ltr'><strong>est,</strong></span> <span class='ocrx_word' id='word_1_375' title='bbox 3221 2177 3472 2232; x_wconf 81' lang='lat' dir='ltr'><strong>inferiora</strong></span> 
     </span>
    </p>
   </div>
   <div class='ocr_carea' id='block_1_51' title="bbox 1893 2267 3473 2341">
    <p class='ocr_par' dir='ltr' id='par_1_51' title="bbox 1893 2267 3473 2341">
     <span class='ocr_line' id='line_1_51' title="bbox 1893 2267 3473 2341; baseline -0.003 -13"><span class='ocrx_word' id='word_1_376' title='bbox 1893 2273 2276 2328; x_wconf 87' lang='lat' dir='ltr'><strong>bicameratam</strong></span> <span class='ocrx_word' id='word_1_377' title='bbox 2305 2279 2362 2326; x_wconf 93' lang='lat' dir='ltr'><strong><em>et</em></strong></span> <span class='ocrx_word' id='word_1_378' title='bbox 2390 2270 2784 2326; x_wconf 87' lang='lat' dir='ltr'><strong>tricameratam</strong></span> <span class='ocrx_word' id='word_1_379' title='bbox 2817 2271 2912 2341; x_wconf 88' lang='lat' dir='ltr'><strong>(al.</strong></span> <span class='ocrx_word' id='word_1_380' title='bbox 2944 2270 3268 2326; x_wconf 82' lang='lat' dir='ltr'><strong>hicamerata</strong></span> <span class='ocrx_word' id='word_1_381' title='bbox 3295 2276 3352 2323; x_wconf 90' lang='lat' dir='ltr'><strong>et</strong></span> <span class='ocrx_word' id='word_1_382' title='bbox 3375 2267 3473 2323; x_wconf 73' lang='lat' dir='ltr'><strong>tri-</strong></span> 
     </span>
    </p>
   </div>
   <div class='ocr_carea' id='block_1_52' title="bbox 1894 2361 3478 2433">
    <p class='ocr_par' dir='ltr' id='par_1_52' title="bbox 1894 2361 3478 2433">
     <span class='ocr_line' id='line_1_52' title="bbox 1894 2361 3478 2433; baseline -0.003 -14"><span class='ocrx_word' id='word_1_383' title='bbox 1894 2363 2187 2433; x_wconf 86' lang='lat' dir='ltr'><strong>camerata)</strong></span> <span class='ocrx_word' id='word_1_384' title='bbox 2219 2363 2382 2418; x_wconf 83' lang='lat' dir='ltr'><strong>facies</strong></span> <span class='ocrx_word' id='word_1_385' title='bbox 2409 2377 2528 2418; x_wconf 88' lang='lat' dir='ltr'><strong>eam</strong></span> <span class='ocrx_word' id='word_1_386' title='bbox 2553 2403 2568 2428; x_wconf 93' lang='lat'><strong>,</strong></span> <span class='ocrx_word' id='word_1_387' title='bbox 2624 2378 2732 2418; x_wconf 92' lang='lat' dir='ltr'><strong>non</strong></span> <span class='ocrx_word' id='word_1_388' title='bbox 2755 2361 2900 2432; x_wconf 84' lang='lat' dir='ltr'><strong>quod</strong></span> <span class='ocrx_word' id='word_1_389' title='bbox 2928 2376 3029 2431; x_wconf 85' lang='lat' dir='ltr'><strong>ego</strong></span> <span class='ocrx_word' id='word_1_390' title='bbox 3077 2361 3129 2416; x_wconf 91' lang='lat' dir='ltr'><strong>in</strong></span> <span class='ocrx_word' id='word_1_391' title='bbox 3179 2362 3272 2416; x_wconf 93' lang='lat' dir='ltr'><strong>illo</strong></span> <span class='ocrx_word' id='word_1_392' title='bbox 3314 2374 3478 2430; x_wconf 81' lang='lat' dir='ltr'><strong>opere</strong></span> 
     </span>
    </p>
   </div>
   <div class='ocr_carea' id='block_1_53' title="bbox 1894 2450 3478 2526">
    <p class='ocr_par' dir='ltr' id='par_1_53' title="bbox 1894 2450 3478 2526">
     <span class='ocr_line' id='line_1_53' title="bbox 1894 2450 3478 2526; baseline -0.003 -16"><span class='ocrx_word' id='word_1_393' title='bbox 1894 2456 2005 2511; x_wconf 74' lang='lat' dir='ltr'><strong>dixi</strong></span> <span class='ocrx_word' id='word_1_394' title='bbox 2044 2456 2172 2510; x_wconf 86' lang='lat' dir='ltr'><strong>velit</strong></span> <span class='ocrx_word' id='word_1_395' title='bbox 2219 2455 2459 2526; x_wconf 85' lang='lat' dir='ltr'><strong>intelligi,</strong></span> <span class='ocrx_word' id='word_1_396' title='bbox 2510 2457 2637 2525; x_wconf 88' lang='lat' dir='ltr'><strong>quia</strong></span> <span class='ocrx_word' id='word_1_397' title='bbox 2669 2469 2737 2509; x_wconf 85' lang='lat' dir='ltr'><strong>ex</strong></span> <span class='ocrx_word' id='word_1_398' title='bbox 2765 2454 3014 2510; x_wconf 89' lang='lat' dir='ltr'><strong>omnibus</strong></span> <span class='ocrx_word' id='word_1_399' title='bbox 3036 2453 3284 2522; x_wconf 77' lang='lat' dir='ltr'><strong>gentibus</strong></span> <span class='ocrx_word' id='word_1_400' title='bbox 3303 2450 3478 2506; x_wconf 65' lang='lat' dir='ltr'><strong>Emic-</strong></span> 
     </span>
    </p>
   </div>
   <div class='ocr_carea' id='block_1_54' title="bbox 1893 2541 3479 2617">
    <p class='ocr_par' dir='ltr' id='par_1_54' title="bbox 1893 2541 3479 2617">
     <span class='ocr_line' id='line_1_54' title="bbox 1893 2541 3479 2617; baseline -0.004 -14"><span class='ocrx_word' id='word_1_401' title='bbox 1893 2548 1972 2603; x_wconf 89' lang='lat' dir='ltr'><strong>sia</strong></span> <span class='ocrx_word' id='word_1_402' title='bbox 2002 2557 2390 2617; x_wconf 71' lang='lat' dir='ltr'><strong>congregatur,</strong></span> <span class='ocrx_word' id='word_1_403' title='bbox 2439 2547 2818 2604; x_wconf 87' lang='lat' dir='ltr'><strong>bicameratam</strong></span> <span class='ocrx_word' id='word_1_404' title='bbox 2848 2544 3046 2599; x_wconf 90' lang='lat' dir='ltr'><strong>dictam</strong></span> <span class='ocrx_word' id='word_1_405' title='bbox 3064 2585 3079 2609; x_wconf 90' lang='lat'><strong>,</strong></span> <span class='ocrx_word' id='word_1_406' title='bbox 3127 2552 3348 2612; x_wconf 87' lang='lat' dir='ltr'><strong>propter</strong></span> <span class='ocrx_word' id='word_1_407' title='bbox 3369 2541 3479 2596; x_wconf 91' lang='lat' dir='ltr'><strong>duo</strong></span> 
     </span>
    </p>
   </div>
   <div class='ocr_carea' id='block_1_55' title="bbox 1895 2635 3479 2710">
    <p class='ocr_par' dir='ltr' id='par_1_55' title="bbox 1895 2635 3479 2710">
     <span class='ocr_line' id='line_1_55' title="bbox 1895 2635 3479 2710; baseline -0.006 -15"><span class='ocrx_word' id='word_1_408' title='bbox 1895 2655 2094 2710; x_wconf 88' lang='lat' dir='ltr'><strong>genera</strong></span> <span class='ocrx_word' id='word_1_409' title='bbox 2120 2641 2416 2702; x_wconf 87' lang='lat' dir='ltr'><strong>hominum,</strong></span> <span class='ocrx_word' id='word_1_410' title='bbox 2449 2638 2913 2695; x_wconf 86' lang='lat' dir='ltr'><strong>circumcisionem</strong></span> <span class='ocrx_word' id='word_1_411' title='bbox 2945 2635 3154 2690; x_wconf 90' lang='lat' dir='ltr'><strong>scilicet</strong></span> <span class='ocrx_word' id='word_1_412' title='bbox 3181 2640 3238 2687; x_wconf 90' lang='lat' dir='ltr'><strong>et</strong></span> <span class='ocrx_word' id='word_1_413' title='bbox 3266 2647 3479 2703; x_wconf 74' lang='lat' dir='ltr'><strong>przepu-</strong></span> 
     </span>
    </p>
   </div>
   <div class='ocr_carea' id='block_1_56' title="bbox 1897 2724 3481 2806">
    <p class='ocr_par' dir='ltr' id='par_1_56' title="bbox 1897 2724 3481 2806">
     <span class='ocr_line' id='line_1_56' title="bbox 1897 2724 3481 2806; baseline -0.006 -18"><span class='ocrx_word' id='word_1_414' title='bbox 1897 2734 2049 2799; x_wconf 91' lang='lat' dir='ltr'><strong>tium,</strong></span> <span class='ocrx_word' id='word_1_415' title='bbox 2087 2747 2224 2802; x_wconf 89' lang='lat' dir='ltr'><strong>quos</strong></span> <span class='ocrx_word' id='word_1_416' title='bbox 2252 2731 2545 2802; x_wconf 85' lang='lat' dir='ltr'><strong>Apostolus</strong></span> <span class='ocrx_word' id='word_1_417' title='bbox 2573 2738 2630 2786; x_wconf 92' lang='lat' dir='ltr'><strong><em>et</em></strong></span> <span class='ocrx_word' id='word_1_418' title='bbox 2654 2730 2762 2786; x_wconf 91' lang='lat' dir='ltr'><strong>alio</strong></span> <span class='ocrx_word' id='word_1_419' title='bbox 2791 2729 2956 2806; x_wconf 87' lang='lat' dir='ltr'><strong>modo</strong></span> <span class='ocrx_word' id='word_1_420' title='bbox 2983 2725 3145 2790; x_wconf 90' lang='lat' dir='ltr'><strong>dicit,</strong></span> <span class='ocrx_word' id='word_1_421' title='bbox 3187 2724 3402 2781; x_wconf 66' lang='lat' dir='ltr'><strong>Iudaeos</strong></span> <span class='ocrx_word' id='word_1_422' title='bbox 3430 2731 3481 2780; x_wconf 83' lang='lat' dir='ltr'><strong>et</strong></span> 
     </span>
    </p>
   </div>
   <div class='ocr_carea' id='block_1_57' title="bbox 1898 2815 3480 2892">
    <p class='ocr_par' dir='ltr' id='par_1_57' title="bbox 1898 2815 3480 2892">
     <span class='ocr_line' id='line_1_57' title="bbox 1898 2815 3480 2892; baseline -0.004 -13"><span class='ocrx_word' id='word_1_423' title='bbox 1898 2821 2107 2880; x_wconf 68' lang='lat' dir='ltr'><strong>Grcoos</strong></span> <span class='ocrx_word' id='word_1_424' title='bbox 2145 2821 2344 2892; x_wconf 79' lang='lat' dir='ltr'><strong>(Galat.</strong></span> <span class='ocrx_word' id='word_1_425' title='bbox 2384 2823 2462 2892; x_wconf 90' lang='grc' dir='ltr'>ιιι)</span> <span class='ocrx_word' id='word_1_426' title='bbox 2495 2838 2510 2888; x_wconf 89' lang='lat'><strong>;</strong></span> <span class='ocrx_word' id='word_1_427' title='bbox 2569 2821 2970 2877; x_wconf 89' lang='lat' dir='ltr'><strong>tricameratam</strong></span> <span class='ocrx_word' id='word_1_428' title='bbox 3009 2833 3140 2874; x_wconf 80' lang='lat' dir='ltr'><strong>vero</strong></span> <span class='ocrx_word' id='word_1_429' title='bbox 3165 2857 3180 2882; x_wconf 94' lang='lat'><strong>,</strong></span> <span class='ocrx_word' id='word_1_430' title='bbox 3238 2833 3305 2873; x_wconf 90' lang='lat' dir='ltr'><strong>eo</strong></span> <span class='ocrx_word' id='word_1_431' title='bbox 3332 2815 3480 2887; x_wconf 88' lang='lat' dir='ltr'><strong>quod</strong></span> 
     </span>
    </p>
   </div>
   <div class='ocr_carea' id='block_1_58' title="bbox 1898 2911 3482 2986">
    <p class='ocr_par' dir='ltr' id='par_1_58' title="bbox 1898 2911 3482 2986">
     <span class='ocr_line' id='line_1_58' title="bbox 1898 2911 3482 2986; baseline -0.007 -12"><span class='ocrx_word' id='word_1_432' title='bbox 1898 2932 2088 2974; x_wconf 87' lang='lat' dir='ltr'><strong>omnes</strong></span> <span class='ocrx_word' id='word_1_433' title='bbox 2113 2923 2302 2986; x_wconf 84' lang='lat' dir='ltr'><strong>gentes</strong></span> <span class='ocrx_word' id='word_1_434' title='bbox 2321 2916 2387 2970; x_wconf 92' lang='lat' dir='ltr'><strong>de</strong></span> <span class='ocrx_word' id='word_1_435' title='bbox 2409 2916 2578 2970; x_wconf 90' lang='lat' dir='ltr'><strong>tribus</strong></span> <span class='ocrx_word' id='word_1_436' title='bbox 2605 2914 2728 2969; x_wconf 82' lang='lat' dir='ltr'><strong>liliis</strong></span> <span class='ocrx_word' id='word_1_437' title='bbox 2757 2913 2870 2968; x_wconf 89' lang='lat' dir='ltr'><strong>Noe</strong></span> <span class='ocrx_word' id='word_1_438' title='bbox 2920 2920 3044 2982; x_wconf 89' lang='lat' dir='ltr'><strong>post</strong></span> <span class='ocrx_word' id='word_1_439' title='bbox 3078 2911 3338 2965; x_wconf 87' lang='lat' dir='ltr'><strong>diluvium</strong></span> <span class='ocrx_word' id='word_1_440' title='bbox 3402 2923 3482 2965; x_wconf 66' lang='grc' dir='ltr'><strong>τες</strong></span> 
     </span>
    </p>
   </div>
   <div class='ocr_carea' id='block_1_59' title="bbox 1899 3001 3480 3082">
    <p class='ocr_par' dir='ltr' id='par_1_59' title="bbox 1899 3001 3480 3082">
     <span class='ocr_line' id='line_1_59' title="bbox 1899 3001 3480 3082; baseline -0.005 -17"><span class='ocrx_word' id='word_1_441' title='bbox 1899 3017 2100 3082; x_wconf 62' lang='lat' dir='ltr'><strong>paratae</strong></span> <span class='ocrx_word' id='word_1_442' title='bbox 2126 3016 2272 3064; x_wconf 89' lang='lat' dir='ltr'><strong>sunt.</strong></span> <span class='ocrx_word' id='word_1_443' title='bbox 2295 3007 2402 3063; x_wconf 90' lang='lat' dir='ltr'><strong>Sed</strong></span> <span class='ocrx_word' id='word_1_444' title='bbox 2428 3006 2574 3062; x_wconf 89' lang='lat' dir='ltr'><strong>aliud</strong></span> <span class='ocrx_word' id='word_1_445' title='bbox 2599 3006 2745 3062; x_wconf 84' lang='lat' dir='ltr'><strong>dicat</strong></span> <span class='ocrx_word' id='word_1_446' title='bbox 2765 3005 2978 3074; x_wconf 88' lang='lat' dir='ltr'><strong>aliquis,</strong></span> <span class='ocrx_word' id='word_1_447' title='bbox 3002 3003 3149 3074; x_wconf 89' lang='lat' dir='ltr'><strong>quod</strong></span> <span class='ocrx_word' id='word_1_448' title='bbox 3176 3017 3206 3056; x_wconf 88' lang='lat' dir='ltr'><strong>a</strong></span> <span class='ocrx_word' id='word_1_449' title='bbox 3243 3001 3365 3056; x_wconf 82' lang='lat' dir='ltr'><strong>tidet</strong></span> <span class='ocrx_word' id='word_1_450' title='bbox 3395 3016 3480 3057; x_wconf 90' lang='lat' dir='ltr'><strong>re-</strong></span> 
     </span>
    </p>
   </div>
   <div class='ocr_carea' id='block_1_60' title="bbox 1899 3091 3480 3171">
    <p class='ocr_par' dir='ltr' id='par_1_60' title="bbox 1899 3091 3480 3171">
     <span class='ocr_line' id='line_1_60' title="bbox 1899 3091 3480 3171; baseline -0.008 -14"><span class='ocrx_word' id='word_1_451' title='bbox 1899 3102 2022 3171; x_wconf 88' lang='lat' dir='ltr'><strong>gula</strong></span> <span class='ocrx_word' id='word_1_452' title='bbox 2053 3115 2159 3156; x_wconf 92' lang='lat' dir='ltr'><strong>non</strong></span> <span class='ocrx_word' id='word_1_453' title='bbox 2189 3101 2261 3155; x_wconf 88' lang='lat' dir='ltr'><strong>sit</strong></span> <span class='ocrx_word' id='word_1_454' title='bbox 2289 3099 2543 3154; x_wconf 88' lang='lat' dir='ltr'><strong>alienum.</strong></span> <span class='ocrx_word' id='word_1_455' title='bbox 2586 3096 2719 3152; x_wconf 84' lang='lat' dir='ltr'><strong>Nam</strong></span> <span class='ocrx_word' id='word_1_456' title='bbox 2757 3095 3010 3165; x_wconf 90' lang='lat' dir='ltr'><strong>quoniam</strong></span> <span class='ocrx_word' id='word_1_457' title='bbox 3050 3108 3159 3149; x_wconf 92' lang='lat' dir='ltr'><strong>non</strong></span> <span class='ocrx_word' id='word_1_458' title='bbox 3202 3092 3346 3148; x_wconf 88' lang='lat' dir='ltr'><strong>solas</strong></span> <span class='ocrx_word' id='word_1_459' title='bbox 3387 3091 3480 3158; x_wconf 88' lang='lat' dir='ltr'><strong>(al.</strong></span> 
     </span>
    </p>
   </div>
   <div class='ocr_carea' id='block_1_61' title="bbox 1901 3183 3484 3260">
    <p class='ocr_par' dir='ltr' id='par_1_61' title="bbox 1901 3183 3484 3260">
     <span class='ocr_line' id='line_1_61' title="bbox 1901 3183 3484 3260; baseline -0.009 -13"><span class='ocrx_word' id='word_1_460' title='bbox 1901 3191 2112 3260; x_wconf 89' lang='lat' dir='ltr'><strong>solum)</strong></span> <span class='ocrx_word' id='word_1_461' title='bbox 2151 3190 2204 3245; x_wconf 94' lang='lat' dir='ltr'><strong>in</strong></span> <span class='ocrx_word' id='word_1_462' title='bbox 2234 3187 2578 3244; x_wconf 81' lang='lat' dir='ltr'><strong>inferioribus</strong></span> <span class='ocrx_word' id='word_1_463' title='bbox 2609 3185 2917 3241; x_wconf 85' lang='lat' dir='ltr'><strong>mansiones</strong></span> <span class='ocrx_word' id='word_1_464' title='bbox 2944 3183 3146 3238; x_wconf 87' lang='lat' dir='ltr'><strong>habere</strong></span> <span class='ocrx_word' id='word_1_465' title='bbox 3165 3196 3358 3256; x_wconf 0' lang='lat' dir='ltr'><strong>parcam</strong></span> <span class='ocrx_word' id='word_1_466' title='bbox 3385 3195 3484 3234; x_wconf 86' lang='lat' dir='ltr'><strong>vo-</strong></span> 
     </span>
    </p>
   </div>
   <div class='ocr_carea' id='block_1_62' title="bbox 301 3271 3482 3373">
    <p class='ocr_par' dir='ltr' id='par_1_62' title="bbox 301 3271 3482 3373">
     <span class='ocr_line' id='line_1_62' title="bbox 301 3271 3482 3373; baseline -0.01 -14"><span class='ocrx_word' id='word_1_467' title='bbox 301 3271 1796 3373; x_wconf 38' lang='lat' dir='ltr'><strong>iiiiu??iéf&amp;7.££5§:¥fbiiﬁféiiiin&quot;diuisi};iis</strong></span> <span class='ocrx_word' id='word_1_468' title='bbox 1827 3300 1872 3365; x_wconf 72' lang='grc' dir='ltr'><strong>ρ</strong></span> <span class='ocrx_word' id='word_1_469' title='bbox 1903 3283 2024 3348; x_wconf 91' lang='lat' dir='ltr'><strong>luit,</strong></span> <span class='ocrx_word' id='word_1_470' title='bbox 2052 3296 2238 3338; x_wconf 89' lang='lat' dir='ltr'><strong>verum</strong></span> <span class='ocrx_word' id='word_1_471' title='bbox 2270 3281 2434 3336; x_wconf 88' lang='lat' dir='ltr'><strong>etiam</strong></span> <span class='ocrx_word' id='word_1_472' title='bbox 2456 3280 2509 3334; x_wconf 90' lang='lat' dir='ltr'><strong>in</strong></span> <span class='ocrx_word' id='word_1_473' title='bbox 2539 3277 2929 3347; x_wconf 87' lang='lat' dir='ltr'><strong>superioribus,</strong></span> <span class='ocrx_word' id='word_1_474' title='bbox 2959 3280 3016 3330; x_wconf 86' lang='lat' dir='ltr'><strong>et</strong></span> <span class='ocrx_word' id='word_1_475' title='bbox 3043 3273 3156 3349; x_wconf 64' lang='lat' dir='ltr'><strong>haec</strong></span> <span class='ocrx_word' id='word_1_476' title='bbox 3179 3272 3314 3327; x_wconf 81' lang='lat' dir='ltr'><strong>dixit</strong></span> <span class='ocrx_word' id='word_1_477' title='bbox 3341 3271 3482 3328; x_wconf 81' lang='lat' dir='ltr'><strong>hica-</strong></span> 
     </span>
    </p>
   </div>
   <div class='ocr_carea' id='block_1_63' title="bbox 292 3362 1798 3452">
    <p class='ocr_par' dir='ltr' id='par_1_63' title="bbox 292 3362 1798 3452">
     <span class='ocr_line' id='line_1_63' title="bbox 292 3362 1798 3452; baseline -0.009 -24"><span class='ocrx_word' id='word_1_478' title='bbox 292 3362 394 3452; x_wconf 63' lang='lat' dir='ltr'><strong>stno</strong></span> <span class='ocrx_word' id='word_1_479' title='bbox 433 3372 634 3452; x_wconf 53' lang='lat' dir='ltr'><strong>dot-tore</strong></span> <span class='ocrx_word' id='word_1_480' title='bbox 662 3362 1000 3452; x_wconf 67' lang='lat' dir='ltr'><strong>diversimpde</strong></span> <span class='ocrx_word' id='word_1_481' title='bbox 1027 3368 1278 3452; x_wconf 65' lang='lat' dir='ltr'><strong>reperitur</strong></span> <span class='ocrx_word' id='word_1_482' title='bbox 1298 3362 1798 3452; x_wconf 44' lang='grc' dir='ltr'><strong>επηοιςίειιδἋνανία</strong></span> 
     </span>
    </p>
   </div>
   <div class='ocr_carea' id='block_1_64' title="bbox 289 3434 1797 3514">
    <p class='ocr_par' dir='ltr' id='par_1_64' title="bbox 289 3434 1797 3514">
     <span class='ocr_line' id='line_1_64' title="bbox 289 3434 1797 3514; baseline -0.007 -18"><span class='ocrx_word' id='word_1_483' title='bbox 289 3441 563 3514; x_wconf 67' lang='lat' dir='ltr'><strong>Augustini</strong></span> <span class='ocrx_word' id='word_1_484' title='bbox 591 3443 845 3512; x_wconf 74' lang='lat' dir='ltr'><strong>expositio</strong></span> <span class='ocrx_word' id='word_1_485' title='bbox 874 3440 938 3514; x_wconf 63' lang='lat' dir='ltr'><strong>de</strong></span> <span class='ocrx_word' id='word_1_486' title='bbox 958 3434 1092 3492; x_wconf 40' lang='lat' dir='ltr'><strong>arca&#39;</strong></span> <span class='ocrx_word' id='word_1_487' title='bbox 1118 3435 1248 3514; x_wconf 80' lang='lat' dir='ltr'><strong>Noe.</strong></span> <span class='ocrx_word' id='word_1_488' title='bbox 1295 3434 1445 3514; x_wconf 74' lang='lat' dir='ltr'><strong>Utile</strong></span> <span class='ocrx_word' id='word_1_489' title='bbox 1463 3443 1540 3488; x_wconf 81' lang='lat' dir='ltr'><strong>est</strong></span> <span class='ocrx_word' id='word_1_490' title='bbox 1570 3434 1797 3514; x_wconf 68' lang='lat' dir='ltr'><strong>diuersos</strong></span> 
     </span>
    </p>
   </div>
   <div class='ocr_carea' id='block_1_65' title="bbox 288 3504 1706 3580">
    <p class='ocr_par' dir='ltr' id='par_1_65' title="bbox 288 3504 1706 3580">
     <span class='ocr_line' id='line_1_65' title="bbox 288 3504 1706 3580; baseline -0.009 -12"><span class='ocrx_word' id='word_1_491' title='bbox 288 3504 427 3568; x_wconf 62' lang='lat' dir='ltr'><strong>circa</strong></span> <span class='ocrx_word' id='word_1_492' title='bbox 449 3528 610 3566; x_wconf 80' lang='lat' dir='ltr'><strong>unum</strong></span> <span class='ocrx_word' id='word_1_493' title='bbox 637 3504 814 3566; x_wconf 73' lang='lat' dir='ltr'><strong>sensus</strong></span> <span class='ocrx_word' id='word_1_494' title='bbox 836 3510 1082 3580; x_wconf 84' lang='lat' dir='ltr'><strong>allegare,</strong></span> <span class='ocrx_word' id='word_1_495' title='bbox 1107 3506 1198 3561; x_wconf 84' lang='lat' dir='ltr'><strong>sed</strong></span> <span class='ocrx_word' id='word_1_496' title='bbox 1226 3522 1330 3560; x_wconf 84' lang='lat' dir='ltr'><strong>non</strong></span> <span class='ocrx_word' id='word_1_497' title='bbox 1357 3505 1559 3559; x_wconf 77' lang='lat' dir='ltr'><strong>diversa</strong></span> <span class='ocrx_word' id='word_1_498' title='bbox 1581 3504 1706 3573; x_wconf 82' lang='lat' dir='ltr'><strong>ﬁde.</strong></span> 
     </span>
    </p>
   </div>
   <div class='ocr_carea' id='block_1_66' title="bbox 287 3619 1800 3705">
    <p class='ocr_par' dir='ltr' id='par_1_66' title="bbox 287 3619 1800 3705">
     <span class='ocr_line' id='line_1_66' title="bbox 287 3619 1800 3705; baseline -0.011 -16"><span class='ocrx_word' id='word_1_499' title='bbox 287 3633 392 3705; x_wconf 74' lang='grc' dir='ltr'>ω</span> <span class='ocrx_word' id='word_1_500' title='bbox 418 3631 559 3688; x_wconf 88' lang='lat' dir='ltr'><strong>Cum</strong></span> <span class='ocrx_word' id='word_1_501' title='bbox 589 3632 772 3699; x_wconf 89' lang='lat' dir='ltr'><strong>itaque</strong></span> <span class='ocrx_word' id='word_1_502' title='bbox 799 3628 889 3684; x_wconf 89' lang='lat' dir='ltr'><strong>hic</strong></span> <span class='ocrx_word' id='word_1_503' title='bbox 913 3626 1058 3683; x_wconf 89' lang='lat' dir='ltr'><strong>beati</strong></span> <span class='ocrx_word' id='word_1_504' title='bbox 1088 3623 1331 3695; x_wconf 85' lang='lat' dir='ltr'><strong>Apostoli</strong></span> <span class='ocrx_word' id='word_1_505' title='bbox 1361 3623 1511 3676; x_wconf 91' lang='lat' dir='ltr'><strong>locus</strong></span> <span class='ocrx_word' id='word_1_506' title='bbox 1534 3619 1800 3690; x_wconf 86' lang='lat' dir='ltr'><strong>tripartito</strong></span> 
     </span>
    </p>
   </div>
   <div class='ocr_carea' id='block_1_67' title="bbox 230 3712 1803 3792">
    <p class='ocr_par' dir='ltr' id='par_1_67' title="bbox 230 3712 1803 3792">
     <span class='ocr_line' id='line_1_67' title="bbox 230 3712 1803 3792; baseline -0.015 -8"><span class='ocrx_word' id='word_1_507' title='bbox 230 3729 289 3784; x_wconf 83' lang='lat' dir='ltr'><strong>sit</strong></span> <span class='ocrx_word' id='word_1_508' title='bbox 309 3725 472 3782; x_wconf 90' lang='lat' dir='ltr'><strong>modo</strong></span> <span class='ocrx_word' id='word_1_509' title='bbox 499 3741 529 3780; x_wconf 91' lang='lat' dir='ltr'><strong>a</strong></span> <span class='ocrx_word' id='word_1_510' title='bbox 562 3724 734 3779; x_wconf 88' lang='lat' dir='ltr'><strong>tribus</strong></span> <span class='ocrx_word' id='word_1_511' title='bbox 761 3737 898 3792; x_wconf 91' lang='lat' dir='ltr'><strong>quos</strong></span> <span class='ocrx_word' id='word_1_512' title='bbox 927 3717 1319 3775; x_wconf 90' lang='lat' dir='ltr'><strong>nominavimus</strong></span> <span class='ocrx_word' id='word_1_513' title='bbox 1339 3715 1467 3768; x_wconf 87' lang='lat' dir='ltr'><strong>viris</strong></span> <span class='ocrx_word' id='word_1_514' title='bbox 1491 3712 1691 3767; x_wconf 90' lang='lat' dir='ltr'><strong>sanctis</strong></span> <span class='ocrx_word' id='word_1_515' title='bbox 1715 3726 1803 3764; x_wconf 87' lang='lat' dir='ltr'><strong>ex-</strong></span> 
     </span>
    </p>
   </div>
   <div class='ocr_carea' id='block_1_68' title="bbox 231 3801 1798 3887">
    <p class='ocr_par' dir='ltr' id='par_1_68' title="bbox 231 3801 1798 3887">
     <span class='ocr_line' id='line_1_68' title="bbox 231 3801 1798 3887; baseline -0.014 -12"><span class='ocrx_word' id='word_1_516' title='bbox 231 3818 442 3887; x_wconf 81' lang='lat' dir='ltr'><strong>positus,</strong></span> <span class='ocrx_word' id='word_1_517' title='bbox 469 3813 714 3886; x_wconf 89' lang='lat' dir='ltr'><strong>quisquis</strong></span> <span class='ocrx_word' id='word_1_518' title='bbox 732 3827 893 3868; x_wconf 91' lang='lat' dir='ltr'><strong>unum</strong></span> <span class='ocrx_word' id='word_1_519' title='bbox 915 3810 1134 3864; x_wconf 89' lang='lat' dir='ltr'><strong>modum</strong></span> <span class='ocrx_word' id='word_1_520' title='bbox 1156 3824 1222 3863; x_wconf 85' lang='lat' dir='ltr'><strong>ex</strong></span> <span class='ocrx_word' id='word_1_521' title='bbox 1245 3806 1328 3860; x_wconf 90' lang='lat' dir='ltr'><strong>his</strong></span> <span class='ocrx_word' id='word_1_522' title='bbox 1351 3805 1519 3858; x_wconf 90' lang='lat' dir='ltr'><strong>tribus</strong></span> <span class='ocrx_word' id='word_1_523' title='bbox 1540 3801 1798 3872; x_wconf 88' lang='lat' dir='ltr'><strong>posuerit,</strong></span> 
     </span>
    </p>
   </div>
   <div class='ocr_carea' id='block_1_69' title="bbox 231 3895 1803 3975">
    <p class='ocr_par' dir='ltr' id='par_1_69' title="bbox 231 3895 1803 3975">
     <span class='ocr_line' id='line_1_69' title="bbox 231 3895 1803 3975; baseline -0.01 -14"><span class='ocrx_word' id='word_1_524' title='bbox 231 3923 259 3961; x_wconf 87' lang='lat' dir='ltr'><strong>a</strong></span> <span class='ocrx_word' id='word_1_525' title='bbox 283 3908 504 3962; x_wconf 85' lang='lat' dir='ltr'><strong>veritate</strong></span> <span class='ocrx_word' id='word_1_526' title='bbox 534 3905 720 3975; x_wconf 89' lang='lat' dir='ltr'><strong>utique</strong></span> <span class='ocrx_word' id='word_1_527' title='bbox 748 3918 856 3957; x_wconf 90' lang='lat' dir='ltr'><strong>non</strong></span> <span class='ocrx_word' id='word_1_528' title='bbox 879 3899 1160 3963; x_wconf 88' lang='lat' dir='ltr'><strong>dissentit,</strong></span> <span class='ocrx_word' id='word_1_529' title='bbox 1200 3911 1376 3967; x_wconf 81' lang='lat' dir='ltr'><strong>neque</strong></span> <span class='ocrx_word' id='word_1_530' title='bbox 1406 3895 1550 3950; x_wconf 90' lang='lat' dir='ltr'><strong>enim</strong></span> <span class='ocrx_word' id='word_1_531' title='bbox 1582 3906 1803 3948; x_wconf 89' lang='lat' dir='ltr'><strong>necesse</strong></span> 
     </span>
    </p>
   </div>
   <div class='ocr_carea' id='block_1_70' title="bbox 233 3983 1805 4066">
    <p class='ocr_par' dir='ltr' id='par_1_70' title="bbox 233 3983 1805 4066">
     <span class='ocr_line' id='line_1_70' title="bbox 233 3983 1805 4066; baseline -0.009 -14"><span class='ocrx_word' id='word_1_532' title='bbox 233 4005 309 4052; x_wconf 81' lang='lat' dir='ltr'><strong>est</strong></span> <span class='ocrx_word' id='word_1_533' title='bbox 349 4005 404 4051; x_wconf 91' lang='lat' dir='ltr'><strong>ut</strong></span> <span class='ocrx_word' id='word_1_534' title='bbox 441 3994 593 4066; x_wconf 86' lang='lat' dir='ltr'><strong>quod</strong></span> <span class='ocrx_word' id='word_1_535' title='bbox 639 3992 1004 4064; x_wconf 85' lang='lat' dir='ltr'><strong>multipliciter</strong></span> <span class='ocrx_word' id='word_1_536' title='bbox 1050 3988 1401 4057; x_wconf 86' lang='lat' dir='ltr'><strong>intelligitur,</strong></span> <span class='ocrx_word' id='word_1_537' title='bbox 1453 3985 1506 4040; x_wconf 93' lang='lat' dir='ltr'><strong>in</strong></span> <span class='ocrx_word' id='word_1_538' title='bbox 1555 3983 1805 4039; x_wconf 90' lang='lat' dir='ltr'><strong>omnibus</strong></span> 
     </span>
    </p>
   </div>
   <div class='ocr_carea' id='block_1_71' title="bbox 235 4073 1800 4158">
    <p class='ocr_par' dir='ltr' id='par_1_71' title="bbox 235 4073 1800 4158">
     <span class='ocr_line' id='line_1_71' title="bbox 235 4073 1800 4158; baseline -0.01 -16"><span class='ocrx_word' id='word_1_539' title='bbox 235 4087 428 4158; x_wconf 84' lang='lat' dir='ltr'><strong>scriptis</strong></span> <span class='ocrx_word' id='word_1_540' title='bbox 465 4083 834 4154; x_wconf 90' lang='lat' dir='ltr'><strong>multipliciter</strong></span> <span class='ocrx_word' id='word_1_541' title='bbox 862 4083 1150 4136; x_wconf 90' lang='lat' dir='ltr'><strong>inseratur.</strong></span> <span class='ocrx_word' id='word_1_542' title='bbox 1201 4077 1335 4132; x_wconf 82' lang='lat' dir='ltr'><strong>Nam</strong></span> <span class='ocrx_word' id='word_1_543' title='bbox 1384 4084 1440 4131; x_wconf 88' lang='lat' dir='ltr'><strong>et</strong></span> <span class='ocrx_word' id='word_1_544' title='bbox 1483 4075 1582 4145; x_wconf 89' lang='lat' dir='ltr'><strong>ipsi</strong></span> <span class='ocrx_word' id='word_1_545' title='bbox 1611 4073 1800 4158; x_wconf 68' lang='lat' dir='ltr'><strong>sancti,</strong></span> 
     </span>
    </p>
   </div>
   <div class='ocr_carea' id='block_1_72' title="bbox 235 4147 1806 4248">
    <p class='ocr_par' dir='ltr' id='par_1_72' title="bbox 235 4147 1806 4248">
     <span class='ocr_line' id='line_1_72' title="bbox 235 4147 1806 4248; baseline -0.011 -14"><span class='ocrx_word' id='word_1_546' title='bbox 235 4193 446 4248; x_wconf 76' lang='lat' dir='ltr'><strong>quorum</strong></span> <span class='ocrx_word' id='word_1_547' title='bbox 473 4175 773 4231; x_wconf 91' lang='lat' dir='ltr'><strong>ministerio</strong></span> <span class='ocrx_word' id='word_1_548' title='bbox 795 4172 937 4228; x_wconf 91' lang='lat' dir='ltr'><strong>Deus</strong></span> <span class='ocrx_word' id='word_1_549' title='bbox 960 4169 1354 4240; x_wconf 90' lang='lat' dir='ltr'><strong>Scripturarum</strong></span> <span class='ocrx_word' id='word_1_550' title='bbox 1377 4181 1593 4222; x_wconf 87' lang='lat' dir='ltr'><strong>suarum</strong></span> <span class='ocrx_word' id='word_1_551' title='bbox 1618 4147 1806 4233; x_wconf 71' lang='lat' dir='ltr'><strong>digna-</strong></span> 
     </span>
    </p>
   </div>
   <div class='ocr_carea' id='block_1_73' title="bbox 231 4259 1805 4345">
    <p class='ocr_par' dir='ltr' id='par_1_73' title="bbox 231 4259 1805 4345">
     <span class='ocr_line' id='line_1_73' title="bbox 231 4259 1805 4345; baseline -0.007 -24"><span class='ocrx_word' id='word_1_552' title='bbox 231 4277 308 4345; x_wconf 80' lang='lat' dir='ltr'><strong>tus</strong></span> <span class='ocrx_word' id='word_1_553' title='bbox 333 4277 413 4324; x_wconf 90' lang='lat' dir='ltr'><strong>est</strong></span> <span class='ocrx_word' id='word_1_554' title='bbox 458 4267 671 4338; x_wconf 89' lang='lat' dir='ltr'><strong>aperire</strong></span> <span class='ocrx_word' id='word_1_555' title='bbox 714 4272 921 4320; x_wconf 88' lang='lat' dir='ltr'><strong>secreta</strong></span> <span class='ocrx_word' id='word_1_556' title='bbox 945 4305 959 4328; x_wconf 95' lang='lat'><strong>,</strong></span> <span class='ocrx_word' id='word_1_557' title='bbox 1002 4262 1253 4317; x_wconf 77' lang='lat' dir='ltr'><strong>dixerunt</strong></span> <span class='ocrx_word' id='word_1_558' title='bbox 1278 4259 1537 4329; x_wconf 85' lang='lat' dir='ltr'><strong>pleraque</strong></span> <span class='ocrx_word' id='word_1_559' title='bbox 1564 4273 1670 4312; x_wconf 93' lang='lat' dir='ltr'><strong>non</strong></span> <span class='ocrx_word' id='word_1_560' title='bbox 1697 4271 1805 4311; x_wconf 89' lang='lat' dir='ltr'><strong>uno</strong></span> 
     </span>
    </p>
   </div>
   <div class='ocr_carea' id='block_1_74' title="bbox 237 4355 1807 4448">
    <p class='ocr_par' dir='ltr' id='par_1_74' title="bbox 237 4355 1807 4448">
     <span class='ocr_line' id='line_1_74' title="bbox 237 4355 1807 4448; baseline -0.008 -26"><span class='ocrx_word' id='word_1_561' title='bbox 237 4369 383 4448; x_wconf 85' lang='lat' dir='ltr'><strong>modo</strong></span> <span class='ocrx_word' id='word_1_562' title='bbox 411 4372 644 4428; x_wconf 86' lang='lat' dir='ltr'><strong>tantum,</strong></span> <span class='ocrx_word' id='word_1_563' title='bbox 677 4363 770 4420; x_wconf 87' lang='lat' dir='ltr'><strong>sed</strong></span> <span class='ocrx_word' id='word_1_564' title='bbox 790 4359 1175 4432; x_wconf 89' lang='lat' dir='ltr'><strong>multipliciter,</strong></span> <span class='ocrx_word' id='word_1_565' title='bbox 1197 4359 1314 4415; x_wconf 90' lang='lat' dir='ltr'><strong>sine</strong></span> <span class='ocrx_word' id='word_1_566' title='bbox 1334 4356 1630 4412; x_wconf 81' lang='lat' dir='ltr'><strong>oll’ensione</strong></span> <span class='ocrx_word' id='word_1_567' title='bbox 1671 4355 1807 4410; x_wconf 91' lang='lat' dir='ltr'><strong>dun-</strong></span> 
     </span>
    </p>
   </div>
   <div class='ocr_carea' id='block_1_75' title="bbox 236 4445 1810 4517">
    <p class='ocr_par' dir='ltr' id='par_1_75' title="bbox 236 4445 1810 4517">
     <span class='ocr_line' id='line_1_75' title="bbox 236 4445 1810 4517; baseline -0.007 -7"><span class='ocrx_word' id='word_1_568' title='bbox 236 4446 378 4514; x_wconf 84' lang='lat' dir='ltr'><strong>taxat</strong></span> <span class='ocrx_word' id='word_1_569' title='bbox 397 4472 541 4514; x_wconf 80' lang='lat' dir='ltr'><strong>verae</strong></span> <span class='ocrx_word' id='word_1_570' title='bbox 573 4455 695 4510; x_wconf 81' lang='lat' dir='ltr'><strong>ﬁdei</strong></span> <span class='ocrx_word' id='word_1_571' title='bbox 733 4468 841 4509; x_wconf 92' lang='lat' dir='ltr'><strong>non</strong></span> <span class='ocrx_word' id='word_1_572' title='bbox 881 4451 1192 4507; x_wconf 88' lang='lat' dir='ltr'><strong>indecenter</strong></span> <span class='ocrx_word' id='word_1_573' title='bbox 1218 4447 1460 4517; x_wconf 89' lang='lat' dir='ltr'><strong>intelligi.</strong></span> <span class='ocrx_word' id='word_1_574' title='bbox 1503 4446 1654 4502; x_wconf 88' lang='lat' dir='ltr'><strong>Sicut</strong></span> <span class='ocrx_word' id='word_1_575' title='bbox 1693 4445 1810 4515; x_wconf 90' lang='lat' dir='ltr'><strong>ipse</strong></span> 
     </span>
    </p>
   </div>
   <div class='ocr_carea' id='block_1_76' title="bbox 235 4538 1808 4619">
    <p class='ocr_par' dir='ltr' id='par_1_76' title="bbox 235 4538 1808 4619">
     <span class='ocr_line' id='line_1_76' title="bbox 235 4538 1808 4619; baseline -0.011 -11"><span class='ocrx_word' id='word_1_576' title='bbox 235 4548 413 4608; x_wconf 84' lang='lat' dir='ltr'><strong>beatus</strong></span> <span class='ocrx_word' id='word_1_577' title='bbox 441 4549 768 4619; x_wconf 80' lang='lat' dir='ltr'><strong>Augustinus</strong></span> <span class='ocrx_word' id='word_1_578' title='bbox 795 4547 848 4602; x_wconf 92' lang='lat' dir='ltr'><strong>in</strong></span> <span class='ocrx_word' id='word_1_579' title='bbox 881 4543 1140 4617; x_wconf 84' lang='lat' dir='ltr'><strong>mysterio</strong></span> <span class='ocrx_word' id='word_1_580' title='bbox 1166 4557 1305 4597; x_wconf 79' lang='lat' dir='ltr'><strong>arcae</strong></span> <span class='ocrx_word' id='word_1_581' title='bbox 1344 4539 1459 4595; x_wconf 89' lang='lat' dir='ltr'><strong>Noe</strong></span> <span class='ocrx_word' id='word_1_582' title='bbox 1488 4538 1683 4594; x_wconf 80' lang='lat' dir='ltr'><strong>fecisse</strong></span> <span class='ocrx_word' id='word_1_583' title='bbox 1713 4551 1808 4591; x_wconf 86' lang='lat' dir='ltr'><strong>co—</strong></span> 
     </span>
    </p>
   </div>
   <div class='ocr_carea' id='block_1_77' title="bbox 1900 3362 3485 3443">
    <p class='ocr_par' dir='ltr' id='par_1_77' title="bbox 1900 3362 3485 3443">
     <span class='ocr_line' id='line_1_77' title="bbox 1900 3362 3485 3443; baseline -0.008 -12"><span class='ocrx_word' id='word_1_584' title='bbox 1900 3384 2125 3440; x_wconf 86' lang='lat' dir='ltr'><strong>merata,</strong></span> <span class='ocrx_word' id='word_1_585' title='bbox 2157 3381 2212 3429; x_wconf 88' lang='lat' dir='ltr'><strong>et</strong></span> <span class='ocrx_word' id='word_1_586' title='bbox 2232 3374 2286 3428; x_wconf 93' lang='lat' dir='ltr'><strong>in</strong></span> <span class='ocrx_word' id='word_1_587' title='bbox 2308 3371 2672 3443; x_wconf 89' lang='lat' dir='ltr'><strong>superioribus</strong></span> <span class='ocrx_word' id='word_1_588' title='bbox 2697 3368 3056 3439; x_wconf 89' lang='lat' dir='ltr'><strong>superiorum,</strong></span> <span class='ocrx_word' id='word_1_589' title='bbox 3087 3372 3142 3422; x_wconf 91' lang='lat' dir='ltr'><strong>et</strong></span> <span class='ocrx_word' id='word_1_590' title='bbox 3167 3365 3278 3420; x_wconf 79' lang='lat' dir='ltr'><strong>haec</strong></span> <span class='ocrx_word' id='word_1_591' title='bbox 3299 3362 3485 3436; x_wconf 89' lang='lat' dir='ltr'><strong>appel-</strong></span> 
     </span>
    </p>
   </div>
   <div class='ocr_carea' id='block_1_78' title="bbox 1901 3456 3483 3528">
    <p class='ocr_par' dir='ltr' id='par_1_78' title="bbox 1901 3456 3483 3528">
     <span class='ocr_line' id='line_1_78' title="bbox 1901 3456 3483 3528; baseline -0.009 -7"><span class='ocrx_word' id='word_1_592' title='bbox 1901 3467 2030 3522; x_wconf 87' lang='lat' dir='ltr'><strong>lavit</strong></span> <span class='ocrx_word' id='word_1_593' title='bbox 2049 3465 2411 3528; x_wconf 89' lang='lat' dir='ltr'><strong>tricamerata,</strong></span> <span class='ocrx_word' id='word_1_594' title='bbox 2436 3470 2494 3518; x_wconf 91' lang='lat' dir='ltr'><strong>ut</strong></span> <span class='ocrx_word' id='word_1_595' title='bbox 2518 3462 2587 3516; x_wconf 87' lang='lat' dir='ltr'><strong>ab</strong></span> <span class='ocrx_word' id='word_1_596' title='bbox 2613 3462 2720 3516; x_wconf 94' lang='lat' dir='ltr'><strong>imo</strong></span> <span class='ocrx_word' id='word_1_597' title='bbox 2741 3473 2952 3516; x_wconf 89' lang='lat' dir='ltr'><strong>sursum</strong></span> <span class='ocrx_word' id='word_1_598' title='bbox 2974 3471 3162 3512; x_wconf 83' lang='lat' dir='ltr'><strong>versus</strong></span> <span class='ocrx_word' id='word_1_599' title='bbox 3181 3456 3337 3509; x_wconf 87' lang='lat' dir='ltr'><strong>tertia</strong></span> <span class='ocrx_word' id='word_1_600' title='bbox 3359 3470 3483 3509; x_wconf 80' lang='lat' dir='ltr'><strong>con-</strong></span> 
     </span>
    </p>
   </div>
   <div class='ocr_carea' id='block_1_79' title="bbox 1901 3533 3483 3626">
    <p class='ocr_par' dir='ltr' id='par_1_79' title="bbox 1901 3533 3483 3626">
     <span class='ocr_line' id='line_1_79' title="bbox 1901 3533 3483 3626; baseline -0.009 -14"><span class='ocrx_word' id='word_1_601' title='bbox 1901 3564 2144 3626; x_wconf 84' lang='lat' dir='ltr'><strong>surgeret</strong></span> <span class='ocrx_word' id='word_1_602' title='bbox 2179 3553 2458 3618; x_wconf 88' lang='lat' dir='ltr'><strong>habitatio,</strong></span> <span class='ocrx_word' id='word_1_603' title='bbox 2499 3558 2728 3622; x_wconf 88' lang='lat' dir='ltr'><strong>possunt</strong></span> <span class='ocrx_word' id='word_1_604' title='bbox 2772 3549 2860 3603; x_wconf 91' lang='lat' dir='ltr'><strong>hic</strong></span> <span class='ocrx_word' id='word_1_605' title='bbox 2906 3545 3128 3613; x_wconf 80' lang='lat' dir='ltr'><strong>intelligi</strong></span> <span class='ocrx_word' id='word_1_606' title='bbox 3165 3533 3220 3599; x_wconf 84' lang='lat' dir='ltr'><strong>et</strong></span> <span class='ocrx_word' id='word_1_607' title='bbox 3249 3543 3351 3598; x_wconf 89' lang='lat' dir='ltr'><strong>tria</strong></span> <span class='ocrx_word' id='word_1_608' title='bbox 3393 3542 3483 3598; x_wconf 89' lang='lat' dir='ltr'><strong>illa</strong></span> 
     </span>
    </p>
   </div>
   <div class='ocr_carea' id='block_1_80' title="bbox 1900 3633 3480 3715">
    <p class='ocr_par' dir='ltr' id='par_1_80' title="bbox 1900 3633 3480 3715">
     <span class='ocr_line' id='line_1_80' title="bbox 1900 3633 3480 3715; baseline -0.009 -14"><span class='ocrx_word' id='word_1_609' title='bbox 1900 3661 2021 3715; x_wconf 74' lang='lat' dir='ltr'><strong>quae</strong></span> <span class='ocrx_word' id='word_1_610' title='bbox 2045 3642 2388 3701; x_wconf 75' lang='lat' dir='ltr'><strong>commendat</strong></span> <span class='ocrx_word' id='word_1_611' title='bbox 2407 3640 2716 3711; x_wconf 82' lang='lat' dir='ltr'><strong>ApOstolus,</strong></span> <span class='ocrx_word' id='word_1_612' title='bbox 2737 3638 2887 3709; x_wconf 79' lang='lat' dir='ltr'><strong>ﬁdes,</strong></span> <span class='ocrx_word' id='word_1_613' title='bbox 2910 3653 3051 3708; x_wconf 88' lang='lat' dir='ltr'><strong>spes,</strong></span> <span class='ocrx_word' id='word_1_614' title='bbox 3070 3636 3266 3690; x_wconf 79' lang='lat' dir='ltr'><strong>caritas</strong></span> <span class='ocrx_word' id='word_1_615' title='bbox 3284 3633 3339 3704; x_wconf 90' lang='grc' dir='ltr'>(ι</span> <span class='ocrx_word' id='word_1_616' title='bbox 3358 3633 3480 3689; x_wconf 81' lang='lat' dir='ltr'><strong>Cor.</strong></span> 
     </span>
    </p>
   </div>
   <div class='ocr_carea' id='block_1_81' title="bbox 1903 3726 3477 3807">
    <p class='ocr_par' dir='ltr' id='par_1_81' title="bbox 1903 3726 3477 3807">
     <span class='ocr_line' id='line_1_81' title="bbox 1903 3726 3477 3807; baseline -0.01 -12"><span class='ocrx_word' id='word_1_617' title='bbox 1903 3757 2022 3804; x_wconf 87' lang='lat' dir='ltr'><strong>xm,</strong></span> <span class='ocrx_word' id='word_1_618' title='bbox 2057 3737 2166 3807; x_wconf 79' lang='lat' dir='ltr'><strong>l5).</strong></span> <span class='ocrx_word' id='word_1_619' title='bbox 2216 3733 2448 3790; x_wconf 90' lang='lat' dir='ltr'><strong>Possunt</strong></span> <span class='ocrx_word' id='word_1_620' title='bbox 2484 3734 2643 3788; x_wconf 91' lang='lat' dir='ltr'><strong>etiam</strong></span> <span class='ocrx_word' id='word_1_621' title='bbox 2671 3730 2870 3796; x_wconf 62' lang='lat' dir='ltr'><strong>,multo</strong></span> <span class='ocrx_word' id='word_1_622' title='bbox 2913 3726 3318 3784; x_wconf 86' lang='lat' dir='ltr'><strong>convenientius</strong></span> <span class='ocrx_word' id='word_1_623' title='bbox 3367 3735 3477 3781; x_wconf 90' lang='lat' dir='ltr'><strong>tres</strong></span> 
     </span>
    </p>
   </div>
   <div class='ocr_carea' id='block_1_82' title="bbox 1905 3822 3485 3894">
    <p class='ocr_par' dir='ltr' id='par_1_82' title="bbox 1905 3822 3485 3894">
     <span class='ocr_line' id='line_1_82' title="bbox 1905 3822 3485 3894; baseline -0.008 -10"><span class='ocrx_word' id='word_1_624' title='bbox 1905 3829 2006 3885; x_wconf 73' lang='lat' dir='ltr'><strong>illm</strong></span> <span class='ocrx_word' id='word_1_625' title='bbox 2025 3827 2300 3884; x_wconf 86' lang='lat' dir='ltr'><strong>ubertates</strong></span> <span class='ocrx_word' id='word_1_626' title='bbox 2318 3823 2660 3894; x_wconf 65' lang='lat' dir='ltr'><strong>evangelicae,</strong></span> <span class='ocrx_word' id='word_1_627' title='bbox 2683 3822 2906 3888; x_wconf 88' lang='lat' dir='ltr'><strong>tricena,</strong></span> <span class='ocrx_word' id='word_1_628' title='bbox 2925 3832 3212 3888; x_wconf 87' lang='lat' dir='ltr'><strong>sexagena,</strong></span> <span class='ocrx_word' id='word_1_629' title='bbox 3234 3825 3485 3888; x_wconf 82' lang='lat' dir='ltr'><strong>centena,</strong></span> 
     </span>
    </p>
   </div>
   <div class='ocr_carea' id='block_1_83' title="bbox 1907 3910 3485 3990">
    <p class='ocr_par' dir='ltr' id='par_1_83' title="bbox 1907 3910 3485 3990">
     <span class='ocr_line' id='line_1_83' title="bbox 1907 3910 3485 3990; baseline -0.007 -13"><span class='ocrx_word' id='word_1_630' title='bbox 1907 3933 1964 3978; x_wconf 93' lang='lat' dir='ltr'><strong>ut</strong></span> <span class='ocrx_word' id='word_1_631' title='bbox 1992 3923 2045 3976; x_wconf 92' lang='lat' dir='ltr'><strong>in</strong></span> <span class='ocrx_word' id='word_1_632' title='bbox 2077 3919 2260 3975; x_wconf 82' lang='lat' dir='ltr'><strong>inﬁmo</strong></span> <span class='ocrx_word' id='word_1_633' title='bbox 2289 3919 2496 3974; x_wconf 88' lang='lat' dir='ltr'><strong>habitet</strong></span> <span class='ocrx_word' id='word_1_634' title='bbox 2521 3917 2628 3990; x_wconf 59' lang='grc' dir='ltr'><strong>ιι</strong></span> <span class='ocrx_word' id='word_1_635' title='bbox 2655 3915 2912 3988; x_wconf 86' lang='lat' dir='ltr'><strong>pudicitia</strong></span> <span class='ocrx_word' id='word_1_636' title='bbox 2948 3910 3244 3982; x_wconf 73' lang='lat' dir='ltr'><strong>coniugalis</strong></span> <span class='ocrx_word' id='word_1_637' title='bbox 3263 3950 3282 3978; x_wconf 96' lang='lat'><strong>,</strong></span> <span class='ocrx_word' id='word_1_638' title='bbox 3324 3925 3485 3981; x_wconf 84' lang='lat' dir='ltr'><strong>supra</strong></span> 
     </span>
    </p>
   </div>
   <div class='ocr_carea' id='block_1_84' title="bbox 1905 4001 3487 4083">
    <p class='ocr_par' dir='ltr' id='par_1_84' title="bbox 1905 4001 3487 4083">
     <span class='ocr_line' id='line_1_84' title="bbox 1905 4001 3487 4083; baseline -0.006 -15"><span class='ocrx_word' id='word_1_639' title='bbox 1905 4013 2169 4079; x_wconf 87' lang='lat' dir='ltr'><strong>vidualis,</strong></span> <span class='ocrx_word' id='word_1_640' title='bbox 2218 4019 2381 4083; x_wconf 89' lang='lat' dir='ltr'><strong>atque</strong></span> <span class='ocrx_word' id='word_1_641' title='bbox 2426 4010 2530 4066; x_wconf 89' lang='lat' dir='ltr'><strong>hac</strong></span> <span class='ocrx_word' id='word_1_642' title='bbox 2568 4010 2817 4080; x_wconf 86' lang='lat' dir='ltr'><strong>superior</strong></span> <span class='ocrx_word' id='word_1_643' title='bbox 2856 4005 3149 4075; x_wconf 84' lang='lat' dir='ltr'><strong>virginalis,</strong></span> <span class='ocrx_word' id='word_1_644' title='bbox 3190 4009 3247 4058; x_wconf 90' lang='lat' dir='ltr'><strong>et</strong></span> <span class='ocrx_word' id='word_1_645' title='bbox 3279 4002 3325 4058; x_wconf 90' lang='lat' dir='ltr'><strong>si</strong></span> <span class='ocrx_word' id='word_1_646' title='bbox 3359 4001 3487 4079; x_wconf 84' lang='lat' dir='ltr'><strong>quid</strong></span> 
     </span>
    </p>
   </div>
   <div class='ocr_carea' id='block_1_85' title="bbox 1909 4091 3488 4168">
    <p class='ocr_par' dir='ltr' id='par_1_85' title="bbox 1909 4091 3488 4168">
     <span class='ocr_line' id='line_1_85' title="bbox 1909 4091 3488 4168; baseline -0.006 -8"><span class='ocrx_word' id='word_1_647' title='bbox 1909 4105 2053 4161; x_wconf 90' lang='lat' dir='ltr'><strong>aliud</strong></span> <span class='ocrx_word' id='word_1_648' title='bbox 2091 4104 2383 4162; x_wconf 89' lang='lat' dir='ltr'><strong>secundum</strong></span> <span class='ocrx_word' id='word_1_649' title='bbox 2418 4101 2576 4158; x_wconf 79' lang='lat' dir='ltr'><strong>ﬁdem</strong></span> <span class='ocrx_word' id='word_1_650' title='bbox 2602 4101 2836 4156; x_wconf 86' lang='lat' dir='ltr'><strong>civitatis</strong></span> <span class='ocrx_word' id='word_1_651' title='bbox 2862 4097 3024 4168; x_wconf 86' lang='lat' dir='ltr'><strong>hujus</strong></span> <span class='ocrx_word' id='word_1_652' title='bbox 3052 4095 3275 4165; x_wconf 88' lang='lat' dir='ltr'><strong>intelligi</strong></span> <span class='ocrx_word' id='word_1_653' title='bbox 3298 4102 3354 4150; x_wconf 86' lang='lat' dir='ltr'><strong>et</strong></span> <span class='ocrx_word' id='word_1_654' title='bbox 3381 4091 3488 4150; x_wconf 87' lang='lat' dir='ltr'><strong>dici</strong></span> 
     </span>
    </p>
   </div>
   <div class='ocr_carea' id='block_1_86' title="bbox 1907 4183 3487 4272">
    <p class='ocr_par' dir='ltr' id='par_1_86' title="bbox 1907 4183 3487 4272">
     <span class='ocr_line' id='line_1_86' title="bbox 1907 4183 3487 4272; baseline -0.008 -15"><span class='ocrx_word' id='word_1_655' title='bbox 1907 4209 2106 4272; x_wconf 90' lang='lat' dir='ltr'><strong>potest.</strong></span> <span class='ocrx_word' id='word_1_656' title='bbox 2171 4199 2285 4255; x_wconf 85' lang='lat' dir='ltr'><strong>Hoc</strong></span> <span class='ocrx_word' id='word_1_657' title='bbox 2321 4197 2485 4254; x_wconf 90' lang='lat' dir='ltr'><strong>etiam</strong></span> <span class='ocrx_word' id='word_1_658' title='bbox 2531 4197 2600 4252; x_wconf 91' lang='lat' dir='ltr'><strong>de</strong></span> <span class='ocrx_word' id='word_1_659' title='bbox 2643 4195 2852 4252; x_wconf 67' lang='lat' dir='ltr'><strong>caeteris</strong></span> <span class='ocrx_word' id='word_1_660' title='bbox 2881 4207 2999 4265; x_wconf 68' lang='lat' dir='ltr'><strong>quze</strong></span> <span class='ocrx_word' id='word_1_661' title='bbox 3042 4191 3131 4247; x_wconf 89' lang='lat' dir='ltr'><strong>hic</strong></span> <span class='ocrx_word' id='word_1_662' title='bbox 3169 4183 3487 4261; x_wconf 82' lang='lat' dir='ltr'><strong>exponenda</strong></span> 
     </span>
    </p>
   </div>
   <div class='ocr_carea' id='block_1_87' title="bbox 1909 4279 3488 4359">
    <p class='ocr_par' dir='ltr' id='par_1_87' title="bbox 1909 4279 3488 4359">
     <span class='ocr_line' id='line_1_87' title="bbox 1909 4279 3488 4359; baseline -0.009 -9"><span class='ocrx_word' id='word_1_663' title='bbox 1909 4301 2034 4350; x_wconf 90' lang='lat' dir='ltr'><strong>sunt</strong></span> <span class='ocrx_word' id='word_1_664' title='bbox 2060 4290 2285 4348; x_wconf 82' lang='lat' dir='ltr'><strong>dixerim</strong></span> <span class='ocrx_word' id='word_1_665' title='bbox 2311 4329 2327 4353; x_wconf 91' lang='lat'><strong>,</strong></span> <span class='ocrx_word' id='word_1_666' title='bbox 2371 4288 2498 4359; x_wconf 83' lang='lat' dir='ltr'><strong>quia</strong></span> <span class='ocrx_word' id='word_1_667' title='bbox 2526 4287 2628 4344; x_wconf 91' lang='lat' dir='ltr'><strong>etsi</strong></span> <span class='ocrx_word' id='word_1_668' title='bbox 2656 4302 2766 4342; x_wconf 91' lang='lat' dir='ltr'><strong>non</strong></span> <span class='ocrx_word' id='word_1_669' title='bbox 2799 4301 2909 4340; x_wconf 91' lang='lat' dir='ltr'><strong>uno</strong></span> <span class='ocrx_word' id='word_1_670' title='bbox 2934 4283 3272 4339; x_wconf 90' lang='lat' dir='ltr'><strong>disseruntur</strong></span> <span class='ocrx_word' id='word_1_671' title='bbox 3304 4279 3488 4346; x_wconf 87' lang='lat' dir='ltr'><strong>modo,</strong></span> 
     </span>
    </p>
   </div>
   <div class='ocr_carea' id='block_1_88' title="bbox 1911 4373 3489 4439">
    <p class='ocr_par' dir='ltr' id='par_1_88' title="bbox 1911 4373 3489 4439">
     <span class='ocr_line' id='line_1_88' title="bbox 1911 4373 3489 4439; baseline -0.008 0"><span class='ocrx_word' id='word_1_672' title='bbox 1911 4385 1978 4439; x_wconf 88' lang='lat' dir='ltr'><strong>ad</strong></span> <span class='ocrx_word' id='word_1_673' title='bbox 2005 4398 2166 4439; x_wconf 89' lang='lat' dir='ltr'><strong>unam</strong></span> <span class='ocrx_word' id='word_1_674' title='bbox 2195 4390 2376 4437; x_wconf 87' lang='lat' dir='ltr'><strong>tamen</strong></span> <span class='ocrx_word' id='word_1_675' title='bbox 2405 4377 2684 4434; x_wconf 64' lang='lat' dir='ltr'><strong>catholicae</strong></span> <span class='ocrx_word' id='word_1_676' title='bbox 2712 4375 2835 4432; x_wconf 87' lang='lat' dir='ltr'><strong>tidei</strong></span> <span class='ocrx_word' id='word_1_677' title='bbox 2862 4373 3204 4432; x_wconf 84' lang='lat' dir='ltr'><strong>concordiam</strong></span> <span class='ocrx_word' id='word_1_678' title='bbox 3233 4385 3489 4428; x_wconf 83' lang='lat' dir='ltr'><strong>revocan-</strong></span> 
     </span>
    </p>
   </div>
   <div class='ocr_carea' id='block_1_89' title="bbox 1914 4475 2202 4532">
    <p class='ocr_par' dir='ltr' id='par_1_89' title="bbox 1914 4475 2202 4532">
     <span class='ocr_line' id='line_1_89' title="bbox 1914 4475 2202 4532; baseline -0.017 -1"><span class='ocrx_word' id='word_1_679' title='bbox 1914 4475 1983 4531; x_wconf 91' lang='lat' dir='ltr'><strong>da</strong></span> <span class='ocrx_word' id='word_1_680' title='bbox 2005 4484 2148 4532; x_wconf 89' lang='lat' dir='ltr'><strong>sunt.</strong></span> <span class='ocrx_word' id='word_1_681' title='bbox 2184 4495 2202 4526; x_wconf 74' lang='grc' dir='ltr'><strong>ι</strong></span> 
     </span>
    </p>
   </div>
   <div class='ocr_carea' id='block_1_90' title="bbox 1986 4554 3490 4632">
    <p class='ocr_par' dir='ltr' id='par_1_90' title="bbox 1986 4554 3490 4632">
     <span class='ocr_line' id='line_1_90' title="bbox 1986 4554 3490 4632; baseline -0.008 -11"><span class='ocrx_word' id='word_1_682' title='bbox 1986 4567 2193 4623; x_wconf 83' lang='lat' dir='ltr'><strong>Rursus</strong></span> <span class='ocrx_word' id='word_1_683' title='bbox 2239 4565 2378 4622; x_wconf 89' lang='lat' dir='ltr'><strong>idem</strong></span> <span class='ocrx_word' id='word_1_684' title='bbox 2425 4565 2613 4622; x_wconf 89' lang='lat' dir='ltr'><strong>beatus</strong></span> <span class='ocrx_word' id='word_1_685' title='bbox 2660 4562 2986 4632; x_wconf 88' lang='lat' dir='ltr'><strong>Augustinus</strong></span> <span class='ocrx_word' id='word_1_686' title='bbox 3032 4559 3085 4614; x_wconf 93' lang='lat' dir='ltr'><strong>in</strong></span> <span class='ocrx_word' id='word_1_687' title='bbox 3130 4558 3266 4614; x_wconf 86' lang='lat' dir='ltr'><strong>libro</strong></span> <span class='ocrx_word' id='word_1_688' title='bbox 3313 4554 3490 4627; x_wconf 88' lang='lat' dir='ltr'><strong>primo</strong></span> 
     </span>
    </p>
   </div>
   <div class='ocr_carea' id='block_1_91' title="bbox 236 4628 1797 4738">
    <p class='ocr_par' dir='ltr' id='par_1_91' title="bbox 236 4628 1797 4715">
     <span class='ocr_line' id='line_1_91' title="bbox 236 4628 1797 4715; baseline -0.011 -16"><span class='ocrx_word' id='word_1_689' title='bbox 236 4643 501 4715; x_wconf 85' lang='lat' dir='ltr'><strong>gnoscitur</strong></span> <span class='ocrx_word' id='word_1_690' title='bbox 526 4640 786 4697; x_wconf 90' lang='lat' dir='ltr'><strong>adversus</strong></span> <span class='ocrx_word' id='word_1_691' title='bbox 815 4637 1068 4692; x_wconf 90' lang='lat' dir='ltr'><strong>Faustum</strong></span> <span class='ocrx_word' id='word_1_692' title='bbox 1093 4652 1106 4688; x_wconf 88' lang='lat'>:</span> <span class='ocrx_word' id='word_1_693' title='bbox 1140 4647 1369 4703; x_wconf 84' lang='lat' dir='ltr'><strong>namque</strong></span> <span class='ocrx_word' id='word_1_694' title='bbox 1399 4628 1696 4684; x_wconf 78' lang='lat' dir='ltr'><strong>Manichan</strong></span> <span class='ocrx_word' id='word_1_695' title='bbox 1725 4643 1797 4684; x_wconf 87' lang='lat' dir='ltr'><strong>as-</strong></span> 
     </span>
    </p>
   </div>
   <div class='ocr_carea' id='block_1_92' title="bbox 1899 4628 3491 4738">
    <p class='ocr_par' dir='ltr' id='par_1_92' title="bbox 1918 4628 3491 4730">
     <span class='ocr_line' id='line_1_92' title="bbox 1918 4628 3491 4730; baseline -0.01 -17"><span class='ocrx_word' id='word_1_696' title='bbox 1918 4658 2068 4730; x_wconf 88' lang='lat' dir='ltr'><strong>(Cap.</strong></span> <span class='ocrx_word' id='word_1_697' title='bbox 2111 4657 2166 4726; x_wconf 81' lang='lat'><strong>&#39;5)</strong></span> <span class='ocrx_word' id='word_1_698' title='bbox 2193 4657 2260 4712; x_wconf 91' lang='lat' dir='ltr'><strong>de</strong></span> <span class='ocrx_word' id='word_1_699' title='bbox 2295 4655 2557 4711; x_wconf 88' lang='lat' dir='ltr'><strong>Trinitate</strong></span> <span class='ocrx_word' id='word_1_700' title='bbox 2593 4628 2787 4710; x_wconf 80' lang='lat' dir='ltr'><strong>asserit</strong></span> <span class='ocrx_word' id='word_1_701' title='bbox 2811 4652 2938 4707; x_wconf 90' lang='lat' dir='ltr'><strong>utile</strong></span> <span class='ocrx_word' id='word_1_702' title='bbox 2967 4664 3087 4705; x_wconf 90' lang='lat' dir='ltr'><strong>esse</strong></span> <span class='ocrx_word' id='word_1_703' title='bbox 3123 4649 3303 4719; x_wconf 88' lang='lat' dir='ltr'><strong>plures</strong></span> <span class='ocrx_word' id='word_1_704' title='bbox 3331 4645 3491 4699; x_wconf 84' lang='lat' dir='ltr'><strong>libros</strong></span> 
     </span>
    </p>
   </div>
   <div class='ocr_carea' id='block_1_93' title="bbox 235 4725 1808 4810">
    <p class='ocr_par' dir='ltr' id='par_1_93' title="bbox 235 4725 1808 4810">
     <span class='ocr_line' id='line_1_93' title="bbox 235 4725 1808 4810; baseline -0.015 -7"><span class='ocrx_word' id='word_1_705' title='bbox 235 4753 470 4810; x_wconf 75' lang='lat' dir='ltr'><strong>serente,</strong></span> <span class='ocrx_word' id='word_1_706' title='bbox 503 4742 555 4797; x_wconf 93' lang='lat' dir='ltr'><strong>in</strong></span> <span class='ocrx_word' id='word_1_707' title='bbox 580 4740 731 4796; x_wconf 88' lang='lat' dir='ltr'><strong>libris</strong></span> <span class='ocrx_word' id='word_1_708' title='bbox 760 4737 966 4793; x_wconf 79' lang='lat' dir='ltr'><strong>Veteris</strong></span> <span class='ocrx_word' id='word_1_709' title='bbox 994 4731 1322 4790; x_wconf 88' lang='lat' dir='ltr'><strong>Testamenti</strong></span> <span class='ocrx_word' id='word_1_710' title='bbox 1357 4729 1488 4785; x_wconf 84' lang='lat' dir='ltr'><strong>nihil</strong></span> <span class='ocrx_word' id='word_1_711' title='bbox 1516 4728 1584 4784; x_wconf 89' lang='lat' dir='ltr'><strong>de</strong></span> <span class='ocrx_word' id='word_1_712' title='bbox 1611 4725 1808 4783; x_wconf 86' lang='lat' dir='ltr'><strong>Christi</strong></span> 
     </span>
    </p>
   </div>
   <div class='ocr_carea' id='block_1_94' title="bbox 238 4819 1808 4897">
    <p class='ocr_par' dir='ltr' id='par_1_94' title="bbox 238 4819 1808 4897">
     <span class='ocr_line' id='line_1_94' title="bbox 238 4819 1808 4897; baseline -0.013 -4"><span class='ocrx_word' id='word_1_713' title='bbox 238 4837 285 4892; x_wconf 88' lang='lat' dir='ltr'><strong>in</strong></span> <span class='ocrx_word' id='word_1_714' title='bbox 325 4851 490 4892; x_wconf 86' lang='lat' dir='ltr'><strong>carne</strong></span> <span class='ocrx_word' id='word_1_715' title='bbox 528 4848 655 4889; x_wconf 90' lang='lat' dir='ltr'><strong>vera</strong></span> <span class='ocrx_word' id='word_1_716' title='bbox 689 4831 868 4886; x_wconf 81' lang='lat' dir='ltr'><strong>futuro</strong></span> <span class='ocrx_word' id='word_1_717' title='bbox 894 4829 1126 4884; x_wconf 88' lang='lat' dir='ltr'><strong>adventu</strong></span> <span class='ocrx_word' id='word_1_718' title='bbox 1151 4823 1469 4897; x_wconf 88' lang='lat' dir='ltr'><strong>prophetice</strong></span> <span class='ocrx_word' id='word_1_719' title='bbox 1519 4819 1808 4886; x_wconf 90' lang='lat' dir='ltr'><strong>contineri,</strong></span> 
     </span>
    </p>
   </div>
   <div class='ocr_carea' id='block_1_95' title="bbox 236 4919 1810 4990">
    <p class='ocr_par' dir='ltr' id='par_1_95' title="bbox 236 4919 1810 4990">
     <span class='ocr_line' id='line_1_95' title="bbox 236 4919 1810 4990; baseline -0.015 -1"><span class='ocrx_word' id='word_1_720' title='bbox 236 4931 516 4988; x_wconf 68' lang='lat' dir='ltr'><strong>mterulens</strong></span> <span class='ocrx_word' id='word_1_721' title='bbox 547 4928 692 4983; x_wconf 90' lang='lat' dir='ltr'><strong>idem</strong></span> <span class='ocrx_word' id='word_1_722' title='bbox 721 4924 1062 4982; x_wconf 89' lang='lat' dir='ltr'><strong>beatissimus</strong></span> <span class='ocrx_word' id='word_1_723' title='bbox 1090 4919 1417 4990; x_wconf 87' lang='lat' dir='ltr'><strong>Augustinus</strong></span> <span class='ocrx_word' id='word_1_724' title='bbox 1449 4922 1686 4971; x_wconf 87' lang='lat' dir='ltr'><strong>nostram</strong></span> <span class='ocrx_word' id='word_1_725' title='bbox 1713 4927 1810 4967; x_wconf 87' lang='lat' dir='ltr'><strong>ve-</strong></span> 
     </span>
    </p>
   </div>
   <div class='ocr_carea' id='block_1_96' title="bbox 238 5001 1814 5090">
    <p class='ocr_par' dir='ltr' id='par_1_96' title="bbox 238 5001 1814 5090">
     <span class='ocr_line' id='line_1_96' title="bbox 238 5001 1814 5090; baseline -0.015 -11"><span class='ocrx_word' id='word_1_726' title='bbox 238 5031 394 5079; x_wconf 85' lang='lat' dir='ltr'><strong>terem</strong></span> <span class='ocrx_word' id='word_1_727' title='bbox 421 5020 760 5090; x_wconf 88' lang='lat' dir='ltr'><strong>Scripturam</strong></span> <span class='ocrx_word' id='word_1_728' title='bbox 789 5013 1116 5087; x_wconf 84' lang='lat' dir='ltr'><strong>propheticis</strong></span> <span class='ocrx_word' id='word_1_729' title='bbox 1139 5010 1206 5066; x_wconf 90' lang='lat' dir='ltr'><strong>de</strong></span> <span class='ocrx_word' id='word_1_730' title='bbox 1231 5007 1446 5065; x_wconf 86' lang='lat' dir='ltr'><strong>Christo</strong></span> <span class='ocrx_word' id='word_1_731' title='bbox 1471 5001 1814 5075; x_wconf 79' lang='lat' dir='ltr'><strong>signiﬁcatio-</strong></span> 
     </span>
    </p>
   </div>
   <div class='ocr_carea' id='block_1_97' title="bbox 239 5098 1812 5187">
    <p class='ocr_par' dir='ltr' id='par_1_97' title="bbox 239 5098 1812 5187">
     <span class='ocr_line' id='line_1_97' title="bbox 239 5098 1812 5187; baseline -0.013 -14"><span class='ocrx_word' id='word_1_732' title='bbox 239 5117 381 5173; x_wconf 86' lang='lat' dir='ltr'><strong>nibus</strong></span> <span class='ocrx_word' id='word_1_733' title='bbox 408 5115 648 5187; x_wconf 88' lang='lat' dir='ltr'><strong>plenam,</strong></span> <span class='ocrx_word' id='word_1_734' title='bbox 679 5120 734 5167; x_wconf 92' lang='lat' dir='ltr'><strong>et</strong></span> <span class='ocrx_word' id='word_1_735' title='bbox 754 5111 824 5167; x_wconf 91' lang='lat' dir='ltr'><strong>ob</strong></span> <span class='ocrx_word' id='word_1_736' title='bbox 846 5109 953 5164; x_wconf 86' lang='lat' dir='ltr'><strong>hoc</strong></span> <span class='ocrx_word' id='word_1_737' title='bbox 977 5106 1230 5164; x_wconf 87' lang='lat' dir='ltr'><strong>divinitus</strong></span> <span class='ocrx_word' id='word_1_738' title='bbox 1255 5102 1592 5173; x_wconf 89' lang='lat' dir='ltr'><strong>inspiratam,</strong></span> <span class='ocrx_word' id='word_1_739' title='bbox 1618 5099 1700 5156; x_wconf 89' lang='lat' dir='ltr'><strong>sic</strong></span> <span class='ocrx_word' id='word_1_740' title='bbox 1726 5098 1812 5154; x_wconf 87' lang='lat' dir='ltr'><strong>in-</strong></span> 
     </span>
    </p>
   </div>
   <div class='ocr_carea' id='block_1_98' title="bbox 239 5191 1814 5273">
    <p class='ocr_par' dir='ltr' id='par_1_98' title="bbox 239 5191 1814 5273">
     <span class='ocr_line' id='line_1_98' title="bbox 239 5191 1814 5273; baseline -0.011 -11"><span class='ocrx_word' id='word_1_741' title='bbox 239 5218 315 5264; x_wconf 87' lang='lat' dir='ltr'><strong>ter</strong></span> <span class='ocrx_word' id='word_1_742' title='bbox 357 5216 558 5264; x_wconf 68' lang='lat' dir='ltr'><strong>caetera</strong></span> <span class='ocrx_word' id='word_1_743' title='bbox 598 5203 725 5261; x_wconf 91' lang='lat' dir='ltr'><strong>illud</strong></span> <span class='ocrx_word' id='word_1_744' title='bbox 759 5200 1014 5273; x_wconf 74' lang='lat' dir='ltr'><strong>exponit,</strong></span> <span class='ocrx_word' id='word_1_745' title='bbox 1062 5195 1207 5269; x_wconf 91' lang='lat' dir='ltr'><strong>quod</strong></span> <span class='ocrx_word' id='word_1_746' title='bbox 1253 5191 1604 5250; x_wconf 78' lang='lat' dir='ltr'><strong>memoratam</strong></span> <span class='ocrx_word' id='word_1_747' title='bbox 1635 5205 1814 5246; x_wconf 87' lang='lat' dir='ltr'><strong>arcam</strong></span> 
     </span>
    </p>
   </div>
   <div class='ocr_carea' id='block_1_99' title="bbox 235 5284 1817 5354">
    <p class='ocr_par' dir='ltr' id='par_1_99' title="bbox 235 5284 1817 5354">
     <span class='ocr_line' id='line_1_99' title="bbox 235 5284 1817 5354; baseline -0.012 0"><span class='ocrx_word' id='word_1_748' title='bbox 235 5299 617 5354; x_wconf 83' lang='lat' dir='ltr'><strong>bicameratam</strong></span> <span class='ocrx_word' id='word_1_749' title='bbox 661 5303 717 5351; x_wconf 90' lang='lat' dir='ltr'><strong>et</strong></span> <span class='ocrx_word' id='word_1_750' title='bbox 764 5293 1157 5349; x_wconf 86' lang='lat' dir='ltr'><strong>tricameratam</strong></span> <span class='ocrx_word' id='word_1_751' title='bbox 1212 5286 1352 5341; x_wconf 89' lang='lat' dir='ltr'><strong>Deus</strong></span> <span class='ocrx_word' id='word_1_752' title='bbox 1407 5284 1637 5354; x_wconf 87' lang='lat' dir='ltr'><strong>imperat</strong></span> <span class='ocrx_word' id='word_1_753' title='bbox 1686 5297 1817 5337; x_wconf 85' lang='lat' dir='ltr'><strong>con-</strong></span> 
     </span>
    </p>
   </div>
   <div class='ocr_carea' id='block_1_100' title="bbox 232 5372 1812 5452">
    <p class='ocr_par' dir='ltr' id='par_1_100' title="bbox 232 5372 1812 5452">
     <span class='ocr_line' id='line_1_100' title="bbox 232 5372 1812 5452; baseline -0.012 -4"><span class='ocrx_word' id='word_1_754' title='bbox 232 5389 546 5446; x_wconf 63' lang='lat' dir='ltr'><strong>struendum</strong></span> <span class='ocrx_word' id='word_1_755' title='bbox 571 5427 589 5452; x_wconf 88' lang='lat'><strong>,</strong></span> <span class='ocrx_word' id='word_1_756' title='bbox 617 5395 680 5444; x_wconf 87' lang='lat' dir='ltr'><strong>ut</strong></span> <span class='ocrx_word' id='word_1_757' title='bbox 698 5387 752 5441; x_wconf 92' lang='lat' dir='ltr'><strong>in</strong></span> <span class='ocrx_word' id='word_1_758' title='bbox 771 5385 909 5440; x_wconf 90' lang='lat' dir='ltr'><strong>libro</strong></span> <span class='ocrx_word' id='word_1_759' title='bbox 930 5382 998 5438; x_wconf 90' lang='lat' dir='ltr'><strong>de</strong></span> <span class='ocrx_word' id='word_1_760' title='bbox 1017 5380 1246 5437; x_wconf 87' lang='lat' dir='ltr'><strong>Civitate</strong></span> <span class='ocrx_word' id='word_1_761' title='bbox 1263 5375 1360 5432; x_wconf 87' lang='lat' dir='ltr'><strong>Dei</strong></span> <span class='ocrx_word' id='word_1_762' title='bbox 1387 5372 1812 5445; x_wconf 86' lang='lat' dir='ltr'><strong>quintodecimo,</strong></span> 
     </span>
    </p>
   </div>
   <div class='ocr_carea' id='block_1_101' title="bbox 233 5467 1812 5544">
    <p class='ocr_par' dir='ltr' id='par_1_101' title="bbox 233 5467 1812 5544">
     <span class='ocr_line' id='line_1_101' title="bbox 233 5467 1812 5544; baseline -0.011 -7"><span class='ocrx_word' id='word_1_763' title='bbox 233 5481 442 5539; x_wconf 86' lang='lat' dir='ltr'><strong>duobus</strong></span> <span class='ocrx_word' id='word_1_764' title='bbox 467 5480 588 5536; x_wconf 87' lang='lat' dir='ltr'><strong>aliis</strong></span> <span class='ocrx_word' id='word_1_765' title='bbox 613 5477 790 5534; x_wconf 89' lang='lat' dir='ltr'><strong>modis</strong></span> <span class='ocrx_word' id='word_1_766' title='bbox 827 5473 1066 5544; x_wconf 84' lang='lat' dir='ltr'><strong>ejusdem</strong></span> <span class='ocrx_word' id='word_1_767' title='bbox 1097 5471 1201 5528; x_wconf 90' lang='lat' dir='ltr'><strong>loci</strong></span> <span class='ocrx_word' id='word_1_768' title='bbox 1248 5469 1528 5541; x_wconf 86' lang='lat' dir='ltr'><strong>mysticam</strong></span> <span class='ocrx_word' id='word_1_769' title='bbox 1553 5467 1812 5537; x_wconf 83' lang='lat' dir='ltr'><strong>explana-</strong></span> 
     </span>
    </p>
   </div>
   <div class='ocr_carea' id='block_1_102' title="bbox 231 5555 1817 5636">
    <p class='ocr_par' dir='ltr' id='par_1_102' title="bbox 231 5555 1817 5636">
     <span class='ocr_line' id='line_1_102' title="bbox 231 5555 1817 5636; baseline -0.01 -7"><span class='ocrx_word' id='word_1_770' title='bbox 231 5571 432 5629; x_wconf 83' lang='lat' dir='ltr'><strong>tionem</strong></span> <span class='ocrx_word' id='word_1_771' title='bbox 457 5609 476 5636; x_wconf 91' lang='lat'><strong>,</strong></span> <span class='ocrx_word' id='word_1_772' title='bbox 524 5585 634 5626; x_wconf 88' lang='lat' dir='ltr'><strong>non</strong></span> <span class='ocrx_word' id='word_1_773' title='bbox 674 5567 847 5624; x_wconf 89' lang='lat' dir='ltr'><strong>doctis</strong></span> <span class='ocrx_word' id='word_1_774' title='bbox 884 5566 1130 5621; x_wconf 70' lang='lat' dir='ltr'><strong>humanm</strong></span> <span class='ocrx_word' id='word_1_775' title='bbox 1155 5560 1434 5633; x_wconf 71' lang='lat' dir='ltr'><strong>sapientiae</strong></span> <span class='ocrx_word' id='word_1_776' title='bbox 1467 5559 1646 5615; x_wconf 87' lang='lat' dir='ltr'><strong>verbis</strong></span> <span class='ocrx_word' id='word_1_777' title='bbox 1670 5596 1688 5624; x_wconf 96' lang='lat'><strong>,</strong></span> <span class='ocrx_word' id='word_1_778' title='bbox 1719 5555 1817 5614; x_wconf 91' lang='lat' dir='ltr'><strong>sed</strong></span> 
     </span>
    </p>
   </div>
   <div class='ocr_carea' id='block_1_103' title="bbox 232 5651 1814 5740">
    <p class='ocr_par' dir='ltr' id='par_1_103' title="bbox 232 5651 1814 5740">
     <span class='ocr_line' id='line_1_103' title="bbox 232 5651 1814 5740; baseline -0.009 -20"><span class='ocrx_word' id='word_1_779' title='bbox 232 5681 358 5724; x_wconf 82' lang='lat' dir='ltr'><strong>vere</strong></span> <span class='ocrx_word' id='word_1_780' title='bbox 377 5666 545 5740; x_wconf 88' lang='lat' dir='ltr'><strong>(sicut</strong></span> <span class='ocrx_word' id='word_1_781' title='bbox 567 5659 858 5734; x_wconf 82' lang='lat' dir='ltr'><strong>Apostolus</strong></span> <span class='ocrx_word' id='word_1_782' title='bbox 881 5657 1030 5728; x_wconf 89' lang='lat' dir='ltr'><strong>dicit)</strong></span> <span class='ocrx_word' id='word_1_783' title='bbox 1055 5658 1110 5712; x_wconf 89' lang='lat' dir='ltr'><strong>in</strong></span> <span class='ocrx_word' id='word_1_784' title='bbox 1136 5653 1380 5711; x_wconf 86' lang='lat' dir='ltr'><strong>doctrina</strong></span> <span class='ocrx_word' id='word_1_785' title='bbox 1411 5651 1663 5723; x_wconf 88' lang='lat' dir='ltr'><strong>spiritus,</strong></span> <span class='ocrx_word' id='word_1_786' title='bbox 1707 5665 1814 5706; x_wconf 93' lang='lat' dir='ltr'><strong>non</strong></span> 
     </span>
    </p>
   </div>
   <div class='ocr_carea' id='block_1_104' title="bbox 233 5740 1818 5823">
    <p class='ocr_par' dir='ltr' id='par_1_104' title="bbox 233 5740 1818 5823">
     <span class='ocr_line' id='line_1_104' title="bbox 233 5740 1818 5823; baseline -0.013 -7"><span class='ocrx_word' id='word_1_787' title='bbox 233 5758 412 5815; x_wconf 80' lang='lat' dir='ltr'><strong>minus</strong></span> <span class='ocrx_word' id='word_1_788' title='bbox 439 5755 673 5812; x_wconf 87' lang='lat' dir='ltr'><strong>dulciter</strong></span> <span class='ocrx_word' id='word_1_789' title='bbox 699 5766 858 5823; x_wconf 89' lang='lat' dir='ltr'><strong>quam</strong></span> <span class='ocrx_word' id='word_1_790' title='bbox 888 5747 1202 5808; x_wconf 88' lang='lat' dir='ltr'><strong>mirabiliter</strong></span> <span class='ocrx_word' id='word_1_791' title='bbox 1228 5744 1528 5816; x_wconf 79' lang='lat' dir='ltr'><strong>explicarit.</strong></span> <span class='ocrx_word' id='word_1_792' title='bbox 1569 5740 1721 5809; x_wconf 86' lang='lat' dir='ltr'><strong>Quod</strong></span> <span class='ocrx_word' id='word_1_793' title='bbox 1755 5748 1818 5797; x_wconf 88' lang='lat' dir='ltr'><strong>ut</strong></span> 
     </span>
    </p>
   </div>
   <div class='ocr_carea' id='block_1_105' title="bbox 236 5834 1819 5918">
    <p class='ocr_par' dir='ltr' id='par_1_105' title="bbox 236 5834 1819 5918">
     <span class='ocr_line' id='line_1_105' title="bbox 236 5834 1819 5918; baseline -0.008 -18"><span class='ocrx_word' id='word_1_794' title='bbox 236 5847 448 5905; x_wconf 63' lang='lat' dir='ltr'><strong>facilius</strong></span> <span class='ocrx_word' id='word_1_795' title='bbox 475 5852 814 5918; x_wconf 83' lang='lat' dir='ltr'><strong>agnoscatur,</strong></span> <span class='ocrx_word' id='word_1_796' title='bbox 846 5841 1123 5909; x_wconf 88' lang='lat' dir='ltr'><strong>utriusque</strong></span> <span class='ocrx_word' id='word_1_797' title='bbox 1151 5837 1351 5907; x_wconf 82' lang='lat' dir='ltr'><strong>operis,</strong></span> <span class='ocrx_word' id='word_1_798' title='bbox 1377 5837 1514 5892; x_wconf 88' lang='lat' dir='ltr'><strong>sicut</strong></span> <span class='ocrx_word' id='word_1_799' title='bbox 1539 5834 1606 5890; x_wconf 90' lang='lat' dir='ltr'><strong>ab</strong></span> <span class='ocrx_word' id='word_1_800' title='bbox 1637 5850 1702 5890; x_wconf 88' lang='lat' dir='ltr'><strong>eo</strong></span> <span class='ocrx_word' id='word_1_801' title='bbox 1723 5852 1819 5904; x_wconf 84' lang='lat' dir='ltr'><strong>po-</strong></span> 
     </span>
    </p>
   </div>
   <div class='ocr_carea' id='block_1_106' title="bbox 239 5927 1819 6014">
    <p class='ocr_par' dir='ltr' id='par_1_106' title="bbox 239 5927 1819 6014">
     <span class='ocr_line' id='line_1_106' title="bbox 239 5927 1819 6014; baseline -0.01 -18"><span class='ocrx_word' id='word_1_802' title='bbox 239 5943 342 5997; x_wconf 82' lang='lat' dir='ltr'><strong>sita</strong></span> <span class='ocrx_word' id='word_1_803' title='bbox 366 5948 517 6004; x_wconf 81' lang='lat' dir='ltr'><strong>sunt,</strong></span> <span class='ocrx_word' id='word_1_804' title='bbox 545 5937 709 5996; x_wconf 87' lang='lat' dir='ltr'><strong>verba</strong></span> <span class='ocrx_word' id='word_1_805' title='bbox 734 5938 1064 5995; x_wconf 86' lang='lat' dir='ltr'><strong>subnectam.</strong></span> <span class='ocrx_word' id='word_1_806' title='bbox 1106 5929 1267 6014; x_wconf 83' lang='lat' dir='ltr'><strong>Igitur</strong></span> <span class='ocrx_word' id='word_1_807' title='bbox 1294 5928 1546 5985; x_wconf 87' lang='lat' dir='ltr'><strong>adversus</strong></span> <span class='ocrx_word' id='word_1_808' title='bbox 1565 5927 1819 5984; x_wconf 82' lang='lat' dir='ltr'><strong>Faustum</strong></span> 
     </span>
    </p>
   </div>
   <div class='ocr_carea' id='block_1_107' title="bbox 1915 4733 3492 4820">
    <p class='ocr_par' dir='ltr' id='par_1_107' title="bbox 1915 4733 3492 4820">
     <span class='ocr_line' id='line_1_107' title="bbox 1915 4733 3492 4820; baseline -0.011 -16"><span class='ocrx_word' id='word_1_809' title='bbox 1915 4766 1944 4804; x_wconf 92' lang='lat' dir='ltr'><strong>a</strong></span> <span class='ocrx_word' id='word_1_810' title='bbox 1962 4748 2203 4820; x_wconf 88' lang='lat' dir='ltr'><strong>pluribus</strong></span> <span class='ocrx_word' id='word_1_811' title='bbox 2232 4746 2347 4802; x_wconf 81' lang='lat' dir='ltr'><strong>ﬁeri</strong></span> <span class='ocrx_word' id='word_1_812' title='bbox 2371 4746 2585 4801; x_wconf 88' lang='lat' dir='ltr'><strong>diverso</strong></span> <span class='ocrx_word' id='word_1_813' title='bbox 2611 4744 2770 4816; x_wconf 88' lang='lat' dir='ltr'><strong>stylo,</strong></span> <span class='ocrx_word' id='word_1_814' title='bbox 2803 4759 2912 4797; x_wconf 91' lang='lat' dir='ltr'><strong>non</strong></span> <span class='ocrx_word' id='word_1_815' title='bbox 2933 4741 3144 4796; x_wconf 88' lang='lat' dir='ltr'><strong>diversa</strong></span> <span class='ocrx_word' id='word_1_816' title='bbox 3175 4736 3296 4798; x_wconf 84' lang='lat' dir='ltr'><strong>ﬁde,</strong></span> <span class='ocrx_word' id='word_1_817' title='bbox 3329 4733 3492 4788; x_wconf 88' lang='lat' dir='ltr'><strong>etiam</strong></span> 
     </span>
    </p>
   </div>
   <div class='ocr_carea' id='block_1_108' title="bbox 1914 4827 3494 4921">
    <p class='ocr_par' dir='ltr' id='par_1_108' title="bbox 1914 4827 3494 4921">
     <span class='ocr_line' id='line_1_108' title="bbox 1914 4827 3494 4921; baseline -0.013 -23"><span class='ocrx_word' id='word_1_818' title='bbox 1914 4843 1981 4898; x_wconf 91' lang='lat' dir='ltr'><strong>de</strong></span> <span class='ocrx_word' id='word_1_819' title='bbox 2001 4839 2383 4911; x_wconf 78' lang='lat' dir='ltr'><strong>qmestionibus</strong></span> <span class='ocrx_word' id='word_1_820' title='bbox 2403 4837 2627 4921; x_wconf 74' lang='lat' dir='ltr'><strong>eisdem,</strong></span> <span class='ocrx_word' id='word_1_821' title='bbox 2651 4842 2709 4890; x_wconf 93' lang='lat' dir='ltr'><strong>ut</strong></span> <span class='ocrx_word' id='word_1_822' title='bbox 2735 4835 2804 4888; x_wconf 88' lang='lat' dir='ltr'><strong>ad</strong></span> <span class='ocrx_word' id='word_1_823' title='bbox 2831 4833 3087 4903; x_wconf 90' lang='lat' dir='ltr'><strong>plurimos</strong></span> <span class='ocrx_word' id='word_1_824' title='bbox 3116 4844 3202 4884; x_wconf 90' lang='lat' dir='ltr'><strong>res</strong></span> <span class='ocrx_word' id='word_1_825' title='bbox 3230 4827 3342 4896; x_wconf 88' lang='lat' dir='ltr'><strong>ipsa</strong></span> <span class='ocrx_word' id='word_1_826' title='bbox 3371 4838 3494 4894; x_wconf 84' lang='lat' dir='ltr'><strong>per-</strong></span> 
     </span>
    </p>
   </div>
   <div class='ocr_carea' id='block_1_109' title="bbox 1915 4917 3492 5001">
    <p class='ocr_par' dir='ltr' id='par_1_109' title="bbox 1915 4917 3492 5001">
     <span class='ocr_line' id='line_1_109' title="bbox 1915 4917 3492 5001; baseline -0.013 -10"><span class='ocrx_word' id='word_1_827' title='bbox 1915 4934 2114 5001; x_wconf 90' lang='lat' dir='ltr'><strong>veniat,</strong></span> <span class='ocrx_word' id='word_1_828' title='bbox 2145 4932 2213 4988; x_wconf 90' lang='lat' dir='ltr'><strong>ad</strong></span> <span class='ocrx_word' id='word_1_829' title='bbox 2241 4932 2375 4988; x_wconf 87' lang='lat' dir='ltr'><strong>alios</strong></span> <span class='ocrx_word' id='word_1_830' title='bbox 2398 4917 2496 4997; x_wconf 79' lang='lat' dir='ltr'><strong>sic,</strong></span> <span class='ocrx_word' id='word_1_831' title='bbox 2526 4928 2595 4984; x_wconf 89' lang='lat' dir='ltr'><strong>ad</strong></span> <span class='ocrx_word' id='word_1_832' title='bbox 2624 4928 2760 4984; x_wconf 90' lang='lat' dir='ltr'><strong>alios</strong></span> <span class='ocrx_word' id='word_1_833' title='bbox 2785 4934 2967 4981; x_wconf 90' lang='lat' dir='ltr'><strong>autem</strong></span> <span class='ocrx_word' id='word_1_834' title='bbox 2994 4923 3094 4978; x_wconf 91' lang='lat' dir='ltr'><strong>sic.</strong></span> <span class='ocrx_word' id='word_1_835' title='bbox 3134 4920 3193 4976; x_wconf 92' lang='lat' dir='ltr'><strong>Si</strong></span> <span class='ocrx_word' id='word_1_836' title='bbox 3226 4932 3356 4988; x_wconf 88' lang='lat' dir='ltr'><strong>ergo</strong></span> <span class='ocrx_word' id='word_1_837' title='bbox 3382 4917 3492 4983; x_wconf 89' lang='lat' dir='ltr'><strong>illa,</strong></span> 
     </span>
    </p>
   </div>
   <div class='ocr_carea' id='block_1_110' title="bbox 1915 5009 3495 5098">
    <p class='ocr_par' dir='ltr' id='par_1_110' title="bbox 1915 5009 3495 5098">
     <span class='ocr_line' id='line_1_110' title="bbox 1915 5009 3495 5098; baseline -0.013 -14"><span class='ocrx_word' id='word_1_838' title='bbox 1915 5043 2036 5098; x_wconf 71' lang='lat' dir='ltr'><strong>quae</strong></span> <span class='ocrx_word' id='word_1_839' title='bbox 2062 5027 2130 5083; x_wconf 90' lang='lat' dir='ltr'><strong>de</strong></span> <span class='ocrx_word' id='word_1_840' title='bbox 2158 5041 2283 5082; x_wconf 88' lang='lat' dir='ltr'><strong>arca</strong></span> <span class='ocrx_word' id='word_1_841' title='bbox 2311 5023 2427 5080; x_wconf 87' lang='lat' dir='ltr'><strong>Noe</strong></span> <span class='ocrx_word' id='word_1_842' title='bbox 2455 5023 2645 5079; x_wconf 89' lang='lat' dir='ltr'><strong>beatus</strong></span> <span class='ocrx_word' id='word_1_843' title='bbox 2673 5017 2996 5088; x_wconf 83' lang='lat' dir='ltr'><strong>Augustinus</strong></span> <span class='ocrx_word' id='word_1_844' title='bbox 3014 5028 3122 5069; x_wconf 94' lang='lat' dir='ltr'><strong>uno</strong></span> <span class='ocrx_word' id='word_1_845' title='bbox 3141 5012 3262 5068; x_wconf 90' lang='lat' dir='ltr'><strong>loco</strong></span> <span class='ocrx_word' id='word_1_846' title='bbox 3287 5009 3495 5065; x_wconf 79' lang='lat' dir='ltr'><strong>duobus</strong></span> 
     </span>
    </p>
   </div>
   <div class='ocr_carea' id='block_1_111' title="bbox 1917 5104 3493 5189">
    <p class='ocr_par' dir='ltr' id='par_1_111' title="bbox 1917 5104 3493 5189">
     <span class='ocr_line' id='line_1_111' title="bbox 1917 5104 3493 5189; baseline -0.015 -13"><span class='ocrx_word' id='word_1_847' title='bbox 1917 5119 2096 5189; x_wconf 86' lang='lat' dir='ltr'><strong>posuit</strong></span> <span class='ocrx_word' id='word_1_848' title='bbox 2115 5117 2289 5174; x_wconf 86' lang='lat' dir='ltr'><strong>modis</strong></span> <span class='ocrx_word' id='word_1_849' title='bbox 2306 5155 2320 5181; x_wconf 94' lang='lat'><strong>,</strong></span> <span class='ocrx_word' id='word_1_850' title='bbox 2350 5131 2381 5172; x_wconf 89' lang='lat' dir='ltr'><strong>a</strong></span> <span class='ocrx_word' id='word_1_851' title='bbox 2410 5115 2618 5172; x_wconf 90' lang='lat' dir='ltr'><strong>duobus</strong></span> <span class='ocrx_word' id='word_1_852' title='bbox 2644 5108 2953 5167; x_wconf 91' lang='lat' dir='ltr'><strong>hominibus</strong></span> <span class='ocrx_word' id='word_1_853' title='bbox 2979 5104 3189 5176; x_wconf 89' lang='lat' dir='ltr'><strong>singula</strong></span> <span class='ocrx_word' id='word_1_854' title='bbox 3219 5107 3493 5170; x_wconf 84' lang='lat' dir='ltr'><strong>assumpta</strong></span> 
     </span>
    </p>
   </div>
   <div class='ocr_carea' id='block_1_112' title="bbox 1919 5193 3495 5281">
    <p class='ocr_par' dir='ltr' id='par_1_112' title="bbox 1919 5193 3495 5281">
     <span class='ocr_line' id='line_1_112' title="bbox 1919 5193 3495 5281; baseline -0.015 -15"><span class='ocrx_word' id='word_1_855' title='bbox 1919 5210 2140 5280; x_wconf 90' lang='lat' dir='ltr'><strong>singulis</strong></span> <span class='ocrx_word' id='word_1_856' title='bbox 2166 5217 2439 5281; x_wconf 88' lang='lat' dir='ltr'><strong>ponantur</strong></span> <span class='ocrx_word' id='word_1_857' title='bbox 2461 5206 2515 5263; x_wconf 89' lang='lat' dir='ltr'><strong>in</strong></span> <span class='ocrx_word' id='word_1_858' title='bbox 2543 5205 2678 5260; x_wconf 89' lang='lat' dir='ltr'><strong>locis</strong></span> <span class='ocrx_word' id='word_1_859' title='bbox 2695 5244 2712 5270; x_wconf 94' lang='lat'><strong>,</strong></span> <span class='ocrx_word' id='word_1_860' title='bbox 2741 5215 2923 5257; x_wconf 89' lang='lat' dir='ltr'><strong>nonne</strong></span> <span class='ocrx_word' id='word_1_861' title='bbox 2951 5204 3180 5267; x_wconf 88' lang='lat' dir='ltr'><strong>uterque</strong></span> <span class='ocrx_word' id='word_1_862' title='bbox 3221 5193 3382 5263; x_wconf 87' lang='lat' dir='ltr'><strong>digne</strong></span> <span class='ocrx_word' id='word_1_863' title='bbox 3410 5199 3495 5281; x_wconf 83' lang='lat' dir='ltr'><strong>te-</strong></span> 
     </span>
    </p>
   </div>
   <div class='ocr_carea' id='block_1_113' title="bbox 1922 5275 3497 5372">
    <p class='ocr_par' dir='ltr' id='par_1_113' title="bbox 1922 5275 3497 5372">
     <span class='ocr_line' id='line_1_113' title="bbox 1922 5275 3497 5372; baseline -0.016 -12"><span class='ocrx_word' id='word_1_864' title='bbox 1922 5275 2031 5358; x_wconf 70' lang='lat' dir='ltr'><strong>nax</strong></span> <span class='ocrx_word' id='word_1_865' title='bbox 2053 5275 2488 5372; x_wconf 80' lang='lat' dir='ltr'><strong>pronuntiabitur</strong></span> <span class='ocrx_word' id='word_1_866' title='bbox 2523 5291 2806 5358; x_wconf 86' lang='lat' dir='ltr'><strong>veritatis;</strong></span> <span class='ocrx_word' id='word_1_867' title='bbox 2852 5292 2896 5348; x_wconf 91' lang='lat' dir='ltr'><strong>si</strong></span> <span class='ocrx_word' id='word_1_868' title='bbox 2925 5298 3105 5344; x_wconf 92' lang='lat' dir='ltr'><strong>tamen</strong></span> <span class='ocrx_word' id='word_1_869' title='bbox 3149 5286 3230 5342; x_wconf 87' lang='lat' dir='ltr'><strong>sic</strong></span> <span class='ocrx_word' id='word_1_870' title='bbox 3269 5275 3497 5350; x_wconf 80' lang='lat' dir='ltr'><strong>uterque</strong></span> 
     </span>
    </p>
   </div>
   <div class='ocr_carea' id='block_1_114' title="bbox 1922 5374 3494 5450">
    <p class='ocr_par' dir='ltr' id='par_1_114' title="bbox 1922 5374 3494 5450">
     <span class='ocr_line' id='line_1_114' title="bbox 1922 5374 3494 5450; baseline -0.018 0"><span class='ocrx_word' id='word_1_871' title='bbox 1922 5409 2088 5450; x_wconf 90' lang='lat' dir='ltr'><strong>unum</strong></span> <span class='ocrx_word' id='word_1_872' title='bbox 2115 5393 2306 5448; x_wconf 91' lang='lat' dir='ltr'><strong>horum</strong></span> <span class='ocrx_word' id='word_1_873' title='bbox 2335 5389 2445 5444; x_wconf 92' lang='lat' dir='ltr'><strong>suis</strong></span> <span class='ocrx_word' id='word_1_874' title='bbox 2489 5386 2713 5442; x_wconf 90' lang='lat' dir='ltr'><strong>inditum</strong></span> <span class='ocrx_word' id='word_1_875' title='bbox 2759 5382 2916 5439; x_wconf 89' lang='lat' dir='ltr'><strong>dictis</strong></span> <span class='ocrx_word' id='word_1_876' title='bbox 2951 5379 3196 5436; x_wconf 89' lang='lat' dir='ltr'><strong>videatur</strong></span> <span class='ocrx_word' id='word_1_877' title='bbox 3231 5374 3494 5433; x_wconf 88' lang='lat' dir='ltr'><strong>astruere,</strong></span> 
     </span>
    </p>
   </div>
   <div class='ocr_carea' id='block_1_115' title="bbox 1921 5461 3496 5552">
    <p class='ocr_par' dir='ltr' id='par_1_115' title="bbox 1921 5461 3496 5552">
     <span class='ocr_line' id='line_1_115' title="bbox 1921 5461 3496 5552; baseline -0.018 -12"><span class='ocrx_word' id='word_1_878' title='bbox 1921 5493 1982 5541; x_wconf 90' lang='lat' dir='ltr'><strong>ut</strong></span> <span class='ocrx_word' id='word_1_879' title='bbox 2013 5483 2143 5539; x_wconf 88' lang='lat' dir='ltr'><strong>illud</strong></span> <span class='ocrx_word' id='word_1_880' title='bbox 2170 5481 2313 5552; x_wconf 91' lang='lat' dir='ltr'><strong>quod</strong></span> <span class='ocrx_word' id='word_1_881' title='bbox 2341 5479 2501 5535; x_wconf 88' lang='lat' dir='ltr'><strong>aliter</strong></span> <span class='ocrx_word' id='word_1_882' title='bbox 2527 5477 2581 5532; x_wconf 93' lang='lat' dir='ltr'><strong>in</strong></span> <span class='ocrx_word' id='word_1_883' title='bbox 2608 5476 2722 5533; x_wconf 89' lang='lat' dir='ltr'><strong>suis</strong></span> <span class='ocrx_word' id='word_1_884' title='bbox 2749 5474 2906 5530; x_wconf 91' lang='lat' dir='ltr'><strong>dictis</strong></span> <span class='ocrx_word' id='word_1_885' title='bbox 2933 5483 3086 5539; x_wconf 62' lang='lat' dir='ltr'><strong>atque</strong></span> <span class='ocrx_word' id='word_1_886' title='bbox 3114 5461 3330 5520; x_wconf 89' lang='lat' dir='ltr'><strong>veritati</strong></span> <span class='ocrx_word' id='word_1_887' title='bbox 3361 5474 3496 5515; x_wconf 85' lang='lat' dir='ltr'><strong>con-</strong></span> 
     </span>
    </p>
   </div>
   <div class='ocr_carea' id='block_1_116' title="bbox 1925 5559 3496 5648">
    <p class='ocr_par' dir='ltr' id='par_1_116' title="bbox 1925 5559 3496 5648">
     <span class='ocr_line' id='line_1_116' title="bbox 1925 5559 3496 5648; baseline -0.018 -14"><span class='ocrx_word' id='word_1_888' title='bbox 1925 5592 2114 5648; x_wconf 88' lang='lat' dir='ltr'><strong>gruum</strong></span> <span class='ocrx_word' id='word_1_889' title='bbox 2136 5570 2307 5646; x_wconf 93' lang='lat' dir='ltr'><strong>ponit,</strong></span> <span class='ocrx_word' id='word_1_890' title='bbox 2340 5572 2510 5642; x_wconf 88' lang='lat' dir='ltr'><strong>magis</strong></span> <span class='ocrx_word' id='word_1_891' title='bbox 2541 5565 2763 5642; x_wconf 82' lang='lat' dir='ltr'><strong>pacatus</strong></span> <span class='ocrx_word' id='word_1_892' title='bbox 2789 5565 3052 5638; x_wconf 84' lang='lat' dir='ltr'><strong>approbet</strong></span> <span class='ocrx_word' id='word_1_893' title='bbox 3078 5571 3238 5630; x_wconf 87' lang='lat' dir='ltr'><strong>quam</strong></span> <span class='ocrx_word' id='word_1_894' title='bbox 3266 5559 3496 5610; x_wconf 86' lang='lat' dir='ltr'><strong>conten-</strong></span> 
     </span>
    </p>
   </div>
   <div class='ocr_carea' id='block_1_117' title="bbox 1927 5664 3339 5738">
    <p class='ocr_par' dir='ltr' id='par_1_117' title="bbox 1927 5664 3339 5738">
     <span class='ocr_line' id='line_1_117' title="bbox 1927 5664 3339 5738; baseline -0.011 -13"><span class='ocrx_word' id='word_1_895' title='bbox 1927 5670 2095 5728; x_wconf 89' lang='lat' dir='ltr'><strong>tiosus</strong></span> <span class='ocrx_word' id='word_1_896' title='bbox 2118 5669 2414 5738; x_wconf 87' lang='lat' dir='ltr'><strong>impugnet.</strong></span> <span class='ocrx_word' id='word_1_897' title='bbox 3337 5664 3339 5667; x_wconf 87' lang='lat'>&#39;</span> 
     </span>
    </p>
   </div>
   <div class='ocr_carea' id='block_1_118' title="bbox 1925 5735 3496 5825">
    <p class='ocr_par' dir='ltr' id='par_1_118' title="bbox 1925 5735 3496 5825">
     <span class='ocr_line' id='line_1_118' title="bbox 1925 5735 3496 5825; baseline -0.019 -7"><span class='ocrx_word' id='word_1_898' title='bbox 1925 5761 2104 5818; x_wconf 77' lang='lat' dir='ltr'><strong>CAPUT</strong></span> <span class='ocrx_word' id='word_1_899' title='bbox 2132 5735 2220 5812; x_wconf 65' lang='lat' dir='ltr'><strong>xv.</strong></span> <span class='ocrx_word' id='word_1_900' title='bbox 2265 5755 2551 5825; x_wconf 78' lang='lat' dir='ltr'><strong>Responsio</strong></span> <span class='ocrx_word' id='word_1_901' title='bbox 2589 5754 2658 5808; x_wconf 83' lang='lat' dir='ltr'><strong>ad</strong></span> <span class='ocrx_word' id='word_1_902' title='bbox 2698 5749 3026 5825; x_wconf 61' lang='lat' dir='ltr'><strong>quaestionem</strong></span> <span class='ocrx_word' id='word_1_903' title='bbox 3069 5739 3290 5797; x_wconf 79' lang='lat' dir='ltr'><strong>Mouimi</strong></span> <span class='ocrx_word' id='word_1_904' title='bbox 3320 5735 3384 5791; x_wconf 86' lang='lat' dir='ltr'><strong>de</strong></span> <span class='ocrx_word' id='word_1_905' title='bbox 3411 5748 3496 5790; x_wconf 82' lang='lat' dir='ltr'><strong>su-</strong></span> 
     </span>
    </p>
   </div>
   <div class='ocr_carea' id='block_1_119' title="bbox 2419 5817 3002 5898">
    <p class='ocr_par' dir='ltr' id='par_1_119' title="bbox 2419 5817 3002 5898">
     <span class='ocr_line' id='line_1_119' title="bbox 2419 5817 3002 5898; baseline -0.022 -16"><span class='ocrx_word' id='word_1_906' title='bbox 2419 5817 2806 5898; x_wconf 80' lang='lat' dir='ltr'><strong>pererogutibue</strong></span> <span class='ocrx_word' id='word_1_907' title='bbox 2828 5817 3002 5873; x_wconf 83' lang='lat' dir='ltr'><strong>Pauli.</strong></span> 
     </span>
    </p>
   </div>
   <div class='ocr_carea' id='block_1_120' title="bbox 1998 5900 3483 5987">
    <p class='ocr_par' dir='ltr' id='par_1_120' title="bbox 1998 5900 3483 5987">
     <span class='ocr_line' id='line_1_120' title="bbox 1998 5900 3483 5987; baseline -0.014 -12"><span class='ocrx_word' id='word_1_908' title='bbox 1998 5921 2280 5987; x_wconf 79' lang='lat' dir='ltr'><strong>Quocirca,</strong></span> <span class='ocrx_word' id='word_1_909' title='bbox 2303 5918 2595 5981; x_wconf 78' lang='lat' dir='ltr'><strong>carissime,</strong></span> <span class='ocrx_word' id='word_1_910' title='bbox 2623 5914 2745 5969; x_wconf 85' lang='lat' dir='ltr'><strong>licet</strong></span> <span class='ocrx_word' id='word_1_911' title='bbox 2769 5910 2859 5966; x_wconf 90' lang='lat' dir='ltr'><strong>ille</strong></span> <span class='ocrx_word' id='word_1_912' title='bbox 2882 5921 3094 5976; x_wconf 84' lang='lat' dir='ltr'><strong>sensus,</strong></span> <span class='ocrx_word' id='word_1_913' title='bbox 3122 5900 3215 5978; x_wconf 75' lang='lat' dir='ltr'><strong>qui</strong></span> <span class='ocrx_word' id='word_1_914' title='bbox 3237 5918 3268 5957; x_wconf 91' lang='lat' dir='ltr'><strong>a</strong></span> <span class='ocrx_word' id='word_1_915' title='bbox 3295 5911 3384 5956; x_wconf 84' lang='lat' dir='ltr'><strong><em>me</em></strong></span> <span class='ocrx_word' id='word_1_916' title='bbox 3408 5907 3483 5968; x_wconf 85' lang='lat' dir='ltr'><strong>po</strong></span> 
     </span>
    </p>
   </div>
  </div>
