4072 6332
512 369 644 466 iss

1523 398 1581 454 s.
1620 350 1986 482 runt;an
2021 382 2326 480 episcopi
2363 374 2736 472 nusPENSIS

3678 377 3784 444 I96

510 525 648 582 situs
669 528 786 594 est,
818 519 1044 598 forsitan
1073 518 1129 582 in
1155 514 1328 584 sancti
1368 513 1650 590 Augustini
1681 511 1837 578 dictis
1869 525 1978 567 non
2006 525 2089 566 ιη-
2115 514 2168 602 Α
2194 515 2411 602 satione
2439 507 2714 602 Apostqli,
2745 505 2861 602 sire
2886 499 3035 602 quod
3063 505 3288 602 sanctus
3302 495 3642 602 Ambrosins,
3685 521 3785 590 seu

511 613 782 682 veniatur,
807 611 859 668 in
889 610 1057 680 sancti
1077 608 1254 680 thati
1286 615 1463 664 tamen
1487 603 1633 666 libris
1659 605 1818 677 (sicut
1842 603 1955 674 ipse
1977 617 2094 661 me-

511 685 635 760 cum
661 701 822 774 nosti)
855 700 1192 774 apertissime
1221 697 1428 772 positus
1467 696 1753 762 invenitur.
1796 693 1910 756 Nec
1945 703 2092 770 tuam

511 795 850 866 prudentiam
882 792 1011 846 latet
1039 806 1224 855 eorum
1253 805 1372 860 quae
1400 806 1429 843 a
1455 789 1652 845 sanctis
1678 783 1927 864 Patribus
1952 825 1968 853 ,
1997 777 2090 860 qui

512 883 639 940 ﬁdei
688 882 964 954 catholica:
1008 889 1212 936 rectam
1260 881 1313 934 in
1365 880 1606 950 doctrina
1645 879 1819 956 sancti
1859 877 2092 952 Spiritus

513 975 748 1044 regulam
779 971 1132 1047 defenderunt
1165 971 1388 1025 diversis
1419 971 1589 1044 modis
1614 1009 1630 1035 ,
1678 970 1763 1025 vel
1795 969 1846 1024 in
1877 966 2093 1039 exposi—

514 1063 767 1134 tionibus,
785 1063 868 1118 vel
892 1065 940 1136 in
966 1061 1362 1132 defensionibus
1382 1062 1510 1131 suis,
1537 1063 1875 1140 inveniuntur
1898 1060 2095 1136 posita,

513 1154 766 1225 quidquid
797 1170 824 1207 a
857 1154 1009 1222 nobis
1031 1161 1261 1228 ponatur
1285 1195 1300 1234 ,
1339 1155 1410 1209 ita
1439 1170 1538 1210 nos
1567 1155 1707 1208 illius
1729 1152 1833 1218 loci
1856 1160 2098 1226 astruere

513 1243 725 1297 veritati
755 1257 1046 1320 congruum
1074 1239 1311 1316 sensum,
1337 1254 1396 1300 ut
1425 1246 1542 1300 aliis
1568 1244 1786 1300 Patrum
1815 1242 2098 1319 sententiis

513 1350 664 1403 teque
703 1334 914 1408 veritati
963 1338 1210 1409 congruis
1263 1354 1368 1392 non
1418 1337 1745 1410 denegemus
1794 1349 2092 1392 assensum.

513 1417 696 1500 Neque
722 1427 866 1482 enim
897 1444 926 1482 a
952 1430 1177 1504 veritate
1207 1430 1492 1497 receditur,
1517 1431 1559 1485 si
1591 1432 1644 1486 iu
1671 1431 1778 1487 hac
1805 1442 2095 1504 superem-

2199 569 3789 674 ξιμοατερηέῑηέ“Αι;έιίέςξέιυῖξ’;ἠεξν·έτ’έίυδῖιέεδέιίιεῇιέιριυέ

2200 677 2505 764 senserunt,
2538 705 2566 742 τι
2598 671 2754 764 nobis
2785 671 2997 780 quoque
3025 675 3176 768 salva
3193 672 3420 764 veritate
3440 671 3562 763 fidei
3585 688 3790 742 sentia-

2202 787 2308 849 tur.
2350 778 2613 858 Quoniam
2645 777 2687 831 si
2719 775 2877 856 digne
2907 776 3163 854 creditur,
3197 776 3405 855 duobus
3435 775 3666 831 denariis
3695 793 3789 832 ac-

2201 853 2411 946 ceptis,
2465 853 2666 948 aliquid
2691 853 3105 945 supererogasse
3136 854 3359 944 Paulum
3387 912 3401 936 ,
3451 869 3504 922 in
3540 884 3605 923 eo
3633 868 3787 938 quod

2202 953 2406 1040 preprii
2446 965 2644 1020 laboris
2691 955 2904 1037 sumptu
2934 957 3282 1040 Evangelium
3313 960 3608 1032 praedicans
3633 1002 3648 1025 ,
3688 961 3789 1015 sti-

2204 1057 2459 1132 pendium
2494 1057 2593 1128 sibi
2624 1047 2860 1134 debituin
2895 1071 2925 1124 a
2959 1043 3200 1137 ﬁdelibus
3233 1069 3339 1108 non
3369 1053 3586 1129 exegit;
3628 1052 3789 1123 digne

2201 1151 2368 1218 etiam
2405 1161 2818 1228 snpererogasse
2849 1145 3048 1226 aliquid
3077 1143 3346 1210 creditur,
3377 1143 3432 1221 in
3457 1158 3524 1198 eo
3549 1141 3692 1212 quod
3721 1141 3793 1216 de

2201 1223 2508 1317 Virginibus
2534 1223 2860 1320 praeceptum
2890 1223 3097 1316 Domini
3123 1253 3229 1316 non
3261 1233 3468 1320 habuit,
3496 1231 3592 1292 sed
3620 1234 3796 1289 consi-

2205 1313 2336 1386 lium
2357 1313 2524 1404 quin.
2543 1313 2978 1408 Utrumque'sine
2998 1313 3159 1403 dubio
3178 1327 3268 1402 mo
3282 1313 3486 1404 habens
3507 1326 3792 1405 largiente,

2207 1438 2238 1498 a
2268 1437 2375 1498 quo
2398 1422 2501 1502 nisi
2531 1423 2846 1498 accepisset,
2874 1433 3264 1496 supererogare
3289 1435 3398 1502 non
3426 1423 3625 1494 posset.

539 1536 3790 1566 ___________________________________________________._.______

1740 1643 2028 1724 LIBER
2080 1576 2576 1716 TERTIUS.

596 1785 694 1834 DE
734 1786 932 1880 νειμ
971 1785 1445 1860 ΕΧΡΟΒῙᾚΟΝἚ
1485 1783 1719 1834 ιιιιιιυβ
1757 1780 1959 1830 υιαοιιι
1995 1777 2105 1826 ενι

2210 1771 2485 1822 annos:
2527 1771 2621 1820 ετ
2659 1770 2971 1822 vsnnmu
3008 1769 3203 1846 una!
3240 1769 3434 1821 nun
3470 1770 3700 1823 nam.

516 1975 696 2056 CAPUT
730 1997 946 2056 rninuu.
981 1981 1122 2056 Laus
1143 1985 1398 2056 caritatis.
1431 1985 1804 2056 ᾼινριιηιεηηρη
1827 1980 1963 2056 tertii
1988 1977 2104 2056 libri
2137 1977 2183 2038 B
2207 1974 2306 2030 Dei
2335 1971 2498 2050 (quod
2525 1972 2663 2051 Deus
2692 1972 2794 2056 est)
2825 1971 3149 2046 credendum
3178 1970 3392 2044 quidem
3419 1973 3558 2050 apud
3578 1970 3792 2056 Patrem

533 2055 538 2060 ’
585 2060 775 2124 contra
801 2045 1058 2118 'Arian'o's,
1111 2071 1262 2124 super
1296 2053 1384 2106 illo
1416 2045 1552 2124 dict'o
1583 2069 1599 2099 :
1630 2051 1698 2105 Et
1727 2050 1969 2124 Verbum
1990 2053 2108 2103 erat

587 2121 728 2190 apud
753 2121 937 2195 Deum.
981 2120 1377 2195 Ariaui'putant
1407 2123 1554 2177 aliud
1581 2137 1726 2186 esse,
1760 2120 1900 2191 apud
1938 2120 2106 2174 Deum

586 2207 741 2263 quam
775 2193 826 2256 in
850 2193 984 2250 Deo.

588 2301 694 2375 ﬂ
707 2304 948 2370 Quoties,
965 2305 1310 2360 dilectissime
1323 2304 1612 2370 Monime,‘
1637 2319 1666 2358 a
1679 2302 1875 2368 Christi
1892 2300 2107 2356 famulis

519 2394 687 2450 virtus
701 2395 1072 2450 consideratur
1092 2412 1154 2451 ac
1168 2397 1518 2467 perpenditur
1536 2397 1797 2464 caritatis,
1812 2411 1918 2450 non
1933 2395 2110 2450 minus

522 2485 790 2541 invenitur
803 2486 1062 2541 mirabilis
1093 2503 1251 2557 quam
1273 2488 1474 2543 suavis.
1521 2487 1652 2554 Quis
1683 2487 1822 2541 enim
1853 2501 1971 2541 eam
2000 2500 2111 2539 non

519 2576 760 2643 miretur,
773 2583 868 2630 aut
877 2578 998 2646 quis
1009 2592 1073 2632 ea
1088 2593 1194 2632 non
1207 2577 1495 2633 admodum
1506 2577 1818 2643 delectetur,
1837 2577 1992 2646 cujus
2004 2591 2114 2631 sar-

517 2666 638 2725 cina
647 2683 768 2722 cum
780 2675 1156 2736 portatur,uon
1172 2667 1482 2737 fatigatione
1496 2670 1730 2724 animum
1743 2667 2004 2733 debilitat,
2019 2667 2114 2722 sed

521 2756 798 2812 alacritate
815 2758 1122 2813 confortat?
1147 2758 1267 2828 Ipsa
1288 2759 1435 2814 enim
1457 2775 1580 2814 cum
1603 2767 1813 2825 onerat,
1845 2759 2109 2823 sublevat,

521 2855 578 2902 et
597 2848 734 2902 miro
755 2848 934 2913 modo,
967 2863 1126 2916 quem
1147 2858 1356 2913 onerat,
1390 2866 1499 2905 non
1521 2851 1784 2920 permittit
1803 2850 2105 2919 comprimi,

523 2953 685 3008 quem
707 2939 970 3004 sublevat,
1003 2955 1110 2994 non
1140 2941 1267 2994 sinit
1293 2943 1497 2996 extolli.
1541 2941 1668 2998 Haec
1689 2958 1778 2998 me
1807 2942 1902 2997 tibi
1922 2931 2114 3012 paele-

523 3032 684 3087 ritum
704 3032 965 3100 debitum,
987 3049 1108 3088 cum
1134 3033 1346 3090 Domini
1368 3034 1654 3104 adiutorio,
1688 3033 2108 3104 persolveutem,

524 3137 709 3179 rursus
735 3123 900 3178 etlicit
923 3122 1239 3180 debitorem.
1280 3123 1401 3179 lam
1429 3127 1572 3180 enim
1598 3127 1665 3180 de
1695 3133 1930 3194 quatuor
1956 3139 2106 3193 qum-

2212 2081 2353 2148 esse,
2387 2082 2496 2143 non
2527 2065 2578 2144 in
2609 2063 2768 2148 Patre
2797 2079 2916 2138 esse
2938 2105 2954 2132 ,
3002 2073 3058 2126 et
3098 2062 3168 2132 ob
3211 2063 3317 2146 hoc
3364 2079 3463 2148 nec
3489 2063 3648 2119 unius
3677 2077 3798 2146 esse

2211 2139 2522 2236 cum'Patr'e
2549 2139 2910 2234 'substantim:
2961 2141 3231 2238 quoniam.
3546 2155 3626 2232 sic
3652 2139 3798 2238 apud

2211 2233 2447 2319 aliquem
2469 2233 2594 2314 est,
2627 2256 2686 2303 ut
2715 2248 2767 2302 in
2800 2246 2891 2322 illo
2922 2263 3028 2303 non
3055 2233 3122 2304 sit
3145 2233 3432 2320 ,Iprofe'cto
3459 2247 3539 2302 sic
3563 2233 3702 2324 apud
3730 2233 3801 2301 ll?-

2211 2341 2322 2408 lum
2349 2348 2448 2409 est,
2479 2350 2535 2395 ut
2561 2341 2715 2418 unius
2738 2356 2859 2396 cum
2887 2355 2953 2395 eo
2982 2339 3294 2418 substantize
3324 2351 3442 2418 esse
3467 2353 3576 2418 non
3604 2333 3794 2408 possit.

2214 2430 2340 2486 Haec
2369 2420 2450 2487 est
2485 2413 2672 2488 eorum
2703 2429 3078 2504 ratiocinatio,
3119 2413 3314 2483 rationi
3343 2413 3631 2483 Contraria.
3674 2423 3802 2496 Haec

2215 2515 2402 2596 legalis
2432 2521 2725 2593 disputatio
2756 2521 2860 2589 legi
2893 2520 2986 2574 Dei
3016 2517 3430 2596 intolerabiliter
3456 2517 3690 2572 inimica.
3729 2507 3731 2509 ’
3785 2506 3794 2512 ’

2212 2601 2394 2690 Camn
2439 2628 2493 2666 ιι.
2522 2611 2916 2690 Absurdum‘est
2944 2609 3005 2690 de
3041 2593 3155 2663 .Deo
3204 2593 3802 2690 necandumcorporalitl

2287 2683 2566 2752 disputare.
2592 2683 2772 2752 Aptius
2804 2681 2986 2752 {uisset
3014 2680 3302 2752 exemplum
3327 2680 3392 2734 ιε
3418 2680 3545 2749 βίω

2284 2769 2438 2824 quam
2462 2753 2524 2806 de
2547 2751 2686 2806 birro
2719 2753 2772 2804 in
2803 2751 3058 2809 mortibus.

2287 2845 2423 2901 Hinc
2442 2835 2676 2906 donante
2703 2844 2918 2906 Christo
2947 2845 3148 2914 aliquid
3186 2844 3443 2909 scribere,
3474 2858 3631 2903 meus
3648 2842 3802 2918 eati-

2215 2943 2357 2992 tatus
2385 2945 2469 2992 est
2494 2936 2735 3001 animus,
2767 2951 2836 2992 ne
2866 2934 3144 3000 iurulentis
3177 2934 3515 2993 sermonibus
3543 2933 3801 3004 parvulo-

2213 3042 2333 3082 rum
2378 3027 2728 3096 perturbetur
2775 3027 3007 3094 auditus,
3048 3026 3283 3098 pertinet
3323 3025 3466 3082 enim
3506 3025 3576 3084 ad
3601 3034 3802 3093 nostra

2213 3117 2488 3173 servitutis
2521 3115 2778 3185 ofﬁcium,
2809 3118 3064 3173 adversus
3099 3125 3408 3172 nascentem
3438 3116 3803 3186 pestilentiam

525 3214 791 3270 stionibus
818 3230 951 3284 quas
979 3216 1111 3270 mihi
1139 3218 1368 3273 miseras
1389 3218 1811 3287 pet-tractandas,
1846 3218 1938 3272 illo
1957 3217 2110 3286 adju-
2215 3210 2501 3278 cujuslibet
2547 3211 2817 3282 opinionis
2869 3209 3162 3289 mortifera
3213 3208 3446 3282 salubria
3500 3208 3803 3281 divinorum

525 3312 688 3361 vente
744 3307 836 3375 qui
890 3307 1208 3376 sapientiam
1238 3315 1460 3377 prastat
1484 3307 1751 3377 parvulis,
1783 3307 1920 3362 duos
1942 3306 2112 3362 libros
2140 3343 2184 3377 η
2215 3301 2554 3370 eloquiorum
2583 3303 2817 3358 remedia
2847 3317 3168 3373 praeparare.
3197 3301 3384 3373 itaque
3421 3318 3544 3361 eum
3584 3309 3805 3366 saueius

527 3394 859 3454 absolveram
888 3397 1112 3467 cupiens
1149 3398 1243 3452 tibi
1270 3397 1496 3452 reddere
1525 3398 1668 3466 quod
1699 3397 1980 3452 debebam.
2021 3397 2112 3454 Sic
2142 3390 2185 3409 υ
2217 3390 2507 3461 Apostolus
2555 3393 2786 3450 sollicite
2834 3392 3018 3449 ﬁdeles
3050 3400 3408 3472 praemoneat,
3451 3393 3676 3449 dicens:
3711 3391 3806 3446 Vi-

528 3495 750 3556 repeute
801 3486 1079 3562 cujusdam
1136 3487 1452 3542 assertionis
1500 3486 1714 3540 Arianae
1758 3502 1905 3541 meas
1950 3502 2110 3542 aures
2215 3484 2330 3538 dcte
2364 3501 2430 3539 ne
2465 3486 2578 3556 quis
2614 3500 2698 3539 ros
2739 3485 2958 3554 decipiat
2994 3501 3085 3554 per
3117 3475 3494 3562 philosopfiicrn
3519 3492 3570 3537 et
3589 3485 3805 3560 inanem

527 3557 840 3646 perstrinxit
867 3577 1080 3648 opinio,
1106 3591 1228 3646 quae
1255 3583 1404 3631 tanto
1433 3577 1604 3646 magis
1632 3577 1807 3630 inutili
1836 3584 1919 3630 est
1955 3576 2110 3632 adin-
2217 3575 2500 3646 fallaciam,
2529 3575 2801 3628 secundum
2833 3557 3158 3628 traditionem
3204 3557 3486 3640 hominum,
3515 3557 3804 3652 secundum

529 3669 782 3726 ventione
807 3668 1007 3737 genita,
1039 3675 1246 3737 quanto
1271 3668 1442 3736 magis
1469 3668 1738 3738 reperitur
1764 3666 1834 3720 ab
1862 3669 2008 3721 omni
2029 3667 2113 3721 in-

531 3759 745 3815 tellectu
769 3799 785 3826 ,
833 3775 946 3814 non
980 3759 1155 3813 solum
1196 3759 1497 3814 divinarum
1526 3757 1968 3828 Scripturarum»,
2017 3757 2112 3812 sed

529 3851 693 3912 etiam
729 3850 898 3919 ipsius
940 3849 1293 3906 humanitatis
1319 3859 1566 3904 externa.
1625 3849 1874 3919 Comperi
1916 3850 2114 3917 quippe

530 3939 820 4008 quamdam
839 3953 935 3994 eos
955 3937 1026 3993 de
1041 3939 1196 3993 initio
1218 3937 1494 4008 Evangelii
1515 3937 1808 3994 secundum
1829 3937 2110 4001 Joannem,

531 4029 804 4086 insolitam
850 4043 994 4085 nunc
1038 4044 1220 4089 serere
1270 4030 1365 4100 (al.
1416 4031 1658 4085 inserere
1681 4068 1696 4093 ,
1748 4029 1817 4083 al.
1849 4029 2111 4098 quaarere)

533 4120 886 4191 runcationem
910 4138 925 4184 ;
967 4129 1028 4175 ut
1052 4120 1182 4176 illud
1205 4119 1351 4189 quod
1380 4120 1584 4175 dictum
1613 4129 1722 4184 est,
1758 4119 1826 4174 In
1858 4121 2113 4192 principia

533 4221 646 4268 erat
675 4208 916 4278 Verbum,
939 4220 988 4266 et
1013 4209 1233 4266 Verbum
1254 4220 1367 4266 erat
1395 4212 1534 4281 apud
1555 4211 1746 4278 Deum,
1769 4219 1817 4264 et
1842 4210 1980 4268 Deus
2003 4220 2114 4265 erat

547 4300 769 4357 Verbum
798 4300 978 4372 (Joan.
1007 4317 1058 4368 ι,
1092 4301 1146 4367 1)
1166 4342 1182 4367 ,
1214 4302 1287 4358 ita
1323 4303 1726 4370 intelligendum
1756 4311 1918 4371 atque
1947 4317 2115 4372 expo-

534 4393 766 4450 nendum
793 4401 1021 4464 putent,
1070 4402 1128 4449 ut
1159 4393 1211 4449 id
1247 4395 1423 4464 ipsum
1449 4394 1685 4450 Verbum
1727 4394 1870 4464 apud
1899 4392 2112 4451 Patrem

535 4500 674 4550 esse,
697 4501 806 4542 non
831 4486 884 4539 in
915 4485 1075 4540 Patre
1101 4501 1239 4550 esse,
1272 4485 1366 4540 sed
1398 4493 1547 4539 extra
1579 4484 1793 4540 Patrem
1823 4499 1942 4544 esse
1970 4486 2116 4545 acci-

2215 3667 2466 3720 elementa
2488 3667 2684 3732 mundi,
2728 3677 2775 3720 et
2815 3683 2916 3720 non
2961 3667 3237 3720 secundum
3265 3661 3521 3720 Christum
3551 3682 3569 3721 :
3599 3667 3721 3739 quia
3742 3668 3806 3722 in

2215 3759 2328 3828 ipso
2370 3757 2626 3812 inhabitat
2663 3761 2829 3813 omnis
2859 3759 3120 3830 plenitudo
3150 3759 3430 3814 diuinitatis
3460 3761 3808 3831 corporaliter

2218 3846 2439 3916 (Coloss.
2470 3864 2524 3913 ιι,
2558 3849 2636 3915 8),
2671 3850 2753 3903 isti
2779 3865 2808 3904 e
2837 3851 3128 3913 contrario,
3162 3867 3266 3906 non
3315 3851 3487 3931 solum
3523 3841 3805 3932 praeterito

2218 3949 2461 4011 tempore
2519 3942 2870 4013 philosophiae
2915 3944 3198 4022 mundialis
3246 3929 3513 4012 sectantes
3548 3929 3804 4022 errorem

2217 4035 2509 4089 secundum
2557 4035 2823 4097 elementa
2869 4036 3075 4100 mundi,
3121 4019 3188 4098 de
3223 4033 3332 4100 Deo
3362 4019 3805 4112 existimaverunt

2216 4125 2616 4196 disputandum,
2672 4127 2766 4181 sed
2815 4127 2885 4180 ita
2941 4137 3065 4182 sunt
3118 4126 3281 4181 totius
3357 4143 3477 4184 nunc
3527 4113 3805 4204 religionis

2217 4219 2390 4284 obliti,
2417 4227 2475 4274 ut
2515 4235 2634 4275 cum
2662 4219 2728 4273 de
2766 4219 2874 4273 Deo
2907 4219 3200 4290 disputant,
3244 4235 3344 4292 nec
3372 4219 3486 4292 ipsa
3534 4200 3805 4294 elementa

2218 4311 2402 4365 mundi
2432 4310 2584 4364 istius
2613 4308 2907 4378 corporalis
2934 4307 3210 4382 attendant
3237 4327 3250 4360 :
3281 4323 3346 4364 ac
3389 4310 3485 4376 sic,
3517 4309 3641 4364 dum
3670 4323 3805 4380 ocu—

2216 4401 2300 4456 los
2327 4401 2691 4470 intelligentia:
2721 4400 2880 4454 etiam
2925 4406 3111 4454 contra
3149 4414 3212 4454 ea
3243 4415 3360 4469 quae
3399 4389 3648 4470 ridentur
3674 4415 3805 4471 per-

2217 4493 2470 4549 tinaciter
2513 4491 2794 4557 claudunt,
2845 4506 3114 4560 nunquam
3155 4477 3432 4546 invisibilia
3465 4489 3563 4572 Dei
3605 4509 3699 4563 per
3736 4509 3804 4547 ea

535 4577 789 4648 piendum
813 4577 1160 4635 existiment:
1191 4577 1265 4636 ita
1295 4577 1588 4646 utquidam
1619 4592 1811 4643 eorum
1835 4577 2113 4650 (quantum
2217 4603 2332 4657 qua
2353 4587 2490 4656 facta
2516 4592 2653 4648 sunt,
2692 4582 2950 4636 intellecta
2993 4584 3327 4653 conspiciunt.
3361 4581 3495 4662 Quid
3527 4581 3665 4639 enim
3694 4599 3801 4654 po-

535 4670 724 4724 auditu
749 4668 1010 4740 comperi)
1040 4667 1168 4723 dum
1197 4667 1267 4723 de
1292 4667 1379 4723 bis
1397 4666 1606 4724 duabus
1625 4669 2108 4738 pmpositionibus,
2139 4705 2191 4768 ο
2219 4684 2325 4730 test
2348 4674 2626 4729 absurdius
2653 4673 2755 4727 dici
2778 4688 2937 4742 quam
2964 4679 3022 4726 ut
3060 4688 3183 4727 cum
3219 4674 3284 4726 de
3325 4671 3436 4729 Deo
3469 4673 3588 4743 quis
3615 4673 3802 4745 dispu-

535 4761 644 4818 hoc
667 4771 749 4817 est
776 4761 832 4816 in
857 4768 912 4817 et
944 4761 1120 4833 apud,
1170 4761 1311 4817 inter
1345 4776 1443 4817 eos
1480 4761 1714 4818 oriretur
1757 4762 1990 4832 quodam
2027 4763 2114 4818 die
2143 4761 2182 4768 '
2216 4774 2332 4831 tat,
2387 4781 2493 4819 non
2543 4763 2646 4819 nisi
2695 4762 2760 4818 de
2815 4763 3168 4819 crassioribus
3220 4770 3422 4818 tantum
3479 4765 3801 4835 corporibus

535 4855 854 4920 conﬂictus,
905 4863 1130 4926 accepto
1157 4853 1434 4924 cuiusdam
1462 4855 1650 4926 biero,
1691 4866 1746 4910 et
1785 4856 1840 4912 in
1867 4856 2114 4914 manibus
2214 4841 2540 4911 documenta
2593 4845 2970 4924 disputationis
3022 4855 3300 4909 assumat?
3353 4854 3598 4923 Magnum
3622 4857 3800 4920 enim

533 4954 782 5012 retento,
824 4947 1212 5016 interrogasset
1245 4963 1314 5002 an
1350 4949 1402 5005 in
1431 4948 1522 5003 illo
1550 4933 1695 5006 esset
1719 4964 1841 5005 cum
1870 4949 2010 5017 apud
2045 4949 2110 5004 ilo
2213 4947 2466 5016 quiddam
2515 4946 2615 5000 sibi
2667 4947 2756 5000 ille
2796 4946 2941 5001 visus
2978 4955 3061 5000 est
3102 4946 3358 5009 invenire,
3401 4960 3523 5000 eum
3566 4957 3798 5018 accepto

533 5033 645 5088 lum
684 5044 828 5090 esset
851 5037 1028 5095 birrus
1052 5037 1181 5102 ille,
1229 5051 1388 5106 quem
1437 5037 1552 5104 ipse
1597 5039 1874 5093 retineret.
1932 5037 2108 5105 Atque
2211 5039 2358 5093 birro
2391 5045 2448 5091 et
2481 5037 2725 5092 manibus
2766 5045 2976 5092 retento
3018 5037 3400 5104 interrogasset
3428 5044 3626 5105 utrum,
3652 5038 3800 5094 sicut

533 5121 679 5176 hune
703 5123 870 5194 (hinc)
899 5142 1051 5186 suam
1094 5127 1247 5198 quasi
1290 5127 1612 5187 sententiam
1641 5125 1974 5184 ﬁrmaturum
2001 5127 2104 5186 hac

533 5225 840 5268 sermonem
866 5228 1020 5270 suum
1045 5216 1359 5280 deﬁnitione
1379 5217 1656 5282 clausisse,
1686 5234 1800 5277 cum
1827 5217 2024 5291 aliquid
2053 5218 2109 5276 in

532 5301 684 5360 nobis
702 5319 815 5360 me
841 5303 1050 5370 dicitur,
1086 5309 1228 5374 intra
1255 5328 1348 5371 nos
1371 5294 1761 5383 ἰηιειιίσιιῖόιηι
1778 5352 1793 5377 ,
1839 5312 1962 5371 dum
1990 5329 2106 5370 vero

534 5395 674 5466 apud
700 5412 798 5452 nos
816 5412 928 5452 esse
952 5395 1162 5463 dicitur.
1189 5410 1339 5460 mra
1355 5420 1452 5462 nos
1475 5403 1849 5472 accipiendam.
1891 5403 1955 5460 Et
1981 5405 2106 5474 quia

534 5488 711 5546 birrus
736 5489 848 5557 ille,
876 5505 1038 5560 quem
1059 5489 1176 5559 ipse
1190 5493 1476 5561 retinebat,
1506 5496 1584 5554 sic
1603 5495 1744 5566 apud
1768 5496 1915 5552 illum
1942 5507 2105 5564 esset,

535 5587 595 5632 ut
617 5579 674 5634 in
694 5578 788 5635 illo
811 5595 924 5637 non
951 5587 1114 5645 esset,
1145 5595 1208 5640 ac
1236 5596 1332 5650 per
1351 5583 1470 5650 hoc,
1500 5600 1566 5644 ex
1595 5602 1663 5643 eo
1701 5585 1846 5656 quod
1872 5586 2017 5657 apud
2043 5587 2108 5644 il-

537 5665 646 5721 lum
675 5679 839 5736 esset,
876 5687 981 5726 non
1009 5681 1188 5728 tamen
1219 5673 1271 5727 in
1303 5674 1394 5729 illo
1422 5687 1589 5744 esset,
1621 5688 1774 5737 extra
1800 5679 1972 5747 illum,
2002 5679 2107 5751 43

535 5770 646 5814 non
671 5759 809 5816 intra
835 5760 984 5817 ill
1012 5773 1190 5822 esset:
1220 5764 1412 5822 eodem
1437 5768 1599 5846 modo
1627 5769 1861 5830 Verbum
1888 5785 2105 5841 quoque

2212 5127 2355 5197 apud
2378 5126 2528 5181 illum
2556 5137 2717 5195 esset,
2750 5129 2822 5184 ita
2855 5130 2908 5182 in
2943 5127 3036 5182 illo
3057 5119 3223 5183 esset.
3246 5125 3448 5184 Exinde
3467 5128 3666 5186 dooere
3688 5144 3796 5184 vo-

2209 5219 2330 5274 lens
2357 5201 2805 5292 quemadmodum
2837 5221 3036 5276 birrum
3071 5219 3212 5288 apud
3240 5219 3532 5287 hominem,
3563 5222 3642 5276 sic
3667 5235 3797 5278 esse

2211 5311 2402 5367 Filium
2432 5313 2570 5382 apud
2600 5312 2832 5379 Patrem,
2863 5321 2920 5367 ut
2959 5312 3084 5382 quia
3129 5312 3302 5368 birrus
3339 5314 3478 5384 apud
3517 5314 3795 5370 hominem

2213 5419 2335 5461 esse
2363 5406 2550 5475 possit,
2582 5407 2634 5459 in
2679 5405 2896 5460 homine
2940 5413 3120 5460 autem
3169 5419 3288 5460 esse
3326 5411 3432 5461 non
3473 5406 3642 5477 possit
3668 5407 3798 5473 .ita

2213 5495 2380 5552 Filius
2397 5496 2467 5549 sit
2495 5496 2706 5565 quidem
2729 5495 2868 5565 apud
2890 5494 3123 5563 Patrem,
3151 5496 3250 5552 sed
3275 5512 3384 5553 non
3411 5487 3480 5556 sit
3515 5498 3570 5554 in
3603 5496 3791 5554 Patre.

2210 5585 2363 5656 Rogo
2407 5587 2451 5641 si
2475 5587 2544 5641 de
2584 5585 2898 5656 corporims
2924 5585 3042 5642 istis
3090 5587 3562 5644 contreetabilibus
3589 5587 3800 5659 aliquid

2210 5677 2263 5732 in
2291 5676 2594 5748 exemplum
2621 5678 2898 5748 disputans
2933 5677 3300 5736 delectabatur
3340 5694 3631 5747 assumere,
3662 5679 3798 5739 licet

2210 5767 2287 5824 illi
2327 5769 2581 5826 adversus
2607 5769 2889 5825 veritatem
2934 5769 3246 5843 diSputanti,
3295 5771 3560 5827 elementa
3599 5787 3722 5843 qua:
3755 5788 3796 5829 tt

623 5881 645 5910 ⁸
675 5869 749 5930 Et
776 5871 966 5928 Christi
991 5876 1197 5934 ramale.
1241 5877 1331 5936 Sic
1357 5879 1477 5936 cod.
1506 5895 1633 5937 mss.
1665 5880 1911 5940 Tbuan..
1935 5881 2075 5939 Vict.
2099 5897 2118 5939 ς
2147 5881 2242 5939 sed
2264 5880 2587 5940 Corheiense
2615 5899 2714 5940 ms.
2745 5883 2926 5945 habet.
2966 5901 3000 5938 α
3026 5881 3218 5940 Christi
3240 5881 3466 5941 famulis.
