4026 6336
206 428 210 430 -
231 387 328 450 19⁸1

1431 356 1436 358 ’
1495 390 1586 448 an
1621 387 1942 460 acutum:
1979 380 2105 463 mu
2147 379 2231 460 ut.

3391 393 3498 470 ωε

232 504 457 560 veritate
484 501 625 560 facta
649 508 799 572 sunt,
829 517 936 560 non
972 510 1198 574 possent
1221 502 1489 561 ullatenus
1517 503 1816 574 sull'ragari,
1846 509 1899 589 Α
1920 519 2024 575 qua
2061 504 2194 574 dicit
2221 505 2289 572 de
2319 505 2429 564 Deo
2448 523 2461 560 :
2481 503 2742 572 Quoniam
2758 525 2824 571 ac
2857 507 2996 577 δίκα,
3038 517 3090 577 οι
3118 526 3210 580 per
3238 511 3426 582 ipsum,
3445 521 3499 580 σε

233 604 406 652 tamen
435 603 498 650 ut
530 593 812 650 tolerabile
861 594 1062 665 aliquid
1105 595 1285 652 dicere
1323 595 1612 662 videretur,
1650 604 1709 652 ut
1745 597 1815 652 de

234 686 435 745 steteris
459 694 691 751 taceam,
723 700 820 742 cur
843 687 1070 754 birrum,
1110 700 1270 758 quem
1300 687 1548 744 manibus
1572 688 1818 758 tenebat,

236 779 486 846 ostendit,
515 786 704 834 etnon
730 776 919 835 saltem
947 757 1150 844 ﬂatum,
1194 793 1353 848 quem
1381 777 1598 834 naribus
1622 757 1814 846 carpe-‘-

234 874 340 940 bat,
369 869 640 927 attendit?
686 868 821 935 Quia
868 870 915 924 si
956 869 1133 930 birrus
1160 869 1252 928 ille
1296 877 1482 940 posset
1524 869 1628 928 dici
1674 866 1822 940 apud

233 965 378 1022 illum
399 977 539 1027 esse,
562 970 747 1017 etnon
776 962 829 1016 in
853 961 945 1016 illo
965 976 1106 1030 esse,
1125 960 1286 1018 ﬂatus
1310 962 1411 1020 iste
1433 969 1631 1028 tamen,
1654 975 1818 1034 quem

234 1071 291 1110 ex
320 1069 450 1110 aere
477 1053 770 1123 carpimus,
796 1068 918 1108 cum
941 1067 1063 1110 eum
1092 1053 1345 1123 spirando
1386 1053 1731 1122 percipimus,
1762 1058 1820 1109 et

233 1145 368 1216 apud
394 1161 496 1206 nos
527 1149 629 1210 est,
660 1152 718 1200 et
758 1144 810 1204 in
843 1144 998 1200 nobis
1037 1152 1122 1202 est
1151 1162 1164 1198 :
1196 1153 1251 1200 et
1289 1143 1546 1213 quidquid
1575 1142 1694 1212 ejus
1731 1156 1820 1210 re-

233 1239 487 1310 spirando
514 1237 805 1300 reddimus,
823 1252 948 1294 cum
975 1236 1381 1309 reddiderimus,
1400 1249 1500 1296 nec
1529 1235 1668 1304 apud
1696 1249 1816 1299 nos,

233 1345 332 1388 nec
377 1329 436 1384 in
473 1329 630 1384 nobis
669 1327 948 1386 habemus.
990 1327 1072 1382 An
1111 1326 1252 1386 forte
1285 1327 1526 1392 dicturus
1553 1333 1654 1392 est,
1677 1324 1820 1384 aeris

235 1423 383 1481 istius
402 1421 904 1487 elementum,~cum
938 1419 1191 1489 spirando
1217 1419 1529 1488 accipimus,
1578 1416 1634 1476 in
1663 1415 1821 1488 nobis

236 1525 440 1572 tantum
479 1527 622 1580 esse,
651 1526 760 1568 non
786 1511 947 1568 etiam
994 1510 1135 1580 apud
1171 1525 1272 1566 nos
1308 1510 1466 1568 esse?
1488 1509 1640 1564 Dicat
1665 1521 1818 1578 ergo,

236 1605 446 1676 quando
474 1603 618 1674 apud
646 1619 746 1660 nos
775 1602 942 1672 possit
963 1616 1104 1668 esse,
1131 1616 1198 1656 an
1224 1617 1346 1656 cum
1375 1615 1498 1658 eum
1524 1596 1816 1664 reddimus,

238 1707 289 1756 et
317 1713 444 1753 eum
487 1697 542 1751 in
579 1695 736 1750 nobis
764 1710 874 1750 non
901 1693 1200 1750 habemus?
1235 1691 1344 1749 Sed
1379 1692 1484 1752 hoc
1510 1699 1664 1761 puto,
1691 1687 1822 1757 quia

238 1805 331 1846 nec
356 1790 426 1845 de
455 1775 609 1843 birro
636 1785 732 1841 illo
770 1785 949 1841 dicere
987 1782 1223 1848 audebit,
1254 1783 1301 1837 si
1331 1791 1508 1840 tamen
1538 1794 1659 1838 eum
1683 1777 1758 1832 illi
1787 1791 1820 1848 a

235 1897 340 1951 quo
369 1885 659 1950 acceperat
711 1876 960 1932 reddidit.
992 1874 1152 1931 Videt
1203 1875 1348 1930 enim
1385 1874 1511 1942 quia
1537 1887 1661 1936 eum
1689 1879 1820 1928 tunc

237 1973 376 2044 apud
402 1986 459 2026 se
484 1969 692 2034 habuit,
730 1983 852 2023 cum
880 1966 1124 2036 accepit;
1157 1972 1441 2035 postquam
1480 1970 1660 2018 autem
1695 1960 1818 2022 red-

235 2066 381 2129 didit,
413 2063 641 2134 apudse
690 2060 890 2118 habere
931 2057 1041 2127 jam
1087 2056 1306 2112 destitit.
1360 2056 1510 2110 Sicut
1557 2054 1700 2120 enim
1728 2068 1819 2107 ac-

231 2154 485 2225 ceptione
529 2150 729 2213 factum
768 2159 870 2217 est,
911 2155 969 2202 ut
1012 2145 1157 2216 quod
1185 2162 1295 2207 non
1341 2145 1546 2210 habuit,
1575 2143 1717 2214 apud
1759 2157 1820 2196 se

234 2245 486 2306 haberet,
517 2243 590 2298 ita
614 2240 917 2295 redditione
956 2237 1156 2292 factum
1185 2246 1287 2301 est,
1320 2247 1378 2290 ut
1416 2235 1560 2305 quod
1593 2234 1734 2304 apud
1761 2248 1821 2288 se

235 2335 436 2402 habuit,
464 2348 574 2387 non
595 2331 839 2385 haberet.
869 2327 1100 2384 Proinde
1139 2329 1185 2384 si
1213 2328 1415 2382 hirrum
1444 2326 1598 2388 dixit,
1630 2340 1736 2380 non
1767 2325 1821 2379 in

234 2439 290 2480 se
315 2437 459 2489 esse,
492 2421 590 2476 sed
620 2420 759 2490 apud
789 2435 848 2474 se
876 2433 1018 2484 esse,
1050 2419 1190 2473 hunc
1218 2425 1398 2474 tamen
1429 2415 1632 2484 ﬂatum,
1662 2429 1821 2486 quem

237 2514 296 2570 de
314 2509 644 2569 circumfuso
664 2525 790 2566 aere
807 2508 1042 2566 vicissim
1061 2509 1314 2568 sumimus
1336 2515 1389 2562 et
1409 2507 1518 2586 44
1529 2506 1820 2569 reddimus,

239 2603 357 2658 mihi
380 2602 600 2656 videtur
617 2600 743 2670 quia
766 2614 872 2654 non
899 2598 1069 2668 dicet,
1101 2613 1207 2652 non
1229 2612 1345 2652 esse
1370 2596 1506 2666 apud
1528 2596 1834 2662 hominem,.

238 2709 350 2752 etim
376 2700 466 2748 est
495 2693 548 2746 in
587 2691 826 2755 homine,
859 2689 983 2757 quia
1013 2696 1142 2758 tunc
1167 2703 1288 2741 eum
1329 2687 1492 2740 homo
1522 2685 1660 2758 apud
1687 2699 1747 2740 se
1771 2691 1827 2758 et

238 2787 288 2842 in
307 2801 365 2842 se
389 2785 580 2847 habet,
609 2798 727 2837 cum
758 2796 878 2835 eum
905 2755 1103 2850 accipit
1128 2776 1399 2849 spirando.
1426 2776 1558 2830 Cum
1588 2755 1716 2828 vero
1741 2755 1826 2830 re?-

239 2875 492 2949 spirando
513 2872 710 2940 reddit,
734 2872 812 2926 sic
835 2885 958 2926 eum
986 2867 1125 2944 apud
1147 2884 1205 2922 se
1229 2883 1336 2921 non
1366 2865 1545 2944 habet,
1575 2865 1711 2919 sicut
1727 2878 1828 2919 nec

242 2969 300 3024 in
326 2983 384 3024 se
409 2967 592 3022 habet.

240 3057 416 3114 CAPUT
445 3074 523 3113 tu.
550 3055 768 3109 Falsum
790 3062 866 3106 est
885 3053 1063 3124 igitur,
1099 3049 1335 3124 verbum‘
1348 3049 1481 3120 quod
1507 3049 1643 3124 apud
1665 3047 1829 3124 Deum

304 3137 566 3192 est,ea:tra
579 3125 747 3179 Deum
775 3118 1030 3188 essefnon
1058 3124 1113 3175 in
1141 3120 1269 3174 Deo.
1299 3118 1512 3174 summa
1536 3118 1831 3192 absurdit‘as

302 3188 400 3254 nos
427 3214 540 3252 esse
577 3196 796 3250 interius
826 3193 953 3256 Deo,
1004 3192 1225 3245 Verbum
1252 3200 1421 3244 autem
1441 3191 1683 3246 exterius.
1710 3188 1829 3241 Atia

306 3269 604 3324 absurditaa
621 3274 677 3320 ut
698 3268 903 3335 facmra
933 3271 1249 3331 proponatur
1277 3261 1482 3335 (actori.
1508 3258 1684 3329 Major
1704 3260 1825 3312 item

312 3338 602 3393 absurdius
625 3332 853 3404 sequitur
878 3343 935 3387 ut
963 3342 1197 3387 creatura
1225 3333 1376 3392 unius
1398 3332 1462 3385 sit
1483 3338 1686 3382 naturae
1711 3345 1824 3382 cum

313 3416 563 3463 creatore.

308 3501 533 3558 Frustra
557 3500 720 3570 igitur
744 3499 796 3552 in
827 3496 916 3552 illa
937 3495 1316 3565 disputatione,
1335 3491 1403 3547 de
1431 3492 1536 3547 hoc
1553 3491 1694 3560 quod
1715 3491 1830 3570 dic-

238 3604 351 3649 tum
376 3599 504 3650 est:
541 3565 768 3645 verbum
810 3597 922 3643 erat
958 3586 1095 3658 apud
1135 3583 1332 3646 Deum,
1375 3597 1618 3636 asserere
1659 3565 1830 3635 voluit

239 3685 464 3756 quodin
507 3683 682 3744 aliqua
721 3688 804 3735 est
832 3693 952 3734 esse
987 3691 1199 3745 semper
1228 3673 1472 3739 interius,
1505 3670 1654 3740 quod
1691 3670 1828 3741 apud

242 3776 456 3848 aliqua!
497 3780 583 3828 est
633 3785 750 3848 esse
803 3783 1016 3838 semper
1062 3765 1316 3828 exterius,
1368 3778 1490 3818 cum
1535 3761 1690 3815 ﬂatus
1744 3775 1830 3815 re-

241 3873 423 3936 ceptus
449 3863 506 3917 in
537 3875 754 3931 corpus,
785 3860 864 3914 sic
885 3859 938 3912 in
958 3857 1175 3912 homine
1197 3855 1285 3920 sit,
1309 3861 1369 3908 ut
1389 3851 1530 3922 apud
1558 3851 1828 3905 hominem

240 3957 328 4013 sit.
356 3953 422 4008 Et
447 3968 638 4008 rursus
676 3954 707 4005 e
748 3963 976 4019 corpore
1014 3945 1272 4009 redditus,
1315 3944 1388 3998 ita
1428 3958 1537 3997 non
1573 3941 1644 3996 sit
1689 3940 1831 4010 apud

242 4046 533 4111 hominem,
566 4039 1017 4112 quemadmodum
1059 4053 1166 4092 non
1194 4044 1276 4091 est
1306 4035 1358 4089 in
1387 4033 1626 4089 homine.
1658 4030 1831 4086 Minus

243 4140 379 4195 enim
404 4135 641 4192 attendit
689 4134 743 4187 in
780 4132 903 4196 hoc,
951 4129 1094 4199 quod
1133 4127 1364 4182 absurdo
1394 4125 1666 4180 nitebatur
1693 4136 1833 4177 asse-

242 4244 358 4286 rere
404 4228 760 4292 documento,
806 4235 970 4292 quam
1021 4220 1234 4291 gravior
1275 4232 1397 4272 eum
1444 4216 1833 4283 subsequenter

244 4320 544 4377 ahsurditas
583 4321 795 4371 teneret
841 4313 1116 4367 innexum.
1171 4309 1382 4363 Etenim
1431 4323 1553 4362 cum
1589 4305 1829 4360 dicitur:

245 4410 310 4467 In
335 4411 596 4482 principio
623 4415 735 4462 erat
762 4404 1005 4471 Verbum,
1027 4412 1076 4456 et
1107 4399 1330 4455 Verbum
1354 4408 1466 4454 erat
1485 4397 1625 4469 apud
1645 4396 1829 4462 Deum,

245 4510 293 4554 et
312 4499 454 4553 Deus
482 4503 593 4552 erat
626 4493 862 4548 Verbum.
895 4491 952 4549 Si
979 4490 1216 4546 exterius
1240 4497 1324 4544 est
1347 4502 1508 4543 omne
1527 4485 1669 4555 quod
1693 4484 1835 4556 apud

245 4590 421 4646 Deum
446 4596 549 4655 est,
593 4595 649 4642 et
701 4583 930 4640 interius
966 4589 1048 4638 est
1092 4593 1252 4636 omne
1291 4579 1434 4649 quod
1481 4578 1537 4632 in
1571 4576 1684 4632 Deo
1712 4583 1833 4641 est;

1915 598 1971 653 in
1995 599 2108 668 ipso
2136 605 2256 662 sunt
2275 600 2472 666 omnia,
2496 600 2600 666 ipsi
2628 599 2795 670 alat-ia
2821 603 2877 662 in
2903 601 3114 669 tacula,
3143 618 3293 664 am
3315 603 3494 674 (80m.

1914 706 1986 768 xi,
2015 689 2139 759 1‘5)?
2168 688 2306 754 Ecce
2529 688 2728 758 Paulus
2754 683 2823 748 ἐκ
2851 691 2983 760 Deo.
3013 701 3079 754 et.
3095 709 3194 763 per
3220 694 3418 772 Datim.
3441 705 3502 760 et

1915 783 1971 839 in
2016 781 2132 846 Deo.
2157 797 2278 850 esse
2315 790 2564 850 testatur.
2602 781 2823 848 Verbum
2860 801 2978 848 vero
3004 785 3143 855 quid
3169 785 3342 854 nam
3364 803 3505 855 emt

1913 871 2136 943 Joannis
2173 873 2514 944 evangelista:
2535 873 2916 952 praedicatione
2938 874 3300 946 dinoscitur;
3327 878 3376 942 si
3403 893 3502 943 δας

1919 973 2028 1024 tem
2075 965 2368 1030 secundum
2411 963 2742 1032 Arianorum
2781 980 3020 1033 sensum.
3071 981 3231 1032 amns
3261 967 3410 1046 quod
3442 969 3502 1034 in

1916 1056 2028 1118 Deo
2057 1065 2157 1122 est,
2183 1057 2408 1122 interius
2437 1066 2538 1122 est.
2577 1067 2632 1114 et
2671 1072 2832 1122 omne
2859 1058 3006 1128 quod
3031 1060 3172 1128 apud
3196 1059 3365 1124 Deum
3393 1067 3500 1127 est.

1916 1150 2152 1214 exterius
2179 1159 2282 1216 est,
2323 1151 2578 1221 quoniam
2618 1150 2847 1216 Arianus
2898 1151 3142 1218 Verbum.
3178 1152 3316 1221 quod
3359 1152 3502 1223 apud

1917 1240 2080 1306 Deum
2107 1252 2206 1309 est,
2241 1259 2353 1307 non
2380 1244 2434 1300 in
2458 1244 2569 1315 Deo
2594 1258 2734 1309 esse,
2764 1243 2862 1306 sed
2880 1243 3117 1306 exterius
3143 1258 3268 1306 esse
3304 1243 3497 1305 credit.

1918 1332 2032 1394 Hoc
2057 1335 2328 1406 reliquum.
2349 1325 2434 1396 est
2469 1343 2527 1398 ut
2550 1334 2798 1397 omnibus
2825 1349 2945 1402 qna:
2971 1335 3031 1398 in
3055 1333 3170 1396 Deo.
3190 1342 3337 1402 sunt.
3371 1333 3503 1392 illud

1917 1427 2061 1496 quod
2090 1428 2233 1497 apud
2256 1428 2428 1490 Deum
2449 1435 2550 1492 est,
2581 1426 2802 1490 interius
2822 1427 3140 1498 [indicatus
3157 1445 3175 1486 ξ
3194 1429 3301 1488 hoc
3320 1437 3506 1489 autem

1916 1529 2137 1591 recepto
2168 1521 2314 1591 (quia
2342 1521 2410 1576 de
2430 1519 2608 1579 Verbo
2633 1520 2900 1590 scriptum
2928 1527 3052 1578 est:
3083 1517 3277 1578 Omnia
3301 1537 3394 1591 per
3415 1520 3504 1591 ὄρ·-

1917 1627 2030 1670 tum
2051 1612 2194 1682 facta
2211 1609 2376 1680 sunt),
2402 1611 2519 1681 ipsa
2543 1611 2648 1672 cuit
2670 1610 2967 1678 secundum
2981 1609 3216 1678 Arianae
3237 1609 3505 1682 tuatim

1920 1701 2062 1766 ﬁdei,
2101 1710 2160 1758 ut
2207 1701 2568 1772 praeponenda
2607 1701 2678 1764 sit
2716 1702 2922 1766 factura
2969 1701 3182 1764 iactari.
3218 1699 3355 1769 Quis.
3387 1700 3508 1770 iam

1922 1807 2027 1848 non
2061 1792 2233 1850 cernit
2272 1792 2329 1854 in
2371 1792 2517 1861 quod
2553 1793 2904 1862 praecipitium
2945 1792 3236 1866 improuidi
3259 1792 3508 1853 homines

1920 1882 2148 1948 cadunt,
2180 1883 2274 1951 qui
2299 1898 2441 1942 verae
2470 1881 2593 1944 fidei
2631 1883 2970 1952 resistentes,
3008 1883 3288 1956 perﬁdiam
3315 1883 3507 1940 detha-

1919 1989 2040 2036 sare
2059 1974 2428 2036 contendunt?
2456 1974 2594 2041 Quid
2615 1976 2756 2035 enim
2785 1975 2931 2032 aliud
2965 1977 3164 2038 talibus
3188 1976 3368 2033 verbis
3394 1976 3509 2046 agi-

1919 2073 2028 2130 tur,
2071 2065 2172 2128 nisi
2203 2072 2262 2120 ut
2306 2065 2465 2134 hujus
2499 2065 2818 2129 defensione.
2857 2067 3164 2136 sententias.
3183 2065 3509 2126 conditionis

1919 2170 2032 2222 sua:
2067 2171 2133 2212 ac
2162 2156 2550 2233 redemptionis
2587 2156 2777 2225 oblita,
2818 2159 3163 2228 semetipsam
3205 2157 3346 2214 Filio
3389 2157 3508 2226 Dei,

1921 2264 2029 2313 non
2058 2248 2232 2312 solum
2257 2264 2490 2319 aquare,
2521 2249 2621 2308 sed
2644 2258 2700 2308 et
2727 2251 2978 2320 praferre
3006 2251 3201 2314 audeat
3219 2250 3510 2306 creatura?

1919 2337 2088 2406 Miror
2131 2345 2336 2406 autem.
2372 2341 2648 2409 quomodo
2687 2356 2798 2402 non
2828 2341 3201 2410 considerant,
3228 2357 3275 2411 _a
3315 2341 3512 2411 quibus

1921 2428 2052 2483 illud
2081 2429 2362 2504 asserint!»
2582 2429 2820 2492 deterior
2847 2407 3014 2505 exeo
3038 2407 3243 2494 unctui
3269 2407 3512 2491 nefanda

1922 2519 2270 2591 blasphemia;
2310 2526 2583 2586 nascatur.
2625 2521 2790 2581 Aiunt
2826 2522 2968 2581 enim
2989 2529 3013 2572 ':
3054 2539 3074 2572 ι
3109 2520 3264 2586 Quod
3302 2520 3359 2578 in
3397 2517 3512 2578 Deo

1923 2617 2027 2675 est.
2049 2608 2275 2676 interius
2293 2623 2414 2674 esse
2437 2608 2781 2688 credendum,
2805 2609 2950 2678 quod
2975 2617 3154 2670 autem
3179 2607 3325 2678 apud
3340 2607 3513 2670 Item

1924 2708 2026 2768 est,
2070 2699 2310 2768 exterius
2355 2697 2752 2766 aestimandum.
2804 2697 3066 2765 Quocirca
3108 2699 3154 2760 si
3201 2696 3334 2761 iliud
3368 2695 3514 2766 quod

1926 2789 2070 2867 apud
2095 2790 2263 2858 Deum
2299 2796 2404 2864 esu
2431 2795 2489 2844 et
2523 2787 2761 2852 exterius
2801 2796 2904 2856 est.
2943 2803 3052 2853 non
3075 2797 3162 2850 est
3188 2787 3515 2856 credendum

1927 2880 2085 2946 unius
2131 2895 2254 2942 cum
2294 2879 2405 2936 Deo
2449 2885 2653 2942 naturae
2682 2919 2714 2948 ._
2757 2879 3098 2947 consequens
3147 2885 3230 2942 est
3276 2886 3336 2940 ιιι
3384 2877 3516 2954 iw
3553 2949 3558 2954 .

1926 2973 2072 3042 unus
2100 2973 2154 3036 in
2185 2971 2296 3028 Deo
2325 2982 2433 3042 est.
2462 2980 2517 3037 ει
2545 2973 2768 3037 interius
2796 2981 2896 3037 est.
2931 2972 3087 3036 unius
3110 2972 3363 3035 credatur
3389 2985 3516 3040 eius

1929 3065 2042 3130 Deo
2081 3065 2414 3132 substantia).
2451 3083 2473 3122 ι
2507 3064 2587 3127 Ad
2628 3066 2769 3130 huic
2808 3065 2969 3136 igitur
3004 3063 3407 3128 conclusionem
3427 3077 3518 3120 ra-

1929 3154 2212 3222 tiocinatio
2253 3155 2356 3223 ista
2397 3152 2727 3223 perducitur,
2771 3162 2828 3208 ut
2861 3155 3001 3218 sicut
3037 3151 3294 3218 Verbum,
3321 3167 3420 3224 pro
3448 3165 3518 3218 eo

1852 3281 1896 3342 ε
1931 3247 2074 3316 quod
2104 3245 2245 3316 apud
2275 3245 2448 3342 Deum
2477 3254 2584 3314 est,
2611 3247 2680 3308 ab
2705 3246 2827 3342 ejus
2845 3252 3054 3342 natura
3092 3251 3413 3342 separatur}
3442 3243 3519 3306 ita

1929 3345 2197 3402 creatura,
2225 3351 2326 3408 pro
2355 3336 2461 3412 45
2483 3352 2552 3402 eu
2574 3335 2719 3405 quod
2742 3343 2824 3392 est
2841 3335 2896 3396 in
2923 3334 3055 3402 Deo,
3084 3335 3246 3402 unius
3271 3332 3520 3399 credatur

1928 3438 2135 3497 natura:
2175 3443 2296 3488 cum
2343 3425 2477 3498 Deo.
2530 3425 2682 3494 ,Unde
2721 3424 3111 3492 convincuntur
3155 3423 3246 3491 illa
3294 3424 3518 3492 sentire.

1927 3522 2121 3591 quibus
2149 3535 2249 3580 nos
2288 3528 2346 3586 et
2383 3519 2521 3586 Filio
2556 3518 2790 3583 audeam
2825 3514 3100 3584 prmium.
3141 3521 3197 3580 ει
3232 3515 3377 3580 Patri
3420 3529 3518 3580 ac»

1928 3623 2125 3676 nentur
2148 3627 2383 3682 amiare.
2413 3611 2502 3678 Sic
2531 3617 2706 3676 totum
2729 3605 3090 3672 cantandum.
3111 3606 3206 3673 alii
3232 3620 3264 3658 a
3290 3605 3521 3676 veritate

1929 3705 2271 3768 dissentiunt.
2306 3701 2446 3768 Ecce
2471 3699 2666 3770 quibus
2699 3697 2982 3768 scamnis
3010 3709 3166 3764 error

1927 3797 2142 3854 seritur.
2168 3793 2309 3858 Ecce
2335 3793 2531 3864 quibus
2551 3788 3021 3854 adinventiouiblts
3043 3787 3172 3852 ﬁdei
3191 3787 3394 3852 ueritas
3411 3788 3516 3852 im-

1930 3896 2217 3959 pugnatur.

1930 3996 2113 4052 Carur
2143 4013 2214 4051 Iv.
2246 3996 2502 4058 Dixerunt
2523 3995 2662 4066 apud
2680 4011 2734 4048 se
2756 3995 3038 4064 cogitantes
3055 4008 3160 4066 non
3183 4000 3335 4066 recte.

2003 4085 2058 4124 se
2081 4068 2268 4133 dicere,
2315 4079 2391 4122 est
2418 4062 2565 4122 idem
2594 4065 2730 4137 quod
2771 4062 2916 4126 intra,
2953 4081 3008 4126 se
3047 4064 3237 4122 dicere.
3269 4062 3522 4188 Simigter

2003 4139 2139 4188 idem
2167 4139 2434 4188 estdicere
2473 4139 2614 4188 intra
2649 4153 2721 4188 se.
2755 4146 2803 4188 et
2834 4136 3063 4188 coaitare
3086 4134 3226 4188 amid
3267 4149 3340 4188 se.
3372 4125 3410 4187 Ῑ
3441 4147 3519 4188 em

3423 4147 3519 4204 ιεῃι

2003 4139 2139 4192 idem
2167 4125 2434 4193 est'dicere
2473 4125 2618 4191 intra
2649 4125 2721 4200 se,
2755 4125 2812 4189 et
2834 4125 3063 4205 cogitare
3086 4134 3226 4205 apud
3267 4125 3410 4205 se._ﬁ

2004 4208 2220 4280 denique
2248 4217 2323 4262 est
2349 4205 2486 4285 apud
2507 4223 2562 4261 se
2583 4207 2880 4277 cogitareet
2897 4203 3130 4275 cogitare
3152 4203 3204 4256 in
3228 4203 3381 4262 corde
3400 4213 3513 4258 suo.

2007 4299 2111 4354 Sed
2149 4298 2477 4369 quibuslibet
2516 4297 2774 4352 arietibus
2799 4292 3093 4351 Ecclesiam
3121 4304 3365 4350 sanctam
3413 4293 3523 4349 bte-

1935 4392 2088 4448 retici
2116 4400 2341 4462 quatere
2369 4390 2627 4456 nitantur,
2678 4390 2812 4444 certi
2849 4404 3033 4443 sumus
3061 4387 3127 4443 de
3155 4385 3383 4447 Domino
3411 4385 3524 4442 Deo

1937 4494 2142 4551 nostro,
2193 4484 2448 4553 quoniam
2497 4482 2770 4538 civita'tem
2800 4495 2960 4554 supra
2989 4488 3230 4535 montem
3256 4477 3522 4534 constitu-

1942 4585 2050 4630 tam
2098 4575 2411 4630 subvertere
2451 4588 2558 4629 non
2597 4572 2870 4628 valebunt.
2919 4571 3032 4626 lmo
3071 4570 3276 4642 seipsos
3303 4584 3524 4640 prorsus

249 4679 383 4750 quid
410 4679 485 4733 illi
506 4675 821 4747 disputatori
842 4672 1166 4745 peritissimo
1191 4677 1377 4734 restat,
1406 4667 1587 4722 nisiut
1615 4681 1713 4721 nos
1738 4679 1836 4735 po-
1863 4655 1916 4719 1)
1939 4669 2258 4724 subvertunt
2279 4674 2334 4721 et
2363 4666 2747 4733 exterminant,
2769 4665 2859 4744 qui
2886 4664 3051 4718 Deum
3079 4678 3265 4721 verum
3294 4659 3390 4715 Dei
3413 4661 3523 4715 uni-

243 4773 414 4829 tiores
443 4771 576 4826 Filio
622 4769 718 4824 Dei
759 4781 879 4822 esse
908 4763 1233 4822 contendat?
1271 4761 1410 4817 Dicit
1452 4760 1650 4829 quippe
1691 4759 1836 4828 Apo-

247 4862 420 4920 stolus
461 4862 529 4916 de
557 4861 706 4915 Deo:
743 4856 877 4922 Quia
904 4857 956 4910 in
987 4857 1100 4926 ipso
1137 4855 1367 4918 vivimus,
1399 4860 1446 4905 et
1484 4865 1758 4914 movemur,
1786 4857 1834 4902 et

248 4972 420 5010 unius
444 4956 587 5027 (Act.
619 4967 745 5018 xvu,
777 4949 888 5021 28).
916 4946 981 5003 Et
1009 4946 1112 5002 alio
1133 4947 1254 5002 loco
1282 4963 1294 4998 :
1324 4943 1466 5000 Unus
1487 4941 1626 4997 Deus
1651 4941 1834 5008 Pater,

251 5063 313 5102 ea:
341 5062 440 5120 quo
462 5044 662 5108 omnia,
685 5051 734 5096 et
762 5057 856 5096 nos
882 5041 938 5094 in
963 5040 1076 5109 ipso
1099 5037 1150 5109 (1
1174 5036 1293 5092 Cor.
1316 5051 1427 5099 vui,
1454 5035 1529 5104 6),
1561 5031 1714 5088 Nunc
1730 5031 1841 5101 jam

215 5162 219 5166 ·
252 5139 494 5208 quisquis
523 5135 616 5190 ille
637 5140 721 5190 est
776 5132 865 5203 qui
893 5130 992 5185 sub
1017 5127 1324 5183 Christiano
1350 5127 1570 5182 nomine
1608 5140 1715 5180 non
1738 5138 1840 5179 me-

254 5229 354 5282 tuit
400 5227 663 5282 adversus
699 5222 967 5278 Christum
1005 5228 1114 5274 tam
1154 5227 1361 5273 temere
1396 5217 1687 5288 disputare,
1719 5229 1841 5270 cum

247 5321 399 5375 audit
429 5319 657 5373 Verbum
684 5332 794 5371 esse
821 5315 959 5386 apud
988 5312 1174 5380 Deum,
1196 5319 1246 5366 et
1273 5325 1368 5365 nos
1397 5325 1509 5388 esse
1545 5311 1602 5364 in
1625 5309 1765 5375 Deo,
1796 5308 1842 5363 si

244 5413 429 5478 audet,
463 5411 610 5467 dicat
637 5406 873 5463 Verbum
912 5422 1032 5463 esse
1067 5405 1322 5468 exterius,
1354 5409 1410 5458 et
1448 5417 1548 5458 nos
1597 5402 1838 5459 interius.

248 5502 411 5570 Quod
439 5503 486 5557 si
512 5499 798 5556 dicendum
828 5498 1120 5562 existimat,
1168 5495 1284 5566 ipse
1323 5494 1390 5550 de
1430 5494 1542 5551 suis
1580 5494 1737 5550 dictis
1756 5493 1844 5564 ju-

221 5594 446 5664 dicium
497 5591 678 5656 ferat;
725 5604 905 5662 neque
950 5588 1092 5644 enim
1131 5587 1186 5642 in
1235 5586 1330 5641 tali
1383 5599 1633 5642 sermone
1680 5584 1845 5654 iudex

1935 4773 2055 4814 cum
2085 4756 2277 4811 Filium
2306 4755 2707 4812 contumeliosis
2737 4754 3128 4812 assertionibus
3172 4749 3521 4812 exacerbaut.

1938 4850 2047 4905 Nec
2089 4849 2156 4903 ab
2184 4847 2376 4917 injuria
2407 4853 2707 4916 temperant
2733 4846 2895 4899 etiam
2924 4842 3120 4908 Patris,
3148 4841 3272 4897 dum
3298 4840 3522 4909 ingrati-

1938 4941 2205 5018 ticentiam
2229 4938 2460 4995 reddunt
2487 4939 2670 5012 gratia:
2696 4936 3011 4993 Salvatoris.
3038 4933 3376 5007 Quapropter
3395 4948 3524 4990 con-

1944 5049 2132 5104 gruum
2185 5033 2395 5088 videtur
2436 5040 2494 5088 ut
2522 5048 2589 5088 ex
2617 5032 2735 5086 aliis
2762 5031 3155 5102 Scripturarum
3198 5029 3329 5086 locis
3375 5029 3526 5087 verbi

1943 5126 2101 5196 hujus
2131 5125 2478 5196 intelligentia
2519 5124 2857 5194 requiratur,
2907 5132 2966 5179 ut
3012 5130 3290 5196 appareat,
3342 5132 3523 5180 utrum

1946 5217 2203 5288 quidquid
2219 5216 2361 5288 apud
2379 5217 2611 5286 aliquem
2629 5229 2748 5268 esse
2773 5213 2985 5288 dicitur,
3010 5199 3319 5288 debeamus,
3344 5229 3526 5268 secun-

1945 5311 2070 5363 dum
2101 5309 2312 5363 illorum
2336 5306 2680 5371 sententiam,
2725 5321 2937 5378 semper
2963 5307 3200 5362 exterius
3238 5305 3522 5377 aestimare.
3555 5295 3560 5298 ’

1945 5401 2001 5454 1η
2045 5398 2182 5453 libro
2209 5397 2496 5466 Sapientia:
2543 5395 2767 5466 legimus
2813 5396 3014 5454 dictum
3058 5397 3123 5450 de
3170 5393 3521 5466 quibusdam:

1947 5493 2207 5547 Dixerunt
2255 5490 2392 5557 apud
2436 5506 2490 5543 se
2532 5491 2813 5562 cogitantes
2858 5509 2960 5546 non
2999 5499 3134 5543 recte
3163 5487 3316 5566 (Sap.
3347 5502 3406 5560 tl,
3440 5486 3522 5562 i);

1949 5583 2107 5653 hujus
2136 5583 2241 5638 loci
2271 5582 2339 5636 ab
2367 5580 2581 5636 Arianis
2610 5582 2871 5650 exigimus
2900 5581 3194 5652 rationem,
3227 5571 3404 5654 utrum
3433 5577 3523 5650 qui

1948 5675 2092 5748 apud
2117 5689 2177 5729 se
2204 5673 2421 5742 cogitat,
2474 5673 2610 5727 intra
2640 5688 2697 5728 se
2736 5689 2802 5728 an
2841 5656 3082 5726 extrase
3124 5669 3358 5747 cogitet?
3404 5655 3525 5724 cum

1947 5767 2180 5824 hominis
2211 5765 2464 5836 cogitatio
2490 5783 2596 5822 non
2639 5766 2810 5821 solum
2857 5771 3007 5818 extra
3057 5779 3253 5835 corpus
3295 5759 3525 5835 hominis

1949 5877 2058 5918 non
2085 5859 2176 5928 sit,
2204 5856 2299 5916 sed
2326 5873 2426 5916 nec
2446 5858 2686 5928 corporis
2713 5857 2853 5912 actio
2880 5857 2968 5915 sit.
2983 5854 3137 5916 Enim
3165 5871 3293 5913 vero
3320 5851 3442 5924 quia
3474 5849 3523 5911 id

217 5673 573 5755 Tquzerendus
601 5689 683 5738 est
731 5680 896 5746 alius,
928 5681 1144 5751 quando
1191 5681 1309 5750 ipse
1351 5679 1443 5750 qui
1497 5679 1602 5734 hoc
1639 5671 1766 5733 dicit
1811 5693 1841 5732 a

218 5761 429 5847 'seipso
470 5773 544 5828 sit
581 5771 826 5844 profecto
855 5769 1168 5842 culpandus.
1208 5768 1348 5837 Quid
1395 5771 1592 5826 iterum
1616 5783 1842 5841 respon-

245 5865 399 5922 debit
421 5864 683 5921 adversus
709 5861 856 5921 illam
881 5860 1121 5929 ejusdem
1150 5861 1294 5916 beati
1315 5861 1465 5918 Pauli
1496 5861 1839 5928 sententiam,
