4072 6332
1491 403 1546 457 S.
1586 399 1948 458 FULGENTH
1986 402 2288 460 EPISCOPI
2329 395 2693 460 RUSPENSIS

3551 407 3770 462 εἳ(ὶῦ

497 498 673 586 ipsum
699 515 846 585 quod
896 515 1152 585 cogitatio
1178 512 1394 568 dicitur
1437 526 1545 566 non
1575 511 1748 566 solum
1786 527 1893 568 non
1922 521 2076 568 extra
2106 520 2158 580 Α
2180 513 2320 568 aliud
2351 529 2486 579 esse,
2536 513 2676 585 apud
2717 529 2776 570 se
2802 528 3001 579 uicere,
3035 515 3136 570 nisi
3167 515 3220 571 in
3245 515 3416 573 corde
3443 517 3642 576 dicere.
3678 521 3770 578 Ait

501 604 792 670 nominem,
842 606 936 661 sed
965 621 1064 660 nec
1111 605 1163 658 in
1193 603 1310 673 ipso
1337 616 1568 672 corpore
1597 603 1829 662 hominis
1869 605 2075 661 inveni-

501 702 605 763 tur,
634 697 755 767 quis
781 713 887 753 non
916 697 1092 750 videat
1121 695 1500 764 cogitationem
1529 697 1694 752 solius
1724 713 1841 754 esse
1863 699 2075 767 animas,

499 788 584 843 cui
613 804 712 860 per
737 786 1052 844 rationalem
1085 787 1334 842 virtutem
1363 787 1616 844 divinitus
1649 788 1948 845 datum‘est
1975 806 2073 846 co-

405 877 408 880 ’
497 878 700 948 gitare?
743 875 800 934 In
829 877 1050 934 homine
1083 879 1280 948 quippe
1308 877 1594 947 cogitando
1619 879 1927 936 dominatur
1953 882 2073 936 ani-

497 983 634 1034 mus,
664 967 942 1038 operando
971 978 1149 1024 autem
1180 969 1453 1024 servitium
1481 969 1698 1053 exhibet
1740 986 1955 1041 corpus.
1997 970 2074 1026 lbi

495 1066 576 1115 est
595 1059 737 1114 enim
776 1058 982 1115 homini
1008 1059 1132 1115 data
1167 1061 1438 1130 cogitatio,
1480 1061 1571 1116 ubi
1600 1069 1682 1118 est
1709 1063 1907 1117 inserta
1947 1063 2074 1118 boni

494 1151 725 1221 malique
753 1151 1024 1206 discretio.
1077 1150 1308 1207 Interior
1341 1153 1502 1222 igitur
1529 1154 1690 1209 homo
1735 1154 2084 1223 cogitationis

495 1239 728 1297 olﬁcium
769 1242 940 1311 gerit,
1004 1243 1092 1312 qui
1136 1243 1297 1298 etiam
1339 1244 1667 1313 intelligendi
1707 1246 1959 1300 virtutem
2006 1244 2073 1299 ad

494 1331 778 1400 imaginem
825 1332 920 1387 Dei
965 1343 1180 1389 creatus
1224 1335 1451 1404 accepit.
1499 1335 1632 1391 Cum
1672 1349 1801 1404 ergo
1840 1335 1981 1406 apud
2016 1352 2075 1391 se

494 1422 656 1478 homo
682 1422 900 1492 cogitat,
933 1439 1040 1478 non
1069 1432 1223 1481 extra
1253 1441 1332 1491 se,
1354 1425 1449 1482 sed
1479 1425 1617 1480 intra
1645 1441 1706 1481 se
1735 1427 1953 1495 cogitat,
1981 1428 2073 1496 qui

493 1526 600 1566 non
629 1519 783 1567 extra
812 1527 870 1568 se
897 1513 1176 1582 cogitaret,
1209 1515 1418 1569 etiamsi
1441 1516 1507 1571 ad
1533 1516 1856 1572 exteriorem
1899 1517 2068 1572 homi-

493 1617 614 1659 nem
643 1604 896 1673 cogitatio
934 1607 1245 1676 pertineret.
1295 1607 1510 1674 Quanto
1559 1610 1728 1678 magis
1773 1624 1903 1680 ergo
1933 1611 2072 1666 intra

493 1710 552 1753 se
576 1695 798 1764 cogitat,
845 1697 1280 1768 quandoquidem
1321 1715 1428 1754 non
1469 1701 1706 1755 exterior
1747 1702 1928 1767 homo,
1977 1702 2075 1758 sed

493 1787 716 1842 interior
747 1791 965 1857 cogitat.
985 1788 1108 1856 .Qui
1138 1799 1318 1846 tamen
1347 1791 1636 1846 secundum
1667 1784 1958 1861 SCripturte
1989 1803 2071 1846 te-

2181 605 2321 659 enim
2356 623 2368 657 :
2401 604 2530 669 Qua:
2575 604 2746 659 dicitis
2786 607 2842 660 in
2882 606 3120 661 cordibus
3161 608 3342 662 uestris
3386 607 3556 676 (Psal.
3583 627 3654 678 tv,
3685 611 3766 684 5).

2179 697 2333 766 Quod
2357 699 2401 754 si
2430 699 2587 754 aliter
2609 699 2944 768 distinguere
2987 699 3276 766 voluerint,
3327 709 3387 756 ut
3415 702 3586 773 ipsum
3624 706 3768 776 apud

2177 807 2255 857 se,
2285 807 2391 846 non
2423 791 2744 862 prmcedenti
2773 792 3031 856 sermoni,
3053 793 3146 846 sed
3169 792 3514 863 subsequenti
3541 797 3770 867 conjun‘m

2177 893 2322 952 gant,
2375 891 2432 938 ut
2458 884 2844 954 praemittentes
2871 883 3146 950 dixerunt,
3197 882 3479 954 interjecto
3528 886 3766 958 silentio,

2178 971 2517 1041 postmodum
2561 972 2791 1027 inierant
2820 971 2950 1026 illud
2996 969 3140 1042 quod
3169 971 3372 1028 dictum
3399 983 3503 1041 est,
3537 977 3688 1047 Apud
3713 994 3771 1033 se

2176 1063 2460 1132 cogitantes
2485 1078 2587 1115 non
2615 1070 2749 1116 recte
2772 1060 2925 1132 (Sap.
2959 1075 3015 1126 ιι,
3053 1060 3103 1127 l)
3126 1099 3140 1125 ,
3173 1061 3335 1117 etiam
3362 1063 3491 1120 hinc
3522 1066 3769 1136 inerepa-

2177 1152 2380 1206 tionem
2401 1151 2694 1207 Salvatoris
2718 1151 2956 1216 audiant,
2987 1161 3042 1207 et
3067 1154 3246 1210 cordis
3271 1168 3390 1211 esse
3413 1156 3769 1224 cogitationes

2177 1251 2502 1308 agnoscant;
2535 1243 2610 1297 ait
2638 1243 2781 1298 enim
2806 1259 2819 1295 :
2851 1240 2989 1306 Quid
3017 1245 3258 1316 cogitatis
3285 1246 3424 1300 mala
3445 1247 3499 1300 in
3521 1247 3765 1304 cordibus

2176 1337 2353 1390 vestris
2384 1337 2530 1407 (Luc.
2563 1353 2617 1402 v,
2641 1337 2774 1408 22)?
2801 1337 2920 1393 Alio
2954 1355 3171 1410 quoque
3195 1341 3315 1396 loco
3342 1340 3479 1397 idem
3507 1342 3764 1403 Dominus

2175 1423 2364 1481 docet:
2385 1425 2520 1491 Quia
2547 1429 2611 1481 de
2632 1429 2786 1483 corde
2808 1439 2997 1483 exeunt
3018 1432 3353 1501 cogitationes
3375 1435 3527 1488 mala:
3545 1433 3758 1506 (Matth.

2179 1530 2264 1582 xv,
2297 1516 2407 1590 19).
2453 1517 2521 1572 Et
2547 1517 2724 1573 denuo
2753 1518 2924 1574 dicit:
2965 1517 3100 1583 Quia
3141 1518 3302 1575 bonus
3343 1521 3494 1576 homo
3535 1523 3598 1577 de
3625 1523 3760 1580 bono

2176 1607 2415 1662 thesauro
2448 1610 2620 1664 cordis
2647 1611 2727 1663 sui
2757 1612 2954 1681 profert
2994 1609 3170 1664 bona:
3200 1621 3248 1665 et
3292 1614 3459 1667 malus
3500 1614 3650 1670 homo
3697 1615 3760 1670 de

2174 1699 2312 1753 malo
2337 1700 2574 1755 thesauro
2603 1701 2775 1756 cordis
2801 1701 2883 1756 sui
2906 1703 3102 1774 profert
3131 1703 3271 1756 mala
3293 1702 3505 1774 (Matth.
3535 1722 3626 1770 xu,
3646 1704 3756 1777 55).

2173 1790 2364 1847 Jamne
2383 1803 2713 1863 cognoscunt
2759 1795 2812 1848 in
2853 1800 3053 1862 quanto
3092 1809 3277 1850 errore
3327 1804 3608 1852 versentur
3668 1798 3759 1869 qui

491 1875 798 1930 stimonium
827 1876 970 1948 apud
999 1893 1058 1933 se
1083 1879 1324 1947 cogitare
1349 1879 1564 1947 dicitur,
1588 1881 1731 1950 quod
1762 1883 1945 1951 utique
1966 1898 2070 1937 non
2104 1900 2151 1960 Β
2177 1883 2410 1938 Verbum
2440 1885 2578 1955 apud
2608 1884 2796 1952 Deum,
2830 1901 2937 1940 non
2968 1885 3210 1951 interius,
3235 1885 3328 1940 sed
3356 1889 3593 1944 exterius
3615 1903 3759 1944 assc-

492 1963 548 2019 in
575 1966 878 2031 exterioris,
907 1967 1001 2022 sed
1029 1966 1302 2024 interioris
1323 1971 1554 2026 hominis
1581 1971 1760 2028 otticio
1786 1974 2068 2043 reperitur.

493 2057 582 2112 Ait
605 2059 746 2114 enim
787 2058 1084 2130 Scriptura,
1133 2062 1272 2118 sicut
1315 2080 1477 2135 supra
1513 2064 1624 2134 jam
1669 2066 1904 2136 positum
1951 2074 2069 2121 est:

494 2136 751 2204 Dixerunt
770 2152 909 2221 apud
927 2169 983 2206 se
1002 2152 1286 2225 cogitantes
1305 2173 1406 2211 non
1430 2166 1581 2212 recte.
1616 2156 1754 2224 Quid
1777 2165 1862 2214 est
1893 2167 2072 2215 autem

493 2239 632 2309 apud
675 2254 736 2294 se
780 2241 977 2306 dicere,
1025 2245 1129 2298 nisi
1175 2245 1228 2300 in
1270 2246 1433 2302 corde
1461 2263 1558 2302 suo
1587 2249 1804 2304 dicere?
1847 2248 2076 2321 Propter

495 2330 631 2400 quod
657 2332 782 2410 alibi
809 2332 1031 2391 dicitur:
1051 2337 1180 2405 Quae
1199 2340 1368 2396 dicitis
1389 2343 1445 2395 in
1465 2342 1704 2397 cordibus
1726 2345 1924 2411 vestris,
1947 2354 2000 2398 et
2017 2346 2073 2398 in

495 2419 740 2478 cubilibus
767 2427 950 2480 vestris
983 2430 1389 2500 compungimini
1410 2429 1582 2502 (Psal.
1607 2449 1680 2498 tv,
1709 2417 1787 2503 5).

498 2529 500 2532 '
564 2511 679 2570 Hoc
705 2525 786 2570 est
807 2530 937 2586 ergo
965 2516 1109 2588 apud
1133 2533 1192 2574 se
1219 2519 1418 2587 dicere,
1451 2523 1594 2592 quod
1623 2532 1704 2578 est
1733 2521 1875 2580 intra
1903 2540 1962 2582 se
1989 2526 2074 2580 di-

493 2617 634 2660 cere.
668 2603 821 2661 Unde
843 2615 899 2662 et
924 2606 1218 2664 Pharismus
1248 2611 1336 2666 ille
1363 2613 1456 2682 qui
1481 2613 1763 2668 Dominum
1813 2629 2075 2687 poposce-

493 2703 576 2750 rat
599 2695 668 2750 ad
694 2696 1018 2753 vescendum
1046 2739 1060 2763 ,
1112 2716 1235 2756 cum
1283 2701 1520 2770 ingressa
1559 2705 1752 2762 mulier
1801 2707 2075 2777 peccatrix

494 2785 740 2858 lacrymis
766 2788 986 2857 rigaret,
1015 2799 1071 2845 et
1089 2792 1293 2862 capillis
1321 2793 1485 2862 pedes
1507 2801 1740 2866 tergeret
1758 2797 2072 2864 Salvatoris,

495 2876 585 2947 qui
617 2877 757 2932 intra
785 2893 845 2934 se
871 2880 1158 2954 cogitabat,
1210 2881 1347 2936 intra
1375 2898 1434 2938 se
1463 2885 1647 2955 utique
1674 2884 1886 2942 dicebat
1928 2887 2076 2956 quod

493 2969 777 3036 cogitando
825 2969 1056 3025 dicebat.
1103 2971 1195 3028 Ait
1241 2975 1390 3029 enim
1440 2977 1766 3046 evangelista
1815 2997 1827 3031 :
1883 2979 2076 3034 Videns

495 3069 662 3114 autem
689 3060 1005 3127 Pharisteus,
1030 3065 1116 3136 qui
1144 3077 1411 3121 vocaverat
1441 3085 1578 3136 eum,
1620 3071 1695 3124 ait
1724 3072 1864 3125 intra
1901 3088 1956 3126 se
1995 3073 2076 3126 di-

495 3167 612 3206 cens
634 3151 784 3222 (Luc.
816 3169 909 3221 vn,
940 3137 1056 3225 39).
1106 3143 1244 3222 Quid
1274 3166 1358 3212 est
1395 3159 1561 3228 enim,
1606 3162 1682 3215 ait
1703 3163 1842 3219 intra
1867 3156 1939 3227 se,
1973 3165 2076 3219 nisi

494 3243 747 3312 cogitavit
773 3244 910 3299 intra
951 3248 1050 3302 se?
1096 3245 1478 3305 Verumtamen
1519 3250 1797 3322 Scriptura
1845 3254 2075 3311 docente

495 3335 865 3402 cognoscimus
887 3336 1012 3406 quia
1039 3339 1130 3407 qui
1150 3340 1355 3408 cogitat
1381 3340 1521 3396 intra
1565 3357 1646 3411 se,
1690 3347 1890 3413 cogitat
1932 3347 2072 3417 apud

493 3438 572 3481 se.
601 3423 728 3482 Ideo
769 3426 956 3499 utique
981 3427 1176 3484 dicitur
1200 3448 1214 3484 :
1241 3429 1501 3488 Dixerunt
1529 3435 1670 3506 apud
1697 3452 1753 3490 se
1791 3437 2076 3506 cogitantes

493 3531 598 3570 non
636 3525 788 3571 recte.
841 3517 1090 3574 Attamen
1134 3535 1206 3576 ne
1251 3520 1356 3578 hoc
1391 3523 1536 3593 quod
1570 3525 1768 3580 dictum
1815 3535 1899 3581 est
1935 3526 2074 3597 apud

494 3619 571 3672 se,
622 3622 729 3662 non
757 3607 1078 3678 praecedenti
1114 3613 1373 3681 sermoni,
1414 3615 1508 3671 sed
1535 3617 1882 3688 subsequenti
1911 3619 2076 3674 velint

496 3694 676 3752 Ariani
705 3697 1058 3768 conjungere,
1079 3707 1140 3755 ut
1169 3717 1277 3759 non
1299 3703 1529 3772 dicatur,
1555 3705 1808 3763 dixerunt
1832 3711 1973 3780 apud
1993 3725 2070 3774 se,

497 3786 596 3843 sed
640 3787 875 3854 dicatur,
929 3789 1218 3871 dixerunt,
1276 3801 1332 3848 et
1388 3799 1730 3864 postmodum
1781 3799 2063 3870 inferatur,

495 3878 634 3949 apud
661 3894 720 3934 se
757 3880 1082 3948 cogitantes;
1121 3883 1342 3938 audiant
1391 3887 1554 3941 etiam
1600 3888 1727 3945 hinc
1773 3891 2074 3947 divinarum

493 3966 606 4040 ω
632 3969 936 4024 testimonia
962 3969 1380 4042 Scripturarum,
1409 3987 1464 4032 et
1487 3991 1816 4049 cognoscant
1840 3981 2073 4040 ollicium

494 4059 834 4129 cogitationis
859 4061 1124 4126 humanm,
1157 4079 1265 4120 non
1294 4067 1361 4120 ad
1390 4070 1733 4138 exteriorem,
1779 4074 1872 4128 sed
1903 4076 1967 4129 ad
1989 4076 2072 4131 in-

493 4150 746 4206 teriorem
777 4151 1048 4209 hominem
1069 4158 1360 4226 pertinere.
1387 4159 1723 4231 Evangelista
1764 4167 1917 4233 dicit;
1949 4170 2073 4238 quia

494 4255 616 4297 cum
645 4239 870 4298 Domino
900 4246 1222 4318 paralyticus
1247 4249 1552 4320 offerretur,
1597 4253 1791 4310 Videns
1819 4256 2071 4313 Dominus

494 4332 648 4404 ﬁdem
663 4332 890 4402 illorum,
914 4338 1004 4406 qui
1027 4352 1148 4393 eum
1171 4354 1266 4409 per
1287 4343 1490 4412 tegulas
1507 4347 1882 4417 submiserant,
1897 4352 2028 4407 dixit
2052 4371 2069 4407 :

494 4421 732 4494 Con/ide,
783 4426 890 4494 ﬁli,
939 4430 1265 4486 remittuntur
1312 4444 1523 4502 peccata
1552 4445 1669 4502 tua;
1718 4448 1767 4492 et
1803 4457 1919 4494 ecce
1959 4445 2073 4513 qui-

493 4513 614 4568 dam
635 4513 699 4568 de
725 4515 907 4570 scribis
949 4517 1190 4574 dixerunt
1216 4523 1357 4576 intra
1381 4540 1436 4578 se
1462 4541 1481 4578 :
1507 4525 1608 4580 Hic
1631 4527 1968 4598 blasphemat.
2001 4523 2070 4587 Et

493 4619 607 4660 cum
645 4606 852 4662 uidisset
891 4608 1044 4664 Iesus
1073 4613 1412 4684 cogitationes
1450 4633 1625 4672 eorum
1672 4606 1844 4676 dixit:
1879 4621 2071 4696 thuid

493 4697 730 4768 cogitatis
759 4699 899 4753 mala
936 4701 990 4754 in
1029 4702 1266 4759 cordibus
1312 4709 1490 4763 vestris
1538 4708 1751 4783 (Matth.
1793 4730 1867 4782 ιι,
1910 4715 1961 4778 2,
2002 4715 2066 4782 3;

494 4785 660 4844 Marc.
689 4805 746 4856 ιι,
773 4791 828 4858 4,
856 4787 914 4857 5;
959 4788 1086 4846 Luc.
1119 4810 1169 4858 v,
1208 4793 1298 4866 18,
1332 4795 1456 4870 l9)?
1501 4797 1648 4867 Quos
1677 4802 1810 4858 dixit
1835 4819 2069 4874 evange-

493 4877 611 4935 lista
637 4881 774 4936 intra
803 4897 861 4938 se
882 4882 1108 4953 dixisse,
1163 4887 1309 4957 ipsos
1338 4889 1594 4948 Dominus
1621 4893 1752 4949 dicit
1796 4895 1847 4948 in
1887 4897 2070 4952 cordi-

492 4969 591 5025 bus
617 4971 754 5026 mala
780 4975 1061 5043 cogitasse.
1093 4975 1231 5044 Quid
1260 4986 1343 5033 est
1371 4989 1551 5034 autem
1580 4983 1719 5034 mala
1748 4985 1802 5035 in
1831 4986 2069 5041 cordibus

493 5061 740 5132 cogitare,
772 5065 873 5119 nisi
899 5067 1136 5136 cogitare
1160 5069 1298 5140 apud
1325 5086 1380 5124 se
1410 5087 1516 5126 non
1545 5075 1727 5127 recte?
1757 5073 2067 5140 Quomodo-

493 5149 624 5204 libet
649 5164 777 5219 ergo
803 5153 959 5221 hujus
987 5157 1092 5213 loci
1128 5175 1344 5216 sensum
1374 5161 1556 5216 Ariani
1604 5162 1947 5234 distinguant,
1996 5169 2068 5225 ibi

495 5255 714 5297 necesse
742 5251 847 5311 est,
893 5247 1260 5306 confusionem
1305 5268 1413 5308 suae
1453 5255 1730 5326 pravitatis
1774 5258 2064 5317 inveniant.

494 5329 555 5386 Et
590 5333 790 5389 utinam
820 5334 899 5390 sic
925 5333 992 5391 de
1020 5354 1204 5396 errore
1227 5341 1640 5416 confundantur,
1685 5358 1743 5403 ut
1770 5350 1838 5404 ad
1868 5354 2064 5409 verita-

495 5433 602 5480 tem
631 5436 1031 5484 convertantur.
1078 5429 1136 5484 Si
1164 5435 1305 5489 enim
1330 5437 1576 5505 dixerint,
1628 5442 1705 5496 sic
1732 5443 1891 5499 istum
1919 5443 2065 5501 Scri-

495 5527 662 5606 ptum
707 5521 1034 5580 versiculum
1073 5522 1428 5598 dividendum,
1477 5535 1619 5604 quod
1667 5536 1920 5606 scriptum
1961 5547 2064 5604 est,

497 5604 754 5666 Dixerunt
781 5613 921 5682 apud
944 5631 1019 5684 se,
1043 5615 1329 5689 cogitantes
1350 5635 1452 5676 non
1472 5636 1627 5694 recte,
1654 5633 1712 5680 ut
1733 5604 1907 5696 ipsum
1927 5630 2066 5698 apud

496 5713 568 5789 se,
617 5703 938 5770 praecedenti
983 5708 1216 5764 sermoni
1241 5709 1544 5780 iungentes,
1593 5717 1672 5772 sic
1693 5716 2062 5789 distinguant:

498 5788 758 5845 Dixerunt
785 5795 922 5864 apud
943 5813 1016 5859 se,
1054 5808 1113 5855 ut
1141 5809 1326 5871 postea
1359 5801 1605 5872 inferant,
1651 5788 1934 5882 cogitantes
1961 5829 2065 5866 non

499 5889 656 5938 recte.
712 5882 960 5942 Davidico
1003 5891 1181 5946 statim
1222 5893 1609 5950 convinCuntm
1654 5900 1895 5968 eloquio,
1953 5921 2061 5959 non

2173 1989 2294 2029 rere
2318 1976 2610 2031 moliuntur
2631 1977 2656 2029 ?

2173 2084 2352 2164 Carm
2383 2105 2435 2164 v.
2467 2088 2616 2164 Apud
2644 2089 2805 2164 Deum
2835 2099 2959 2164 nota
2977 2101 3054 2146 est
3081 2102 3130 2146 et
3151 2091 3290 2164 apud
3311 2094 3536 2148 homines
3561 2109 3750 2150 memo-

2245 2160 2324 2212 ria
2350 2162 2481 2230 ejus.
2512 2157 2760 2214 ‘lntroibo
2804 2162 2874 2214 ad
2911 2178 3044 2226 eum,
3077 2173 3125 2217 et
3156 2157 3225 2217 ad
3260 2180 3375 2218 eum
3413 2165 3664 2219 reniemus
3706 2171 3758 2219 et

2244 2231 2563 2305 mansionem
2582 2231 2730 2305 npud
2748 2248 2870 2305 eum
2897 2234 3161 2305 faciemus.
3187 2233 3276 2305 Sic
3313 2233 3532 2287 Verbum
3554 2234 3760 2305 etgapud

2245 2297 2410 2352 Deum
2433 2300 2557 2374 etin
2571 2297 2676 2374 Deo
2697 2311 2791 2354 est.
2802 2297 3059 2374 _S_ic'idemr
3069 2314 3145 2358 est
3165 2305 3218 2357 in
3231 2302 3360 2370 Deo,
3375 2315 3424 2358 et
3438 2305 3577 2374 apud
3589 2297 3758 2374 Deum

2247 2386 2350 2446 non
2371 2379 2455 2446 _e_st
2485 2370 2748 2446 iniquitas.
2798 2369 2941 2426 Unus
2966 2384 3015 2425 et
3042 2373 3182 2426 idem
3219 2369 3430 2444 spiritus
3471 2369 3524 2427 in
3554 2373 3756 2446 Moyse,

2249 2439 2420 2492 David
2447 2447 2497 2493 et
2533 2439 2714 2494 Paulo.

2249 2531 2452 2586 Rursus
2476 2533 2528 2586 in
2558 2533 2747 2587 eodem
2772 2533 2910 2589 libro
2939 2536 3194 2606 scriptum
3232 2536 3300 2592 de
3326 2538 3586 2609 sapientia
3615 2539 3750 2608 legi-

2177 2639 2294 2679 mus
2321 2641 2333 2676 :
2360 2622 2682 2678 Immortalis
2710 2627 2846 2679 enim
2878 2635 2954 2682 est
2975 2630 3220 2682 memoria
3247 2629 3404 2694 illius,
3437 2631 3679 2701 quoniam
3701 2640 3753 2685 et

2178 2715 2315 2787 apud
2352 2714 2521 2768 Deum
2563 2725 2687 2770 nota
2730 2727 2825 2780 est,
2859 2727 2911 2772 et
2947 2719 3344 2790 apud‘homines
3386 2721 3538 2793 (Sap.
3571 2736 3644 2789 tv,
3679 2721 3752 2791 l).

2177 2806 2460 2874 Quomodo
2491 2815 2670 2862 autem
2702 2809 2841 2878 apud
2863 2809 3110 2866 homines
3136 2819 3262 2886 nota
3292 2821 3393 2877 est,
3425 2813 3596 2867 sinon
3621 2812 3758 2869 intra

2177 2899 2441 2964 homines,
2466 2898 2564 2954 sed
2591 2908 2743 2955 extra
2766 2900 3008 2956 homines
3029 2905 3146 2958 est?
3174 2902 3306 2958 Cum
3330 2902 3432 2958 nisi
3454 2904 3506 2958 in
3529 2904 3760 2960 animant

2178 2994 2411 3049 hominis
2441 2993 2741 3058 intraverit,
2773 3004 2900 3051 nota
2945 2996 3149 3052 homini
3177 3013 3297 3054 esse
3325 3013 3432 3053 non
3463 2999 3654 3068 possit.
3685 2997 3762 3054 De

2179 3087 2292 3157 ipsa
2321 3086 2520 3158 quippe
2549 3087 2628 3142 sic
2650 3087 2866 3154 dicitur,
2913 3098 2962 3142 et
2981 3105 3290 3160 permanens
3318 3091 3373 3144 in
3401 3106 3457 3144 se
3485 3091 3658 3144 omnia
3679 3091 3762 3143 in-

2177 3187 2352 3241 novat,
2382 3187 2432 3231 et
2460 3193 2553 3247 per
2579 3178 2818 3232 nationes
2857 3181 2912 3232 in
2951 3180 3155 3234 animos
3194 3190 3404 3235 sanctas
3432 3197 3486 3234 se
3517 3181 3762 3251 transfert

2100 3283 2144 3346 ο
2179 3268 2332 3341 (Sap.
2367 3285 2456 3333 vn,
2490 3268 2602 3339 27).
2653 3267 2723 3322 Et
2765 3278 2827 3324 ut
2857 3285 2963 3325 non
3003 3271 3145 3326 aliud
3173 3280 3512 3341 agnoscatur,
3560 3273 3614 3326 in
3641 3271 3762 3326 ani-

2178 3377 2290 3416 mas
2319 3377 2377 3416 se
2421 3361 2734 3430 transferre,
2782 3377 2944 3430 quam
2977 3363 3028 3418 in
3053 3365 3262 3419 animas
3300 3364 3498 3418 intrare
3532 3381 3545 3418 :
3577 3377 3764 3418 rursus

2176 3452 2242 3506 de
2282 3452 2368 3505 illa
2400 3459 2578 3506 textus
2615 3453 2910 3522 Scriptum
2933 3463 3134 3510 sancta:
3176 3453 3255 3510 sic
3289 3463 3555 3510 memorat
3583 3475 3595 3509 :
3630 3454 3765 3510 Hac

2176 3547 2420 3612 paputum
2433 3542 2633 3613 justum
2652 3551 2699 3596 et
2726 3560 2895 3597 semen
2919 3545 3029 3597 sine
3047 3545 3252 3614 querela
3274 3542 3508 3598 liberavit
3533 3561 3566 3598 ιι
3588 3547 3764 3599 natio-

2175 3633 2325 3688 nibus
2371 3650 2485 3706 qua:
2516 3636 2663 3688 illum
2710 3633 3127 3706 comprimebant.
3175 3632 3397 3689 Intravit
3433 3636 3488 3688 in
3528 3636 3762 3689 animans

2176 3727 2306 3779 servi
2333 3724 2562 3790 Domini,
2587 3737 2636 3780 et
2666 3727 2804 3780 stetit
2823 3736 3001 3781 contra
3030 3743 3172 3797 reges
3202 3724 3481 3780 horrendos
3525 3726 3578 3779 in
3620 3743 3747 3796 por-

2177 3818 2328 3870 tentis
2361 3824 2410 3870 et
2437 3818 2601 3887 signis
2641 3815 2796 3887 (Sap.
2831 3833 2884 3884 x,
2921 3817 3033 3888 15).
3075 3815 3230 3872 Hunc
3263 3817 3540 3871 introitqu
3580 3832 3760 3880 suum,

2175 3921 2282 3974 quo
2313 3905 2364 3959 in
2405 3905 2608 3959 animas
2649 3905 2830 3970 intrat,
2872 3907 3033 3960 etiam
3074 3905 3128 3960 in
3174 3905 3492 3976 Apocalypsi
3537 3902 3764 3959 Joannis

2177 3995 2425 4060 insinuat,
2456 3995 2637 4050 dicens
2662 4013 2674 4046 :
2700 3993 2836 4048 Ecce
2860 4005 2940 4050 sto
2967 3995 3038 4048 ad
3051 3994 3279 4066 januam
3301 4003 3350 4048 et
3369 3994 3518 4065 pulso
3540 3995 3620 4048 :si
3648 3995 3764 4066 quis

2176 4087 2397 4142 audierit
2425 4103 2594 4141 vocem
2618 4103 2786 4140 meam
2809 4095 2858 4141 et
2886 4088 3144 4157 aperuerit
3163 4087 3410 4156 januam,
3436 4086 3659 4146 introibo
3688 4087 3764 4140 ad

2174 4193 2307 4241 eum,
2331 4185 2378 4230 et
2399 4175 2608 4230 cantabo
2629 4191 2742 4229 cum
2770 4175 2879 4241 illo,
2907 4185 2956 4230 et
2983 4177 3092 4246 ipse
3113 4172 3308 4230 mecum
3331 4178 3514 4247 (Apoc.
3541 4192 3616 4244 Ill,
3641 4176 3760 4246 20).

2175 4263 2291 4320 Hoc
2321 4266 2540 4320 introitu
2570 4265 2732 4320 Pater
2759 4273 2816 4320 ct
2842 4263 3007 4320 Filius
3037 4264 3105 4320 ad
3131 4265 3445 4321 dilectorem
3477 4283 3629 4322 suum
3661 4283 3763 4322 ve-

2177 4361 2345 4426 niunt,
2365 4368 2420 4416 et
2434 4360 2764 4415 mansionem
2780 4359 2918 4430 apud
2933 4375 3052 4415 eum
3069 4360 3294 4416 faciunt:
3313 4362 3454 4418 sicut
3469 4364 3582 4434 ipse
3596 4362 3764 4420 Filius

2176 4451 2446 4520 loquitur:
2467 4451 2529 4506 Si
2559 4453 2671 4524 quis
2694 4452 2863 4522 diligit
2886 4469 2984 4516 me,
3007 4469 3292 4508 sermonem
3318 4471 3484 4509 meum
3515 4455 3761 4520 servabit,

2174 4551 2222 4594 et
2241 4539 2398 4594 Pater
2417 4558 2559 4594 meus
2574 4542 2752 4611 diliget
2779 4559 2914 4605 eum,
2941 4552 2990 4595 et
3013 4543 3082 4596 ad
3115 4560 3230 4598 cum
3257 4546 3532 4610 veniemus,
3551 4555 3599 4602 et
3616 4563 3764 4601 man-

2097 4649 2148 4712 υ
2165 4614 2366 4687 sionem
2390 4633 2528 4702 apud
2549 4649 2664 4686 eum
2685 4634 2934 4702 faciemus
2958 4631 3136 4701 (Joan.
3159 4651 3265 4702 xw,
3284 4635 3396 4706 25).
3421 4637 3575 4703 Quod
3598 4639 3646 4692 si
3667 4653 3764 4695 ve-

2179 4726 2386 4779 nientes
2401 4723 2560 4794 Pater
2581 4731 2637 4778 et
2650 4723 2814 4780 Filius
2833 4724 2900 4779 ad
2924 4739 3068 4792 eum,
3085 4727 3226 4797 apud
3239 4744 3398 4798 quem
3424 4730 3763 4787 mansionem

2175 4815 2394 4882 faciunt,
2419 4831 2526 4872 non
2549 4815 2792 4882 interius,
2815 4817 2910 4872 sed
2936 4819 3175 4876 exterius
3195 4830 3338 4884 sunt,
3357 4820 3564 4876 dicatur
3578 4823 3761 4888 nobis,

2176 4907 2266 4961 ubi
2292 4907 2357 4961 ad
2387 4922 2511 4962 eum
2531 4906 2752 4961 veniant
2772 4914 2828 4962 et
2849 4921 3185 4964 mansmnem
3207 4908 3349 4978 apud
3373 4925 3497 4964 eum
3524 4909 3764 4965 faciant?

2175 4997 2280 5068 47
2312 4998 2527 5052 Interim
2556 4997 2700 5066 quod
2745 4998 2973 5055 interius
3001 4999 3055 5054 in
3092 5001 3202 5056 suis
3231 4998 3473 5056 ﬁdelibus
3500 5001 3766 5061 inhabitet

2173 5085 2437 5151 Christus,
2469 5084 2640 5144 Paulo
2668 5089 2996 5160 praedicante
3024 5091 3392 5158 cognovimus,
3437 5094 3528 5162 qui
3554 5093 3667 5147 ait:
3696 5090 3770 5149 In

2170 5179 2416 5234 interiore
2445 5180 2649 5236 homine
2688 5179 2921 5236 habitare
2946 5179 3206 5236 Christum
3235 5201 3326 5255 per
3365 5185 3522 5255 ﬁdem
3550 5187 3606 5240 in
3639 5201 3769 5240 cor-

2177 5271 2325 5326 dibus
2352 5274 2533 5329 uestris
2564 5273 2780 5348 (Ephes.
2811 5291 2890 5344 ιιι,
2914 5276 3028 5347 l7).
3051 5275 3132 5330 An
3155 5273 3379 5330 forsitan
3399 5277 3592 5334 dicturi
3611 5287 3770 5344 sunt,

2174 5362 2330 5418 aliter
2373 5365 2425 5418 in
2466 5366 2726 5422 interiore
2753 5366 2972 5422 homine
3000 5374 3186 5422 nostro
3215 5367 3458 5424 habitare
3484 5367 3773 5426 Christum

2173 5466 2272 5520 per
2300 5450 2477 5520 ﬁdem,
2510 5463 2564 5510 et
2592 5455 2752 5512 aliter
2777 5471 2900 5511 eum
2929 5472 3052 5512 cum
3082 5455 3240 5514 Patre
3265 5459 3569 5517 venientem
3611 5461 3776 5532 apud

2175 5541 2490 5602 dilectorem
2537 5563 2691 5602 suum
2722 5546 2900 5604 facere
2923 5550 3279 5620 mansionem,
3316 5559 3376 5608 ut
3401 5551 3648 5608 Christus
3675 5552 3777 5608 in-

2175 5632 2334 5688 terim
2371 5635 2519 5690 solus
2561 5635 2616 5690 in
2660 5635 2920 5694 interiore
2962 5638 3178 5695 homine
3229 5648 3414 5696 nostro
3458 5641 3779 5700 inhabitare

2170 5724 2360 5793 possit,
2408 5725 2568 5780 Pater
2609 5733 2790 5782 autem
2819 5728 3055 5785 exterius
3083 5744 3386 5795 remanens,
3429 5730 3569 5802 apud
3597 5745 3782 5802 quem

2171 5817 2501 5873 mansionem
2531 5817 2678 5884 facit,
2731 5836 2838 5876 non
2884 5822 3058 5878 solum
3106 5822 3220 5892 ipse
3267 5822 3490 5879 interius
3535 5837 3784 5883 manere

2169 5917 2415 5974 nequeat,
2467 5909 2559 5964 sed
2584 5911 2748 5966 etiam
2770 5911 2959 5967 Filium
2985 5914 3360 5970 connuunione
3387 5915 3649 5973 adventus
3671 5918 3783 5978 sui
