4026 6336
221 309 324 373 2οἰ

1478 309 1568 370 AD
1604 309 1923 373 MOMMUM
1962 315 2088 375 LIB.
2127 314 2212 374 Ill.

2463 290 2492 336 ’ἦ

3389 313 3496 380 30!

223 443 293 484 ne
321 428 378 480 in
406 425 668 482 interiore
686 423 906 481 homine
932 424 1177 481 habitare
1195 425 1368 496 possit
1392 427 1666 497 impediat.
1689 427 1812 497 Spi-
1837 433 1891 492 Α
1916 427 2078 484 dicit:
2114 429 2448 502 Iniquitatcm
2470 433 2608 503 apud
2638 428 2804 488 Deum
2834 450 2938 490 non
2967 451 3102 491 esse.
3132 434 3289 503 Quod
3323 439 3369 493 si
3417 441 3497 497 eis

225 509 387 572 iitum
418 531 638 586 quoque
665 524 912 572 sanctum
937 517 1015 571 sic
1044 515 1210 572 Filius
1234 517 1327 573 Dei
1366 519 1609 587 promisit
1637 518 1810 574 ﬁdeli-

227 609 326 662 bus
355 606 488 669 suis,
519 614 577 660 ut
605 607 745 676 apud
784 621 881 662 eos
921 615 1156 676 maneat,
1205 616 1260 661 et
1299 609 1352 662 in
1383 609 1510 678 ipsis
1538 609 1626 663 sit.
1673 609 1813 664 Dicit

227 688 371 754 enim
399 717 411 751 :
444 699 506 754 Si
527 699 745 770 diligitis
767 701 1144 766 me,'mandata
1167 719 1280 756 mea
1301 713 1516 771 servate,
1539 713 1589 758 et
1611 721 1703 776 ego
1724 721 1813 759 ro-

223 791 357 862 gabo
389 790 624 847 Patrem.
656 799 706 844 et
735 792 894 844 alium
920 790 1251 847 I’araclctum
1278 794 1420 848 dabit
1444 795 1603 861 vobis,
1631 804 1687 848 ut
1707 812 1814 848 ma-

222 890 346 934 neat
383 880 641 935 vobiscum
678 882 732 935 in
775 890 1044 948 ceternum,
1079 883 1331 954 Spiritum
1371 887 1619 952 veritatis,
1666 904 1813 958 quem

222 971 449 1024 mundus
492 987 596 1026 non
623 980 792 1040 potest
815 973 1068 1043 accipere,
1116 976 1235 1045 quia
1263 993 1368 1030 non
1394 978 1520 1031 vidit
1553 995 1686 1045 eum,
1718 996 1814 1033 nec

221 1061 315 1113 scit
357 1076 474 1114 eum
487 1077 508 1124 ;
539 1077 628 1115 vos
653 1071 825 1115 autem
862 1065 1181 1134 cognoscetis
1206 1082 1339 1132 eum,
1389 1070 1510 1138 quia
1548 1070 1688 1139 apud
1725 1087 1815 1126 vos

225 1150 480 1215 manebit,
504 1172 508 1176 ι
529 1160 579 1206 et
617 1153 672 1206 in
699 1152 838 1207 vobis
877 1155 974 1207 erit
1005 1152 1183 1224 (Joan.
1219 1172 1324 1222 xw,
1368 1157 1478 1230 15).
1509 1158 1646 1216 Ecce
1672 1160 1814 1230 apud

224 1256 362 1310 quos
385 1249 593 1307 manet,
624 1243 679 1296 in
707 1243 785 1298 eis
811 1252 897 1298 est
923 1241 1153 1313 Spiritus
1179 1254 1416 1305 sanctus.
1446 1249 1664 1306 Dicatur
1685 1267 1814 1321 ergo

225 1347 343 1402 que
374 1332 462 1387 hic
491 1340 669 1402 potest
696 1348 816 1388 esse
853 1334 1135 1392 diversitas
1162 1338 1216 1392 in
1257 1354 1324 1394 eo
1361 1343 1504 1410 quod
1549 1345 1688 1410 apud
1726 1361 1813 1400 eos

227 1431 422 1490 manet,
443 1430 502 1476 et
526 1424 583 1476 in
611 1425 687 1478 eis
706 1425 816 1478 est?
838 1423 1048 1480 Etenim
1079 1428 1134 1483 in
1156 1445 1264 1485 uno
1289 1431 1412 1487 loco
1434 1442 1657 1504 utraque
1676 1451 1815 1504 prae-

228 1513 423 1583 positio
451 1513 694 1583 ponitur,
725 1524 782 1569 ct
810 1514 1034 1585 Spiritui
1069 1528 1258 1575 sancto
1288 1523 1563 1592 utriusque
1589 1525 1667 1579 rei
1689 1541 1816 1595 pos-
1852 1540 1867 1552 '

229 1603 453 1658 sibilitas
495 1605 816 1673 assignatur,
867 1614 926 1661 ut
968 1610 1107 1679 apud
1133 1627 1260 1680 quos
1296 1621 1489 1679 manet,
1537 1615 1592 1668 in
1619 1616 1694 1669 eis
1720 1619 1810 1672 sit.

229 1693 376 1750 itane
403 1711 538 1750 vero
562 1695 794 1766 Spiritus
821 1707 1039 1754 sanctus
1067 1701 1144 1756 sic
1171 1703 1312 1771 apud
1340 1701 1522 1759 ﬁdeles
1545 1714 1727 1761 manet
1753 1716 1813 1763 ut

1915 520 2138 577 forsitan
2168 524 2381 579 videtur
2409 532 2468 580 ut
2497 540 2566 580 ex
2587 525 2812 581 adverso
2839 527 2984 583 aliud
3015 528 3196 584 dicant
3219 572 3234 598 ,
3290 528 3393 585 hoc
3419 531 3499 588 eis

1915 611 2179 681 reliquum
2203 622 2302 677 est,
2335 623 2394 668 ut
2421 625 2514 670 aut
2546 615 2822 686 prophetis
2851 627 2943 670 aut
2987 618 3243 688 Apostolo
3285 627 3500 674 contra—

1913 700 2110 756 dicant.

1914 801 2096 859 Cspur
2137 822 2204 859 v1.
2237 807 2388 875 Apud
2427 824 2574 875 quem
2622 826 2726 863 non
2771 817 2848 863 est
2889 813 3271 867 transmutatio.
3325 813 3497 868 Multa

2203 880 2458 947 exempla,
2485 878 2568 932 ubi
2598 879 2740 949 apud
2766 897 2858 950 pro
2881 881 2932 934 in
2958 883 3185 952 ponitur.

1986 964 2053 1020 Et
2081 967 2208 1022 licet
2236 976 2318 1022 tot
2345 969 2614 1038 tantisque
2655 970 2976 1025 testimoniis
3011 971 3283 1026 confutata
3327 972 3498 1027 haere-

1911 1057 2140 1113 ticorum
2156 1059 2422 1114 sententia
2434 1070 2790 1130 cognoscatur
2800 1061 2944 1115 nulla
2967 1063 3190 1118 veritate
3237 1064 3462 1119 subnixa
3478 1102 3493 1130 ,

1911 1147 2272 1217 respondeant
2303 1158 2480 1205 tamen
2509 1150 2636 1219 quid
2667 1149 2736 1205 de
2765 1151 3124 1221 illo‘apostoli
3153 1153 3339 1209 Jacobi
3370 1156 3494 1210 loco

1913 1237 2173 1306 sentiunt,
2216 1240 2306 1294 ubi
2345 1240 2510 1295 dicit:
2542 1238 2708 1294 Omne
2749 1241 2928 1295 datum
2967 1245 3213 1313 optimum
3253 1254 3302 1298 et
3349 1263 3502 1301 omne

1913 1328 2104 1382 donum
2143 1333 2429 1402 perfectum
2466 1332 2732 1387 desursum
2779 1343 2855 1387 est
2903 1335 3216 1391 descendens
3256 1355 3288 1390 a
3335 1337 3500 1392 Patre

1913 1419 2184 1486 luminum,
2207 1422 2344 1490 apud
2365 1439 2512 1493 quem
2535 1439 2637 1477 non
2666 1433 2743 1477 est
2769 1427 3156 1488 transmutatio,
3189 1443 3280 1480 nec
3307 1427 3500 1481 vicissi~

1914 1509 2105 1564 tudinis
2134 1511 2454 1566 obumbratio
2503 1512 2706 1584 (Jacob.
2738 1530 2773 1579 ι,
2805 1513 2915 1584 l7).
2947 1515 3101 1586 Apud
3125 1531 3285 1584 quem
3317 1526 3499 1572 autem

1914 1603 2289 1658 transmutatio
2315 1618 2422 1657 non
2451 1612 2552 1667 est,
2592 1603 2835 1674 profecto
2875 1605 3204 1662 mutabilitas
3234 1622 3342 1662 non
3382 1615 3496 1664 est:

1910 1700 1967 1746 et
1996 1691 2137 1761 apud
2171 1707 2332 1761 quem
2382 1694 2718 1751 mutabilitas‘
2764 1711 2872 1750 non
2928 1705 3032 1764 est,
3094 1697 3499 1753 immutabilitas

229 1783 284 1839 in
311 1786 444 1854 ipsis
491 1784 737 1842 ﬁdelibus
783 1803 901 1844 esse
945 1791 1116 1860 possit
1146 1810 1159 1845 :
1188 1768 1418 1849 \lerbum
1461 1803 1639 1851 autem
1668 1797 1812 1855 Deus
1840 1795 1892 1857 B
1915 1791 2016 1838 θεία
2044 1782 2171 1839 Hinc
2196 1785 2357 1853 igitur
2386 1768 2812 1856 immutabilitas,
2852 1804 2971 1857 (111³³
3009 1789 3150 1858 apud
3183 1789 3350 1844 Deum
3392 1799 3496 1858 θεῖν

229 1876 313 1932 sic
341 1877 482 1946 apud
505 1877 673 1933 Deum
701 1889 803 1943 est,
853 1888 913 1935 ut
940 1881 994 1936 in
1023 1883 1134 1938 Deo
1159 1898 1278 1939 esse
1307 1901 1416 1941 non
1443 1887 1644 1956 possit?
1672 1888 1811 1955 Quid

230 1970 406 2024 dicam
439 1970 521 2025 his
553 1971 647 2039 qui
674 1971 742 2026 de
767 1971 1059 2044 Scripturis
1086 1976 1164 2030 sic
1187 1976 1460 2045 disputare
1482 1978 1807 2046 desiderant,

228 2068 286 2116 ut
310 2060 680 2130 intelligentiae
703 2064 960 2134 spiritalis
983 2066 1124 2120 viam
1150 2067 1451 2124 nullatenus
1471 2079 1732 2139 quaerant,
1756 2080 1813 2127 et

229 2160 538 2208 avertentes
565 2153 749 2210 oculos
777 2169 808 2209 a
835 2171 966 2211 vero
1005 2157 1224 2227 lumine,
1266 2159 1466 2231 jugiter
1491 2163 1542 2218 in
1573 2165 1810 2220 tenebris

228 2241 566 2298 delectentur
615 2247 837 2300 errare?
896 2246 1011 2303 Hoc
1059 2249 1198 2304 idem
1250 2252 1448 2321 quippe
1497 2268 1616 2309 esse
1668 2255 1810 2326 apud

229 2332 416 2399 Deum,
465 2334 616 2403 quod
642 2344 724 2390 est
760 2350 880 2391 esse
909 2337 962 2392 in
991 2338 1121 2404 Deo,
1168 2349 1350 2395 sancta
1389 2341 1664 2413 Scriptura
1691 2347 1810 2402 aliis

229 2441 440 2495 quoque
468 2426 603 2481 iocis
630 2428 881 2482 ostendit.
913 2427 1051 2484 Dicit
1075 2431 1218 2485 enim
1239 2431 1448 2505 Moyses
1471 2451 1488 2486 :
1513 2434 1654 2490 Dens
1672 2438 1808 2507 ﬁde-

231 2517 312 2581 lis,
332 2519 390 2570 in
411 2535 516 2589 quo
541 2535 645 2573 non
677 2529 755 2573 est
783 2522 1044 2592 iniquitas,
1061 2526 1234 2593 justus
1252 2533 1301 2579 et
1323 2535 1534 2582 sanctus
1557 2527 1809 2588 Dominus

232 2605 403 2677 (Deut.
430 2625 606 2674 xxxn,
638 2609 716 2678 4).
748 2609 917 2665 David
947 2613 1109 2668 etiam
1137 2615 1283 2670 canit
1315 2633 1327 2668 :
1365 2614 1622 2680 Quoniam
1637 2621 1810 2691 justus

232 2694 485 2753 Dominus
509 2699 649 2754 Deus
676 2710 867 2766 noster,
891 2710 940 2755 et
959 2719 1064 2757 non
1093 2715 1170 2758 est
1197 2707 1439 2777 iniquitas
1468 2708 1522 2761 in
1551 2726 1610 2763 eo
1633 2709 1805 2781 (Psal.

174 2818 183 2826 -
231 2803 334 2854 xei,
366 2789 480 2859 16).
532 2790 731 2847 Paulus
769 2801 947 2848 autem
985 2796 1261 2864 apostolus
1312 2799 1452 2869 apud
1492 2801 1662 2856 Deum
1701 2818 1810 2861 non

233 2895 350 2936 esse
367 2881 707 2950 iniquitatem
730 2881 881 2938 dicit.
911 2883 1002 2940 Sic
1027 2887 1172 2941 enim
1199 2888 1275 2942 ait
1307 2907 1320 2942 :
1344 2887 1596 2963 Nunquid
1621 2893 1811 2964 iniqui-

233 2980 316 3024 tas
339 2971 479 3041 apud
504 2971 711 3026 Deum?
741 2972 878 3028 absit
905 2974 1085 3043 (Rom.
1114 2993 1188 3043 ix,
1214 2977 1324 3050 14).
1373 2977 1587 3051 Eligant
1628 2984 1682 3038 in
1710 2984 1814 3040 hoc

229 3057 348 3117 loco
368 3061 519 3131 quod
541 3062 814 3118 voluerint
842 3064 1044 3130 Ariani,
1095 3074 1169 3133 et,
1215 3077 1276 3123 ut
1313 3085 1464 3125 suam
1489 3073 1809 3142 sapientiam

1910 1875 2112 1940 dicant,
2141 1886 2321 1932 utrum
2349 1881 2584 1934 exterius
2612 1897 2678 1934 an
2710 1882 2935 1936 interius
2961 1891 3074 1947 est;
3107 1884 3151 1938 si
3180 1885 3322 1938 enim
3360 1886 3496 1942 inte—

1909 1966 2021 2021 rius
2049 1975 2148 2031 est,
2178 1981 2303 2022 ecce
2329 1969 2430 2024 hoc
2460 1979 2544 2026 est
2598 1972 2650 2025 in
2673 1971 2783 2026 Deo
2810 1987 2952 2041 esse,
2979 1973 3122 2042 quod
3156 1975 3296 2044 apud
3327 1974 3526 2035 Deum‘

1909 2072 2048 2113 esse.
2083 2059 2340 2115 Desinant
2379 2062 2539 2131 igitur
2578 2079 2836 2134 perversa
2877 2067 3100 2132 sentire,
3143 2076 3200 2122 et
3238 2067 3497 2124 festinent

1909 2148 2188 2204 catholicae
2222 2151 2532 2207 rectitudini
2567 2151 2893 2212 consentire.
2932 2157 2990 2212 Si
3024 2167 3204 2215 autem
3242 2159 3357 2216 haec
3405 2162 3497 2216 ima

1909 2245 2256 2312 mutabilitas,
2282 2261 2401 2316 qua:
2431 2248 2573 2318 apud
2598 2248 2765 2304 Deum
2796 2260 2899 2318 est,
2934 2269 3042 2308 non
3087 2254 3313 2309 interius
3353 2270 3496 2324 esse,

1908 2336 2005 2390 sed
2031 2338 2270 2392 exterius
2299 2327 2560 2408 creditur,
2589 2341 2835 2411 profecto
2867 2344 2918 2397 in
2950 2343 3060 2399 Deo
3089 2360 3208 2400 esse
3247 2361 3354 2400 non
3384 2362 3495 2402 cre-

1909 2428 2070 2482 ditur.
2097 2426 2166 2481 Et
2193 2429 2240 2484 si
2270 2429 2322 2483 in
2353 2429 2464 2485 Deo
2500 2431 2904 2488 immutabilitas
2941 2448 3060 2489 csse
3096 2451 3204 2489 non
3237 2435 3495 2504 creditur,
3566 2493 3568 2495 ,

1907 2528 2302 2589 consequenter
2330 2521 2468 2576 Deus
2498 2523 2610 2591 ipse
2638 2524 2908 2579 mutabilis
2946 2526 3285 2594 praedicatur.
3316 2526 3383 2580 Et
3421 2543 3494 2583 ne

1909 2607 2015 2663 hoc
2043 2608 2098 2663 in
2134 2609 2268 2664 Filio
2297 2611 2570 2679 assignare
2607 2613 2838 2667 audeant
2877 2615 2974 2686 (al.
3015 2617 3222 2687 velint),
3265 2618 3488 2673 audiant

1910 2698 1965 2753 in
1993 2699 2184 2754 eodem
2212 2699 2332 2756 loco
2374 2699 2588 2756 Patrem
2609 2702 2869 2758 luminum
2889 2705 3242 2761 nominatum.
3262 2705 3495 2763 Proinde

1910 2803 2034 2843 cum
2058 2788 2301 2844 audimus
2354 2789 2479 2858 quia
2499 2791 2640 2860 apud
2661 2792 2829 2846 Deum
2852 2809 2960 2848 non
2987 2803 3069 2849 est
3096 2798 3494 2864 transmutatio,
3594 2809 3607 2823 ⁴

1910 2879 2014 2934 hoc
2046 2880 2341 2962 sentiamus
2372 2881 2664 2936 secundum
2703 2883 2978 2939 catholica:
3031 2884 3152 2940 ﬁdei
3189 2886 3493 2953 veritatem,

1911 2969 2036 3037 quia
2067 2969 2211 3023 nulla
2237 2978 2321 3024 est
2344 2971 2399 3024 in
2427 2970 2539 3026 Deo
2569 2973 2816 3028 mutatio.
2860 2971 2929 3026 Et
2948 2989 3069 3029 cum
3111 2973 3324 3041 dicitur,
3363 2975 3518 3030 Ver--

1912 3058 2031 3114 bum
2071 3071 2184 3115 erat
2236 3063 2375 3132 apud
2424 3061 2615 3127 Deum,
2667 3079 2775 3118 non
2820 3064 2961 3118 aliud
3001 3066 3294 3122 sentiamus
3331 3082 3496 3137 quam

229 3152 508 3208 aviaeum
526 3154 830 3222 ostendam,
853 3155 920 3212 de
945 3157 1204 3227 legalibus
1223 3169 1278 3216 ει
1297 3164 1621 3234 propheticis
1648 3175 1811 3238 atque
1837 3166 1884 3232 ο
1923 3151 2144 3207 Verbum
2167 3163 2280 3207 erat
2318 3154 2375 3207 in
2400 3152 2547 3218 Deo;
2591 3162 2646 3210 et
2683 3171 2808 3210 cum
2850 3155 3122 3227 Sapientia
3164 3159 3218 3212 in
3266 3159 3496 3215 Prover-

228 3243 551 3313 apostolicis
573 3244 724 3300 dictis
746 3246 1004 3315 judicium
1036 3248 1226 3306 ferant.
1251 3251 1462 3326 Moyses
1482 3255 1646 3312 dicit:
1670 3257 1812 3314 Deus

232 3331 430 3402 ﬁdelis,
479 3334 534 3386 in
560 3350 653 3404 quo
685 3353 793 3390 non
815 3346 891 3390 est
916 3339 1182 3410 iniquitas.
1212 3341 1378 3399 David
1403 3348 1771 3417 quoquedicit
1794 3367 1808 3403 :

235 3421 409 3476 Justus
436 3421 690 3479 Dominus
713 3425 852 3481 Deus
877 3437 1070 3494 noster,
1093 3439 1142 3483 et
1165 3447 1268 3486 non
1296 3442 1371 3487 est
1389 3436 1634 3506 iniquitas
1652 3439 1707 3492 in
1727 3455 1806 3494 eo.

235 3509 426 3569 Paulus
469 3529 600 3570 vero
645 3515 775 3572 dicit
819 3535 832 3570 :
879 3517 1131 3591 Nunquid
1156 3523 1402 3593 iniquitas
1447 3527 1584 3596 apud
1611 3527 1812 3583 Deum?

239 3603 381 3659 absit.
411 3605 523 3661 Aut
551 3607 712 3676 igitur
731 3609 1002 3665 fateantur
1027 3614 1381 3682 apostolicum
1412 3632 1629 3671 sensum
1650 3619 1811 3688 legali

243 3697 853 3768 propheticoquesensui
871 3703 1181 3771 convenire,
1204 3711 1297 3759 aut
1312 3704 1492 3760 dicant
1511 3709 1812 3777 apostolum

244 3785 457 3844 Paulum
493 3804 528 3844 a
582 3791 745 3859 legali
788 3800 844 3847 et
873 3794 1187 3863 prophetica
1228 3795 1577 3865 intelligentia
1614 3799 1814 3856 discre-

243 3895 379 3950 pare.
410 3881 612 3938 Paulus
640 3884 888 3953 equidem
915 3887 1188 3956 apostolus
1210 3889 1457 3944 eumdem
1483 3906 1541 3946 se
1568 3883 1813 3961 spiritum

245 3968 359 4026 ﬁdei
378 3972 578 4029 habere
614 3974 762 4040 dicit,
803 3991 961 4046 quem
999 3977 1164 4032 David
1192 3978 1382 4034 beatus
1410 3980 1613 4046 habuit,
1655 3999 1814 4053 quem

245 4061 396 4115 etiam
423 4061 636 4132 Moyses
663 4071 879 4119 sanctus
907 4067 1136 4136 accepit,
1162 4067 1300 4122 sicut
1329 4069 1442 4138 ipse
1471 4077 1718 4137 testatur,
1740 4072 1814 4128 di-

244 4164 389 4205 cens:
417 4149 689 4207 Habentes
732 4163 902 4209 autem
941 4157 1171 4210 eumdem
1218 4145 1455 4227 spiritum
1494 4161 1639 4229 ﬁdei,
1684 4163 1816 4216 sicut

243 4243 477 4311 scriptum
505 4254 584 4297 est
616 4259 638 4298 :
675 4243 902 4312 Credidi,
930 4258 1139 4317 propter
1165 4250 1301 4320 quod
1341 4251 1537 4305 locutus
1573 4269 1687 4306 sum
1709 4271 1727 4307 :
1767 4233 1818 4307 et

243 4351 330 4390 nos
356 4339 633 4404 credimus,
655 4349 863 4410 propter
881 4343 1016 4412 quod
1039 4342 1292 4414 loquimur
1322 4343 1411 4416 (II
1452 4345 1572 4400 Cor.
1601 4363 1674 4412 iv,
1703 4347 1812 4417 15).

242 4422 517 4492 Quomodo
556 4437 736 4485 autem
772 4447 936 4486 unum
977 4433 1223 4503 spiritum
1255 4433 1375 4490 ﬁdei
1417 4437 1740 4503 habuerunt,
1769 4439 1817 4495 si

1912 3244 2015 3300 biis
2059 3245 2188 3300 dicit
2219 3263 2233 3299 :
2272 3243 2437 3299 Erant
2466 3247 2604 3316 apud
2648 3247 2796 3301 illum
2834 3265 3141 3318 componens
3182 3249 3359 3318 (Prov.
3383 3267 3497 3317 vni,

1912 3334 2026 3406 50),
2057 3351 2165 3390 non
2195 3335 2337 3390 aliud
2365 3336 2656 3391 sentiamus
2707 3351 2871 3405 quam
2897 3351 3046 3392 eram
3076 3339 3128 3391 in
3159 3339 3250 3394 illo
3270 3355 3498 3408 compo-

1912 3439 2068 3479 nens.
2111 3423 2180 3477 Et
2215 3440 2338 3479 cum
2381 3425 2492 3480 Deo
2525 3426 2758 3480 dicitur:
2805 3427 2956 3496 Apud
3008 3438 3056 3480 te
3102 3437 3178 3481 est
3220 3431 3335 3498 fons
3379 3432 3498 3484 vita

1902 3515 2087 3586 '(Psal.
2113 3531 2187 3579 Ill,
2220 3515 2294 3586 5),
2326 3533 2434 3572 non
2468 3517 2612 3570 aliud
2655 3517 3016 3586 intelligamus
3043 3533 3203 3586 quam
3247 3521 3302 3573 in
3340 3530 3386 3574 te
3420 3528 3500 3575 est

1913 3606 2030 3675 fons
2068 3604 2204 3658 vitae.
2234 3603 2302 3658 Et
2328 3619 2447 3659 cum
2475 3603 2711 3660 Joannes
2737 3607 2902 3662 dicit:
2934 3609 3318 3663 Annuntiamus
3354 3611 3500 3665 vobis

1912 3696 2068 3748 vitam
2096 3702 2364 3759 cateruam,
2385 3711 2498 3766 qua:
2523 3705 2636 3749 erat
2653 3697 2792 3764 apud
2819 3695 3052 3761 Patrem,
3077 3708 3128 3751 et
3158 3699 3336 3769 palam
3356 3702 3500 3771 facta

1911 3794 1989 3839 est
2009 3783 2152 3840 nobis
2177 3783 2233 3855 (1
2254 3783 2410 3840 Joan.
2434 3803 2471 3851 ι,
2499 3786 2583 3856 2):
2618 3803 2727 3842 non
2750 3788 2895 3844 aliud
2929 3789 3289 3857 intelligamus
3333 3807 3499 3861 quam

1913 3877 2080 3932 vitam
2099 3885 2354 3932 aeternam
2383 3893 2503 3947 quae
2543 3887 2662 3935 erat
2697 3880 2752 3934 in
2780 3879 2979 3935 Patre:
3019 3895 3147 3936 vere
3177 3882 3324 3937 cnim
3353 3883 3501 3952 apud

1913 3965 2083 4022 Deum
2113 3975 2196 4022 est
2224 3966 2364 4023 Deus
2391 3967 2648 4034 Verbum,
2671 3969 2812 4046 quia
2851 3970 2907 4024 in
2935 3969 3048 4025 Deo
3077 3979 3161 4026 est
3198 3970 3338 4027 Deus
3365 3972 3505 4028 Ver-

1913 4057 2062 4113 hum.
2094 4055 2163 4112 Et
2190 4073 2317 4114 vere
2353 4058 2498 4129 apud
2544 4059 2712 4115 Deum
2750 4060 3048 4130 sapientem
3095 4070 3179 4116 est
3215 4063 3498 4132 sapientia,

1915 4150 2041 4220 quia
2068 4150 2122 4204 in
2144 4151 2387 4221 sapiente
2415 4150 2525 4207 Deo
2541 4159 2624 4207 est
2647 4153 2928 4222 sapientia.
2944 4150 3152 4209 Etvere
3166 4154 3307 4224 apud
3331 4153 3502 4210 Deum

1917 4240 2096 4295 vivum
2125 4249 2207 4296 est
2236 4243 2362 4308 vita,
2402 4242 2528 4311 quia
2569 4243 2625 4297 in
2664 4242 2777 4298 Deo
2809 4244 2934 4299 vivo
2962 4253 3046 4299 est
3087 4246 3226 4301 Deus
3262 4246 3391 4300 vita.
3436 4245 3506 4302 Et

1918 4346 2045 4386 vere
2065 4331 2206 4400 apud
2234 4331 2401 4386 Deum
2429 4347 2616 4388 verum
2639 4340 2724 4388 est
2744 4333 2885 4388 Deus
2907 4334 3123 4396 veritas,
3155 4335 3280 4404 quia
3307 4336 3359 4388 in
3388 4333 3502 4390 Deo

1917 4436 2048 4475 vero
2076 4429 2158 4476 est
2182 4420 2324 4476 Deus
2349 4422 2566 4478 veritas.
2594 4419 2662 4476 Et
2681 4437 2809 4477 vere
2834 4423 2973 4493 apud
3000 4421 3172 4478 Deum
3197 4422 3389 4478 fortem
3417 4431 3504 4478 est

241 4515 309 4572 de
345 4515 488 4574 ﬁdeli
525 4517 639 4576 Deo
682 4520 895 4577 diversa
933 4527 1250 4579 senserunt?
1277 4524 1467 4594 Magna
1509 4536 1591 4582 est
1635 4538 1814 4584 autem

1920 4513 2060 4569 Deus
2087 4513 2278 4581 virtus,
2304 4515 2428 4586 quia
2458 4515 2512 4570 in
2542 4514 2653 4572 Deo
2690 4515 2817 4572 forti
2853 4524 2938 4573 est
2978 4516 3120 4572 Deus
3157 4517 3348 4572 virtus.
3393 4516 3504 4572 Sed

238 4607 510 4664 sentiendi
534 4609 830 4675 diversitas,
865 4612 910 4667 si
935 4611 1204 4668 diversum
1233 4623 1315 4670 est
1342 4616 1486 4687 quod
1514 4617 1644 4673 dicit
1680 4616 1822 4674 Pau-
1915 4605 2042 4673 quid
2069 4604 2282 4672 mirum.
2313 4606 2358 4660 si
2386 4605 2491 4661 hoc
2515 4613 2598 4661 est
2624 4605 2760 4662 Filio
2789 4622 2909 4663 esse
2930 4607 3072 4678 apud
3103 4606 3334 4671 Patrem.
3356 4604 3502 4673 quod

240 4697 321 4752 ιω
343 4740 361 4767 ν
390 4695 518 4753 Non
555 4718 667 4756 εεεε
703 4703 1024 4772 iniquitatem
1055 4704 1193 4774 apud
1228 4703 1414 4772 Deum,
1464 4707 1532 4760 ab
1565 4721 1632 4762 εο
1677 4707 1823 4776 quod
1918 4701 2000 4749 est
2027 4693 2100 4747 illi
2127 4707 2246 4748 esse
2283 4694 2338 4747 in
2367 4693 2546 4757 Patre,
2584 4694 2709 4764 quia
2745 4696 2956 4751 scilicet
2991 4695 3308 4750 naturaliter
3341 4701 3503 4747 natus

241 4785 446 4859 Moyses
467 4797 525 4845 et
553 4790 721 4846 David
739 4791 956 4860 dicunt,
981 4791 1103 4848 Non
1124 4810 1234 4849 esse
1252 4795 1574 4865 iniquitatem
1603 4796 1657 4850 in
1685 4797 1818 4853 Deo.
1916 4787 1986 4842 de
2013 4785 2170 4840 Ρθίτθ
2225 4793 2505 4857 Permanet
2538 4799 2750 4854 semper
2777 4784 2832 4838 ίη
2863 4784 3052 4842 Patre;
3082 4799 3204 4838 cum
3231 4783 3395 4838 etiam
3435 4783 3506 4839 d3

241 4875 381 4934 Etsi
424 4879 644 4936 dicente
679 4879 868 4947 Paulo,
915 4882 1166 4938 eumdem
1217 4899 1276 4939 se
1327 4884 1529 4940 habere
1570 4885 1852 4955 spiritum.
1922 4877 2227 4934 hominibus
2255 4877 2494 4947 legamus
2523 4876 2802 4948 (quantum
2824 4875 2892 4930 ad
2919 4873 3270 4930 substantiam
3289 4874 3502 4941 attinet,

243 4965 372 5034 ﬁdei,
397 4985 566 5042 quem
593 4977 651 5025 et
673 4971 951 5042 propheta:
979 4972 1302 5040 habuerunt,
1326 4974 1379 5028 in
1402 4990 1588 5030 eorum
1618 4974 1722 5030 ﬁde
1744 4975 1822 5031 di-

241 5073 416 5116 versus
461 5068 551 5116 est
585 5076 805 5130 sensus,
852 5062 1084 5118 mendax
1125 5061 1290 5135 (quod
1331 5063 1488 5134 absit)
1530 5063 1818 5134 Apostolus

239 5154 633 5222 pronuntietur,
657 5155 750 5234 qui
779 5154 835 5208 in
871 5170 932 5210 se
967 5153 1240 5210 Christum
1275 5153 1420 5224 loqui
1445 5157 1709 5210 testatur?
1735 5161 1818 5209 An

237 5247 667 5313 experimentum,
694 5245 950 5316 inquiens,
976 5247 1207 5318 quaeritis
1229 5246 1340 5317 ejus
1373 5245 1462 5316 qui
1487 5247 1542 5299 in
1565 5263 1646 5300 me
1664 5245 1838 5316 loqui-.

175 5387 180 5390 .
237 5343 315 5391 tur
339 5339 537 5392 Christi
569 5335 662 5410 (II
691 5335 812 5392 Cor.
842 5353 956 5406 xui,
990 5338 1081 5409 3)?
1109 5337 1214 5394 Sed
1241 5339 1496 5408 quoniam
1520 5353 1646 5393 vere
1672 5337 1824 5392 Chri-

233 5435 344 5483 stus
364 5431 420 5484 in
450 5427 627 5484 Paulo
656 5429 866 5484 locutus
902 5438 1005 5496 est,
1029 5427 1225 5484 Paulus
1251 5428 1438 5497 utique
1463 5428 1692 5483 mendax
1711 5444 1821 5484 non

234 5529 330 5574 est.
361 5519 428 5574 Et
455 5521 588 5590 quia
618 5535 742 5575 cum
773 5521 1020 5576 eumdem
1069 5521 1313 5591 spiritum
1353 5520 1475 5575 ﬁdei
1521 5535 1580 5574 se
1622 5518 1822 5573 habere

231 5611 379 5679 dicit,
415 5629 531 5668 non
580 5613 872 5676 mentitur;
902 5622 1128 5681 uterque
1169 5613 1276 5683 48
1303 5626 1491 5668 sensus
1519 5624 1822 5666 consonans

231 5704 537 5758 invenitur:
571 5711 632 5756 ut
658 5701 803 5772 quod
833 5701 1041 5772 Moyses
1068 5715 1122 5758 et
1152 5702 1316 5757 David
1339 5702 1587 5757 dixerunt
1624 5699 1820 5770 iniqui-

229 5805 400 5860 tatem
427 5795 485 5850 in
513 5791 633 5849 Deo
661 5809 768 5847 non
796 5809 935 5858 esse,
985 5792 1088 5848 hoc
1125 5793 1213 5858 sit,
1246 5793 1389 5861 quod
1431 5793 1592 5848 etiam
1622 5788 1819 5846 Paulus

603 5887 872 5952 Panos.
920 5882 1107 5944 LXV.

1924 4986 2030 5040 qua
2068 4969 2385 5025 naturaliter
2430 4970 2676 5026 homines
2711 4970 2857 5041 sunt)
2891 4983 3000 5023 non
3040 4965 3182 5021 aliud
3215 4981 3353 5032 esse,
3380 4981 3506 5022 cum

1925 5062 2124 5117 dicitur
2165 5062 2366 5132 aliquid
2409 5062 2549 5132 apud
2587 5062 2706 5116 illos
2735 5076 2876 5127 esse,
2905 5075 3067 5129 quam
3114 5059 3168 5114 in
3210 5059 3315 5115 illis
3351 5061 3507 5115 esse?

1927 5147 2081 5210 Unde
2113 5154 2418 5210 testimonia
2442 5152 2874 5208 manifestissima
2902 5151 3253 5223 proferemus.
3285 5149 3344 5204 ln
3367 5150 3506 5205 libro

1922 5243 2073 5300 Isaia:
2093 5245 2400 5301 continetur
2419 5243 2663 5299 Ezechia:
2688 5244 2830 5312 regis
2859 5244 3055 5309 oratio,
3086 5257 3245 5313 quam
3273 5247 3397 5309 post
3417 5239 3506 5294 ad-

1869 5407 1878 5418 .
1916 5336 2093 5406 jectos
2113 5337 2214 5391 sibi
2237 5336 2304 5392 ad
2327 5337 2492 5391 vitam
2521 5351 2691 5392 annos
2719 5337 3044 5406 quindecim,
3077 5336 3145 5391 ad
3172 5335 3340 5388 Deum
3365 5332 3503 5387 eﬁ'u-

1921 5429 2018 5495 dit,
2051 5428 2140 5484 ubi
2165 5429 2306 5483 inter
2332 5436 2524 5498 uetera
2553 5429 2630 5486 sic
2655 5429 2813 5486 dicit:
2840 5430 3069 5502 Spiritus
3096 5444 3237 5482 meus
3264 5427 3404 5497 apud
3423 5443 3505 5480 me

1925 5521 2091 5591 factus
2113 5529 2207 5584 est,
2234 5520 2362 5572 sicut
2381 5519 2596 5589 laniﬁca
2616 5523 2919 5590 proximans
2943 5521 3144 5574 demere
3167 5519 3321 5571 telam
3344 5516 3498 5588 (Isai.

1925 5609 2423 5681 xxxvni,12).|Quid
2452 5619 2630 5666 autem
2651 5614 2738 5669 hic
2752 5613 2895 5668 aliud
2907 5612 3243 5680 intelligitur:
3270 5609 3502 5697 Spiritus

1923 5715 2073 5756 meus
2102 5700 2242 5770 apud
2265 5717 2374 5768 me,
2399 5701 2521 5767 nisi,
2553 5701 2782 5772 Spiritus
2810 5718 2962 5757 meus
2992 5702 3045 5756 in
3071 5704 3196 5766 me?
3227 5701 3305 5756 an
3337 5707 3389 5752 ct
3416 5699 3504 5752 hic

1922 5791 2128 5846 dicetur
2156 5791 2399 5865 spiritum
2455 5793 2686 5870 hominis
2712 5792 2852 5863 apud
2878 5793 3152 5849 hominem
3173 5796 3310 5855 esse,
3335 5789 3388 5842 in
3409 5790 3505 5842 ho-
