  <div class='ocr_page' id='page_1' title='image "/cluster/home/n/w/nwhite01/storage/ocr_20150623/65/hvd.32044054128558/108.png"; bbox 0 0 4026 6336; ppageno 0'>
   <div class='ocr_carea' id='block_1_1' title="bbox 1355 331 2390 400">
    <p class='ocr_par' dir='ltr' id='par_1_1' title="bbox 1355 331 2390 400">
     <span class='ocr_line' id='line_1_1' title="bbox 1355 331 2390 400; baseline 0.005 -8"><span class='ocrx_word' id='word_1_1' title='bbox 1355 331 1730 393; x_wconf 58' lang='lat' dir='ltr'><strong>asseasse</strong></span> <span class='ocrx_word' id='word_1_2' title='bbox 1760 335 2040 400; x_wconf 65' lang='lat' dir='ltr'><strong>CONTRA</strong></span> <span class='ocrx_word' id='word_1_3' title='bbox 2080 337 2390 397; x_wconf 71' lang='lat' dir='ltr'><strong>ABJLNOB.</strong></span> 
     </span>
    </p>
   </div>
   <div class='ocr_carea' id='block_1_2' title="bbox 223 446 3502 523">
    <p class='ocr_par' dir='ltr' id='par_1_2' title="bbox 223 446 3502 523">
     <span class='ocr_line' id='line_1_2' title="bbox 223 446 3502 523; baseline 0.001 -16"><span class='ocrx_word' id='word_1_4' title='bbox 223 452 498 508; x_wconf 82' lang='lat' dir='ltr'><strong>rationem</strong></span> <span class='ocrx_word' id='word_1_5' title='bbox 523 446 838 519; x_wconf 66' lang='lat' dir='ltr'><strong>pmesait;</strong></span> <span class='ocrx_word' id='word_1_6' title='bbox 869 447 923 504; x_wconf 92' lang='lat' dir='ltr'><strong>in</strong></span> <span class='ocrx_word' id='word_1_7' title='bbox 948 446 1218 516; x_wconf 83' lang='lat' dir='ltr'><strong>Unigeniti</strong></span> <span class='ocrx_word' id='word_1_8' title='bbox 1238 455 1422 506; x_wconf 76' lang='lat' dir='ltr'><strong>autem</strong></span> <span class='ocrx_word' id='word_1_9' title='bbox 1447 452 1818 521; x_wconf 71' lang='lat' dir='ltr'><strong>generatione,</strong></span> <span class='ocrx_word' id='word_1_10' title='bbox 1848 456 1901 517; x_wconf 73' lang='grc' dir='ltr'>Α</span> <span class='ocrx_word' id='word_1_11' title='bbox 1921 455 1991 510; x_wconf 88' lang='lat' dir='ltr'><strong>ab</strong></span> <span class='ocrx_word' id='word_1_12' title='bbox 2019 454 2274 523; x_wconf 87' lang='lat' dir='ltr'><strong>unigeniti</strong></span> <span class='ocrx_word' id='word_1_13' title='bbox 2304 448 2800 518; x_wconf 75' lang='lat' dir='ltr'><strong>Filiicontumeiiis</strong></span> <span class='ocrx_word' id='word_1_14' title='bbox 2825 449 3204 523; x_wconf 77' lang='lat' dir='ltr'><strong>temperabunt</strong></span> <span class='ocrx_word' id='word_1_15' title='bbox 3226 469 3244 505; x_wconf 89' lang='lat'><strong><em>:</em></strong></span> <span class='ocrx_word' id='word_1_16' title='bbox 3281 454 3370 508; x_wconf 86' lang='lat' dir='ltr'><strong>cui</strong></span> <span class='ocrx_word' id='word_1_17' title='bbox 3390 469 3502 510; x_wconf 87' lang='lat' dir='ltr'><strong>non</strong></span> 
     </span>
    </p>
   </div>
   <div class='ocr_carea' id='block_1_3' title="bbox 222 540 1820 610">
    <p class='ocr_par' dir='ltr' id='par_1_3' title="bbox 222 540 1820 610">
     <span class='ocr_line' id='line_1_3' title="bbox 222 540 1820 610; baseline 0.001 -12"><span class='ocrx_word' id='word_1_18' title='bbox 222 543 368 598; x_wconf 87' lang='lat' dir='ltr'><strong>nulla</strong></span> <span class='ocrx_word' id='word_1_19' title='bbox 406 541 721 609; x_wconf 81' lang='lat' dir='ltr'><strong>generantis</strong></span> <span class='ocrx_word' id='word_1_20' title='bbox 747 541 1018 610; x_wconf 70' lang='lat' dir='ltr'><strong>przecesait</strong></span> <span class='ocrx_word' id='word_1_21' title='bbox 1045 541 1294 596; x_wconf 84' lang='lat' dir='ltr'><strong>voluntas</strong></span> <span class='ocrx_word' id='word_1_22' title='bbox 1316 582 1330 607; x_wconf 94' lang='lat'><strong>,</strong></span> <span class='ocrx_word' id='word_1_23' title='bbox 1386 540 1477 598; x_wconf 86' lang='lat' dir='ltr'><strong>ubi</strong></span> <span class='ocrx_word' id='word_1_24' title='bbox 1520 542 1637 598; x_wconf 86' lang='lat' dir='ltr'><strong>sine</strong></span> <span class='ocrx_word' id='word_1_25' title='bbox 1664 544 1820 600; x_wconf 91' lang='lat' dir='ltr'><strong>initio</strong></span> 
     </span>
    </p>
   </div>
   <div class='ocr_carea' id='block_1_4' title="bbox 222 631 1818 702">
    <p class='ocr_par' dir='ltr' id='par_1_4' title="bbox 222 631 1818 702">
     <span class='ocr_line' id='line_1_4' title="bbox 222 631 1818 702; baseline 0.001 -13"><span class='ocrx_word' id='word_1_26' title='bbox 222 633 457 690; x_wconf 73' lang='lat' dir='ltr'><strong>naturali</strong></span> <span class='ocrx_word' id='word_1_27' title='bbox 501 633 595 702; x_wconf 80' lang='lat' dir='ltr'><strong>(al.</strong></span> <span class='ocrx_word' id='word_1_28' title='bbox 649 631 928 702; x_wconf 72' lang='lat' dir='ltr'><strong>naturalis)</strong></span> <span class='ocrx_word' id='word_1_29' title='bbox 972 641 1252 701; x_wconf 87' lang='lat' dir='ltr'><strong>permanet</strong></span> <span class='ocrx_word' id='word_1_30' title='bbox 1298 640 1498 688; x_wconf 64' lang='lat' dir='ltr'><strong>atterna</strong></span> <span class='ocrx_word' id='word_1_31' title='bbox 1541 635 1818 692; x_wconf 82' lang='lat' dir='ltr'><strong>nativitas.</strong></span> 
     </span>
    </p>
   </div>
   <div class='ocr_carea' id='block_1_5' title="bbox 217 723 1818 796">
    <p class='ocr_par' dir='ltr' id='par_1_5' title="bbox 217 723 1818 796">
     <span class='ocr_line' id='line_1_5' title="bbox 217 723 1818 796; baseline 0.002 -17"><span class='ocrx_word' id='word_1_32' title='bbox 217 725 374 780; x_wconf 82' lang='lat' dir='ltr'><strong>Sicut</strong></span> <span class='ocrx_word' id='word_1_33' title='bbox 402 738 536 792; x_wconf 88' lang='lat' dir='ltr'><strong>ergo</strong></span> <span class='ocrx_word' id='word_1_34' title='bbox 564 724 733 792; x_wconf 89' lang='lat' dir='ltr'><strong>geniti</strong></span> <span class='ocrx_word' id='word_1_35' title='bbox 773 738 994 788; x_wconf 87' lang='lat' dir='ltr'><strong>sumus,</strong></span> <span class='ocrx_word' id='word_1_36' title='bbox 1037 723 1136 779; x_wconf 87' lang='lat' dir='ltr'><strong>sed</strong></span> <span class='ocrx_word' id='word_1_37' title='bbox 1171 739 1280 779; x_wconf 88' lang='lat' dir='ltr'><strong>non</strong></span> <span class='ocrx_word' id='word_1_38' title='bbox 1324 725 1462 780; x_wconf 81' lang='lat' dir='ltr'><strong>sicut</strong></span> <span class='ocrx_word' id='word_1_39' title='bbox 1515 725 1818 796; x_wconf 89' lang='lat' dir='ltr'><strong>unigenitus</strong></span> 
     </span>
    </p>
   </div>
   <div class='ocr_carea' id='block_1_6' title="bbox 217 803 1818 883">
    <p class='ocr_par' dir='ltr' id='par_1_6' title="bbox 217 803 1818 883">
     <span class='ocr_line' id='line_1_6' title="bbox 217 803 1818 883; baseline 0.002 -11"><span class='ocrx_word' id='word_1_40' title='bbox 217 818 403 883; x_wconf 85' lang='lat' dir='ltr'><strong>Deus;</strong></span> <span class='ocrx_word' id='word_1_41' title='bbox 437 825 497 872; x_wconf 88' lang='lat' dir='ltr'><strong>et</strong></span> <span class='ocrx_word' id='word_1_42' title='bbox 523 803 621 872; x_wconf 74' lang='lat' dir='ltr'><strong>ﬁlii</strong></span> <span class='ocrx_word' id='word_1_43' title='bbox 643 817 737 872; x_wconf 86' lang='lat' dir='ltr'><strong>Dei</strong></span> <span class='ocrx_word' id='word_1_44' title='bbox 765 832 970 880; x_wconf 80' lang='lat' dir='ltr'><strong>sumus,</strong></span> <span class='ocrx_word' id='word_1_45' title='bbox 1001 817 1096 871; x_wconf 86' lang='lat' dir='ltr'><strong>sed</strong></span> <span class='ocrx_word' id='word_1_46' title='bbox 1125 833 1234 872; x_wconf 83' lang='lat' dir='ltr'><strong>non</strong></span> <span class='ocrx_word' id='word_1_47' title='bbox 1265 817 1404 872; x_wconf 90' lang='lat' dir='ltr'><strong>sicut</strong></span> <span class='ocrx_word' id='word_1_48' title='bbox 1433 819 1625 874; x_wconf 83' lang='lat' dir='ltr'><strong>unicus</strong></span> <span class='ocrx_word' id='word_1_49' title='bbox 1647 828 1701 878; x_wconf 85' lang='lat' dir='ltr'><strong>et</strong></span> <span class='ocrx_word' id='word_1_50' title='bbox 1725 835 1818 876; x_wconf 83' lang='lat' dir='ltr'><strong>ve-</strong></span> 
     </span>
    </p>
   </div>
   <div class='ocr_carea' id='block_1_7' title="bbox 213 908 1815 979">
    <p class='ocr_par' dir='ltr' id='par_1_7' title="bbox 213 908 1815 979">
     <span class='ocr_line' id='line_1_7' title="bbox 213 908 1815 979; baseline 0.002 -17"><span class='ocrx_word' id='word_1_51' title='bbox 213 925 308 963; x_wconf 86' lang='lat' dir='ltr'><strong>rus</strong></span> <span class='ocrx_word' id='word_1_52' title='bbox 336 908 548 971; x_wconf 78' lang='lat' dir='ltr'><strong>Filius;</strong></span> <span class='ocrx_word' id='word_1_53' title='bbox 580 919 636 962; x_wconf 89' lang='lat' dir='ltr'><strong>et</strong></span> <span class='ocrx_word' id='word_1_54' title='bbox 664 908 738 962; x_wconf 88' lang='lat' dir='ltr'><strong>dii</strong></span> <span class='ocrx_word' id='word_1_55' title='bbox 765 923 971 976; x_wconf 88' lang='lat' dir='ltr'><strong>sumus,</strong></span> <span class='ocrx_word' id='word_1_56' title='bbox 999 908 1092 971; x_wconf 85' lang='lat' dir='ltr'><strong>sed</strong></span> <span class='ocrx_word' id='word_1_57' title='bbox 1115 924 1227 963; x_wconf 85' lang='lat' dir='ltr'><strong>non</strong></span> <span class='ocrx_word' id='word_1_58' title='bbox 1258 909 1396 964; x_wconf 85' lang='lat' dir='ltr'><strong>sicut</strong></span> <span class='ocrx_word' id='word_1_59' title='bbox 1424 909 1656 972; x_wconf 75' lang='lat' dir='ltr'><strong>Verbum</strong></span> <span class='ocrx_word' id='word_1_60' title='bbox 1676 950 1690 975; x_wconf 89' lang='lat'><strong>,</strong></span> <span class='ocrx_word' id='word_1_61' title='bbox 1719 911 1815 979; x_wconf 86' lang='lat' dir='ltr'><strong>qui</strong></span> 
     </span>
    </p>
   </div>
   <div class='ocr_carea' id='block_1_8' title="bbox 214 992 1813 1072">
    <p class='ocr_par' dir='ltr' id='par_1_8' title="bbox 214 992 1813 1072">
     <span class='ocr_line' id='line_1_8' title="bbox 214 992 1813 1072; baseline 0.003 -17"><span class='ocrx_word' id='word_1_62' title='bbox 214 1017 383 1057; x_wconf 73' lang='lat' dir='ltr'><strong>verus</strong></span> <span class='ocrx_word' id='word_1_63' title='bbox 409 1009 498 1056; x_wconf 82' lang='lat' dir='ltr'><strong>est</strong></span> <span class='ocrx_word' id='word_1_64' title='bbox 539 1000 718 1055; x_wconf 87' lang='lat' dir='ltr'><strong>Deus:</strong></span> <span class='ocrx_word' id='word_1_65' title='bbox 777 1001 850 1054; x_wconf 90' lang='lat' dir='ltr'><strong>ita</strong></span> <span class='ocrx_word' id='word_1_66' title='bbox 893 1002 946 1055; x_wconf 92' lang='lat' dir='ltr'><strong>in</strong></span> <span class='ocrx_word' id='word_1_67' title='bbox 975 999 1090 1057; x_wconf 91' lang='lat' dir='ltr'><strong>Deo</strong></span> <span class='ocrx_word' id='word_1_68' title='bbox 1120 1018 1304 1057; x_wconf 86' lang='lat' dir='ltr'><strong>sumus</strong></span> <span class='ocrx_word' id='word_1_69' title='bbox 1326 1041 1340 1066; x_wconf 92' lang='lat'><strong>,</strong></span> <span class='ocrx_word' id='word_1_70' title='bbox 1391 1011 1446 1057; x_wconf 86' lang='lat' dir='ltr'><strong>et</strong></span> <span class='ocrx_word' id='word_1_71' title='bbox 1473 1004 1615 1072; x_wconf 88' lang='lat' dir='ltr'><strong>apud</strong></span> <span class='ocrx_word' id='word_1_72' title='bbox 1644 992 1813 1059; x_wconf 83' lang='lat' dir='ltr'><strong>Deum</strong></span> 
     </span>
    </p>
   </div>
   <div class='ocr_carea' id='block_1_9' title="bbox 212 1078 1816 1168">
    <p class='ocr_par' dir='ltr' id='par_1_9' title="bbox 212 1078 1816 1168">
     <span class='ocr_line' id='line_1_9' title="bbox 212 1078 1816 1168; baseline 0.002 -21"><span class='ocrx_word' id='word_1_73' title='bbox 212 1108 404 1147; x_wconf 82' lang='lat' dir='ltr'><strong>sumus</strong></span> <span class='ocrx_word' id='word_1_74' title='bbox 430 1135 444 1158; x_wconf 93' lang='lat'><strong>,</strong></span> <span class='ocrx_word' id='word_1_75' title='bbox 497 1093 594 1147; x_wconf 90' lang='lat' dir='ltr'><strong>sed</strong></span> <span class='ocrx_word' id='word_1_76' title='bbox 619 1108 727 1146; x_wconf 90' lang='lat' dir='ltr'><strong>non</strong></span> <span class='ocrx_word' id='word_1_77' title='bbox 766 1093 906 1168; x_wconf 83' lang='lat' dir='ltr'><strong>sicut</strong></span> <span class='ocrx_word' id='word_1_78' title='bbox 933 1092 1074 1162; x_wconf 86' lang='lat' dir='ltr'><strong>apud</strong></span> <span class='ocrx_word' id='word_1_79' title='bbox 1109 1093 1275 1148; x_wconf 85' lang='lat' dir='ltr'><strong>Deum</strong></span> <span class='ocrx_word' id='word_1_80' title='bbox 1305 1102 1389 1148; x_wconf 87' lang='lat' dir='ltr'><strong>est</strong></span> <span class='ocrx_word' id='word_1_81' title='bbox 1426 1102 1481 1148; x_wconf 91' lang='lat' dir='ltr'><strong>et</strong></span> <span class='ocrx_word' id='word_1_82' title='bbox 1511 1095 1562 1148; x_wconf 91' lang='lat' dir='ltr'><strong>in</strong></span> <span class='ocrx_word' id='word_1_83' title='bbox 1589 1078 1701 1149; x_wconf 83' lang='lat' dir='ltr'><strong>Deo</strong></span> <span class='ocrx_word' id='word_1_84' title='bbox 1729 1103 1816 1150; x_wconf 84' lang='lat' dir='ltr'><strong>est</strong></span> 
     </span>
    </p>
   </div>
   <div class='ocr_carea' id='block_1_10' title="bbox 216 1182 1807 1252">
    <p class='ocr_par' dir='ltr' id='par_1_10' title="bbox 216 1182 1807 1252">
     <span class='ocr_line' id='line_1_10' title="bbox 216 1182 1807 1252; baseline 0.001 -16"><span class='ocrx_word' id='word_1_85' title='bbox 216 1182 459 1237; x_wconf 82' lang='lat' dir='ltr'><strong>Verbum</strong></span> <span class='ocrx_word' id='word_1_86' title='bbox 489 1182 670 1247; x_wconf 87' lang='lat' dir='ltr'><strong>Deus,</strong></span> <span class='ocrx_word' id='word_1_87' title='bbox 718 1184 810 1252; x_wconf 87' lang='lat' dir='ltr'><strong>qui</strong></span> <span class='ocrx_word' id='word_1_88' title='bbox 852 1183 922 1238; x_wconf 85' lang='lat' dir='ltr'><strong>de</strong></span> <span class='ocrx_word' id='word_1_89' title='bbox 965 1182 1078 1238; x_wconf 88' lang='lat' dir='ltr'><strong>Deo</strong></span> <span class='ocrx_word' id='word_1_90' title='bbox 1117 1184 1437 1240; x_wconf 69' lang='lat' dir='ltr'><strong>naturaliter</strong></span> <span class='ocrx_word' id='word_1_91' title='bbox 1483 1193 1642 1244; x_wconf 88' lang='lat' dir='ltr'><strong>natus</strong></span> <span class='ocrx_word' id='word_1_92' title='bbox 1688 1193 1807 1240; x_wconf 87' lang='lat' dir='ltr'><strong>est:</strong></span> 
     </span>
    </p>
   </div>
   <div class='ocr_carea' id='block_1_11' title="bbox 211 1273 1807 1346">
    <p class='ocr_par' dir='ltr' id='par_1_11' title="bbox 211 1273 1807 1346">
     <span class='ocr_line' id='line_1_11' title="bbox 211 1273 1807 1346; baseline 0.001 -16"><span class='ocrx_word' id='word_1_93' title='bbox 211 1277 468 1346; x_wconf 77' lang='lat' dir='ltr'><strong>quamvis</strong></span> <span class='ocrx_word' id='word_1_94' title='bbox 496 1275 639 1330; x_wconf 89' lang='lat' dir='ltr'><strong>enim</strong></span> <span class='ocrx_word' id='word_1_95' title='bbox 661 1275 751 1329; x_wconf 82' lang='lat' dir='ltr'><strong>ille</strong></span> <span class='ocrx_word' id='word_1_96' title='bbox 777 1273 943 1329; x_wconf 80' lang='lat' dir='ltr'><strong>Filius</strong></span> <span class='ocrx_word' id='word_1_97' title='bbox 969 1274 1181 1332; x_wconf 72' lang='lat' dir='ltr'><strong>dicatur</strong></span> <span class='ocrx_word' id='word_1_98' title='bbox 1207 1286 1263 1330; x_wconf 83' lang='lat' dir='ltr'><strong>et</strong></span> <span class='ocrx_word' id='word_1_99' title='bbox 1296 1292 1396 1332; x_wconf 86' lang='lat' dir='ltr'><strong>nos</strong></span> <span class='ocrx_word' id='word_1_100' title='bbox 1425 1275 1520 1332; x_wconf 69' lang='lat' dir='ltr'><strong>ﬁlii</strong></span> <span class='ocrx_word' id='word_1_101' title='bbox 1549 1277 1807 1343; x_wconf 80' lang='lat' dir='ltr'><strong>dicamur,</strong></span> 
     </span>
    </p>
   </div>
   <div class='ocr_carea' id='block_1_12' title="bbox 213 1365 1802 1438">
    <p class='ocr_par' dir='ltr' id='par_1_12' title="bbox 213 1365 1802 1438">
     <span class='ocr_line' id='line_1_12' title="bbox 213 1365 1802 1438; baseline 0.001 -17"><span class='ocrx_word' id='word_1_102' title='bbox 213 1377 266 1422; x_wconf 86' lang='lat' dir='ltr'><strong>et</strong></span> <span class='ocrx_word' id='word_1_103' title='bbox 289 1367 386 1421; x_wconf 87' lang='lat' dir='ltr'><strong>ille</strong></span> <span class='ocrx_word' id='word_1_104' title='bbox 415 1367 562 1421; x_wconf 85' lang='lat' dir='ltr'><strong>Deus</strong></span> <span class='ocrx_word' id='word_1_105' title='bbox 586 1375 642 1420; x_wconf 90' lang='lat' dir='ltr'><strong>et</strong></span> <span class='ocrx_word' id='word_1_106' title='bbox 671 1381 772 1420; x_wconf 85' lang='lat' dir='ltr'><strong>nos</strong></span> <span class='ocrx_word' id='word_1_107' title='bbox 799 1365 870 1419; x_wconf 88' lang='lat' dir='ltr'><strong>dii</strong></span> <span class='ocrx_word' id='word_1_108' title='bbox 894 1405 909 1430; x_wconf 91' lang='lat'><strong>,</strong></span> <span class='ocrx_word' id='word_1_109' title='bbox 957 1374 1015 1420; x_wconf 90' lang='lat' dir='ltr'><strong>et</strong></span> <span class='ocrx_word' id='word_1_110' title='bbox 1044 1366 1136 1421; x_wconf 80' lang='lat' dir='ltr'><strong>ille</strong></span> <span class='ocrx_word' id='word_1_111' title='bbox 1161 1368 1375 1434; x_wconf 82' lang='lat' dir='ltr'><strong>genitus</strong></span> <span class='ocrx_word' id='word_1_112' title='bbox 1401 1377 1455 1422; x_wconf 89' lang='lat' dir='ltr'><strong>et</strong></span> <span class='ocrx_word' id='word_1_113' title='bbox 1483 1383 1584 1424; x_wconf 84' lang='lat' dir='ltr'><strong>nos</strong></span> <span class='ocrx_word' id='word_1_114' title='bbox 1609 1370 1802 1438; x_wconf 80' lang='lat' dir='ltr'><strong>geniti,</strong></span> 
     </span>
    </p>
   </div>
   <div class='ocr_carea' id='block_1_13' title="bbox 213 1458 1804 1528">
    <p class='ocr_par' dir='ltr' id='par_1_13' title="bbox 213 1458 1804 1528">
     <span class='ocr_line' id='line_1_13' title="bbox 213 1458 1804 1528; baseline 0.004 -16"><span class='ocrx_word' id='word_1_115' title='bbox 213 1459 443 1512; x_wconf 72' lang='lat' dir='ltr'><strong>multum</strong></span> <span class='ocrx_word' id='word_1_116' title='bbox 475 1467 656 1512; x_wconf 87' lang='lat' dir='ltr'><strong>tamen</strong></span> <span class='ocrx_word' id='word_1_117' title='bbox 683 1458 847 1512; x_wconf 82' lang='lat' dir='ltr'><strong>distat</strong></span> <span class='ocrx_word' id='word_1_118' title='bbox 876 1459 928 1512; x_wconf 91' lang='lat' dir='ltr'><strong>in</strong></span> <span class='ocrx_word' id='word_1_119' title='bbox 973 1474 1035 1512; x_wconf 88' lang='lat' dir='ltr'><strong>re</strong></span> <span class='ocrx_word' id='word_1_120' title='bbox 1063 1461 1208 1528; x_wconf 90' lang='lat' dir='ltr'><strong>quod</strong></span> <span class='ocrx_word' id='word_1_121' title='bbox 1236 1477 1399 1514; x_wconf 85' lang='lat' dir='ltr'><strong>unum</strong></span> <span class='ocrx_word' id='word_1_122' title='bbox 1429 1477 1626 1516; x_wconf 86' lang='lat' dir='ltr'><strong>sonare</strong></span> <span class='ocrx_word' id='word_1_123' title='bbox 1652 1462 1804 1518; x_wconf 81' lang='lat' dir='ltr'><strong>vide-</strong></span> 
     </span>
    </p>
   </div>
   <div class='ocr_carea' id='block_1_14' title="bbox 205 1547 1804 1619">
    <p class='ocr_par' dir='ltr' id='par_1_14' title="bbox 205 1547 1804 1619">
     <span class='ocr_line' id='line_1_14' title="bbox 205 1547 1804 1619; baseline 0.005 -21"><span class='ocrx_word' id='word_1_124' title='bbox 205 1557 299 1602; x_wconf 77' lang='grc' dir='ltr'><strong>,ωι-</strong></span> <span class='ocrx_word' id='word_1_125' title='bbox 327 1549 384 1602; x_wconf 90' lang='lat' dir='ltr'><strong>in</strong></span> <span class='ocrx_word' id='word_1_126' title='bbox 414 1547 662 1612; x_wconf 87' lang='lat' dir='ltr'><strong>nomine,</strong></span> <span class='ocrx_word' id='word_1_127' title='bbox 685 1549 938 1616; x_wconf 87' lang='lat' dir='ltr'><strong>quoniam</strong></span> <span class='ocrx_word' id='word_1_128' title='bbox 958 1548 1071 1615; x_wconf 84' lang='lat' dir='ltr'><strong>ille,</strong></span> <span class='ocrx_word' id='word_1_129' title='bbox 1101 1549 1246 1617; x_wconf 87' lang='lat' dir='ltr'><strong>quod</strong></span> <span class='ocrx_word' id='word_1_130' title='bbox 1271 1550 1431 1615; x_wconf 88' lang='lat' dir='ltr'><strong>Deus,</strong></span> <span class='ocrx_word' id='word_1_131' title='bbox 1457 1552 1599 1619; x_wconf 89' lang='lat' dir='ltr'><strong>quod</strong></span> <span class='ocrx_word' id='word_1_132' title='bbox 1620 1551 1804 1616; x_wconf 85' lang='lat' dir='ltr'><strong>Filius,</strong></span> 
     </span>
    </p>
   </div>
   <div class='ocr_carea' id='block_1_15' title="bbox 213 1637 1806 1710">
    <p class='ocr_par' dir='ltr' id='par_1_15' title="bbox 213 1637 1806 1710">
     <span class='ocr_line' id='line_1_15' title="bbox 213 1637 1806 1710; baseline 0.001 -16"><span class='ocrx_word' id='word_1_133' title='bbox 213 1640 360 1709; x_wconf 87' lang='lat' dir='ltr'><strong>quod</strong></span> <span class='ocrx_word' id='word_1_134' title='bbox 387 1637 712 1706; x_wconf 85' lang='lat' dir='ltr'><strong>Unigenitus</strong></span> <span class='ocrx_word' id='word_1_135' title='bbox 748 1647 829 1693; x_wconf 87' lang='lat' dir='ltr'><strong>est</strong></span> <span class='ocrx_word' id='word_1_136' title='bbox 847 1679 862 1704; x_wconf 89' lang='lat'><strong>,</strong></span> <span class='ocrx_word' id='word_1_137' title='bbox 894 1640 1212 1694; x_wconf 71' lang='lat' dir='ltr'><strong>naturaliter</strong></span> <span class='ocrx_word' id='word_1_138' title='bbox 1231 1650 1334 1701; x_wconf 83' lang='lat' dir='ltr'><strong>est.</strong></span> <span class='ocrx_word' id='word_1_139' title='bbox 1366 1641 1491 1710; x_wconf 84' lang='lat' dir='ltr'><strong>quia</strong></span> <span class='ocrx_word' id='word_1_140' title='bbox 1519 1642 1586 1696; x_wconf 89' lang='lat' dir='ltr'><strong>de</strong></span> <span class='ocrx_word' id='word_1_141' title='bbox 1616 1651 1806 1696; x_wconf 85' lang='lat' dir='ltr'><strong>natura</strong></span> 
     </span>
    </p>
   </div>
   <div class='ocr_carea' id='block_1_16' title="bbox 215 1728 1803 1802">
    <p class='ocr_par' dir='ltr' id='par_1_16' title="bbox 215 1728 1803 1802">
     <span class='ocr_line' id='line_1_16' title="bbox 215 1728 1803 1802; baseline 0.003 -19"><span class='ocrx_word' id='word_1_142' title='bbox 215 1728 390 1786; x_wconf 80' lang='lat' dir='ltr'><strong>Patris</strong></span> <span class='ocrx_word' id='word_1_143' title='bbox 417 1738 580 1785; x_wconf 85' lang='lat' dir='ltr'><strong>natus</strong></span> <span class='ocrx_word' id='word_1_144' title='bbox 607 1737 727 1796; x_wconf 88' lang='lat' dir='ltr'><strong>est;</strong></span> <span class='ocrx_word' id='word_1_145' title='bbox 772 1747 870 1785; x_wconf 90' lang='lat' dir='ltr'><strong>nos</strong></span> <span class='ocrx_word' id='word_1_146' title='bbox 907 1739 1086 1784; x_wconf 89' lang='lat' dir='ltr'><strong>autem</strong></span> <span class='ocrx_word' id='word_1_147' title='bbox 1109 1773 1124 1798; x_wconf 94' lang='lat'><strong>,</strong></span> <span class='ocrx_word' id='word_1_148' title='bbox 1174 1733 1318 1800; x_wconf 88' lang='lat' dir='ltr'><strong>quod</strong></span> <span class='ocrx_word' id='word_1_149' title='bbox 1347 1732 1419 1786; x_wconf 84' lang='lat' dir='ltr'><strong>dii</strong></span> <span class='ocrx_word' id='word_1_150' title='bbox 1445 1775 1461 1800; x_wconf 90' lang='lat'><strong>,</strong></span> <span class='ocrx_word' id='word_1_151' title='bbox 1513 1733 1656 1802; x_wconf 89' lang='lat' dir='ltr'><strong>quod</strong></span> <span class='ocrx_word' id='word_1_152' title='bbox 1687 1732 1803 1802; x_wconf 84' lang='lat' dir='ltr'><strong>lilii,</strong></span> 
     </span>
    </p>
   </div>
   <div class='ocr_carea' id='block_1_17' title="bbox 213 1824 1886 1914">
    <p class='ocr_par' dir='ltr' id='par_1_17' title="bbox 213 1824 1886 1914">
     <span class='ocr_line' id='line_1_17' title="bbox 213 1824 1886 1914; baseline 0.002 -36"><span class='ocrx_word' id='word_1_153' title='bbox 213 1824 361 1893; x_wconf 76' lang='lat' dir='ltr'><strong>quod</strong></span> <span class='ocrx_word' id='word_1_154' title='bbox 389 1824 554 1892; x_wconf 90' lang='lat' dir='ltr'><strong>geniti</strong></span> <span class='ocrx_word' id='word_1_155' title='bbox 591 1840 776 1880; x_wconf 86' lang='lat' dir='ltr'><strong>sumus</strong></span> <span class='ocrx_word' id='word_1_156' title='bbox 800 1864 816 1891; x_wconf 96' lang='lat'><strong>,</strong></span> <span class='ocrx_word' id='word_1_157' title='bbox 854 1841 962 1881; x_wconf 92' lang='lat' dir='ltr'><strong>non</strong></span> <span class='ocrx_word' id='word_1_158' title='bbox 992 1834 1181 1880; x_wconf 88' lang='lat' dir='ltr'><strong>natura</strong></span> <span class='ocrx_word' id='word_1_159' title='bbox 1207 1865 1222 1889; x_wconf 91' lang='lat'><strong>,</strong></span> <span class='ocrx_word' id='word_1_160' title='bbox 1264 1827 1359 1881; x_wconf 81' lang='lat' dir='ltr'><strong>sed</strong></span> <span class='ocrx_word' id='word_1_161' title='bbox 1402 1828 1574 1895; x_wconf 88' lang='lat' dir='ltr'><strong>gratia</strong></span> <span class='ocrx_word' id='word_1_162' title='bbox 1597 1845 1802 1898; x_wconf 88' lang='lat' dir='ltr'><strong>sumus,</strong></span> <span class='ocrx_word' id='word_1_163' title='bbox 1836 1853 1886 1914; x_wconf 68' lang='grc' dir='ltr'><strong>Β</strong></span> 
     </span>
    </p>
   </div>
   <div class='ocr_carea' id='block_1_18' title="bbox 213 1919 1800 1992">
    <p class='ocr_par' dir='ltr' id='par_1_18' title="bbox 213 1919 1800 1992">
     <span class='ocr_line' id='line_1_18' title="bbox 213 1919 1800 1992; baseline 0.004 -21"><span class='ocrx_word' id='word_1_164' title='bbox 213 1919 346 1986; x_wconf 82' lang='lat' dir='ltr'><strong>quia</strong></span> <span class='ocrx_word' id='word_1_165' title='bbox 374 1933 498 1972; x_wconf 88' lang='lat' dir='ltr'><strong>cum</strong></span> <span class='ocrx_word' id='word_1_166' title='bbox 524 1921 574 1973; x_wconf 89' lang='lat' dir='ltr'><strong>in</strong></span> <span class='ocrx_word' id='word_1_167' title='bbox 607 1927 796 1972; x_wconf 86' lang='lat' dir='ltr'><strong>natura</strong></span> <span class='ocrx_word' id='word_1_168' title='bbox 827 1935 932 1974; x_wconf 91' lang='lat' dir='ltr'><strong>non</strong></span> <span class='ocrx_word' id='word_1_169' title='bbox 964 1920 1284 1976; x_wconf 81' lang='lat' dir='ltr'><strong>haberemus</strong></span> <span class='ocrx_word' id='word_1_170' title='bbox 1309 1929 1367 1974; x_wconf 92' lang='lat' dir='ltr'><strong>ut</strong></span> <span class='ocrx_word' id='word_1_171' title='bbox 1393 1925 1498 1976; x_wconf 85' lang='lat' dir='ltr'><strong>hoc</strong></span> <span class='ocrx_word' id='word_1_172' title='bbox 1528 1937 1646 1977; x_wconf 88' lang='lat' dir='ltr'><strong>esse</strong></span> <span class='ocrx_word' id='word_1_173' title='bbox 1673 1939 1800 1992; x_wconf 80' lang='lat' dir='ltr'><strong>pos-</strong></span> 
     </span>
    </p>
   </div>
   <div class='ocr_carea' id='block_1_19' title="bbox 210 2010 1800 2077">
    <p class='ocr_par' dir='ltr' id='par_1_19' title="bbox 210 2010 1800 2077">
     <span class='ocr_line' id='line_1_19' title="bbox 210 2010 1800 2077; baseline 0.005 -16"><span class='ocrx_word' id='word_1_174' title='bbox 210 2021 434 2076; x_wconf 64' lang='lat' dir='ltr'><strong>nemus,</strong></span> <span class='ocrx_word' id='word_1_175' title='bbox 468 2011 636 2077; x_wconf 88' lang='lat' dir='ltr'><strong>gratis</strong></span> <span class='ocrx_word' id='word_1_176' title='bbox 662 2010 818 2065; x_wconf 79' lang='lat' dir='ltr'><strong>nobis</strong></span> <span class='ocrx_word' id='word_1_177' title='bbox 847 2010 1029 2065; x_wconf 89' lang='lat' dir='ltr'><strong>datum</strong></span> <span class='ocrx_word' id='word_1_178' title='bbox 1058 2020 1140 2066; x_wconf 87' lang='lat' dir='ltr'><strong>est</strong></span> <span class='ocrx_word' id='word_1_179' title='bbox 1166 2020 1224 2066; x_wconf 88' lang='lat' dir='ltr'><strong>ut</strong></span> <span class='ocrx_word' id='word_1_180' title='bbox 1254 2013 1354 2066; x_wconf 92' lang='lat' dir='ltr'><strong>hoc</strong></span> <span class='ocrx_word' id='word_1_181' title='bbox 1383 2011 1508 2067; x_wconf 73' lang='lat' dir='ltr'><strong>iacti</strong></span> <span class='ocrx_word' id='word_1_182' title='bbox 1539 2028 1800 2070; x_wconf 82' lang='lat' dir='ltr'><strong>essemus.</strong></span> 
     </span>
    </p>
   </div>
   <div class='ocr_carea' id='block_1_20' title="bbox 211 2096 1800 2169">
    <p class='ocr_par' dir='ltr' id='par_1_20' title="bbox 211 2096 1800 2169">
     <span class='ocr_line' id='line_1_20' title="bbox 211 2096 1800 2169; baseline 0.005 -17"><span class='ocrx_word' id='word_1_183' title='bbox 211 2096 772 2156; x_wconf 67' lang='lat' dir='ltr'><strong>Haricdiscretionem</strong></span> <span class='ocrx_word' id='word_1_184' title='bbox 844 2102 888 2157; x_wconf 88' lang='lat' dir='ltr'><strong>si</strong></span> <span class='ocrx_word' id='word_1_185' title='bbox 930 2103 1188 2169; x_wconf 66' lang='lat' dir='ltr'><strong>hieretici,</strong></span> <span class='ocrx_word' id='word_1_186' title='bbox 1237 2103 1660 2159; x_wconf 84' lang='lat' dir='ltr'><strong>misericorditer</strong></span> <span class='ocrx_word' id='word_1_187' title='bbox 1685 2105 1800 2160; x_wconf 87' lang='lat' dir='ltr'><strong>Deo</strong></span> 
     </span>
    </p>
   </div>
   <div class='ocr_carea' id='block_1_21' title="bbox 215 2192 1798 2265">
    <p class='ocr_par' dir='ltr' id='par_1_21' title="bbox 215 2192 1798 2265">
     <span class='ocr_line' id='line_1_21' title="bbox 215 2192 1798 2265; baseline 0.003 -18"><span class='ocrx_word' id='word_1_188' title='bbox 215 2192 477 2258; x_wconf 78' lang='lat' dir='ltr'><strong>donante,</strong></span> <span class='ocrx_word' id='word_1_189' title='bbox 509 2197 612 2265; x_wconf 73' lang='lat'><strong>51</strong></span> <span class='ocrx_word' id='word_1_190' title='bbox 644 2195 969 2265; x_wconf 87' lang='lat' dir='ltr'><strong>percipiant,</strong></span> <span class='ocrx_word' id='word_1_191' title='bbox 1001 2195 1180 2251; x_wconf 88' lang='lat' dir='ltr'><strong>lumen</strong></span> <span class='ocrx_word' id='word_1_192' title='bbox 1208 2211 1395 2250; x_wconf 87' lang='lat' dir='ltr'><strong>verum</strong></span> <span class='ocrx_word' id='word_1_193' title='bbox 1428 2195 1682 2250; x_wconf 85' lang='lat' dir='ltr'><strong>videbunt</strong></span> <span class='ocrx_word' id='word_1_194' title='bbox 1740 2204 1798 2252; x_wconf 75' lang='lat' dir='ltr'><strong>et</strong></span> 
     </span>
    </p>
   </div>
   <div class='ocr_carea' id='block_1_22' title="bbox 1916 535 3504 617">
    <p class='ocr_par' dir='ltr' id='par_1_22' title="bbox 1916 535 3504 617">
     <span class='ocr_line' id='line_1_22' title="bbox 1916 535 3504 617; baseline -0.001 -13"><span class='ocrx_word' id='word_1_195' title='bbox 1916 545 2096 604; x_wconf 74' lang='lat' dir='ltr'><strong>solum</strong></span> <span class='ocrx_word' id='word_1_196' title='bbox 2121 547 2178 602; x_wconf 88' lang='lat' dir='ltr'><strong>in</strong></span> <span class='ocrx_word' id='word_1_197' title='bbox 2211 561 2277 602; x_wconf 91' lang='lat' dir='ltr'><strong>eo</strong></span> <span class='ocrx_word' id='word_1_198' title='bbox 2319 547 2466 614; x_wconf 83' lang='lat' dir='ltr'><strong>quod</strong></span> <span class='ocrx_word' id='word_1_199' title='bbox 2495 546 2638 617; x_wconf 85' lang='lat' dir='ltr'><strong>apud</strong></span> <span class='ocrx_word' id='word_1_200' title='bbox 2693 545 2862 601; x_wconf 78' lang='lat' dir='ltr'><strong>Deum</strong></span> <span class='ocrx_word' id='word_1_201' title='bbox 2909 555 2990 602; x_wconf 87' lang='lat' dir='ltr'><strong>est</strong></span> <span class='ocrx_word' id='word_1_202' title='bbox 3035 546 3361 617; x_wconf 74' lang='lat' dir='ltr'><strong>detrahunt,</strong></span> <span class='ocrx_word' id='word_1_203' title='bbox 3405 535 3504 602; x_wconf 76' lang='lat' dir='ltr'><strong>sed</strong></span> 
     </span>
    </p>
   </div>
   <div class='ocr_carea' id='block_1_23' title="bbox 1920 615 3501 706">
    <p class='ocr_par' dir='ltr' id='par_1_23' title="bbox 1920 615 3501 706">
     <span class='ocr_line' id='line_1_23' title="bbox 1920 615 3501 706; baseline -0.001 -11"><span class='ocrx_word' id='word_1_204' title='bbox 1920 641 2082 695; x_wconf 86' lang='lat' dir='ltr'><strong>etiam</strong></span> <span class='ocrx_word' id='word_1_205' title='bbox 2103 648 2159 696; x_wconf 87' lang='lat' dir='ltr'><strong>et</strong></span> <span class='ocrx_word' id='word_1_206' title='bbox 2178 640 2409 695; x_wconf 87' lang='lat' dir='ltr'><strong>animam</strong></span> <span class='ocrx_word' id='word_1_207' title='bbox 2433 615 2720 696; x_wconf 83' lang='lat' dir='ltr'><strong>humanam</strong></span> <span class='ocrx_word' id='word_1_208' title='bbox 2749 641 2800 694; x_wconf 92' lang='lat' dir='ltr'><strong>in</strong></span> <span class='ocrx_word' id='word_1_209' title='bbox 2823 639 2914 693; x_wconf 73' lang='lat' dir='ltr'><strong>illo</strong></span> <span class='ocrx_word' id='word_1_210' title='bbox 2933 615 3128 706; x_wconf 68' lang='lat' dir='ltr'><strong>negare</strong></span> <span class='ocrx_word' id='word_1_211' title='bbox 3150 639 3501 696; x_wconf 84' lang='lat' dir='ltr'><strong>contendunt.</strong></span> 
     </span>
    </p>
   </div>
   <div class='ocr_carea' id='block_1_24' title="bbox 1920 730 3503 800">
    <p class='ocr_par' dir='ltr' id='par_1_24' title="bbox 1920 730 3503 800">
     <span class='ocr_line' id='line_1_24' title="bbox 1920 730 3503 800; baseline -0.004 -11"><span class='ocrx_word' id='word_1_212' title='bbox 1920 732 2069 798; x_wconf 82' lang='lat' dir='ltr'><strong>Quos</strong></span> <span class='ocrx_word' id='word_1_213' title='bbox 2095 733 2210 800; x_wconf 90' lang='lat' dir='ltr'><strong>ipse</strong></span> <span class='ocrx_word' id='word_1_214' title='bbox 2239 732 2404 786; x_wconf 85' lang='lat' dir='ltr'><strong>Filius</strong></span> <span class='ocrx_word' id='word_1_215' title='bbox 2436 732 2530 786; x_wconf 86' lang='lat' dir='ltr'><strong>Dei</strong></span> <span class='ocrx_word' id='word_1_216' title='bbox 2559 748 2665 787; x_wconf 89' lang='lat' dir='ltr'><strong>uno</strong></span> <span class='ocrx_word' id='word_1_217' title='bbox 2687 731 2878 800; x_wconf 84' lang='lat' dir='ltr'><strong>psalmi</strong></span> <span class='ocrx_word' id='word_1_218' title='bbox 2897 730 3164 789; x_wconf 71' lang='lat' dir='ltr'><strong>versiculo</strong></span> <span class='ocrx_word' id='word_1_219' title='bbox 3187 731 3503 799; x_wconf 76' lang='lat' dir='ltr'><strong>designavit,</strong></span> 
     </span>
    </p>
   </div>
   <div class='ocr_carea' id='block_1_25' title="bbox 1919 821 3505 895">
    <p class='ocr_par' dir='ltr' id='par_1_25' title="bbox 1919 821 3505 895">
     <span class='ocr_line' id='line_1_25' title="bbox 1919 821 3505 895; baseline -0.001 -18"><span class='ocrx_word' id='word_1_220' title='bbox 1919 823 2142 878; x_wconf 88' lang='lat' dir='ltr'><strong>dicens:</strong></span> <span class='ocrx_word' id='word_1_221' title='bbox 2201 822 2318 878; x_wconf 86' lang='lat' dir='ltr'><strong>Hoc</strong></span> <span class='ocrx_word' id='word_1_222' title='bbox 2359 841 2485 894; x_wconf 81' lang='lat' dir='ltr'><strong>opus</strong></span> <span class='ocrx_word' id='word_1_223' title='bbox 2526 841 2704 879; x_wconf 82' lang='lat' dir='ltr'><strong>eorum</strong></span> <span class='ocrx_word' id='word_1_224' title='bbox 2746 824 2834 895; x_wconf 79' lang='lat' dir='ltr'><strong>qui</strong></span> <span class='ocrx_word' id='word_1_225' title='bbox 2879 823 3159 877; x_wconf 77' lang='lat' dir='ltr'><strong>detrahunt</strong></span> <span class='ocrx_word' id='word_1_226' title='bbox 3199 823 3322 880; x_wconf 79' lang='lat' dir='ltr'><strong>mihi</strong></span> <span class='ocrx_word' id='word_1_227' title='bbox 3368 821 3505 892; x_wconf 79' lang='lat' dir='ltr'><strong>apud</strong></span> 
     </span>
    </p>
   </div>
   <div class='ocr_carea' id='block_1_26' title="bbox 1920 912 3610 986">
    <p class='ocr_par' dir='ltr' id='par_1_26' title="bbox 1920 912 3610 986">
     <span class='ocr_line' id='line_1_26' title="bbox 1920 912 3610 986; baseline 0.001 -20"><span class='ocrx_word' id='word_1_228' title='bbox 1920 912 2087 968; x_wconf 82' lang='lat' dir='ltr'><strong>Deum</strong></span> <span class='ocrx_word' id='word_1_229' title='bbox 2104 954 2118 977; x_wconf 96' lang='lat'><strong>,</strong></span> <span class='ocrx_word' id='word_1_230' title='bbox 2163 922 2213 966; x_wconf 77' lang='lat' dir='ltr'><strong>et</strong></span> <span class='ocrx_word' id='word_1_231' title='bbox 2247 916 2331 985; x_wconf 82' lang='lat' dir='ltr'><strong>qui</strong></span> <span class='ocrx_word' id='word_1_232' title='bbox 2353 914 2629 986; x_wconf 79' lang='lat' dir='ltr'><strong>loquuntur</strong></span> <span class='ocrx_word' id='word_1_233' title='bbox 2649 915 2791 968; x_wconf 75' lang='lat' dir='ltr'><strong>male</strong></span> <span class='ocrx_word' id='word_1_234' title='bbox 2815 914 3060 968; x_wconf 72' lang='lat' dir='ltr'><strong>adversus</strong></span> <span class='ocrx_word' id='word_1_235' title='bbox 3080 916 3311 968; x_wconf 77' lang='lat' dir='ltr'><strong>animum</strong></span> <span class='ocrx_word' id='word_1_236' title='bbox 3339 931 3506 976; x_wconf 77' lang='lat' dir='ltr'><strong>meam</strong></span> <span class='ocrx_word' id='word_1_237' title='bbox 3604 952 3610 958; x_wconf 74' lang='lat'><strong>.</strong></span> 
     </span>
    </p>
   </div>
   <div class='ocr_carea' id='block_1_27' title="bbox 1918 1003 3506 1076">
    <p class='ocr_par' dir='ltr' id='par_1_27' title="bbox 1918 1003 3506 1076">
     <span class='ocr_line' id='line_1_27' title="bbox 1918 1003 3506 1076; baseline 0.001 -19"><span class='ocrx_word' id='word_1_238' title='bbox 1918 1005 2092 1073; x_wconf 79' lang='lat' dir='ltr'><strong>(Psal.</strong></span> <span class='ocrx_word' id='word_1_239' title='bbox 2120 1021 2278 1072; x_wconf 86' lang='lat' dir='ltr'><strong>cvtu,</strong></span> <span class='ocrx_word' id='word_1_240' title='bbox 2321 1004 2431 1076; x_wconf 69' lang='lat'><strong>20).</strong></span> <span class='ocrx_word' id='word_1_241' title='bbox 2483 1006 2614 1072; x_wconf 86' lang='lat' dir='ltr'><strong>Quis</strong></span> <span class='ocrx_word' id='word_1_242' title='bbox 2646 1006 2790 1060; x_wconf 88' lang='lat' dir='ltr'><strong>enim</strong></span> <span class='ocrx_word' id='word_1_243' title='bbox 2820 1005 3056 1060; x_wconf 85' lang='lat' dir='ltr'><strong>deterius</strong></span> <span class='ocrx_word' id='word_1_244' title='bbox 3100 1003 3316 1059; x_wconf 84' lang='lat' dir='ltr'><strong>Christo</strong></span> <span class='ocrx_word' id='word_1_245' title='bbox 3363 1003 3506 1073; x_wconf 86' lang='lat' dir='ltr'><strong>apud</strong></span> 
     </span>
    </p>
   </div>
   <div class='ocr_carea' id='block_1_28' title="bbox 1917 1094 3506 1167">
    <p class='ocr_par' dir='ltr' id='par_1_28' title="bbox 1917 1094 3506 1167">
     <span class='ocr_line' id='line_1_28' title="bbox 1917 1094 3506 1167; baseline -0.002 -16"><span class='ocrx_word' id='word_1_246' title='bbox 1917 1097 2088 1151; x_wconf 84' lang='lat' dir='ltr'><strong>Deum</strong></span> <span class='ocrx_word' id='word_1_247' title='bbox 2115 1097 2346 1152; x_wconf 83' lang='lat' dir='ltr'><strong>detrahit</strong></span> <span class='ocrx_word' id='word_1_248' title='bbox 2369 1113 2526 1166; x_wconf 90' lang='lat' dir='ltr'><strong>quam</strong></span> <span class='ocrx_word' id='word_1_249' title='bbox 2557 1099 2647 1167; x_wconf 90' lang='lat' dir='ltr'><strong>qui</strong></span> <span class='ocrx_word' id='word_1_250' title='bbox 2669 1098 2891 1153; x_wconf 85' lang='lat' dir='ltr'><strong>audiens</strong></span> <span class='ocrx_word' id='word_1_251' title='bbox 2917 1097 3150 1152; x_wconf 81' lang='lat' dir='ltr'><strong>Verbum</strong></span> <span class='ocrx_word' id='word_1_252' title='bbox 3174 1096 3339 1151; x_wconf 89' lang='lat' dir='ltr'><strong>Deum</strong></span> <span class='ocrx_word' id='word_1_253' title='bbox 3362 1094 3506 1165; x_wconf 87' lang='lat' dir='ltr'><strong>apud</strong></span> 
     </span>
    </p>
   </div>
   <div class='ocr_carea' id='block_1_29' title="bbox 1919 1186 3505 1259">
    <p class='ocr_par' dir='ltr' id='par_1_29' title="bbox 1919 1186 3505 1259">
     <span class='ocr_line' id='line_1_29' title="bbox 1919 1186 3505 1259; baseline -0.005 -14"><span class='ocrx_word' id='word_1_254' title='bbox 1919 1190 2088 1245; x_wconf 85' lang='lat' dir='ltr'><strong>Deum</strong></span> <span class='ocrx_word' id='word_1_255' title='bbox 2112 1205 2252 1259; x_wconf 89' lang='lat' dir='ltr'><strong>esse,</strong></span> <span class='ocrx_word' id='word_1_256' title='bbox 2284 1191 2414 1246; x_wconf 85' lang='lat' dir='ltr'><strong>dicit</strong></span> <span class='ocrx_word' id='word_1_257' title='bbox 2435 1190 2573 1244; x_wconf 88' lang='lat' dir='ltr'><strong>idem</strong></span> <span class='ocrx_word' id='word_1_258' title='bbox 2598 1188 2833 1244; x_wconf 74' lang='lat' dir='ltr'><strong>Verbum</strong></span> <span class='ocrx_word' id='word_1_259' title='bbox 2862 1190 2916 1243; x_wconf 91' lang='lat' dir='ltr'><strong>in</strong></span> <span class='ocrx_word' id='word_1_260' title='bbox 2936 1189 3052 1244; x_wconf 84' lang='lat' dir='ltr'><strong>Deo</strong></span> <span class='ocrx_word' id='word_1_261' title='bbox 3079 1204 3187 1242; x_wconf 88' lang='lat' dir='ltr'><strong>non</strong></span> <span class='ocrx_word' id='word_1_262' title='bbox 3209 1187 3373 1242; x_wconf 78' lang='lat' dir='ltr'><strong>esse?</strong></span> <span class='ocrx_word' id='word_1_263' title='bbox 3399 1186 3505 1238; x_wconf 79' lang='lat' dir='ltr'><strong>Aut</strong></span> 
     </span>
    </p>
   </div>
   <div class='ocr_carea' id='block_1_30' title="bbox 1870 1276 3502 1351">
    <p class='ocr_par' dir='ltr' id='par_1_30' title="bbox 1870 1276 3502 1351">
     <span class='ocr_line' id='line_1_30' title="bbox 1870 1276 3502 1351; baseline -0.003 -16"><span class='ocrx_word' id='word_1_264' title='bbox 1870 1276 1880 1283; x_wconf 84' lang='grc'><em>’</em></span> <span class='ocrx_word' id='word_1_265' title='bbox 1913 1282 2038 1349; x_wconf 87' lang='lat' dir='ltr'><strong>quis</strong></span> <span class='ocrx_word' id='word_1_266' title='bbox 2060 1282 2287 1351; x_wconf 81' lang='lat' dir='ltr'><strong>amplius</strong></span> <span class='ocrx_word' id='word_1_267' title='bbox 2317 1282 2455 1335; x_wconf 87' lang='lat' dir='ltr'><strong>mala</strong></span> <span class='ocrx_word' id='word_1_268' title='bbox 2485 1280 2739 1336; x_wconf 87' lang='lat' dir='ltr'><strong>adversus</strong></span> <span class='ocrx_word' id='word_1_269' title='bbox 2757 1280 2956 1334; x_wconf 86' lang='lat' dir='ltr'><strong>Christi</strong></span> <span class='ocrx_word' id='word_1_270' title='bbox 2987 1280 3220 1334; x_wconf 88' lang='lat' dir='ltr'><strong>animam</strong></span> <span class='ocrx_word' id='word_1_271' title='bbox 3243 1278 3502 1346; x_wconf 86' lang='lat' dir='ltr'><strong>loquitur,</strong></span> 
     </span>
    </p>
   </div>
   <div class='ocr_carea' id='block_1_31' title="bbox 1915 1369 3505 1440">
    <p class='ocr_par' dir='ltr' id='par_1_31' title="bbox 1915 1369 3505 1440">
     <span class='ocr_line' id='line_1_31' title="bbox 1915 1369 3505 1440; baseline -0.002 -16"><span class='ocrx_word' id='word_1_272' title='bbox 1915 1387 2079 1440; x_wconf 89' lang='lat' dir='ltr'><strong>quam</strong></span> <span class='ocrx_word' id='word_1_273' title='bbox 2116 1373 2209 1440; x_wconf 89' lang='lat' dir='ltr'><strong>qui</strong></span> <span class='ocrx_word' id='word_1_274' title='bbox 2248 1373 2300 1425; x_wconf 88' lang='lat' dir='ltr'><strong>in</strong></span> <span class='ocrx_word' id='word_1_275' title='bbox 2341 1371 2553 1427; x_wconf 81' lang='lat' dir='ltr'><strong>Christo</strong></span> <span class='ocrx_word' id='word_1_276' title='bbox 2591 1373 2878 1426; x_wconf 80' lang='lat' dir='ltr'><strong>humanam</strong></span> <span class='ocrx_word' id='word_1_277' title='bbox 2921 1370 3152 1424; x_wconf 88' lang='lat' dir='ltr'><strong>animam</strong></span> <span class='ocrx_word' id='word_1_278' title='bbox 3201 1369 3505 1423; x_wconf 76' lang='lat' dir='ltr'><strong>difﬁtetur?</strong></span> 
     </span>
    </p>
   </div>
   <div class='ocr_carea' id='block_1_32' title="bbox 1914 1460 3504 1534">
    <p class='ocr_par' dir='ltr' id='par_1_32' title="bbox 1914 1460 3504 1534">
     <span class='ocr_line' id='line_1_32' title="bbox 1914 1460 3504 1534; baseline -0.002 -17"><span class='ocrx_word' id='word_1_279' title='bbox 1914 1478 2040 1517; x_wconf 89' lang='lat' dir='ltr'><strong>cum</strong></span> <span class='ocrx_word' id='word_1_280' title='bbox 2064 1463 2194 1517; x_wconf 88' lang='lat' dir='ltr'><strong>illud</strong></span> <span class='ocrx_word' id='word_1_281' title='bbox 2225 1464 2458 1519; x_wconf 79' lang='lat' dir='ltr'><strong>Verbum</strong></span> <span class='ocrx_word' id='word_1_282' title='bbox 2484 1503 2498 1528; x_wconf 92' lang='lat'><strong>,</strong></span> <span class='ocrx_word' id='word_1_283' title='bbox 2545 1464 2688 1534; x_wconf 90' lang='lat' dir='ltr'><strong>quod</strong></span> <span class='ocrx_word' id='word_1_284' title='bbox 2717 1463 2860 1518; x_wconf 87' lang='lat' dir='ltr'><strong>Deus</strong></span> <span class='ocrx_word' id='word_1_285' title='bbox 2885 1471 2968 1517; x_wconf 82' lang='lat' dir='ltr'><strong>est</strong></span> <span class='ocrx_word' id='word_1_286' title='bbox 2992 1505 3006 1529; x_wconf 92' lang='lat'><strong>,</strong></span> <span class='ocrx_word' id='word_1_287' title='bbox 3051 1461 3128 1516; x_wconf 90' lang='lat' dir='ltr'><strong>sic</strong></span> <span class='ocrx_word' id='word_1_288' title='bbox 3171 1461 3309 1531; x_wconf 89' lang='lat' dir='ltr'><strong>apud</strong></span> <span class='ocrx_word' id='word_1_289' title='bbox 3337 1460 3504 1516; x_wconf 81' lang='lat' dir='ltr'><strong>Deum</strong></span> 
     </span>
    </p>
   </div>
   <div class='ocr_carea' id='block_1_33' title="bbox 1915 1551 3504 1625">
    <p class='ocr_par' dir='ltr' id='par_1_33' title="bbox 1915 1551 3504 1625">
     <span class='ocr_line' id='line_1_33' title="bbox 1915 1551 3504 1625; baseline -0.002 -19"><span class='ocrx_word' id='word_1_290' title='bbox 1915 1554 1986 1607; x_wconf 91' lang='lat' dir='ltr'><strong>sit</strong></span> <span class='ocrx_word' id='word_1_291' title='bbox 2013 1593 2026 1617; x_wconf 96' lang='lat'><strong>,</strong></span> <span class='ocrx_word' id='word_1_292' title='bbox 2058 1554 2124 1608; x_wconf 90' lang='lat' dir='ltr'><strong>de</strong></span> <span class='ocrx_word' id='word_1_293' title='bbox 2156 1570 2262 1623; x_wconf 89' lang='lat' dir='ltr'><strong>quo</strong></span> <span class='ocrx_word' id='word_1_294' title='bbox 2292 1563 2372 1609; x_wconf 88' lang='lat' dir='ltr'><strong>est</strong></span> <span class='ocrx_word' id='word_1_295' title='bbox 2393 1596 2406 1621; x_wconf 93' lang='lat'><strong>,</strong></span> <span class='ocrx_word' id='word_1_296' title='bbox 2463 1562 2520 1609; x_wconf 93' lang='lat' dir='ltr'><strong>ut</strong></span> <span class='ocrx_word' id='word_1_297' title='bbox 2549 1570 2645 1625; x_wconf 90' lang='lat' dir='ltr'><strong>per</strong></span> <span class='ocrx_word' id='word_1_298' title='bbox 2669 1555 2925 1609; x_wconf 89' lang='lat' dir='ltr'><strong>unitatem</strong></span> <span class='ocrx_word' id='word_1_299' title='bbox 2956 1561 3160 1606; x_wconf 76' lang='lat' dir='ltr'><strong>natura:</strong></span> <span class='ocrx_word' id='word_1_300' title='bbox 3207 1552 3260 1604; x_wconf 91' lang='lat' dir='ltr'><strong>iu</strong></span> <span class='ocrx_word' id='word_1_301' title='bbox 3286 1551 3394 1604; x_wconf 89' lang='lat' dir='ltr'><strong>Deo</strong></span> <span class='ocrx_word' id='word_1_302' title='bbox 3413 1551 3504 1615; x_wconf 80' lang='lat' dir='ltr'><strong>sit,</strong></span> 
     </span>
    </p>
   </div>
   <div class='ocr_carea' id='block_1_34' title="bbox 1893 1641 3504 1712">
    <p class='ocr_par' dir='ltr' id='par_1_34' title="bbox 1893 1641 3504 1712">
     <span class='ocr_line' id='line_1_34' title="bbox 1893 1641 3504 1712; baseline -0.009 -6"><span class='ocrx_word' id='word_1_303' title='bbox 1893 1652 1970 1706; x_wconf 71' lang='grc' dir='ltr'><strong>,οι</strong></span> <span class='ocrx_word' id='word_1_304' title='bbox 1997 1659 2092 1712; x_wconf 87' lang='lat' dir='ltr'><strong>per</strong></span> <span class='ocrx_word' id='word_1_305' title='bbox 2119 1645 2361 1700; x_wconf 85' lang='lat' dir='ltr'><strong>eamdem</strong></span> <span class='ocrx_word' id='word_1_306' title='bbox 2388 1646 2649 1700; x_wconf 86' lang='lat' dir='ltr'><strong>unitatem</strong></span> <span class='ocrx_word' id='word_1_307' title='bbox 2679 1656 2881 1699; x_wconf 67' lang='lat' dir='ltr'><strong>natura:</strong></span> <span class='ocrx_word' id='word_1_308' title='bbox 2919 1659 3054 1698; x_wconf 90' lang='lat' dir='ltr'><strong>unus</strong></span> <span class='ocrx_word' id='word_1_309' title='bbox 3079 1658 3198 1696; x_wconf 91' lang='lat' dir='ltr'><strong>cum</strong></span> <span class='ocrx_word' id='word_1_310' title='bbox 3253 1641 3345 1696; x_wconf 90' lang='lat' dir='ltr'><strong>illo</strong></span> <span class='ocrx_word' id='word_1_311' title='bbox 3367 1641 3504 1696; x_wconf 83' lang='lat' dir='ltr'><strong>Deus</strong></span> 
     </span>
    </p>
   </div>
   <div class='ocr_carea' id='block_1_35' title="bbox 1914 1734 3505 1804">
    <p class='ocr_par' dir='ltr' id='par_1_35' title="bbox 1914 1734 3505 1804">
     <span class='ocr_line' id='line_1_35' title="bbox 1914 1734 3505 1804; baseline -0.001 -13"><span class='ocrx_word' id='word_1_312' title='bbox 1914 1739 2013 1804; x_wconf 88' lang='lat' dir='ltr'><strong>sit,</strong></span> <span class='ocrx_word' id='word_1_313' title='bbox 2055 1748 2110 1792; x_wconf 88' lang='lat' dir='ltr'><strong>ct</strong></span> <span class='ocrx_word' id='word_1_314' title='bbox 2157 1740 2248 1793; x_wconf 90' lang='lat' dir='ltr'><strong>illa</strong></span> <span class='ocrx_word' id='word_1_315' title='bbox 2278 1741 2454 1793; x_wconf 90' lang='lat' dir='ltr'><strong>anima</strong></span> <span class='ocrx_word' id='word_1_316' title='bbox 2485 1740 2644 1794; x_wconf 86' lang='lat' dir='ltr'><strong>simul</strong></span> <span class='ocrx_word' id='word_1_317' title='bbox 2683 1755 2803 1794; x_wconf 88' lang='lat' dir='ltr'><strong>cum</strong></span> <span class='ocrx_word' id='word_1_318' title='bbox 2835 1754 3001 1793; x_wconf 85' lang='lat' dir='ltr'><strong>carne</strong></span> <span class='ocrx_word' id='word_1_319' title='bbox 3045 1745 3292 1804; x_wconf 87' lang='lat' dir='ltr'><strong>suscepta</strong></span> <span class='ocrx_word' id='word_1_320' title='bbox 3346 1734 3505 1790; x_wconf 78' lang='lat' dir='ltr'><strong>fuerit</strong></span> 
     </span>
    </p>
   </div>
   <div class='ocr_carea' id='block_1_36' title="bbox 1915 1827 3496 1898">
    <p class='ocr_par' dir='ltr' id='par_1_36' title="bbox 1915 1827 3496 1898">
     <span class='ocr_line' id='line_1_36' title="bbox 1915 1827 3496 1898; baseline -0.001 -17"><span class='ocrx_word' id='word_1_321' title='bbox 1915 1828 1982 1882; x_wconf 86' lang='lat' dir='ltr'><strong>ab</strong></span> <span class='ocrx_word' id='word_1_322' title='bbox 2009 1829 2282 1898; x_wconf 89' lang='lat' dir='ltr'><strong>uuigcnito</strong></span> <span class='ocrx_word' id='word_1_323' title='bbox 2314 1831 2446 1897; x_wconf 83' lang='lat' dir='ltr'><strong>Deo,</strong></span> <span class='ocrx_word' id='word_1_324' title='bbox 2477 1842 2535 1884; x_wconf 90' lang='lat' dir='ltr'><strong>ut</strong></span> <span class='ocrx_word' id='word_1_325' title='bbox 2564 1831 2721 1884; x_wconf 90' lang='lat' dir='ltr'><strong>simul</strong></span> <span class='ocrx_word' id='word_1_326' title='bbox 2753 1831 2806 1884; x_wconf 91' lang='lat' dir='ltr'><strong>in</strong></span> <span class='ocrx_word' id='word_1_327' title='bbox 2833 1829 3048 1883; x_wconf 88' lang='lat' dir='ltr'><strong>Christo</strong></span> <span class='ocrx_word' id='word_1_328' title='bbox 3075 1836 3129 1882; x_wconf 89' lang='lat' dir='ltr'><strong>et</strong></span> <span class='ocrx_word' id='word_1_329' title='bbox 3164 1827 3340 1880; x_wconf 89' lang='lat' dir='ltr'><strong>anima</strong></span> <span class='ocrx_word' id='word_1_330' title='bbox 3367 1841 3496 1880; x_wconf 87' lang='lat' dir='ltr'><strong>nos-</strong></span> 
     </span>
    </p>
   </div>
   <div class='ocr_carea' id='block_1_37' title="bbox 1913 1919 3501 1992">
    <p class='ocr_par' dir='ltr' id='par_1_37' title="bbox 1913 1919 3501 1992">
     <span class='ocr_line' id='line_1_37' title="bbox 1913 1919 3501 1992; baseline -0.004 -16"><span class='ocrx_word' id='word_1_331' title='bbox 1913 1932 1997 1977; x_wconf 88' lang='lat' dir='ltr'><strong>tra</strong></span> <span class='ocrx_word' id='word_1_332' title='bbox 2023 1923 2324 1989; x_wconf 78' lang='lat' dir='ltr'><strong>salvaretur</strong></span> <span class='ocrx_word' id='word_1_333' title='bbox 2353 1936 2408 1978; x_wconf 89' lang='lat' dir='ltr'><strong>et</strong></span> <span class='ocrx_word' id='word_1_334' title='bbox 2436 1939 2582 1978; x_wconf 91' lang='lat' dir='ltr'><strong>caro.</strong></span> <span class='ocrx_word' id='word_1_335' title='bbox 2624 1924 2668 1976; x_wconf 77' lang='lat' dir='ltr'><strong>A</strong></span> <span class='ocrx_word' id='word_1_336' title='bbox 2703 1938 2810 1992; x_wconf 90' lang='lat' dir='ltr'><strong>quo</strong></span> <span class='ocrx_word' id='word_1_337' title='bbox 2835 1921 3024 1992; x_wconf 88' lang='lat' dir='ltr'><strong>procul</strong></span> <span class='ocrx_word' id='word_1_338' title='bbox 3045 1919 3208 1974; x_wconf 85' lang='lat' dir='ltr'><strong>dubio</strong></span> <span class='ocrx_word' id='word_1_339' title='bbox 3239 1919 3328 1972; x_wconf 90' lang='lat' dir='ltr'><strong>ille</strong></span> <span class='ocrx_word' id='word_1_340' title='bbox 3357 1931 3501 1972; x_wconf 87' lang='lat' dir='ltr'><strong>sem-</strong></span> 
     </span>
    </p>
   </div>
   <div class='ocr_carea' id='block_1_38' title="bbox 1913 2006 3502 2085">
    <p class='ocr_par' dir='ltr' id='par_1_38' title="bbox 1913 2006 3502 2085">
     <span class='ocr_line' id='line_1_38' title="bbox 1913 2006 3502 2085; baseline -0.004 -17"><span class='ocrx_word' id='word_1_341' title='bbox 1913 2015 2178 2085; x_wconf 87' lang='lat' dir='ltr'><strong>piternam</strong></span> <span class='ocrx_word' id='word_1_342' title='bbox 2211 2023 2574 2085; x_wconf 86' lang='lat' dir='ltr'><strong>consequetur</strong></span> <span class='ocrx_word' id='word_1_343' title='bbox 2597 2014 2850 2080; x_wconf 83' lang='lat' dir='ltr'><strong>salutem,</strong></span> <span class='ocrx_word' id='word_1_344' title='bbox 2872 2012 2964 2080; x_wconf 90' lang='lat' dir='ltr'><strong>qui</strong></span> <span class='ocrx_word' id='word_1_345' title='bbox 2995 2012 3048 2065; x_wconf 90' lang='lat' dir='ltr'><strong>in</strong></span> <span class='ocrx_word' id='word_1_346' title='bbox 3077 2025 3143 2064; x_wconf 93' lang='lat' dir='ltr'><strong>eo</strong></span> <span class='ocrx_word' id='word_1_347' title='bbox 3174 2008 3369 2063; x_wconf 69' lang='lat' dir='ltr'><strong>divinae</strong></span> <span class='ocrx_word' id='word_1_348' title='bbox 3398 2006 3502 2062; x_wconf 83' lang='lat' dir='ltr'><strong>hu-</strong></span> 
     </span>
    </p>
   </div>
   <div class='ocr_carea' id='block_1_39' title="bbox 1912 2105 3339 2180">
    <p class='ocr_par' dir='ltr' id='par_1_39' title="bbox 1912 2105 3339 2180">
     <span class='ocr_line' id='line_1_39' title="bbox 1912 2105 3339 2180; baseline -0.004 -17"><span class='ocrx_word' id='word_1_349' title='bbox 1912 2124 2193 2179; x_wconf 82' lang='lat' dir='ltr'><strong>manaeque</strong></span> <span class='ocrx_word' id='word_1_350' title='bbox 2222 2117 2424 2164; x_wconf 70' lang='lat' dir='ltr'><strong>natura:</strong></span> <span class='ocrx_word' id='word_1_351' title='bbox 2457 2110 2672 2180; x_wconf 88' lang='lat' dir='ltr'><strong>plenam</strong></span> <span class='ocrx_word' id='word_1_352' title='bbox 2699 2107 3011 2175; x_wconf 82' lang='lat' dir='ltr'><strong>cognoverit</strong></span> <span class='ocrx_word' id='word_1_353' title='bbox 3033 2105 3339 2160; x_wconf 85' lang='lat' dir='ltr'><strong>veritatem.</strong></span> 
     </span>
    </p>
   </div>
   <div class='ocr_carea' id='block_1_40' title="bbox 225 2329 3473 2357">
    <p class='ocr_par' dir='ltr' id='par_1_40' title="bbox 1920 2329 3131 2334">
     <span class='ocr_line' id='line_1_40' title="bbox 1920 2329 3131 2334; baseline 0.002 -6"><span class='ocrx_word' id='word_1_354' title='bbox 1920 2329 3081 2334; x_wconf 44' lang='grc' dir='ltr'><strong>ᾖ</strong></span> <span class='ocrx_word' id='word_1_355' title='bbox 3122 2329 3131 2330; x_wconf 59' lang='lat'><strong><em>,</em></strong></span> 
     </span>
    </p>
   </div>
   <div class='ocr_carea' id='block_1_41' title="bbox 1325 2427 2550 2568">
    <p class='ocr_par' dir='ltr' id='par_1_41' title="bbox 1325 2427 2550 2568">
     <span class='ocr_line' id='line_1_41' title="bbox 1325 2427 2550 2568; baseline 0.002 -22"><span class='ocrx_word' id='word_1_356' title='bbox 1325 2434 1465 2546; x_wconf 75' lang='lat'><strong>~8-</strong></span> <span class='ocrx_word' id='word_1_357' title='bbox 1528 2427 2550 2568; x_wconf 68' lang='lat' dir='ltr'><strong>FULGENTI‘I</strong></span> 
     </span>
    </p>
   </div>
   <div class='ocr_carea' id='block_1_42' title="bbox 483 2619 3211 2766">
    <p class='ocr_par' dir='ltr' id='par_1_42' title="bbox 483 2619 3211 2766">
     <span class='ocr_line' id='line_1_42' title="bbox 483 2619 3211 2766; baseline 0.007 -19"><span class='ocrx_word' id='word_1_358' title='bbox 483 2620 1188 2762; x_wconf 81' lang='lat' dir='ltr'><strong>CONTRA</strong></span> <span class='ocrx_word' id='word_1_359' title='bbox 1277 2619 2058 2760; x_wconf 79' lang='lat' dir='ltr'><strong>ARIANOS</strong></span> <span class='ocrx_word' id='word_1_360' title='bbox 2143 2626 2666 2750; x_wconf 77' lang='lat' dir='ltr'>LIBER</span> <span class='ocrx_word' id='word_1_361' title='bbox 2749 2623 3211 2766; x_wconf 71' lang='lat' dir='ltr'><strong>UNUS.</strong></span> 
     </span>
    </p>
   </div>
   <div class='ocr_carea' id='block_1_43' title="bbox 712 2808 1808 2876">
    <p class='ocr_par' dir='ltr' id='par_1_43' title="bbox 712 2809 1808 2876">
     <span class='ocr_line' id='line_1_43' title="bbox 712 2809 1808 2876; baseline -0.005 -10"><span class='ocrx_word' id='word_1_362' title='bbox 712 2811 834 2866; x_wconf 70' lang='grc' dir='ltr'><strong>Α».</strong></span> <span class='ocrx_word' id='word_1_363' title='bbox 857 2811 1117 2874; x_wconf 64' lang='lat' dir='ltr'><strong>psam</strong></span> <span class='ocrx_word' id='word_1_364' title='bbox 1155 2809 1654 2876; x_wconf 67' lang='grc' dir='ltr'><strong>οωεατιουεε</strong></span> <span class='ocrx_word' id='word_1_365' title='bbox 1693 2813 1808 2873; x_wconf 65' lang='grc' dir='ltr'><strong>βε(</strong></span> 
     </span>
    </p>
   </div>
   <div class='ocr_carea' id='block_1_44' title="bbox 1915 2808 3013 2876">
    <p class='ocr_par' dir='ltr' id='par_1_44' title="bbox 1915 2808 3013 2871">
     <span class='ocr_line' id='line_1_44' title="bbox 1915 2808 3013 2871; baseline -0.006 0"><span class='ocrx_word' id='word_1_366' title='bbox 1915 2812 1955 2871; x_wconf 68' lang='grc' dir='ltr'><strong>Ι</strong></span> <span class='ocrx_word' id='word_1_367' title='bbox 1994 2813 2279 2868; x_wconf 58' lang='grc' dir='ltr'><strong>κεδνοὶ(</strong></span> <span class='ocrx_word' id='word_1_368' title='bbox 2285 2813 2538 2866; x_wconf 62' lang='lat' dir='ltr'><strong>MONS!</strong></span> <span class='ocrx_word' id='word_1_369' title='bbox 2577 2808 3013 2868; x_wconf 68' lang='grc' dir='ltr'><strong>οωιιιωευι.</strong></span> 
     </span>
    </p>
   </div>
   <div class='ocr_carea' id='block_1_45' title="bbox 289 2967 3502 3086">
    <p class='ocr_par' dir='ltr' id='par_1_45' title="bbox 289 2967 3502 3086">
     <span class='ocr_line' id='line_1_45' title="bbox 289 2967 3502 3086; baseline 0.002 -22"><span class='ocrx_word' id='word_1_370' title='bbox 289 3009 498 3064; x_wconf 81' lang='lat' dir='ltr'><strong>Dictum</strong></span> <span class='ocrx_word' id='word_1_371' title='bbox 527 3016 614 3065; x_wconf 84' lang='lat' dir='ltr'><strong>est</strong></span> <span class='ocrx_word' id='word_1_372' title='bbox 654 3008 866 3065; x_wconf 84' lang='lat' dir='ltr'><strong>Patrem</strong></span> <span class='ocrx_word' id='word_1_373' title='bbox 891 3010 962 3065; x_wconf 85' lang='lat' dir='ltr'><strong>de</strong></span> <span class='ocrx_word' id='word_1_374' title='bbox 977 3011 1180 3082; x_wconf 81' lang='lat' dir='ltr'><strong>seipse,</strong></span> <span class='ocrx_word' id='word_1_375' title='bbox 1209 3011 1312 3067; x_wconf 80' lang='lat' dir='ltr'><strong>hoc</strong></span> <span class='ocrx_word' id='word_1_376' title='bbox 1333 3021 1416 3068; x_wconf 88' lang='lat' dir='ltr'><strong>est</strong></span> <span class='ocrx_word' id='word_1_377' title='bbox 1437 3013 1504 3068; x_wconf 90' lang='lat' dir='ltr'><strong>de</strong></span> <span class='ocrx_word' id='word_1_378' title='bbox 1532 2967 1639 3074; x_wconf 75' lang='lat' dir='ltr'><strong>hoc</strong></span> <span class='ocrx_word' id='word_1_379' title='bbox 1657 3015 1805 3086; x_wconf 86' lang='lat' dir='ltr'><strong>quod</strong></span> <span class='ocrx_word' id='word_1_380' title='bbox 1906 3011 2235 3083; x_wconf 79' lang='lat' dir='ltr'><strong>signiﬁcant.</strong></span> <span class='ocrx_word' id='word_1_381' title='bbox 2279 3011 2578 3066; x_wconf 79' lang='lat' dir='ltr'><strong>Relativum</strong></span> <span class='ocrx_word' id='word_1_382' title='bbox 2606 3027 2737 3068; x_wconf 89' lang='lat' dir='ltr'><strong>vero</strong></span> <span class='ocrx_word' id='word_1_383' title='bbox 2767 3012 2899 3068; x_wconf 90' lang='lat' dir='ltr'><strong>illud</strong></span> <span class='ocrx_word' id='word_1_384' title='bbox 2945 3012 3199 3082; x_wconf 83' lang='lat' dir='ltr'><strong>dicimus,</strong></span> <span class='ocrx_word' id='word_1_385' title='bbox 3250 3011 3396 3083; x_wconf 84' lang='lat' dir='ltr'><strong>quod</strong></span> <span class='ocrx_word' id='word_1_386' title='bbox 3433 3013 3502 3072; x_wconf 77' lang='lat' dir='ltr'><strong>ad</strong></span> 
     </span>
    </p>
   </div>
   <div class='ocr_carea' id='block_1_46' title="bbox 213 3099 1806 3172">
    <p class='ocr_par' dir='ltr' id='par_1_46' title="bbox 213 3099 1806 3172">
     <span class='ocr_line' id='line_1_46' title="bbox 213 3099 1806 3172; baseline 0.005 -18"><span class='ocrx_word' id='word_1_387' title='bbox 213 3100 328 3171; x_wconf 79' lang='lat' dir='ltr'><strong>ipse</strong></span> <span class='ocrx_word' id='word_1_388' title='bbox 354 3109 463 3165; x_wconf 86' lang='lat' dir='ltr'><strong>est,</strong></span> <span class='ocrx_word' id='word_1_389' title='bbox 495 3099 837 3156; x_wconf 64' lang='lat' dir='ltr'><strong>inelabiiiter</strong></span> <span class='ocrx_word' id='word_1_390' title='bbox 852 3101 1046 3157; x_wconf 77' lang='lat' dir='ltr'><strong>Filium</strong></span> <span class='ocrx_word' id='word_1_391' title='bbox 1069 3104 1338 3172; x_wconf 69' lang='lat' dir='ltr'><strong>genuisse.</strong></span> <span class='ocrx_word' id='word_1_392' title='bbox 1377 3105 1674 3161; x_wconf 77' lang='lat' dir='ltr'><strong>Adauctum</strong></span> <span class='ocrx_word' id='word_1_393' title='bbox 1721 3113 1806 3162; x_wconf 81' lang='lat' dir='ltr'><strong>est</strong></span> 
     </span>
    </p>
   </div>
   <div class='ocr_carea' id='block_1_47' title="bbox 1913 3103 3504 3173">
    <p class='ocr_par' dir='ltr' id='par_1_47' title="bbox 1913 3103 3504 3173">
     <span class='ocr_line' id='line_1_47' title="bbox 1913 3103 3504 3173; baseline 0 -13"><span class='ocrx_word' id='word_1_394' title='bbox 1913 3105 2080 3160; x_wconf 88' lang='lat' dir='ltr'><strong>alium</strong></span> <span class='ocrx_word' id='word_1_395' title='bbox 2123 3105 2527 3173; x_wconf 76' lang='lat' dir='ltr'><strong>agnoscendum</strong></span> <span class='ocrx_word' id='word_1_396' title='bbox 2553 3103 2856 3172; x_wconf 74' lang='lat' dir='ltr'><strong>referimus,</strong></span> <span class='ocrx_word' id='word_1_397' title='bbox 2892 3112 2952 3160; x_wconf 86' lang='lat' dir='ltr'><strong>ut</strong></span> <span class='ocrx_word' id='word_1_398' title='bbox 2980 3104 3104 3159; x_wconf 90' lang='lat' dir='ltr'><strong>dum</strong></span> <span class='ocrx_word' id='word_1_399' title='bbox 3134 3119 3298 3160; x_wconf 90' lang='lat' dir='ltr'><strong>unum</strong></span> <span class='ocrx_word' id='word_1_400' title='bbox 3329 3105 3504 3160; x_wconf 80' lang='lat' dir='ltr'><strong>nomi-</strong></span> 
     </span>
    </p>
   </div>
   <div class='ocr_carea' id='block_1_48' title="bbox 217 3190 3504 3286">
    <p class='ocr_par' dir='ltr' id='par_1_48' title="bbox 217 3190 3504 3286">
     <span class='ocr_line' id='line_1_48' title="bbox 217 3190 3504 3286; baseline 0.002 -40"><span class='ocrx_word' id='word_1_401' title='bbox 217 3190 362 3260; x_wconf 74' lang='grc' dir='ltr'><strong>(μιοά</strong></span> <span class='ocrx_word' id='word_1_402' title='bbox 392 3207 504 3247; x_wconf 85' lang='lat' dir='ltr'><strong>non</strong></span> <span class='ocrx_word' id='word_1_403' title='bbox 533 3194 886 3260; x_wconf 79' lang='lat' dir='ltr'><strong>extrinsecus,</strong></span> <span class='ocrx_word' id='word_1_404' title='bbox 917 3195 1013 3250; x_wconf 82' lang='lat' dir='ltr'><strong>sed</strong></span> <span class='ocrx_word' id='word_1_405' title='bbox 1041 3211 1106 3250; x_wconf 73' lang='lat' dir='ltr'><strong>ex</strong></span> <span class='ocrx_word' id='word_1_406' title='bbox 1143 3197 1252 3252; x_wconf 89' lang='lat' dir='ltr'><strong>Deo</strong></span> <span class='ocrx_word' id='word_1_407' title='bbox 1284 3206 1467 3252; x_wconf 86' lang='lat' dir='ltr'><strong>natum</strong></span> <span class='ocrx_word' id='word_1_408' title='bbox 1498 3214 1634 3254; x_wconf 89' lang='lat' dir='ltr'><strong>esse.</strong></span> <span class='ocrx_word' id='word_1_409' title='bbox 1676 3194 1802 3255; x_wconf 61' lang='lat' dir='ltr'><strong>Haec</strong></span> <span class='ocrx_word' id='word_1_410' title='bbox 1827 3224 1875 3286; x_wconf 68' lang='grc' dir='ltr'><strong>ϐ</strong></span> <span class='ocrx_word' id='word_1_411' title='bbox 1911 3213 2104 3253; x_wconf 79' lang='lat' dir='ltr'><strong>namus</strong></span> <span class='ocrx_word' id='word_1_412' title='bbox 2127 3237 2143 3263; x_wconf 93' lang='lat'><strong>,</strong></span> <span class='ocrx_word' id='word_1_413' title='bbox 2197 3196 2360 3252; x_wconf 91' lang='lat' dir='ltr'><strong>alium</strong></span> <span class='ocrx_word' id='word_1_414' title='bbox 2389 3197 2862 3254; x_wconf 86' lang='lat' dir='ltr'><strong>demonstremus:</strong></span> <span class='ocrx_word' id='word_1_415' title='bbox 2911 3197 3055 3252; x_wconf 88' lang='lat' dir='ltr'><strong>sicut</strong></span> <span class='ocrx_word' id='word_1_416' title='bbox 3090 3197 3230 3252; x_wconf 90' lang='lat' dir='ltr'><strong>inter</strong></span> <span class='ocrx_word' id='word_1_417' title='bbox 3256 3197 3504 3253; x_wconf 88' lang='lat' dir='ltr'><strong>homines</strong></span> 
     </span>
    </p>
   </div>
   <div class='ocr_carea' id='block_1_49' title="bbox 213 3283 1804 3358">
    <p class='ocr_par' dir='ltr' id='par_1_49' title="bbox 213 3283 1804 3358">
     <span class='ocr_line' id='line_1_49' title="bbox 213 3283 1804 3358; baseline 0.005 -20"><span class='ocrx_word' id='word_1_418' title='bbox 213 3283 578 3352; x_wconf 79' lang='lat' dir='ltr'><strong>responsione</strong></span> <span class='ocrx_word' id='word_1_419' title='bbox 602 3299 704 3340; x_wconf 89' lang='lat' dir='ltr'><strong>non</strong></span> <span class='ocrx_word' id='word_1_420' title='bbox 734 3285 995 3356; x_wconf 77' lang='lat' dir='ltr'><strong>indigent,</strong></span> <span class='ocrx_word' id='word_1_421' title='bbox 1039 3289 1165 3358; x_wconf 85' lang='lat' dir='ltr'><strong>quia</strong></span> <span class='ocrx_word' id='word_1_422' title='bbox 1197 3286 1320 3344; x_wconf 84' lang='lat' dir='ltr'><strong>ﬁdei</strong></span> <span class='ocrx_word' id='word_1_423' title='bbox 1353 3299 1552 3345; x_wconf 69' lang='lat' dir='ltr'><strong>nostra:</strong></span> <span class='ocrx_word' id='word_1_424' title='bbox 1581 3307 1804 3346; x_wconf 79' lang='lat' dir='ltr'><strong>concur-</strong></span> 
     </span>
    </p>
   </div>
   <div class='ocr_carea' id='block_1_50' title="bbox 223 3375 370 3430">
    <p class='ocr_par' dir='ltr' id='par_1_50' title="bbox 223 3375 370 3430">
     <span class='ocr_line' id='line_1_50' title="bbox 223 3375 370 3430; baseline 0 -1"><span class='ocrx_word' id='word_1_425' title='bbox 223 3375 370 3430; x_wconf 84' lang='lat' dir='ltr'><strong>dant.</strong></span> 
     </span>
    </p>
   </div>
   <div class='ocr_carea' id='block_1_51' title="bbox 294 3465 1806 3538">
    <p class='ocr_par' dir='ltr' id='par_1_51' title="bbox 294 3465 1806 3538">
     <span class='ocr_line' id='line_1_51' title="bbox 294 3465 1806 3538; baseline 0.009 -19"><span class='ocrx_word' id='word_1_426' title='bbox 294 3465 536 3538; x_wconf 77' lang='lat' dir='ltr'><strong>Objectio</strong></span> <span class='ocrx_word' id='word_1_427' title='bbox 581 3472 769 3538; x_wconf 72' lang='lat' dir='ltr'><strong>prima.</strong></span> <span class='ocrx_word' id='word_1_428' title='bbox 809 3470 950 3538; x_wconf 74' lang='lat' dir='ltr'><strong>Quid</strong></span> <span class='ocrx_word' id='word_1_429' title='bbox 997 3470 1067 3526; x_wconf 83' lang='lat' dir='ltr'><strong>ad</strong></span> <span class='ocrx_word' id='word_1_430' title='bbox 1097 3473 1202 3528; x_wconf 91' lang='lat' dir='ltr'><strong>hoc</strong></span> <span class='ocrx_word' id='word_1_431' title='bbox 1248 3473 1462 3528; x_wconf 86' lang='lat' dir='ltr'><strong>dicitur.</strong></span> <span class='ocrx_word' id='word_1_432' title='bbox 1509 3475 1568 3530; x_wconf 79' lang='lat' dir='ltr'><strong>Si</strong></span> <span class='ocrx_word' id='word_1_433' title='bbox 1597 3492 1661 3534; x_wconf 68' lang='lat' dir='ltr'><strong>ea</strong></span> <span class='ocrx_word' id='word_1_434' title='bbox 1691 3475 1806 3533; x_wconf 82' lang='lat' dir='ltr'><strong>Deo</strong></span> 
     </span>
    </p>
   </div>
   <div class='ocr_carea' id='block_1_52' title="bbox 223 3561 1806 3631">
    <p class='ocr_par' dir='ltr' id='par_1_52' title="bbox 223 3561 1806 3631">
     <span class='ocr_line' id='line_1_52' title="bbox 223 3561 1806 3631; baseline 0.006 -19"><span class='ocrx_word' id='word_1_435' title='bbox 223 3568 373 3613; x_wconf 80' lang='lat' dir='ltr'><strong>natus</strong></span> <span class='ocrx_word' id='word_1_436' title='bbox 401 3567 512 3624; x_wconf 89' lang='lat' dir='ltr'><strong>est,</strong></span> <span class='ocrx_word' id='word_1_437' title='bbox 563 3569 648 3615; x_wconf 89' lang='lat' dir='ltr'><strong>est</strong></span> <span class='ocrx_word' id='word_1_438' title='bbox 676 3561 744 3618; x_wconf 86' lang='lat' dir='ltr'><strong>de</strong></span> <span class='ocrx_word' id='word_1_439' title='bbox 773 3562 914 3616; x_wconf 81' lang='lat' dir='ltr'><strong>intra</strong></span> <span class='ocrx_word' id='word_1_440' title='bbox 946 3562 1134 3631; x_wconf 82' lang='lat' dir='ltr'><strong>Deum,</strong></span> <span class='ocrx_word' id='word_1_441' title='bbox 1183 3563 1278 3618; x_wconf 86' lang='lat' dir='ltr'><strong>sed</strong></span> <span class='ocrx_word' id='word_1_442' title='bbox 1299 3566 1345 3618; x_wconf 87' lang='lat' dir='ltr'><strong>si</strong></span> <span class='ocrx_word' id='word_1_443' title='bbox 1369 3581 1477 3622; x_wconf 89' lang='lat' dir='ltr'><strong>non</strong></span> <span class='ocrx_word' id='word_1_444' title='bbox 1508 3576 1597 3620; x_wconf 90' lang='lat' dir='ltr'><strong>est</strong></span> <span class='ocrx_word' id='word_1_445' title='bbox 1624 3567 1689 3622; x_wconf 89' lang='lat' dir='ltr'><strong>de</strong></span> <span class='ocrx_word' id='word_1_446' title='bbox 1721 3568 1806 3622; x_wconf 90' lang='lat' dir='ltr'><strong>in-</strong></span> 
     </span>
    </p>
   </div>
   <div class='ocr_carea' id='block_1_53' title="bbox 227 3652 1808 3728">
    <p class='ocr_par' dir='ltr' id='par_1_53' title="bbox 227 3652 1808 3728">
     <span class='ocr_line' id='line_1_53' title="bbox 227 3652 1808 3728; baseline 0.008 -26"><span class='ocrx_word' id='word_1_447' title='bbox 227 3654 332 3714; x_wconf 80' lang='lat' dir='ltr'><strong>tra,</strong></span> <span class='ocrx_word' id='word_1_448' title='bbox 373 3666 481 3706; x_wconf 81' lang='lat' dir='ltr'><strong>nec</strong></span> <span class='ocrx_word' id='word_1_449' title='bbox 505 3665 574 3705; x_wconf 72' lang='lat' dir='ltr'><strong>ex</strong></span> <span class='ocrx_word' id='word_1_450' title='bbox 603 3652 721 3722; x_wconf 85' lang='lat' dir='ltr'><strong>ipso</strong></span> <span class='ocrx_word' id='word_1_451' title='bbox 748 3662 832 3709; x_wconf 85' lang='lat' dir='ltr'><strong>est</strong></span> <span class='ocrx_word' id='word_1_452' title='bbox 857 3671 870 3719; x_wconf 95' lang='lat'><strong>;</strong></span> <span class='ocrx_word' id='word_1_453' title='bbox 925 3656 971 3708; x_wconf 85' lang='lat' dir='ltr'><strong>si</strong></span> <span class='ocrx_word' id='word_1_454' title='bbox 999 3655 1164 3709; x_wconf 82' lang='lat' dir='ltr'><strong>modo</strong></span> <span class='ocrx_word' id='word_1_455' title='bbox 1193 3655 1447 3710; x_wconf 87' lang='lat' dir='ltr'><strong>vocabula</strong></span> <span class='ocrx_word' id='word_1_456' title='bbox 1471 3657 1679 3712; x_wconf 90' lang='lat' dir='ltr'><strong>diversa</strong></span> <span class='ocrx_word' id='word_1_457' title='bbox 1713 3676 1808 3728; x_wconf 83' lang='lat' dir='ltr'><strong>po-</strong></span> 
     </span>
    </p>
   </div>
   <div class='ocr_carea' id='block_1_54' title="bbox 227 3733 1806 3821">
    <p class='ocr_par' dir='ltr' id='par_1_54' title="bbox 227 3733 1806 3821">
     <span class='ocr_line' id='line_1_54' title="bbox 227 3733 1806 3821; baseline 0.005 -25"><span class='ocrx_word' id='word_1_458' title='bbox 227 3755 417 3798; x_wconf 79' lang='lat' dir='ltr'><strong>nuntur</strong></span> <span class='ocrx_word' id='word_1_459' title='bbox 441 3783 457 3807; x_wconf 94' lang='lat'><strong>,</strong></span> <span class='ocrx_word' id='word_1_460' title='bbox 509 3744 641 3814; x_wconf 86' lang='lat' dir='ltr'><strong>quid</strong></span> <span class='ocrx_word' id='word_1_461' title='bbox 691 3747 948 3816; x_wconf 83' lang='lat' dir='ltr'><strong>prodest,</strong></span> <span class='ocrx_word' id='word_1_462' title='bbox 1004 3749 1049 3803; x_wconf 88' lang='lat' dir='ltr'><strong>si</strong></span> <span class='ocrx_word' id='word_1_463' title='bbox 1096 3749 1212 3819; x_wconf 88' lang='lat' dir='ltr'><strong>ipsa</strong></span> <span class='ocrx_word' id='word_1_464' title='bbox 1251 3733 1450 3804; x_wconf 75' lang='lat' dir='ltr'><strong>veritas</strong></span> <span class='ocrx_word' id='word_1_465' title='bbox 1491 3767 1595 3806; x_wconf 90' lang='lat' dir='ltr'><strong>non</strong></span> <span class='ocrx_word' id='word_1_466' title='bbox 1639 3751 1806 3821; x_wconf 72' lang='lat' dir='ltr'><strong>proﬁ-</strong></span> 
     </span>
    </p>
   </div>
   <div class='ocr_carea' id='block_1_55' title="bbox 229 3839 444 3889">
    <p class='ocr_par' dir='ltr' id='par_1_55' title="bbox 229 3839 444 3889">
     <span class='ocr_line' id='line_1_55' title="bbox 229 3839 444 3889; baseline 0 0"><span class='ocrx_word' id='word_1_467' title='bbox 229 3842 397 3889; x_wconf 79' lang='lat' dir='ltr'><strong>teatur</strong></span> <span class='ocrx_word' id='word_1_468' title='bbox 415 3839 444 3889; x_wconf 68' lang='lat'><strong>7</strong></span> 
     </span>
    </p>
   </div>
   <div class='ocr_carea' id='block_1_56' title="bbox 300 3926 1808 3998">
    <p class='ocr_par' dir='ltr' id='par_1_56' title="bbox 300 3926 1808 3998">
     <span class='ocr_line' id='line_1_56' title="bbox 300 3926 1808 3998; baseline 0.006 -18"><span class='ocrx_word' id='word_1_469' title='bbox 300 3927 606 3998; x_wconf 69' lang='lat' dir='ltr'><strong>Responsio.</strong></span> <span class='ocrx_word' id='word_1_470' title='bbox 667 3926 926 3998; x_wconf 82' lang='lat' dir='ltr'><strong>Equidem</strong></span> <span class='ocrx_word' id='word_1_471' title='bbox 973 3931 1100 3986; x_wconf 86' lang='lat' dir='ltr'><strong>dum</strong></span> <span class='ocrx_word' id='word_1_472' title='bbox 1155 3933 1502 3989; x_wconf 90' lang='lat' dir='ltr'><strong>nominantur</strong></span> <span class='ocrx_word' id='word_1_473' title='bbox 1548 3933 1708 3990; x_wconf 86' lang='lat' dir='ltr'><strong>Pater</strong></span> <span class='ocrx_word' id='word_1_474' title='bbox 1750 3945 1808 3991; x_wconf 81' lang='lat' dir='ltr'><strong>et</strong></span> 
     </span>
    </p>
   </div>
   <div class='ocr_carea' id='block_1_57' title="bbox 229 4015 1802 4084">
    <p class='ocr_par' dir='ltr' id='par_1_57' title="bbox 229 4015 1802 4084">
     <span class='ocr_line' id='line_1_57' title="bbox 229 4015 1802 4084; baseline 0.008 -15"><span class='ocrx_word' id='word_1_475' title='bbox 229 4015 411 4082; x_wconf 73' lang='lat' dir='ltr'><strong>Filius,</strong></span> <span class='ocrx_word' id='word_1_476' title='bbox 439 4020 496 4074; x_wconf 88' lang='lat' dir='ltr'><strong>in</strong></span> <span class='ocrx_word' id='word_1_477' title='bbox 527 4019 614 4072; x_wconf 90' lang='lat' dir='ltr'><strong>his</strong></span> <span class='ocrx_word' id='word_1_478' title='bbox 643 4019 849 4084; x_wconf 84' lang='lat' dir='ltr'><strong>duobus</strong></span> <span class='ocrx_word' id='word_1_479' title='bbox 879 4022 1182 4078; x_wconf 88' lang='lat' dir='ltr'><strong>nominibus</strong></span> <span class='ocrx_word' id='word_1_480' title='bbox 1211 4025 1595 4079; x_wconf 78' lang='lat' dir='ltr'><strong>vocabulorum</strong></span> <span class='ocrx_word' id='word_1_481' title='bbox 1623 4025 1802 4082; x_wconf 77' lang='lat' dir='ltr'><strong>diver-</strong></span> 
     </span>
    </p>
   </div>
   <div class='ocr_carea' id='block_1_58' title="bbox 231 4108 1811 4184">
    <p class='ocr_par' dir='ltr' id='par_1_58' title="bbox 231 4108 1811 4184">
     <span class='ocr_line' id='line_1_58' title="bbox 231 4108 1811 4184; baseline 0.008 -23"><span class='ocrx_word' id='word_1_482' title='bbox 231 4108 349 4162; x_wconf 82' lang='lat' dir='ltr'><strong>sitas</strong></span> <span class='ocrx_word' id='word_1_483' title='bbox 372 4112 713 4179; x_wconf 80' lang='lat' dir='ltr'><strong>agnoscitur;</strong></span> <span class='ocrx_word' id='word_1_484' title='bbox 739 4109 864 4180; x_wconf 89' lang='lat' dir='ltr'><strong>quin</strong></span> <span class='ocrx_word' id='word_1_485' title='bbox 889 4114 1068 4183; x_wconf 86' lang='lat' dir='ltr'><strong>potius</strong></span> <span class='ocrx_word' id='word_1_486' title='bbox 1101 4130 1199 4183; x_wconf 86' lang='lat' dir='ltr'><strong>per</strong></span> <span class='ocrx_word' id='word_1_487' title='bbox 1224 4116 1337 4184; x_wconf 66' lang='lat' dir='ltr'><strong>haec</strong></span> <span class='ocrx_word' id='word_1_488' title='bbox 1357 4116 1463 4170; x_wconf 92' lang='lat' dir='ltr'><strong>duo</strong></span> <span class='ocrx_word' id='word_1_489' title='bbox 1489 4116 1696 4172; x_wconf 88' lang='lat' dir='ltr'><strong>diversa</strong></span> <span class='ocrx_word' id='word_1_490' title='bbox 1717 4135 1811 4173; x_wconf 50' lang='lat' dir='ltr'><strong>von</strong></span> 
     </span>
    </p>
   </div>
   <div class='ocr_carea' id='block_1_59' title="bbox 233 4201 1806 4278">
    <p class='ocr_par' dir='ltr' id='par_1_59' title="bbox 233 4201 1806 4278">
     <span class='ocr_line' id='line_1_59' title="bbox 233 4201 1806 4278; baseline 0.009 -26"><span class='ocrx_word' id='word_1_491' title='bbox 233 4201 404 4253; x_wconf 69' lang='lat' dir='ltr'><strong>nabula</strong></span> <span class='ocrx_word' id='word_1_492' title='bbox 436 4201 772 4270; x_wconf 90' lang='lat' dir='ltr'><strong>signiﬁcatur</strong></span> <span class='ocrx_word' id='word_1_493' title='bbox 813 4220 918 4258; x_wconf 90' lang='lat' dir='ltr'><strong>una</strong></span> <span class='ocrx_word' id='word_1_494' title='bbox 949 4206 1227 4274; x_wconf 87' lang='lat' dir='ltr'><strong>utriusque</strong></span> <span class='ocrx_word' id='word_1_495' title='bbox 1269 4216 1498 4262; x_wconf 89' lang='lat' dir='ltr'><strong>natura:</strong></span> <span class='ocrx_word' id='word_1_496' title='bbox 1551 4211 1806 4278; x_wconf 84' lang='lat' dir='ltr'><strong>quoniam</strong></span> 
     </span>
    </p>
   </div>
   <div class='ocr_carea' id='block_1_60' title="bbox 231 4292 1804 4374">
    <p class='ocr_par' dir='ltr' id='par_1_60' title="bbox 231 4292 1804 4374">
     <span class='ocr_line' id='line_1_60' title="bbox 231 4292 1804 4374; baseline 0.008 -30"><span class='ocrx_word' id='word_1_497' title='bbox 231 4292 446 4346; x_wconf 85' lang='lat' dir='ltr'><strong>istorum</strong></span> <span class='ocrx_word' id='word_1_498' title='bbox 499 4295 776 4348; x_wconf 89' lang='lat' dir='ltr'><strong>nominum</strong></span> <span class='ocrx_word' id='word_1_499' title='bbox 823 4295 1105 4352; x_wconf 79' lang='lat' dir='ltr'><strong>diversitas</strong></span> <span class='ocrx_word' id='word_1_500' title='bbox 1165 4314 1271 4354; x_wconf 91' lang='lat' dir='ltr'><strong>non</strong></span> <span class='ocrx_word' id='word_1_501' title='bbox 1320 4309 1538 4357; x_wconf 82' lang='lat' dir='ltr'><strong>naturas</strong></span> <span class='ocrx_word' id='word_1_502' title='bbox 1592 4301 1804 4374; x_wconf 85' lang='lat' dir='ltr'><strong>dividit,</strong></span> 
     </span>
    </p>
   </div>
   <div class='ocr_carea' id='block_1_61' title="bbox 231 4384 1805 4458">
    <p class='ocr_par' dir='ltr' id='par_1_61' title="bbox 231 4384 1805 4458">
     <span class='ocr_line' id='line_1_61' title="bbox 231 4384 1805 4458; baseline 0.009 -21"><span class='ocrx_word' id='word_1_503' title='bbox 231 4384 320 4437; x_wconf 84' lang='lat' dir='ltr'><strong>sed</strong></span> <span class='ocrx_word' id='word_1_504' title='bbox 337 4385 627 4440; x_wconf 82' lang='lat' dir='ltr'><strong>veritatem</strong></span> <span class='ocrx_word' id='word_1_505' title='bbox 657 4390 1019 4454; x_wconf 78' lang='lat' dir='ltr'><strong>generationis</strong></span> <span class='ocrx_word' id='word_1_506' title='bbox 1057 4391 1290 4446; x_wconf 86' lang='lat' dir='ltr'><strong>ostendit</strong></span> <span class='ocrx_word' id='word_1_507' title='bbox 1315 4433 1329 4458; x_wconf 93' lang='lat'><strong>,</strong></span> <span class='ocrx_word' id='word_1_508' title='bbox 1363 4402 1420 4447; x_wconf 90' lang='lat' dir='ltr'><strong>ut</strong></span> <span class='ocrx_word' id='word_1_509' title='bbox 1441 4409 1510 4449; x_wconf 81' lang='lat' dir='ltr'><strong>ex</strong></span> <span class='ocrx_word' id='word_1_510' title='bbox 1536 4411 1644 4450; x_wconf 91' lang='lat' dir='ltr'><strong>uno</strong></span> <span class='ocrx_word' id='word_1_511' title='bbox 1673 4410 1805 4451; x_wconf 88' lang='lat' dir='ltr'><strong>vero</strong></span> 
     </span>
    </p>
   </div>
   <div class='ocr_carea' id='block_1_62' title="bbox 230 4471 1801 4552">
    <p class='ocr_par' dir='ltr' id='par_1_62' title="bbox 230 4471 1801 4552">
     <span class='ocr_line' id='line_1_62' title="bbox 230 4471 1801 4552; baseline 0.009 -25"><span class='ocrx_word' id='word_1_512' title='bbox 230 4471 382 4530; x_wconf 81' lang='lat' dir='ltr'><strong>Patre</strong></span> <span class='ocrx_word' id='word_1_513' title='bbox 445 4493 612 4531; x_wconf 87' lang='lat' dir='ltr'><strong>unum</strong></span> <span class='ocrx_word' id='word_1_514' title='bbox 646 4493 836 4533; x_wconf 88' lang='lat' dir='ltr'><strong>verum</strong></span> <span class='ocrx_word' id='word_1_515' title='bbox 876 4495 1230 4549; x_wconf 85' lang='lat' dir='ltr'><strong>agnoscamus</strong></span> <span class='ocrx_word' id='word_1_516' title='bbox 1265 4483 1459 4539; x_wconf 90' lang='lat' dir='ltr'><strong>Filium</strong></span> <span class='ocrx_word' id='word_1_517' title='bbox 1492 4487 1801 4552; x_wconf 78' lang='lat' dir='ltr'><strong>exstitisse;</strong></span> 
     </span>
    </p>
   </div>
   <div class='ocr_carea' id='block_1_63' title="bbox 227 4567 1887 4663">
    <p class='ocr_par' dir='ltr' id='par_1_63' title="bbox 227 4567 1887 4663">
     <span class='ocr_line' id='line_1_63' title="bbox 227 4567 1887 4663; baseline 0.01 -44"><span class='ocrx_word' id='word_1_518' title='bbox 227 4579 285 4620; x_wconf 77' lang='lat' dir='ltr'><strong>ac</strong></span> <span class='ocrx_word' id='word_1_519' title='bbox 315 4567 428 4633; x_wconf 90' lang='lat' dir='ltr'><strong>sic,</strong></span> <span class='ocrx_word' id='word_1_520' title='bbox 479 4567 601 4622; x_wconf 90' lang='lat' dir='ltr'><strong>dum</strong></span> <span class='ocrx_word' id='word_1_521' title='bbox 632 4585 760 4624; x_wconf 91' lang='lat' dir='ltr'><strong>vera</strong></span> <span class='ocrx_word' id='word_1_522' title='bbox 793 4569 968 4629; x_wconf 86' lang='lat' dir='ltr'><strong>Patris</strong></span> <span class='ocrx_word' id='word_1_523' title='bbox 997 4576 1274 4641; x_wconf 82' lang='lat' dir='ltr'><strong>generatio</strong></span> <span class='ocrx_word' id='word_1_524' title='bbox 1322 4585 1376 4632; x_wconf 88' lang='lat' dir='ltr'><strong>et</strong></span> <span class='ocrx_word' id='word_1_525' title='bbox 1412 4593 1540 4633; x_wconf 89' lang='lat' dir='ltr'><strong>vera</strong></span> <span class='ocrx_word' id='word_1_526' title='bbox 1568 4578 1688 4634; x_wconf 86' lang='lat' dir='ltr'><strong>Filii</strong></span> <span class='ocrx_word' id='word_1_527' title='bbox 1717 4595 1811 4634; x_wconf 88' lang='lat' dir='ltr'><strong>na-</strong></span> <span class='ocrx_word' id='word_1_528' title='bbox 1833 4599 1887 4663; x_wconf 69' lang='grc' dir='ltr'><strong>ι)</strong></span> 
     </span>
    </p>
   </div>
   <div class='ocr_carea' id='block_1_64' title="bbox 130 4658 1804 4742">
    <p class='ocr_par' dir='ltr' id='par_1_64' title="bbox 130 4658 1804 4742">
     <span class='ocr_line' id='line_1_64' title="bbox 130 4658 1804 4742; baseline 0.012 -35"><span class='ocrx_word' id='word_1_529' title='bbox 130 4659 148 4671; x_wconf 89' lang='lat'><strong>’</strong></span> <span class='ocrx_word' id='word_1_530' title='bbox 225 4658 410 4711; x_wconf 86' lang='lat' dir='ltr'><strong>tivitas</strong></span> <span class='ocrx_word' id='word_1_531' title='bbox 458 4662 776 4728; x_wconf 67' lang='lat' dir='ltr'><strong>praedicatur</strong></span> <span class='ocrx_word' id='word_1_532' title='bbox 797 4705 812 4730; x_wconf 96' lang='lat'><strong>,</strong></span> <span class='ocrx_word' id='word_1_533' title='bbox 859 4665 912 4718; x_wconf 92' lang='lat' dir='ltr'><strong>in</strong></span> <span class='ocrx_word' id='word_1_534' title='bbox 962 4682 1067 4720; x_wconf 92' lang='lat' dir='ltr'><strong>uno</strong></span> <span class='ocrx_word' id='word_1_535' title='bbox 1096 4670 1339 4736; x_wconf 86' lang='lat' dir='ltr'><strong>genitore</strong></span> <span class='ocrx_word' id='word_1_536' title='bbox 1370 4671 1474 4742; x_wconf 79' lang='lat'><strong>52</strong></span> <span class='ocrx_word' id='word_1_537' title='bbox 1505 4678 1560 4725; x_wconf 90' lang='lat' dir='ltr'><strong>et</strong></span> <span class='ocrx_word' id='word_1_538' title='bbox 1583 4686 1688 4725; x_wconf 92' lang='lat' dir='ltr'><strong>uno</strong></span> <span class='ocrx_word' id='word_1_539' title='bbox 1710 4685 1804 4739; x_wconf 86' lang='lat' dir='ltr'><strong>ge-</strong></span> 
     </span>
    </p>
   </div>
   <div class='ocr_carea' id='block_1_65' title="bbox 222 4746 1803 4826">
    <p class='ocr_par' dir='ltr' id='par_1_65' title="bbox 222 4746 1803 4826">
     <span class='ocr_line' id='line_1_65' title="bbox 222 4746 1803 4826; baseline 0.011 -28"><span class='ocrx_word' id='word_1_540' title='bbox 222 4746 331 4800; x_wconf 90' lang='lat' dir='ltr'><strong>nito</strong></span> <span class='ocrx_word' id='word_1_541' title='bbox 361 4763 468 4801; x_wconf 86' lang='lat' dir='ltr'><strong>non</strong></span> <span class='ocrx_word' id='word_1_542' title='bbox 500 4751 672 4804; x_wconf 87' lang='lat' dir='ltr'><strong>solum</strong></span> <span class='ocrx_word' id='word_1_543' title='bbox 713 4753 890 4808; x_wconf 89' lang='lat' dir='ltr'><strong>unitas</strong></span> <span class='ocrx_word' id='word_1_544' title='bbox 931 4756 1242 4812; x_wconf 73' lang='lat' dir='ltr'><strong>substantia:</strong></span> <span class='ocrx_word' id='word_1_545' title='bbox 1267 4800 1282 4826; x_wconf 92' lang='lat'><strong>,</strong></span> <span class='ocrx_word' id='word_1_546' title='bbox 1328 4775 1514 4813; x_wconf 87' lang='lat' dir='ltr'><strong>verum</strong></span> <span class='ocrx_word' id='word_1_547' title='bbox 1561 4762 1719 4814; x_wconf 91' lang='lat' dir='ltr'><strong>etiam</strong></span> <span class='ocrx_word' id='word_1_548' title='bbox 1748 4761 1803 4816; x_wconf 91' lang='lat' dir='ltr'><strong>in</strong></span> 
     </span>
    </p>
   </div>
   <div class='ocr_carea' id='block_1_66' title="bbox 217 4846 1804 4926">
    <p class='ocr_par' dir='ltr' id='par_1_66' title="bbox 217 4846 1804 4926">
     <span class='ocr_line' id='line_1_66' title="bbox 217 4846 1804 4926; baseline 0.012 -36"><span class='ocrx_word' id='word_1_549' title='bbox 217 4854 324 4893; x_wconf 85' lang='lat' dir='ltr'><strong>uno</strong></span> <span class='ocrx_word' id='word_1_550' title='bbox 352 4846 898 4926; x_wconf 6' lang='lat' dir='ltr'><strong>quoqueqprOprietas</strong></span> <span class='ocrx_word' id='word_1_551' title='bbox 944 4850 1114 4916; x_wconf 88' lang='lat' dir='ltr'><strong>possit</strong></span> <span class='ocrx_word' id='word_1_552' title='bbox 1140 4852 1354 4917; x_wconf 85' lang='lat' dir='ltr'><strong>agnosci</strong></span> <span class='ocrx_word' id='word_1_553' title='bbox 1399 4867 1681 4920; x_wconf 68' lang='lat' dir='ltr'><strong>personae,</strong></span> <span class='ocrx_word' id='word_1_554' title='bbox 1735 4869 1804 4910; x_wconf 89' lang='lat' dir='ltr'><strong>ne</strong></span> 
     </span>
    </p>
   </div>
   <div class='ocr_carea' id='block_1_67' title="bbox 217 4933 1807 5014">
    <p class='ocr_par' dir='ltr' id='par_1_67' title="bbox 217 4933 1807 5014">
     <span class='ocr_line' id='line_1_67' title="bbox 217 4933 1807 5014; baseline 0.011 -32"><span class='ocrx_word' id='word_1_555' title='bbox 217 4940 310 4983; x_wconf 87' lang='lat' dir='ltr'><strong>aut</strong></span> <span class='ocrx_word' id='word_1_556' title='bbox 336 4933 452 5002; x_wconf 86' lang='lat' dir='ltr'><strong>ipse</strong></span> <span class='ocrx_word' id='word_1_557' title='bbox 480 4943 706 5004; x_wconf 87' lang='lat' dir='ltr'><strong>putetur</strong></span> <span class='ocrx_word' id='word_1_558' title='bbox 736 4946 892 4992; x_wconf 89' lang='lat' dir='ltr'><strong>natus</strong></span> <span class='ocrx_word' id='word_1_559' title='bbox 918 4953 1036 4994; x_wconf 89' lang='lat' dir='ltr'><strong>esse</strong></span> <span class='ocrx_word' id='word_1_560' title='bbox 1065 4942 1154 5009; x_wconf 90' lang='lat' dir='ltr'><strong>qui</strong></span> <span class='ocrx_word' id='word_1_561' title='bbox 1181 4943 1391 5010; x_wconf 82' lang='lat' dir='ltr'><strong>genuit,</strong></span> <span class='ocrx_word' id='word_1_562' title='bbox 1417 4951 1510 4997; x_wconf 91' lang='lat' dir='ltr'><strong>aut</strong></span> <span class='ocrx_word' id='word_1_563' title='bbox 1538 4943 1682 4998; x_wconf 87' lang='lat' dir='ltr'><strong>aliud</strong></span> <span class='ocrx_word' id='word_1_564' title='bbox 1712 4960 1807 5014; x_wconf 90' lang='lat' dir='ltr'><strong>pu-</strong></span> 
     </span>
    </p>
   </div>
   <div class='ocr_carea' id='block_1_68' title="bbox 213 5027 1800 5106">
    <p class='ocr_par' dir='ltr' id='par_1_68' title="bbox 213 5027 1800 5106">
     <span class='ocr_line' id='line_1_68' title="bbox 213 5027 1800 5106; baseline 0.011 -32"><span class='ocrx_word' id='word_1_565' title='bbox 213 5029 355 5077; x_wconf 82' lang='lat' dir='ltr'><strong>tetur</strong></span> <span class='ocrx_word' id='word_1_566' title='bbox 400 5039 526 5080; x_wconf 82' lang='lat' dir='ltr'><strong>esse</strong></span> <span class='ocrx_word' id='word_1_567' title='bbox 552 5027 646 5095; x_wconf 90' lang='lat' dir='ltr'><strong>qui</strong></span> <span class='ocrx_word' id='word_1_568' title='bbox 694 5037 850 5084; x_wconf 89' lang='lat' dir='ltr'><strong>natus</strong></span> <span class='ocrx_word' id='word_1_569' title='bbox 882 5039 963 5085; x_wconf 86' lang='lat' dir='ltr'><strong>est</strong></span> <span class='ocrx_word' id='word_1_570' title='bbox 1009 5047 1170 5101; x_wconf 89' lang='lat' dir='ltr'><strong>quam</strong></span> <span class='ocrx_word' id='word_1_571' title='bbox 1219 5042 1296 5088; x_wconf 87' lang='lat' dir='ltr'><strong>est</strong></span> <span class='ocrx_word' id='word_1_572' title='bbox 1327 5035 1415 5090; x_wconf 84' lang='lat' dir='ltr'><strong>ille</strong></span> <span class='ocrx_word' id='word_1_573' title='bbox 1463 5037 1554 5106; x_wconf 91' lang='lat' dir='ltr'><strong>qui</strong></span> <span class='ocrx_word' id='word_1_574' title='bbox 1598 5037 1800 5105; x_wconf 88' lang='lat' dir='ltr'><strong>genuit.</strong></span> 
     </span>
    </p>
   </div>
   <div class='ocr_carea' id='block_1_69' title="bbox 207 5111 1805 5197">
    <p class='ocr_par' dir='ltr' id='par_1_69' title="bbox 207 5111 1805 5197">
     <span class='ocr_line' id='line_1_69' title="bbox 207 5111 1805 5197; baseline 0.011 -30"><span class='ocrx_word' id='word_1_575' title='bbox 207 5111 333 5167; x_wconf 77' lang='lat' dir='ltr'><strong>Non</strong></span> <span class='ocrx_word' id='word_1_576' title='bbox 375 5117 525 5171; x_wconf 87' lang='lat' dir='ltr'><strong>enim</strong></span> <span class='ocrx_word' id='word_1_577' title='bbox 576 5118 693 5188; x_wconf 89' lang='lat' dir='ltr'><strong>ipse</strong></span> <span class='ocrx_word' id='word_1_578' title='bbox 742 5129 827 5174; x_wconf 89' lang='lat' dir='ltr'><strong>est</strong></span> <span class='ocrx_word' id='word_1_579' title='bbox 853 5119 1014 5177; x_wconf 88' lang='lat' dir='ltr'><strong>Pater</strong></span> <span class='ocrx_word' id='word_1_580' title='bbox 1055 5125 1146 5194; x_wconf 90' lang='lat' dir='ltr'><strong>qui</strong></span> <span class='ocrx_word' id='word_1_581' title='bbox 1192 5123 1355 5180; x_wconf 84' lang='lat' dir='ltr'><strong>Filius</strong></span> <span class='ocrx_word' id='word_1_582' title='bbox 1383 5169 1399 5196; x_wconf 92' lang='lat'><strong>,</strong></span> <span class='ocrx_word' id='word_1_583' title='bbox 1447 5119 1699 5197; x_wconf 88' lang='lat' dir='ltr'><strong>quoniam</strong></span> <span class='ocrx_word' id='word_1_584' title='bbox 1747 5129 1805 5184; x_wconf 90' lang='lat' dir='ltr'><strong>in</strong></span> 
     </span>
    </p>
   </div>
   <div class='ocr_carea' id='block_1_70' title="bbox 204 5214 1804 5288">
    <p class='ocr_par' dir='ltr' id='par_1_70' title="bbox 204 5214 1804 5288">
     <span class='ocr_line' id='line_1_70' title="bbox 204 5214 1804 5288; baseline 0.009 -29"><span class='ocrx_word' id='word_1_585' title='bbox 204 5214 444 5275; x_wconf 85' lang='lat' dir='ltr'><strong>utroque</strong></span> <span class='ocrx_word' id='word_1_586' title='bbox 469 5225 828 5279; x_wconf 89' lang='lat' dir='ltr'><strong>personarum</strong></span> <span class='ocrx_word' id='word_1_587' title='bbox 853 5215 1158 5284; x_wconf 86' lang='lat' dir='ltr'><strong>proprietas</strong></span> <span class='ocrx_word' id='word_1_588' title='bbox 1177 5225 1501 5272; x_wconf 89' lang='lat' dir='ltr'><strong>reservatur.</strong></span> <span class='ocrx_word' id='word_1_589' title='bbox 1528 5218 1632 5273; x_wconf 91' lang='lat' dir='ltr'><strong>Sed</strong></span> <span class='ocrx_word' id='word_1_590' title='bbox 1658 5217 1804 5288; x_wconf 91' lang='lat' dir='ltr'><strong>quod</strong></span> 
     </span>
    </p>
   </div>
   <div class='ocr_carea' id='block_1_71' title="bbox 201 5293 1806 5386">
    <p class='ocr_par' dir='ltr' id='par_1_71' title="bbox 201 5293 1806 5386">
     <span class='ocr_line' id='line_1_71' title="bbox 201 5293 1806 5386; baseline 0.01 -39"><span class='ocrx_word' id='word_1_591' title='bbox 201 5293 376 5350; x_wconf 82' lang='lat' dir='ltr'><strong>Pater</strong></span> <span class='ocrx_word' id='word_1_592' title='bbox 406 5306 489 5353; x_wconf 89' lang='lat' dir='ltr'><strong>est</strong></span> <span class='ocrx_word' id='word_1_593' title='bbox 513 5339 528 5362; x_wconf 93' lang='lat'><strong>,</strong></span> <span class='ocrx_word' id='word_1_594' title='bbox 561 5300 670 5355; x_wconf 87' lang='lat' dir='ltr'><strong>hoc</strong></span> <span class='ocrx_word' id='word_1_595' title='bbox 699 5309 780 5356; x_wconf 90' lang='lat' dir='ltr'><strong>est</strong></span> <span class='ocrx_word' id='word_1_596' title='bbox 807 5309 862 5357; x_wconf 90' lang='lat' dir='ltr'><strong>et</strong></span> <span class='ocrx_word' id='word_1_597' title='bbox 890 5303 1054 5359; x_wconf 89' lang='lat' dir='ltr'><strong>Filius</strong></span> <span class='ocrx_word' id='word_1_598' title='bbox 1078 5345 1093 5370; x_wconf 93' lang='lat'><strong>,</strong></span> <span class='ocrx_word' id='word_1_599' title='bbox 1139 5305 1266 5386; x_wconf 87' lang='lat' dir='ltr'><strong>quia</strong></span> <span class='ocrx_word' id='word_1_600' title='bbox 1286 5305 1351 5361; x_wconf 91' lang='lat' dir='ltr'><strong>dc</strong></span> <span class='ocrx_word' id='word_1_601' title='bbox 1382 5307 1492 5362; x_wconf 89' lang='lat' dir='ltr'><strong>Deo</strong></span> <span class='ocrx_word' id='word_1_602' title='bbox 1523 5308 1662 5362; x_wconf 91' lang='lat' dir='ltr'><strong>Deus</strong></span> <span class='ocrx_word' id='word_1_603' title='bbox 1690 5346 1706 5374; x_wconf 94' lang='lat'><strong>,</strong></span> <span class='ocrx_word' id='word_1_604' title='bbox 1735 5308 1806 5363; x_wconf 86' lang='lat' dir='ltr'><strong>de</strong></span> 
     </span>
    </p>
   </div>
   <div class='ocr_carea' id='block_1_72' title="bbox 195 5388 1805 5465">
    <p class='ocr_par' dir='ltr' id='par_1_72' title="bbox 195 5388 1805 5465">
     <span class='ocr_line' id='line_1_72' title="bbox 195 5388 1805 5465; baseline 0.007 -25"><span class='ocrx_word' id='word_1_605' title='bbox 195 5388 454 5458; x_wconf 79' lang='lat' dir='ltr'><strong>perfecto</strong></span> <span class='ocrx_word' id='word_1_606' title='bbox 477 5389 773 5459; x_wconf 79' lang='lat' dir='ltr'><strong>perlectus,</strong></span> <span class='ocrx_word' id='word_1_607' title='bbox 805 5392 872 5449; x_wconf 91' lang='lat' dir='ltr'><strong>de</strong></span> <span class='ocrx_word' id='word_1_608' title='bbox 901 5395 1163 5451; x_wconf 90' lang='lat' dir='ltr'><strong>immenso</strong></span> <span class='ocrx_word' id='word_1_609' title='bbox 1192 5396 1499 5465; x_wconf 89' lang='lat' dir='ltr'><strong>immensus,</strong></span> <span class='ocrx_word' id='word_1_610' title='bbox 1534 5399 1601 5452; x_wconf 88' lang='lat' dir='ltr'><strong>de</strong></span> <span class='ocrx_word' id='word_1_611' title='bbox 1628 5399 1805 5453; x_wconf 89' lang='lat' dir='ltr'><strong>omni-</strong></span> 
     </span>
    </p>
   </div>
   <div class='ocr_carea' id='block_1_73' title="bbox 190 5482 1806 5564">
    <p class='ocr_par' dir='ltr' id='par_1_73' title="bbox 190 5482 1806 5564">
     <span class='ocr_line' id='line_1_73' title="bbox 190 5482 1806 5564; baseline 0.007 -31"><span class='ocrx_word' id='word_1_612' title='bbox 190 5490 434 5542; x_wconf 76' lang='lat' dir='ltr'><strong>potente</strong></span> <span class='ocrx_word' id='word_1_613' title='bbox 463 5482 814 5553; x_wconf 89' lang='lat' dir='ltr'><strong>omnipotens</strong></span> <span class='ocrx_word' id='word_1_614' title='bbox 837 5527 854 5553; x_wconf 92' lang='lat'><strong>,</strong></span> <span class='ocrx_word' id='word_1_615' title='bbox 901 5485 970 5540; x_wconf 90' lang='lat' dir='ltr'><strong>dc</strong></span> <span class='ocrx_word' id='word_1_616' title='bbox 999 5495 1199 5552; x_wconf 62' lang='lat' dir='ltr'><strong>aeterno</strong></span> <span class='ocrx_word' id='word_1_617' title='bbox 1226 5487 1383 5542; x_wconf 89' lang='lat' dir='ltr'><strong>Patre</strong></span> <span class='ocrx_word' id='word_1_618' title='bbox 1423 5497 1579 5564; x_wconf 86' lang='lat' dir='ltr'><strong>natus</strong></span> <span class='ocrx_word' id='word_1_619' title='bbox 1608 5497 1689 5544; x_wconf 90' lang='lat' dir='ltr'><strong>est</strong></span> <span class='ocrx_word' id='word_1_620' title='bbox 1715 5488 1806 5544; x_wconf 88' lang='lat' dir='ltr'><strong>Fi-</strong></span> 
     </span>
    </p>
   </div>
   <div class='ocr_carea' id='block_1_74' title="bbox 185 5572 1809 5652">
    <p class='ocr_par' dir='ltr' id='par_1_74' title="bbox 185 5572 1809 5652">
     <span class='ocr_line' id='line_1_74' title="bbox 185 5572 1809 5652; baseline 0.007 -27"><span class='ocrx_word' id='word_1_621' title='bbox 185 5572 315 5626; x_wconf 83' lang='lat' dir='ltr'><strong>lius</strong></span> <span class='ocrx_word' id='word_1_622' title='bbox 342 5583 670 5641; x_wconf 66' lang='lat' dir='ltr'><strong>coaeternus,</strong></span> <span class='ocrx_word' id='word_1_623' title='bbox 704 5575 893 5631; x_wconf 89' lang='lat' dir='ltr'><strong>eadem</strong></span> <span class='ocrx_word' id='word_1_624' title='bbox 916 5578 1143 5634; x_wconf 86' lang='lat' dir='ltr'><strong>veritate</strong></span> <span class='ocrx_word' id='word_1_625' title='bbox 1172 5577 1382 5634; x_wconf 83' lang='lat' dir='ltr'><strong>dicente</strong></span> <span class='ocrx_word' id='word_1_626' title='bbox 1409 5597 1420 5631; x_wconf 92' lang='lat'>:</span> <span class='ocrx_word' id='word_1_627' title='bbox 1474 5579 1662 5634; x_wconf 82' lang='lat' dir='ltr'><strong>Omnia</strong></span> <span class='ocrx_word' id='word_1_628' title='bbox 1691 5598 1809 5652; x_wconf 72' lang='lat' dir='ltr'><strong>qua:</strong></span> 
     </span>
    </p>
   </div>
   <div class='ocr_carea' id='block_1_75' title="bbox 186 5666 1805 5751">
    <p class='ocr_par' dir='ltr' id='par_1_75' title="bbox 186 5666 1805 5751">
     <span class='ocr_line' id='line_1_75' title="bbox 186 5666 1805 5751; baseline 0.006 -33"><span class='ocrx_word' id='word_1_629' title='bbox 186 5667 363 5720; x_wconf 78' lang='lat' dir='ltr'><strong>habet</strong></span> <span class='ocrx_word' id='word_1_630' title='bbox 389 5666 575 5731; x_wconf 80' lang='lat' dir='ltr'><strong>Pater,</strong></span> <span class='ocrx_word' id='word_1_631' title='bbox 600 5685 716 5751; x_wconf 59' lang='lat' dir='ltr'><strong>mea</strong></span> <span class='ocrx_word' id='word_1_632' title='bbox 745 5678 864 5723; x_wconf 86' lang='lat' dir='ltr'><strong>sunt</strong></span> <span class='ocrx_word' id='word_1_633' title='bbox 892 5669 1068 5748; x_wconf 81' lang='lat' dir='ltr'><strong>(Joan.</strong></span> <span class='ocrx_word' id='word_1_634' title='bbox 1100 5687 1226 5733; x_wconf 84' lang='lat' dir='ltr'><strong>xvu,</strong></span> <span class='ocrx_word' id='word_1_635' title='bbox 1263 5671 1371 5741; x_wconf 83' lang='lat'><strong>10).</strong></span> <span class='ocrx_word' id='word_1_636' title='bbox 1405 5670 1564 5726; x_wconf 88' lang='lat' dir='ltr'><strong>Pater</strong></span> <span class='ocrx_word' id='word_1_637' title='bbox 1592 5687 1719 5741; x_wconf 86' lang='lat' dir='ltr'><strong>ergo</strong></span> <span class='ocrx_word' id='word_1_638' title='bbox 1748 5680 1805 5729; x_wconf 84' lang='lat' dir='ltr'><strong>et</strong></span> 
     </span>
    </p>
   </div>
   <div class='ocr_carea' id='block_1_76' title="bbox 183 5746 1807 5833">
    <p class='ocr_par' dir='ltr' id='par_1_76' title="bbox 183 5746 1807 5833">
     <span class='ocr_line' id='line_1_76' title="bbox 183 5746 1807 5833; baseline 0.004 -21"><span class='ocrx_word' id='word_1_639' title='bbox 183 5757 352 5814; x_wconf 72' lang='lat' dir='ltr'><strong>ﬁlifts</strong></span> <span class='ocrx_word' id='word_1_640' title='bbox 374 5759 607 5814; x_wconf 87' lang='lat' dir='ltr'><strong>relativa</strong></span> <span class='ocrx_word' id='word_1_641' title='bbox 629 5746 752 5816; x_wconf 76' lang='lat' dir='ltr'><strong>sunt</strong></span> <span class='ocrx_word' id='word_1_642' title='bbox 772 5746 1010 5830; x_wconf 86' lang='lat' dir='ltr'><strong>nomina,</strong></span> <span class='ocrx_word' id='word_1_643' title='bbox 1027 5779 1145 5833; x_wconf 71' lang='lat' dir='ltr'><strong>qua:</strong></span> <span class='ocrx_word' id='word_1_644' title='bbox 1169 5771 1410 5816; x_wconf 89' lang='lat' dir='ltr'><strong>naturam</strong></span> <span class='ocrx_word' id='word_1_645' title='bbox 1437 5763 1699 5833; x_wconf 82' lang='lat' dir='ltr'><strong>gignentis</strong></span> <span class='ocrx_word' id='word_1_646' title='bbox 1718 5777 1807 5832; x_wconf 85' lang='lat' dir='ltr'><strong>ge-</strong></span> 
     </span>
    </p>
   </div>
   <div class='ocr_carea' id='block_1_77' title="bbox 177 5853 1805 5924">
    <p class='ocr_par' dir='ltr' id='par_1_77' title="bbox 177 5853 1805 5924">
     <span class='ocr_line' id='line_1_77' title="bbox 177 5853 1805 5924; baseline 0.002 -14"><span class='ocrx_word' id='word_1_647' title='bbox 177 5855 421 5922; x_wconf 83' lang='lat' dir='ltr'><strong>nitique</strong></span> <span class='ocrx_word' id='word_1_648' title='bbox 465 5869 580 5912; x_wconf 91' lang='lat' dir='ltr'><strong>non</strong></span> <span class='ocrx_word' id='word_1_649' title='bbox 623 5863 902 5924; x_wconf 80' lang='lat' dir='ltr'><strong>separant,</strong></span> <span class='ocrx_word' id='word_1_650' title='bbox 953 5854 1048 5914; x_wconf 84' lang='lat' dir='ltr'><strong>sed</strong></span> <span class='ocrx_word' id='word_1_651' title='bbox 1097 5870 1258 5914; x_wconf 86' lang='lat' dir='ltr'><strong>unam</strong></span> <span class='ocrx_word' id='word_1_652' title='bbox 1308 5856 1423 5915; x_wconf 85' lang='lat' dir='ltr'><strong>sine</strong></span> <span class='ocrx_word' id='word_1_653' title='bbox 1468 5853 1805 5913; x_wconf 78' lang='lat' dir='ltr'><strong>dubitatione</strong></span> 
     </span>
    </p>
   </div>
   <div class='ocr_carea' id='block_1_78' title="bbox 1916 3287 3504 3360">
    <p class='ocr_par' dir='ltr' id='par_1_78' title="bbox 1916 3287 3504 3360">
     <span class='ocr_line' id='line_1_78' title="bbox 1916 3287 3504 3360; baseline 0 -16"><span class='ocrx_word' id='word_1_654' title='bbox 1916 3289 2032 3344; x_wconf 68' lang='lat' dir='ltr'><strong>haec</strong></span> <span class='ocrx_word' id='word_1_655' title='bbox 2061 3289 2279 3344; x_wconf 88' lang='lat' dir='ltr'><strong>relativa</strong></span> <span class='ocrx_word' id='word_1_656' title='bbox 2305 3291 2500 3359; x_wconf 68' lang='lat' dir='ltr'><strong>smpius</strong></span> <span class='ocrx_word' id='word_1_657' title='bbox 2528 3290 2871 3344; x_wconf 87' lang='lat' dir='ltr'><strong>nominantur</strong></span> <span class='ocrx_word' id='word_1_658' title='bbox 2899 3297 3054 3360; x_wconf 90' lang='lat' dir='ltr'><strong>pater</strong></span> <span class='ocrx_word' id='word_1_659' title='bbox 3081 3297 3138 3344; x_wconf 83' lang='lat' dir='ltr'><strong>et</strong></span> <span class='ocrx_word' id='word_1_660' title='bbox 3164 3287 3330 3354; x_wconf 80' lang='lat' dir='ltr'><strong>ﬁlius,</strong></span> <span class='ocrx_word' id='word_1_661' title='bbox 3364 3289 3504 3344; x_wconf 84' lang='lat' dir='ltr'><strong>ﬁlius</strong></span> 
     </span>
    </p>
   </div>
   <div class='ocr_carea' id='block_1_79' title="bbox 1915 3381 3504 3451">
    <p class='ocr_par' dir='ltr' id='par_1_79' title="bbox 1915 3381 3504 3451">
     <span class='ocr_line' id='line_1_79' title="bbox 1915 3381 3504 3451; baseline 0 -15"><span class='ocrx_word' id='word_1_662' title='bbox 1915 3387 1973 3436; x_wconf 91' lang='lat' dir='ltr'><strong>et</strong></span> <span class='ocrx_word' id='word_1_663' title='bbox 2001 3389 2153 3451; x_wconf 87' lang='lat' dir='ltr'><strong>pater</strong></span> <span class='ocrx_word' id='word_1_664' title='bbox 2172 3421 2186 3446; x_wconf 93' lang='lat'><strong>,</strong></span> <span class='ocrx_word' id='word_1_665' title='bbox 2218 3395 2376 3435; x_wconf 88' lang='lat' dir='ltr'><strong>socer</strong></span> <span class='ocrx_word' id='word_1_666' title='bbox 2401 3390 2456 3435; x_wconf 89' lang='lat' dir='ltr'><strong>et</strong></span> <span class='ocrx_word' id='word_1_667' title='bbox 2484 3395 2680 3449; x_wconf 87' lang='lat' dir='ltr'><strong>gener,</strong></span> <span class='ocrx_word' id='word_1_668' title='bbox 2713 3394 2878 3448; x_wconf 85' lang='lat' dir='ltr'><strong>gener</strong></span> <span class='ocrx_word' id='word_1_669' title='bbox 2903 3388 2962 3435; x_wconf 90' lang='lat' dir='ltr'><strong>et</strong></span> <span class='ocrx_word' id='word_1_670' title='bbox 2987 3396 3145 3436; x_wconf 90' lang='lat' dir='ltr'><strong>socer</strong></span> <span class='ocrx_word' id='word_1_671' title='bbox 3170 3398 3184 3446; x_wconf 91' lang='lat'>;</span> <span class='ocrx_word' id='word_1_672' title='bbox 3225 3397 3350 3435; x_wconf 87' lang='lat' dir='ltr'><strong>nam</strong></span> <span class='ocrx_word' id='word_1_673' title='bbox 3379 3381 3504 3436; x_wconf 89' lang='lat' dir='ltr'><strong>ideo</strong></span> 
     </span>
    </p>
   </div>
   <div class='ocr_carea' id='block_1_80' title="bbox 1917 3471 3504 3542">
    <p class='ocr_par' dir='ltr' id='par_1_80' title="bbox 1917 3471 3504 3542">
     <span class='ocr_line' id='line_1_80' title="bbox 1917 3471 3504 3542; baseline 0.001 -18"><span class='ocrx_word' id='word_1_674' title='bbox 1917 3480 2074 3542; x_wconf 86' lang='lat' dir='ltr'><strong>pater</strong></span> <span class='ocrx_word' id='word_1_675' title='bbox 2111 3471 2308 3525; x_wconf 89' lang='lat' dir='ltr'><strong>dicitur</strong></span> <span class='ocrx_word' id='word_1_676' title='bbox 2328 3512 2343 3537; x_wconf 97' lang='lat'><strong>,</strong></span> <span class='ocrx_word' id='word_1_677' title='bbox 2389 3479 2448 3525; x_wconf 93' lang='lat' dir='ltr'><strong>ut</strong></span> <span class='ocrx_word' id='word_1_678' title='bbox 2474 3471 2638 3526; x_wconf 82' lang='lat' dir='ltr'><strong>tilium</strong></span> <span class='ocrx_word' id='word_1_679' title='bbox 2665 3473 2914 3539; x_wconf 72' lang='lat' dir='ltr'><strong>genuisse</strong></span> <span class='ocrx_word' id='word_1_680' title='bbox 2945 3479 3201 3526; x_wconf 88' lang='lat' dir='ltr'><strong>noscatur</strong></span> <span class='ocrx_word' id='word_1_681' title='bbox 3227 3510 3243 3535; x_wconf 95' lang='lat'><strong>,</strong></span> <span class='ocrx_word' id='word_1_682' title='bbox 3282 3481 3337 3525; x_wconf 91' lang='lat' dir='ltr'><strong>et</strong></span> <span class='ocrx_word' id='word_1_683' title='bbox 3365 3471 3504 3526; x_wconf 78' lang='lat' dir='ltr'><strong>ﬁlius</strong></span> 
     </span>
    </p>
   </div>
   <div class='ocr_carea' id='block_1_81' title="bbox 1917 3561 3504 3632">
    <p class='ocr_par' dir='ltr' id='par_1_81' title="bbox 1917 3561 3504 3632">
     <span class='ocr_line' id='line_1_81' title="bbox 1917 3561 3504 3632; baseline 0.001 -14"><span class='ocrx_word' id='word_1_684' title='bbox 1917 3565 2040 3618; x_wconf 88' lang='lat' dir='ltr'><strong>ideo</strong></span> <span class='ocrx_word' id='word_1_685' title='bbox 2067 3563 2291 3628; x_wconf 90' lang='lat' dir='ltr'><strong>dicitur,</strong></span> <span class='ocrx_word' id='word_1_686' title='bbox 2323 3571 2380 3616; x_wconf 89' lang='lat' dir='ltr'><strong>ut</strong></span> <span class='ocrx_word' id='word_1_687' title='bbox 2408 3562 2478 3617; x_wconf 91' lang='lat' dir='ltr'><strong>de</strong></span> <span class='ocrx_word' id='word_1_688' title='bbox 2518 3572 2670 3632; x_wconf 89' lang='lat' dir='ltr'><strong>patre</strong></span> <span class='ocrx_word' id='word_1_689' title='bbox 2698 3564 2910 3630; x_wconf 83' lang='lat' dir='ltr'><strong>genitus</strong></span> <span class='ocrx_word' id='word_1_690' title='bbox 2937 3562 3353 3616; x_wconf 88' lang='lat' dir='ltr'><strong>demonstretur.</strong></span> <span class='ocrx_word' id='word_1_691' title='bbox 3395 3561 3504 3619; x_wconf 85' lang='lat' dir='ltr'><strong>Nec</strong></span> 
     </span>
    </p>
   </div>
   <div class='ocr_carea' id='block_1_82' title="bbox 1908 3651 3504 3709">
    <p class='ocr_par' dir='ltr' id='par_1_82' title="bbox 1908 3651 3504 3709">
     <span class='ocr_line' id='line_1_82' title="bbox 1908 3651 3504 3709; baseline -0.001 -1"><span class='ocrx_word' id='word_1_692' title='bbox 1908 3656 1971 3709; x_wconf 82' lang='lat' dir='ltr'><strong>in</strong></span> <span class='ocrx_word' id='word_1_693' title='bbox 2000 3656 2102 3709; x_wconf 88' lang='lat' dir='ltr'><strong>hac</strong></span> <span class='ocrx_word' id='word_1_694' title='bbox 2141 3654 2450 3709; x_wconf 85' lang='lat' dir='ltr'><strong>diversitate</strong></span> <span class='ocrx_word' id='word_1_695' title='bbox 2493 3655 2767 3708; x_wconf 89' lang='lat' dir='ltr'><strong>nominum</strong></span> <span class='ocrx_word' id='word_1_696' title='bbox 2809 3654 3080 3708; x_wconf 88' lang='lat' dir='ltr'><strong>invenitur</strong></span> <span class='ocrx_word' id='word_1_697' title='bbox 3106 3651 3389 3708; x_wconf 82' lang='lat' dir='ltr'><strong>diversitas</strong></span> <span class='ocrx_word' id='word_1_698' title='bbox 3417 3667 3504 3706; x_wconf 72' lang='lat' dir='ltr'><strong>na-</strong></span> 
     </span>
    </p>
   </div>
   <div class='ocr_carea' id='block_1_83' title="bbox 1921 3742 3591 3814">
    <p class='ocr_par' dir='ltr' id='par_1_83' title="bbox 1921 3742 3591 3814">
     <span class='ocr_line' id='line_1_83' title="bbox 1921 3742 3591 3814; baseline -0.004 -13"><span class='ocrx_word' id='word_1_699' title='bbox 1921 3757 2201 3811; x_wconf 88' lang='lat' dir='ltr'><strong>turarum,</strong></span> <span class='ocrx_word' id='word_1_700' title='bbox 2248 3745 2499 3814; x_wconf 86' lang='lat' dir='ltr'><strong>quoniam</strong></span> <span class='ocrx_word' id='word_1_701' title='bbox 2545 3752 2772 3812; x_wconf 86' lang='lat' dir='ltr'><strong>uterque</strong></span> <span class='ocrx_word' id='word_1_702' title='bbox 2818 3743 3068 3797; x_wconf 89' lang='lat' dir='ltr'><strong>similiter</strong></span> <span class='ocrx_word' id='word_1_703' title='bbox 3096 3742 3257 3797; x_wconf 88' lang='lat' dir='ltr'><strong>homo</strong></span> <span class='ocrx_word' id='word_1_704' title='bbox 3286 3742 3501 3808; x_wconf 88' lang='lat' dir='ltr'><strong>dicitur,</strong></span> <span class='ocrx_word' id='word_1_705' title='bbox 3587 3790 3591 3794; x_wconf 88' lang='lat'><strong>.</strong></span> 
     </span>
    </p>
   </div>
   <div class='ocr_carea' id='block_1_84' title="bbox 1917 3835 3503 3914">
    <p class='ocr_par' dir='ltr' id='par_1_84' title="bbox 1917 3835 3503 3914">
     <span class='ocr_line' id='line_1_84' title="bbox 1917 3835 3503 3914; baseline -0.002 -20"><span class='ocrx_word' id='word_1_706' title='bbox 1917 3839 2165 3914; x_wconf 87' lang='lat' dir='ltr'><strong>quamvis</strong></span> <span class='ocrx_word' id='word_1_707' title='bbox 2202 3854 2340 3892; x_wconf 88' lang='lat' dir='ltr'><strong>unus</strong></span> <span class='ocrx_word' id='word_1_708' title='bbox 2379 3846 2532 3907; x_wconf 90' lang='lat' dir='ltr'><strong>pater</strong></span> <span class='ocrx_word' id='word_1_709' title='bbox 2575 3844 2631 3891; x_wconf 90' lang='lat' dir='ltr'><strong>et</strong></span> <span class='ocrx_word' id='word_1_710' title='bbox 2660 3836 2794 3891; x_wconf 88' lang='lat' dir='ltr'><strong>alius</strong></span> <span class='ocrx_word' id='word_1_711' title='bbox 2823 3835 2962 3889; x_wconf 89' lang='lat' dir='ltr'><strong>ﬁlius</strong></span> <span class='ocrx_word' id='word_1_712' title='bbox 2987 3844 3342 3906; x_wconf 86' lang='lat' dir='ltr'><strong>nuncupetur.</strong></span> <span class='ocrx_word' id='word_1_713' title='bbox 3387 3835 3503 3891; x_wconf 78' lang='lat' dir='ltr'><strong>Non</strong></span> 
     </span>
    </p>
   </div>
   <div class='ocr_carea' id='block_1_85' title="bbox 1920 3925 3504 4000">
    <p class='ocr_par' dir='ltr' id='par_1_85' title="bbox 1920 3925 3504 4000">
     <span class='ocr_line' id='line_1_85' title="bbox 1920 3925 3504 4000; baseline -0.001 -15"><span class='ocrx_word' id='word_1_714' title='bbox 1920 3946 2051 3999; x_wconf 84' lang='lat' dir='ltr'><strong>ergo</strong></span> <span class='ocrx_word' id='word_1_715' title='bbox 2096 3930 2262 4000; x_wconf 90' lang='lat' dir='ltr'><strong>patris</strong></span> <span class='ocrx_word' id='word_1_716' title='bbox 2309 3937 2365 3983; x_wconf 87' lang='lat' dir='ltr'><strong>et</strong></span> <span class='ocrx_word' id='word_1_717' title='bbox 2407 3927 2497 3982; x_wconf 90' lang='lat' dir='ltr'><strong>ﬁlii</strong></span> <span class='ocrx_word' id='word_1_718' title='bbox 2541 3935 2723 3997; x_wconf 88' lang='lat' dir='ltr'><strong>posset</strong></span> <span class='ocrx_word' id='word_1_719' title='bbox 2752 3942 2854 3981; x_wconf 91' lang='lat' dir='ltr'><strong>una</strong></span> <span class='ocrx_word' id='word_1_720' title='bbox 2887 3927 3139 3994; x_wconf 82' lang='lat' dir='ltr'><strong>cognosci</strong></span> <span class='ocrx_word' id='word_1_721' title='bbox 3169 3934 3358 3981; x_wconf 87' lang='lat' dir='ltr'><strong>natura</strong></span> <span class='ocrx_word' id='word_1_722' title='bbox 3386 3967 3400 3992; x_wconf 95' lang='lat'><strong>,</strong></span> <span class='ocrx_word' id='word_1_723' title='bbox 3456 3925 3504 3984; x_wconf 84' lang='lat' dir='ltr'><strong>si</strong></span> 
     </span>
    </p>
   </div>
   <div class='ocr_carea' id='block_1_86' title="bbox 1915 4017 3504 4089">
    <p class='ocr_par' dir='ltr' id='par_1_86' title="bbox 1915 4017 3504 4089">
     <span class='ocr_line' id='line_1_86' title="bbox 1915 4017 3504 4089; baseline -0.002 -12"><span class='ocrx_word' id='word_1_724' title='bbox 1915 4024 2034 4077; x_wconf 61' lang='lat' dir='ltr'><strong>haec</strong></span> <span class='ocrx_word' id='word_1_725' title='bbox 2064 4037 2170 4076; x_wconf 89' lang='lat' dir='ltr'><strong>non</strong></span> <span class='ocrx_word' id='word_1_726' title='bbox 2201 4029 2382 4076; x_wconf 86' lang='lat' dir='ltr'><strong>essent</strong></span> <span class='ocrx_word' id='word_1_727' title='bbox 2406 4019 2617 4074; x_wconf 89' lang='lat' dir='ltr'><strong>diversa</strong></span> <span class='ocrx_word' id='word_1_728' title='bbox 2646 4019 2934 4084; x_wconf 88' lang='lat' dir='ltr'><strong>vocabula,</strong></span> <span class='ocrx_word' id='word_1_729' title='bbox 2989 4020 3241 4089; x_wconf 82' lang='lat' dir='ltr'><strong>quoniam</strong></span> <span class='ocrx_word' id='word_1_730' title='bbox 3270 4019 3315 4073; x_wconf 90' lang='lat' dir='ltr'><strong>si</strong></span> <span class='ocrx_word' id='word_1_731' title='bbox 3346 4017 3504 4074; x_wconf 82' lang='lat' dir='ltr'><strong>ambo</strong></span> 
     </span>
    </p>
   </div>
   <div class='ocr_carea' id='block_1_87' title="bbox 1917 4109 3503 4183">
    <p class='ocr_par' dir='ltr' id='par_1_87' title="bbox 1917 4109 3503 4183">
     <span class='ocr_line' id='line_1_87' title="bbox 1917 4109 3503 4183; baseline -0.004 -15"><span class='ocrx_word' id='word_1_732' title='bbox 1917 4120 2243 4168; x_wconf 86' lang='lat' dir='ltr'><strong>vocarentur</strong></span> <span class='ocrx_word' id='word_1_733' title='bbox 2269 4121 2470 4183; x_wconf 88' lang='lat' dir='ltr'><strong>patres,</strong></span> <span class='ocrx_word' id='word_1_734' title='bbox 2501 4119 2682 4166; x_wconf 90' lang='lat' dir='ltr'><strong>essent</strong></span> <span class='ocrx_word' id='word_1_735' title='bbox 2710 4110 2952 4180; x_wconf 71' lang='lat' dir='ltr'><strong>proiecto</strong></span> <span class='ocrx_word' id='word_1_736' title='bbox 2973 4118 3162 4164; x_wconf 86' lang='lat' dir='ltr'><strong>natura</strong></span> <span class='ocrx_word' id='word_1_737' title='bbox 3181 4109 3503 4165; x_wconf 80' lang='lat' dir='ltr'><strong>dissimiles:</strong></span> 
     </span>
    </p>
   </div>
   <div class='ocr_carea' id='block_1_88' title="bbox 1918 4204 3504 4276">
    <p class='ocr_par' dir='ltr' id='par_1_88' title="bbox 1918 4204 3504 4276">
     <span class='ocr_line' id='line_1_88' title="bbox 1918 4204 3504 4276; baseline -0.004 -14"><span class='ocrx_word' id='word_1_738' title='bbox 1918 4207 2288 4276; x_wconf 86' lang='lat' dir='ltr'><strong>unusquisque</strong></span> <span class='ocrx_word' id='word_1_739' title='bbox 2338 4205 2479 4260; x_wconf 89' lang='lat' dir='ltr'><strong>enim</strong></span> <span class='ocrx_word' id='word_1_740' title='bbox 2509 4220 2577 4259; x_wconf 78' lang='lat' dir='ltr'><strong>ex</strong></span> <span class='ocrx_word' id='word_1_741' title='bbox 2609 4204 2900 4274; x_wconf 88' lang='lat' dir='ltr'><strong>semetipso</strong></span> <span class='ocrx_word' id='word_1_742' title='bbox 2946 4210 3218 4258; x_wconf 86' lang='lat' dir='ltr'><strong>constaret</strong></span> <span class='ocrx_word' id='word_1_743' title='bbox 3268 4209 3322 4256; x_wconf 87' lang='lat' dir='ltr'><strong>et</strong></span> <span class='ocrx_word' id='word_1_744' title='bbox 3351 4217 3504 4256; x_wconf 89' lang='lat' dir='ltr'><strong>com-</strong></span> 
     </span>
    </p>
   </div>
   <div class='ocr_carea' id='block_1_89' title="bbox 1918 4293 3504 4358">
    <p class='ocr_par' dir='ltr' id='par_1_89' title="bbox 1918 4293 3504 4358">
     <span class='ocr_line' id='line_1_89' title="bbox 1918 4293 3504 4358; baseline -0.003 -6"><span class='ocrx_word' id='word_1_745' title='bbox 1918 4312 2142 4352; x_wconf 87' lang='lat' dir='ltr'><strong>munem</strong></span> <span class='ocrx_word' id='word_1_746' title='bbox 2172 4296 2525 4352; x_wconf 86' lang='lat' dir='ltr'><strong>substantiam</strong></span> <span class='ocrx_word' id='word_1_747' title='bbox 2556 4310 2679 4349; x_wconf 88' lang='lat' dir='ltr'><strong>cum</strong></span> <span class='ocrx_word' id='word_1_748' title='bbox 2722 4293 2892 4348; x_wconf 90' lang='lat' dir='ltr'><strong>altero</strong></span> <span class='ocrx_word' id='word_1_749' title='bbox 2941 4309 3047 4348; x_wconf 90' lang='lat' dir='ltr'><strong>non</strong></span> <span class='ocrx_word' id='word_1_750' title='bbox 3089 4293 3350 4358; x_wconf 82' lang='lat' dir='ltr'><strong>haberet,</strong></span> <span class='ocrx_word' id='word_1_751' title='bbox 3404 4307 3504 4348; x_wconf 87' lang='lat' dir='ltr'><strong>nec</strong></span> 
     </span>
    </p>
   </div>
   <div class='ocr_carea' id='block_1_90' title="bbox 1916 4387 3504 4458">
    <p class='ocr_par' dir='ltr' id='par_1_90' title="bbox 1916 4387 3504 4458">
     <span class='ocr_line' id='line_1_90' title="bbox 1916 4387 3504 4458; baseline -0.005 -13"><span class='ocrx_word' id='word_1_752' title='bbox 1916 4389 2094 4445; x_wconf 84' lang='lat' dir='ltr'><strong>deitas</strong></span> <span class='ocrx_word' id='word_1_753' title='bbox 2121 4404 2225 4443; x_wconf 89' lang='lat' dir='ltr'><strong>una</strong></span> <span class='ocrx_word' id='word_1_754' title='bbox 2247 4396 2390 4444; x_wconf 89' lang='lat' dir='ltr'><strong>esset</strong></span> <span class='ocrx_word' id='word_1_755' title='bbox 2413 4427 2427 4452; x_wconf 95' lang='lat'><strong>,</strong></span> <span class='ocrx_word' id='word_1_756' title='bbox 2455 4387 2648 4458; x_wconf 89' lang='lat' dir='ltr'><strong>quibus</strong></span> <span class='ocrx_word' id='word_1_757' title='bbox 2674 4402 2777 4440; x_wconf 91' lang='lat' dir='ltr'><strong>una</strong></span> <span class='ocrx_word' id='word_1_758' title='bbox 2809 4392 3001 4439; x_wconf 89' lang='lat' dir='ltr'><strong>natura</strong></span> <span class='ocrx_word' id='word_1_759' title='bbox 3026 4400 3134 4438; x_wconf 89' lang='lat' dir='ltr'><strong>non</strong></span> <span class='ocrx_word' id='word_1_760' title='bbox 3163 4392 3306 4438; x_wconf 91' lang='lat' dir='ltr'><strong>esset</strong></span> <span class='ocrx_word' id='word_1_761' title='bbox 3333 4401 3347 4449; x_wconf 91' lang='lat'><strong>;</strong></span> <span class='ocrx_word' id='word_1_762' title='bbox 3375 4397 3504 4438; x_wconf 69' lang='lat' dir='ltr'><strong>con-</strong></span> 
     </span>
    </p>
   </div>
   <div class='ocr_carea' id='block_1_91' title="bbox 1916 4475 3501 4550">
    <p class='ocr_par' dir='ltr' id='par_1_91' title="bbox 1916 4475 3501 4550">
     <span class='ocr_line' id='line_1_91' title="bbox 1916 4475 3501 4550; baseline -0.004 -15"><span class='ocrx_word' id='word_1_763' title='bbox 1916 4495 2154 4549; x_wconf 90' lang='lat' dir='ltr'><strong>sequens</strong></span> <span class='ocrx_word' id='word_1_764' title='bbox 2181 4487 2359 4534; x_wconf 90' lang='lat' dir='ltr'><strong>autem</strong></span> <span class='ocrx_word' id='word_1_765' title='bbox 2387 4477 2486 4532; x_wconf 83' lang='lat' dir='ltr'><strong>fuit</strong></span> <span class='ocrx_word' id='word_1_766' title='bbox 2531 4486 2590 4531; x_wconf 91' lang='lat' dir='ltr'><strong>ut</strong></span> <span class='ocrx_word' id='word_1_767' title='bbox 2640 4477 2747 4532; x_wconf 90' lang='lat' dir='ltr'><strong>duo</strong></span> <span class='ocrx_word' id='word_1_768' title='bbox 2773 4485 2954 4550; x_wconf 87' lang='lat' dir='ltr'><strong>patres</strong></span> <span class='ocrx_word' id='word_1_769' title='bbox 2979 4475 3116 4530; x_wconf 92' lang='lat' dir='ltr'><strong>duos</strong></span> <span class='ocrx_word' id='word_1_770' title='bbox 3147 4475 3285 4530; x_wconf 85' lang='lat' dir='ltr'><strong>ﬁlios</strong></span> <span class='ocrx_word' id='word_1_771' title='bbox 3311 4475 3501 4544; x_wconf 85' lang='lat' dir='ltr'><strong>gigne-</strong></span> 
     </span>
    </p>
   </div>
   <div class='ocr_carea' id='block_1_92' title="bbox 1915 4567 3501 4649">
    <p class='ocr_par' dir='ltr' id='par_1_92' title="bbox 1915 4567 3501 4649">
     <span class='ocr_line' id='line_1_92' title="bbox 1915 4567 3501 4649; baseline -0.007 -21"><span class='ocrx_word' id='word_1_772' title='bbox 1915 4582 2045 4628; x_wconf 84' lang='lat' dir='ltr'><strong>rent</strong></span> <span class='ocrx_word' id='word_1_773' title='bbox 2068 4611 2083 4636; x_wconf 95' lang='lat'><strong>,</strong></span> <span class='ocrx_word' id='word_1_774' title='bbox 2114 4572 2369 4642; x_wconf 90' lang='lat' dir='ltr'><strong>quoniam</strong></span> <span class='ocrx_word' id='word_1_775' title='bbox 2392 4571 2494 4624; x_wconf 87' lang='lat' dir='ltr'><strong>nisi</strong></span> <span class='ocrx_word' id='word_1_776' title='bbox 2523 4585 2650 4625; x_wconf 89' lang='lat' dir='ltr'><strong>vera</strong></span> <span class='ocrx_word' id='word_1_777' title='bbox 2681 4569 2748 4623; x_wconf 90' lang='lat' dir='ltr'><strong>de</strong></span> <span class='ocrx_word' id='word_1_778' title='bbox 2776 4567 2998 4638; x_wconf 86' lang='lat' dir='ltr'><strong>singulis</strong></span> <span class='ocrx_word' id='word_1_779' title='bbox 3023 4567 3201 4637; x_wconf 87' lang='lat' dir='ltr'><strong>proles</strong></span> <span class='ocrx_word' id='word_1_780' title='bbox 3227 4568 3501 4649; x_wconf 80' lang='lat' dir='ltr'><strong>existeret,</strong></span> 
     </span>
    </p>
   </div>
   <div class='ocr_carea' id='block_1_93' title="bbox 1915 4660 3504 4737">
    <p class='ocr_par' dir='ltr' id='par_1_93' title="bbox 1915 4660 3504 4737">
     <span class='ocr_line' id='line_1_93' title="bbox 1915 4660 3504 4737; baseline -0.004 -18"><span class='ocrx_word' id='word_1_781' title='bbox 1915 4665 2135 4737; x_wconf 80' lang='lat' dir='ltr'><strong>paterni</strong></span> <span class='ocrx_word' id='word_1_782' title='bbox 2165 4665 2396 4719; x_wconf 89' lang='lat' dir='ltr'><strong>nominis</strong></span> <span class='ocrx_word' id='word_1_783' title='bbox 2423 4663 2474 4717; x_wconf 91' lang='lat' dir='ltr'><strong>iu</strong></span> <span class='ocrx_word' id='word_1_784' title='bbox 2506 4663 2654 4716; x_wconf 89' lang='lat' dir='ltr'><strong>nullo</strong></span> <span class='ocrx_word' id='word_1_785' title='bbox 2676 4663 2872 4716; x_wconf 90' lang='lat' dir='ltr'><strong>veritas</strong></span> <span class='ocrx_word' id='word_1_786' title='bbox 2900 4669 3203 4731; x_wconf 89' lang='lat' dir='ltr'><strong>appareret.</strong></span> <span class='ocrx_word' id='word_1_787' title='bbox 3237 4660 3351 4713; x_wconf 87' lang='lat' dir='ltr'><strong>Jam</strong></span> <span class='ocrx_word' id='word_1_788' title='bbox 3373 4674 3504 4713; x_wconf 88' lang='lat' dir='ltr'><strong>vero</strong></span> 
     </span>
    </p>
   </div>
   <div class='ocr_carea' id='block_1_94' title="bbox 1906 4749 3504 4819">
    <p class='ocr_par' dir='ltr' id='par_1_94' title="bbox 1906 4749 3504 4819">
     <span class='ocr_line' id='line_1_94' title="bbox 1906 4749 3504 4819; baseline -0.006 -9"><span class='ocrx_word' id='word_1_789' title='bbox 1906 4755 1978 4810; x_wconf 86' lang='lat' dir='ltr'><strong>in</strong></span> <span class='ocrx_word' id='word_1_790' title='bbox 2006 4753 2214 4808; x_wconf 92' lang='lat' dir='ltr'><strong>duobus</strong></span> <span class='ocrx_word' id='word_1_791' title='bbox 2240 4751 2362 4810; x_wconf 86' lang='lat' dir='ltr'><strong>ﬁliis</strong></span> <span class='ocrx_word' id='word_1_792' title='bbox 2389 4752 2456 4806; x_wconf 91' lang='lat' dir='ltr'><strong>de</strong></span> <span class='ocrx_word' id='word_1_793' title='bbox 2481 4751 2702 4806; x_wconf 88' lang='lat' dir='ltr'><strong>diversis</strong></span> <span class='ocrx_word' id='word_1_794' title='bbox 2723 4752 2963 4819; x_wconf 89' lang='lat' dir='ltr'><strong>patribus</strong></span> <span class='ocrx_word' id='word_1_795' title='bbox 2983 4750 3138 4814; x_wconf 89' lang='lat' dir='ltr'><strong>natis,</strong></span> <span class='ocrx_word' id='word_1_796' title='bbox 3171 4749 3296 4802; x_wconf 89' lang='lat' dir='ltr'><strong>licet</strong></span> <span class='ocrx_word' id='word_1_797' title='bbox 3322 4755 3504 4816; x_wconf 83' lang='lat' dir='ltr'><strong>posset</strong></span> 
     </span>
    </p>
   </div>
   <div class='ocr_carea' id='block_1_95' title="bbox 1925 4840 3504 4909">
    <p class='ocr_par' dir='ltr' id='par_1_95' title="bbox 1925 4840 3504 4909">
     <span class='ocr_line' id='line_1_95' title="bbox 1925 4840 3504 4909; baseline -0.005 -6"><span class='ocrx_word' id='word_1_798' title='bbox 1925 4865 2034 4903; x_wconf 93' lang='lat' dir='ltr'><strong>non</strong></span> <span class='ocrx_word' id='word_1_799' title='bbox 2066 4861 2184 4902; x_wconf 89' lang='lat' dir='ltr'><strong>esse</strong></span> <span class='ocrx_word' id='word_1_800' title='bbox 2213 4845 2497 4900; x_wconf 88' lang='lat' dir='ltr'><strong>diversitas</strong></span> <span class='ocrx_word' id='word_1_801' title='bbox 2525 4842 2732 4897; x_wconf 88' lang='lat' dir='ltr'><strong>relativi</strong></span> <span class='ocrx_word' id='word_1_802' title='bbox 2764 4842 2994 4896; x_wconf 88' lang='lat' dir='ltr'><strong>nominis</strong></span> <span class='ocrx_word' id='word_1_803' title='bbox 3017 4883 3034 4909; x_wconf 87' lang='lat'><strong>,</strong></span> <span class='ocrx_word' id='word_1_804' title='bbox 3072 4840 3380 4893; x_wconf 87' lang='lat' dir='ltr'><strong>attendatur</strong></span> <span class='ocrx_word' id='word_1_805' title='bbox 3403 4881 3415 4904; x_wconf 94' lang='lat'><strong>,</strong></span> <span class='ocrx_word' id='word_1_806' title='bbox 3457 4841 3504 4895; x_wconf 87' lang='lat' dir='ltr'><strong>si</strong></span> 
     </span>
    </p>
   </div>
   <div class='ocr_carea' id='block_1_96' title="bbox 1923 4931 3503 5010">
    <p class='ocr_par' dir='ltr' id='par_1_96' title="bbox 1923 4931 3503 5010">
     <span class='ocr_line' id='line_1_96' title="bbox 1923 4931 3503 5010; baseline -0.005 -16"><span class='ocrx_word' id='word_1_807' title='bbox 1923 4946 2109 5010; x_wconf 87' lang='lat' dir='ltr'><strong>posset</strong></span> <span class='ocrx_word' id='word_1_808' title='bbox 2135 4953 2255 4993; x_wconf 90' lang='lat' dir='ltr'><strong>esse</strong></span> <span class='ocrx_word' id='word_1_809' title='bbox 2295 4945 2486 4991; x_wconf 86' lang='lat' dir='ltr'><strong>natura</strong></span> <span class='ocrx_word' id='word_1_810' title='bbox 2528 4933 2847 4991; x_wconf 89' lang='lat' dir='ltr'><strong>communis.</strong></span> <span class='ocrx_word' id='word_1_811' title='bbox 2889 4933 3018 4999; x_wconf 86' lang='lat' dir='ltr'><strong>Quis</strong></span> <span class='ocrx_word' id='word_1_812' title='bbox 3047 4947 3152 4985; x_wconf 92' lang='lat' dir='ltr'><strong>non</strong></span> <span class='ocrx_word' id='word_1_813' title='bbox 3182 4931 3359 4985; x_wconf 88' lang='lat' dir='ltr'><strong>videat</strong></span> <span class='ocrx_word' id='word_1_814' title='bbox 3384 4973 3398 4997; x_wconf 94' lang='lat'><strong>,</strong></span> <span class='ocrx_word' id='word_1_815' title='bbox 3451 4932 3503 4986; x_wconf 92' lang='lat' dir='ltr'><strong>iu</strong></span> 
     </span>
    </p>
   </div>
   <div class='ocr_carea' id='block_1_97' title="bbox 1921 5023 3504 5100">
    <p class='ocr_par' dir='ltr' id='par_1_97' title="bbox 1921 5023 3504 5100">
     <span class='ocr_line' id='line_1_97' title="bbox 1921 5023 3504 5100; baseline -0.005 -15"><span class='ocrx_word' id='word_1_816' title='bbox 1921 5039 2154 5100; x_wconf 89' lang='lat' dir='ltr'><strong>utroque</strong></span> <span class='ocrx_word' id='word_1_817' title='bbox 2185 5029 2278 5083; x_wconf 88' lang='lat' dir='ltr'><strong>ﬁlii</strong></span> <span class='ocrx_word' id='word_1_818' title='bbox 2300 5043 2496 5084; x_wconf 85' lang='lat' dir='ltr'><strong>nomen</strong></span> <span class='ocrx_word' id='word_1_819' title='bbox 2525 5042 2690 5081; x_wconf 90' lang='lat' dir='ltr'><strong>unum</strong></span> <span class='ocrx_word' id='word_1_820' title='bbox 2716 5040 2834 5080; x_wconf 91' lang='lat' dir='ltr'><strong>esse</strong></span> <span class='ocrx_word' id='word_1_821' title='bbox 2857 5063 2872 5088; x_wconf 93' lang='lat'><strong>,</strong></span> <span class='ocrx_word' id='word_1_822' title='bbox 2917 5024 3011 5078; x_wconf 91' lang='lat' dir='ltr'><strong>sed</strong></span> <span class='ocrx_word' id='word_1_823' title='bbox 3043 5023 3318 5092; x_wconf 85' lang='lat' dir='ltr'><strong>utriusque</strong></span> <span class='ocrx_word' id='word_1_824' title='bbox 3349 5030 3504 5077; x_wconf 83' lang='lat' dir='ltr'><strong>natu-</strong></span> 
     </span>
    </p>
   </div>
   <div class='ocr_carea' id='block_1_98' title="bbox 1922 5114 3503 5184">
    <p class='ocr_par' dir='ltr' id='par_1_98' title="bbox 1922 5114 3503 5184">
     <span class='ocr_line' id='line_1_98' title="bbox 1922 5114 3503 5184; baseline -0.008 -9"><span class='ocrx_word' id='word_1_825' title='bbox 1922 5137 2039 5176; x_wconf 89' lang='lat' dir='ltr'><strong>ram</strong></span> <span class='ocrx_word' id='word_1_826' title='bbox 2066 5137 2227 5175; x_wconf 90' lang='lat' dir='ltr'><strong>unam</strong></span> <span class='ocrx_word' id='word_1_827' title='bbox 2253 5134 2361 5174; x_wconf 90' lang='lat' dir='ltr'><strong>non</strong></span> <span class='ocrx_word' id='word_1_828' title='bbox 2382 5119 2546 5174; x_wconf 86' lang='lat' dir='ltr'><strong>esse?</strong></span> <span class='ocrx_word' id='word_1_829' title='bbox 2575 5116 2739 5184; x_wconf 88' lang='lat' dir='ltr'><strong>Magis</strong></span> <span class='ocrx_word' id='word_1_830' title='bbox 2768 5123 2945 5169; x_wconf 89' lang='lat' dir='ltr'><strong>autem</strong></span> <span class='ocrx_word' id='word_1_831' title='bbox 2974 5128 3408 5184; x_wconf 88' lang='lat' dir='ltr'><strong>unumquemque</strong></span> <span class='ocrx_word' id='word_1_832' title='bbox 3439 5114 3503 5164; x_wconf 82' lang='lat' dir='ltr'><strong>ti-</strong></span> 
     </span>
    </p>
   </div>
   <div class='ocr_carea' id='block_1_99' title="bbox 1920 5204 3505 5275">
    <p class='ocr_par' dir='ltr' id='par_1_99' title="bbox 1920 5204 3505 5275">
     <span class='ocr_line' id='line_1_99' title="bbox 1920 5204 3505 5275; baseline -0.004 -8"><span class='ocrx_word' id='word_1_833' title='bbox 1920 5212 2056 5267; x_wconf 87' lang='lat' dir='ltr'><strong>lium</strong></span> <span class='ocrx_word' id='word_1_834' title='bbox 2089 5228 2197 5267; x_wconf 90' lang='lat' dir='ltr'><strong>non</strong></span> <span class='ocrx_word' id='word_1_835' title='bbox 2225 5226 2348 5266; x_wconf 89' lang='lat' dir='ltr'><strong>cum</strong></span> <span class='ocrx_word' id='word_1_836' title='bbox 2376 5210 2549 5264; x_wconf 91' lang='lat' dir='ltr'><strong>altero</strong></span> <span class='ocrx_word' id='word_1_837' title='bbox 2581 5205 2708 5272; x_wconf 82' lang='lat' dir='ltr'><strong>tilio,</strong></span> <span class='ocrx_word' id='word_1_838' title='bbox 2751 5221 2872 5260; x_wconf 91' lang='lat' dir='ltr'><strong>cum</strong></span> <span class='ocrx_word' id='word_1_839' title='bbox 2901 5220 3010 5275; x_wconf 83' lang='lat' dir='ltr'><strong>quo</strong></span> <span class='ocrx_word' id='word_1_840' title='bbox 3037 5220 3201 5260; x_wconf 90' lang='lat' dir='ltr'><strong>unum</strong></span> <span class='ocrx_word' id='word_1_841' title='bbox 3224 5204 3505 5260; x_wconf 84' lang='lat' dir='ltr'><strong>relationis</strong></span> 
     </span>
    </p>
   </div>
   <div class='ocr_carea' id='block_1_100' title="bbox 1921 5295 3501 5368">
    <p class='ocr_par' dir='ltr' id='par_1_100' title="bbox 1921 5295 3501 5368">
     <span class='ocr_line' id='line_1_100' title="bbox 1921 5295 3501 5368; baseline -0.008 -10"><span class='ocrx_word' id='word_1_842' title='bbox 1921 5303 2112 5358; x_wconf 87' lang='lat' dir='ltr'><strong>habuit</strong></span> <span class='ocrx_word' id='word_1_843' title='bbox 2148 5316 2343 5357; x_wconf 90' lang='lat' dir='ltr'><strong>nomen</strong></span> <span class='ocrx_word' id='word_1_844' title='bbox 2368 5339 2385 5367; x_wconf 88' lang='lat'><strong>,</strong></span> <span class='ocrx_word' id='word_1_845' title='bbox 2431 5298 2525 5356; x_wconf 89' lang='lat' dir='ltr'><strong>sed</strong></span> <span class='ocrx_word' id='word_1_846' title='bbox 2552 5312 2674 5352; x_wconf 91' lang='lat' dir='ltr'><strong>cum</strong></span> <span class='ocrx_word' id='word_1_847' title='bbox 2703 5303 2856 5368; x_wconf 89' lang='lat' dir='ltr'><strong>patre</strong></span> <span class='ocrx_word' id='word_1_848' title='bbox 2880 5337 2894 5363; x_wconf 95' lang='lat'><strong>,</strong></span> <span class='ocrx_word' id='word_1_849' title='bbox 2943 5296 3011 5353; x_wconf 91' lang='lat' dir='ltr'><strong>de</strong></span> <span class='ocrx_word' id='word_1_850' title='bbox 3044 5313 3150 5367; x_wconf 90' lang='lat' dir='ltr'><strong>quo</strong></span> <span class='ocrx_word' id='word_1_851' title='bbox 3193 5295 3501 5360; x_wconf 82' lang='lat' dir='ltr'><strong>exstiterat,</strong></span> 
     </span>
    </p>
   </div>
   <div class='ocr_carea' id='block_1_101' title="bbox 1919 5380 3495 5460">
    <p class='ocr_par' dir='ltr' id='par_1_101' title="bbox 1919 5380 3495 5460">
     <span class='ocr_line' id='line_1_101' title="bbox 1919 5380 3495 5460; baseline -0.006 -13"><span class='ocrx_word' id='word_1_852' title='bbox 1919 5401 2166 5447; x_wconf 89' lang='lat' dir='ltr'><strong>naturam</strong></span> <span class='ocrx_word' id='word_1_853' title='bbox 2205 5380 2409 5445; x_wconf 87' lang='lat' dir='ltr'><strong>habere</strong></span> <span class='ocrx_word' id='word_1_854' title='bbox 2437 5403 2794 5445; x_wconf 90' lang='lat' dir='ltr'><strong>communem.</strong></span> <span class='ocrx_word' id='word_1_855' title='bbox 2837 5388 2943 5444; x_wconf 88' lang='lat' dir='ltr'><strong>Sed</strong></span> <span class='ocrx_word' id='word_1_856' title='bbox 2986 5388 3112 5460; x_wconf 88' lang='lat' dir='ltr'><strong>quid</strong></span> <span class='ocrx_word' id='word_1_857' title='bbox 3155 5385 3378 5440; x_wconf 87' lang='lat' dir='ltr'><strong>ulterius</strong></span> <span class='ocrx_word' id='word_1_858' title='bbox 3427 5384 3495 5438; x_wconf 85' lang='lat' dir='ltr'><strong>de</strong></span> 
     </span>
    </p>
   </div>
   <div class='ocr_carea' id='block_1_102' title="bbox 1915 5475 3498 5553">
    <p class='ocr_par' dir='ltr' id='par_1_102' title="bbox 1915 5475 3498 5553">
     <span class='ocr_line' id='line_1_102' title="bbox 1915 5475 3498 5553; baseline -0.008 -14"><span class='ocrx_word' id='word_1_859' title='bbox 1915 5481 2128 5539; x_wconf 83' lang='lat' dir='ltr'><strong>duobus</strong></span> <span class='ocrx_word' id='word_1_860' title='bbox 2156 5481 2394 5553; x_wconf 87' lang='lat' dir='ltr'><strong>patribus</strong></span> <span class='ocrx_word' id='word_1_861' title='bbox 2419 5520 2434 5546; x_wconf 90' lang='lat'><strong>,</strong></span> <span class='ocrx_word' id='word_1_862' title='bbox 2479 5478 2792 5549; x_wconf 90' lang='lat' dir='ltr'><strong>duobusque</strong></span> <span class='ocrx_word' id='word_1_863' title='bbox 2834 5477 2955 5533; x_wconf 88' lang='lat' dir='ltr'><strong>ﬁliis</strong></span> <span class='ocrx_word' id='word_1_864' title='bbox 2984 5475 3328 5546; x_wconf 86' lang='lat' dir='ltr'><strong>disputetur?</strong></span> <span class='ocrx_word' id='word_1_865' title='bbox 3374 5475 3498 5528; x_wconf 83' lang='lat' dir='ltr'><strong>cum</strong></span> 
     </span>
    </p>
   </div>
   <div class='ocr_carea' id='block_1_103' title="bbox 1919 5566 3499 5642">
    <p class='ocr_par' dir='ltr' id='par_1_103' title="bbox 1919 5566 3499 5642">
     <span class='ocr_line' id='line_1_103' title="bbox 1919 5566 3499 5642; baseline -0.006 -12"><span class='ocrx_word' id='word_1_866' title='bbox 1919 5574 2075 5632; x_wconf 88' lang='lat' dir='ltr'><strong>istius</strong></span> <span class='ocrx_word' id='word_1_867' title='bbox 2101 5573 2412 5631; x_wconf 87' lang='lat' dir='ltr'><strong>assertionis</strong></span> <span class='ocrx_word' id='word_1_868' title='bbox 2443 5571 2640 5627; x_wconf 90' lang='lat' dir='ltr'><strong>veritas</strong></span> <span class='ocrx_word' id='word_1_869' title='bbox 2675 5585 3024 5642; x_wconf 89' lang='lat' dir='ltr'><strong>personarum</strong></span> <span class='ocrx_word' id='word_1_870' title='bbox 3055 5566 3364 5620; x_wconf 87' lang='lat' dir='ltr'><strong>diversitate</strong></span> <span class='ocrx_word' id='word_1_871' title='bbox 3392 5579 3499 5620; x_wconf 89' lang='lat' dir='ltr'><strong>non</strong></span> 
     </span>
    </p>
   </div>
   <div class='ocr_carea' id='block_1_104' title="bbox 1918 5655 3499 5735">
    <p class='ocr_par' dir='ltr' id='par_1_104' title="bbox 1918 5655 3499 5735">
     <span class='ocr_line' id='line_1_104' title="bbox 1918 5655 3499 5735; baseline -0.008 -14"><span class='ocrx_word' id='word_1_872' title='bbox 1918 5674 2116 5735; x_wconf 88' lang='lat' dir='ltr'><strong>egeat,</strong></span> <span class='ocrx_word' id='word_1_873' title='bbox 2160 5665 2254 5720; x_wconf 90' lang='lat' dir='ltr'><strong>sed</strong></span> <span class='ocrx_word' id='word_1_874' title='bbox 2287 5665 2352 5718; x_wconf 89' lang='lat' dir='ltr'><strong>ad</strong></span> <span class='ocrx_word' id='word_1_875' title='bbox 2381 5665 2759 5718; x_wconf 90' lang='lat' dir='ltr'><strong>documentum</strong></span> <span class='ocrx_word' id='word_1_876' title='bbox 2787 5661 2865 5715; x_wconf 91' lang='lat' dir='ltr'><strong>sui</strong></span> <span class='ocrx_word' id='word_1_877' title='bbox 2895 5658 3102 5713; x_wconf 71' lang='lat' dir='ltr'><strong>facilius</strong></span> <span class='ocrx_word' id='word_1_878' title='bbox 3147 5655 3314 5726; x_wconf 85' lang='lat' dir='ltr'><strong>possit</strong></span> <span class='ocrx_word' id='word_1_879' title='bbox 3347 5655 3499 5710; x_wconf 88' lang='lat' dir='ltr'><strong>unius</strong></span> 
     </span>
    </p>
   </div>
   <div class='ocr_carea' id='block_1_105' title="bbox 1918 5755 3498 5821">
    <p class='ocr_par' dir='ltr' id='par_1_105' title="bbox 1918 5755 3498 5821">
     <span class='ocr_line' id='line_1_105' title="bbox 1918 5755 3498 5821; baseline -0.008 -8"><span class='ocrx_word' id='word_1_880' title='bbox 1918 5757 2151 5813; x_wconf 89' lang='lat' dir='ltr'><strong>hominis</strong></span> <span class='ocrx_word' id='word_1_881' title='bbox 2178 5757 2603 5813; x_wconf 89' lang='lat' dir='ltr'><strong>consideratione</strong></span> <span class='ocrx_word' id='word_1_882' title='bbox 2632 5755 2824 5817; x_wconf 78' lang='lat' dir='ltr'><strong>fulciri,</strong></span> <span class='ocrx_word' id='word_1_883' title='bbox 2857 5768 2960 5821; x_wconf 88' lang='lat' dir='ltr'><strong>qua</strong></span> <span class='ocrx_word' id='word_1_884' title='bbox 3004 5759 3376 5818; x_wconf 75' lang='lat' dir='ltr'><strong>cognoscatur,</strong></span> <span class='ocrx_word' id='word_1_885' title='bbox 3405 5763 3498 5801; x_wconf 80' lang='lat' dir='ltr'><strong>re-</strong></span> 
     </span>
    </p>
   </div>
   <div class='ocr_carea' id='block_1_106' title="bbox 1917 5835 3493 5909">
    <p class='ocr_par' dir='ltr' id='par_1_106' title="bbox 1917 5835 3493 5909">
     <span class='ocr_line' id='line_1_106' title="bbox 1917 5835 3493 5909; baseline -0.011 -1"><span class='ocrx_word' id='word_1_886' title='bbox 1917 5851 2082 5909; x_wconf 87' lang='lat' dir='ltr'><strong>lativa</strong></span> <span class='ocrx_word' id='word_1_887' title='bbox 2114 5852 2333 5909; x_wconf 86' lang='lat' dir='ltr'><strong>nomina</strong></span> <span class='ocrx_word' id='word_1_888' title='bbox 2361 5850 2670 5909; x_wconf 87' lang='lat' dir='ltr'><strong>diversitate</strong></span> <span class='ocrx_word' id='word_1_889' title='bbox 2694 5847 2778 5904; x_wconf 86' lang='lat' dir='ltr'><strong>sui</strong></span> <span class='ocrx_word' id='word_1_890' title='bbox 2805 5860 2912 5902; x_wconf 91' lang='lat' dir='ltr'><strong>non</strong></span> <span class='ocrx_word' id='word_1_891' title='bbox 2939 5852 3252 5902; x_wconf 87' lang='lat' dir='ltr'><strong>naturarum</strong></span> <span class='ocrx_word' id='word_1_892' title='bbox 3279 5835 3493 5906; x_wconf 64' lang='lat' dir='ltr'><strong>diversio</strong></span> 
     </span>
    </p>
   </div>
   <div class='ocr_carea' id='block_1_107' title="bbox 3395 335 3599 400">
    <p class='ocr_par' dir='ltr' id='par_1_107' title="bbox 3395 335 3599 400">
     <span class='ocr_line' id='line_1_107' title="bbox 3395 335 3599 400; baseline 0.015 -4"><span class='ocrx_word' id='word_1_893' title='bbox 3395 335 3599 400; x_wconf 70' lang='grc' dir='ltr'><strong>αις,</strong></span> 
     </span>
    </p>
   </div>
  </div>
