4072 6332
534 375 639 430 m7

1559 371 1615 424 S.
1653 354 2020 424 FULGENTII
2057 363 2362 423 EPISCOPI
2399 361 2768 420 RUSPENSIS

3692 362 3804 420 ξοδ

533 497 701 544 tatem
728 483 1044 549 ostendere,
1074 483 1169 539 sed
1199 483 1266 537 ad
1293 484 1646 552 personarum
1670 480 2118 550 signiﬁcationem
2144 483 2199 544 Α
2225 480 2391 536 Tanto
2424 490 2649 551 tempore
2675 478 2932 534 vobiscum
2954 486 3067 533 sum
3090 519 3106 544 ,
3147 463 3197 532 et
3215 495 3321 534 non
3349 467 3659 550 cognovistis
3686 496 3767 534 me
3785 498 3805 535 :

531 569 766 634 maxime
794 575 1069 646 pertinere
1092 614 1106 637 ,
1147 580 1206 627 ut
1233 571 1444 629 scilicet
1470 571 1597 627 dum
1621 588 1760 627 unus
1789 573 2108 638 ostenditur,

530 668 753 726 alterius
786 680 1002 736 quoque
1031 678 1260 734 persona
1301 672 1593 730 noscatur;
1643 663 1772 718 illud
1801 672 1980 718 autem
2010 680 2111 720 no-

531 776 658 815 men
688 758 828 830 patri
856 769 1069 824 semper
1088 768 1210 809 esse
1239 754 1457 822 ﬁlioque
1497 769 1781 809 commune
1807 795 1821 820 ,
1871 770 1979 810 non
2004 769 2112 823 quo

531 849 726 906 lelatio
761 844 1061 915 personalis
1091 844 1393 899 ostenditur
1417 885 1432 912 ,
1481 843 1574 899 sed
1601 859 1708 915 quo
1747 843 2113 899 substantialis

531 939 834 1011 proprietas
863 935 1298 991 demonstratur:
1343 951 1540 1005 nempe
1568 936 1697 991 Seth
1727 936 1794 991 de
1821 937 1989 991 Adam
2016 951 2113 1006 pa-

533 1039 618 1084 tre
651 1035 809 1082 natus
833 1066 848 1090 ,
900 1035 955 1082 et
1001 1027 1068 1081 de
1097 1041 1205 1082 non
1233 1027 1416 1094 genito
1445 1028 1654 1096 genitus
1677 1066 1692 1090 ,
1739 1027 1907 1082 Adam
1949 1028 2119 1098 patris

533 1118 711 1174 dictus
739 1126 822 1173 est
847 1116 1024 1172 ﬁlius?
1047 1116 1152 1171 Iste
1177 1129 1306 1185 ergo
1336 1116 1511 1171 donec
1538 1117 1605 1171 ad
1633 1116 1842 1171 virilem
1870 1116 2121 1186 perveni-

531 1215 619 1262 ret
645 1214 884 1272 aetatem,
912 1214 972 1261 ut
995 1204 1163 1262 ﬁlium
1185 1206 1446 1274 gigneret,
1478 1212 1634 1275 pater
1652 1205 1756 1259 dici
1777 1221 1885 1260 non
1908 1206 2116 1275 potuit;

533 1307 592 1354 et
619 1299 930 1368 priusquam
961 1303 1276 1366 generaret,
1309 1294 1449 1349 ﬁlius
1477 1303 1684 1350 tantum
1714 1294 1814 1350 fuit
1839 1314 1851 1348 :
1902 1296 2118 1364 quando

532 1400 712 1447 autem
739 1392 946 1460 genuit,
978 1391 1140 1445 etiam
1161 1398 1314 1460 pater
1336 1403 1455 1443 esse
1470 1387 1581 1458 jam
1604 1388 1786 1457 cet-pit.
1816 1387 2124 1443 Accedente

534 1482 698 1551 igitur
726 1481 1033 1537 diversitate
1059 1480 1269 1550 paterni
1297 1480 1530 1534 nominis
1556 1519 1572 1544 ,
1626 1479 1772 1533 nulla
1809 1479 1862 1532 in
1888 1493 1955 1533 eo
1984 1478 2125 1533 facta

536 1582 622 1628 est
649 1573 936 1627 diversitas
963 1571 1258 1636 naturalis;
1291 1579 1346 1625 et
1373 1586 1495 1624 cum
1522 1586 1660 1625 unus
1686 1571 1851 1625 homo
1875 1570 1990 1625 haec
2017 1569 2124 1624 duo

537 1665 793 1735 coepisset
821 1663 1022 1717 habere
1044 1661 1323 1726 vocabula,
1355 1677 1464 1715 non
1493 1668 1576 1715 est
1598 1662 1650 1715 in
1679 1676 1746 1715 eo
1774 1668 2000 1722 mutata,
2033 1667 2128 1714 aut

533 1754 728 1819 divisa,
757 1753 844 1808 vel
874 1753 1142 1822 duplicata
1171 1761 1359 1806 natura
1386 1770 1398 1803 :
1431 1751 1528 1805 fuit
1547 1753 1689 1806 enim
1715 1753 1874 1818 ﬁlius,
1904 1752 2029 1821 quia
2057 1751 2126 1806 de

2218 572 2485 645 Philippe,
2535 576 2622 644 qui
2653 590 2733 626 me
2776 573 2902 627 vidit
2926 613 2940 639 ,
2987 572 3111 626 vidit
3150 580 3197 624 et
3227 571 3478 635 Patrem;
3528 572 3633 627 hoc
3664 574 3810 628 enim

2216 665 2383 720 verbo
2412 665 2671 719 Dominus
2694 663 2866 718 voluit
2921 663 3294 718 demonstrare
3331 670 3504 730 totum
3555 662 3608 717 in
3643 678 3703 718 se
3736 665 3811 719 in-

2217 755 2391 810 veniri
2436 751 2580 825 quod
2608 754 2988 824 qurerebatur;
3037 767 3140 807 nec
3167 752 3310 806 enim
3364 750 3478 806 ﬁeri
3525 761 3706 822 potest
3751 760 3810 807 ut

2221 847 2550 917 sempiterno
2587 853 2643 900 et
2684 845 2944 900 immenso
2972 842 3134 898 Patre
3175 843 3353 897 minus
3400 843 3599 912 aliquid
3641 843 3810 898 Filius

2220 935 2440 1002 habeat,
2471 936 2525 989 in
2554 951 2652 1009 quo
2681 935 3020 1004 corporaliter
3039 934 3205 986 omnis
3229 933 3493 1003 plenitudo
3523 933 3807 989 divinitatis

2218 1024 2478 1080 inhabitat
2523 1023 2754 1096 (Coloss.
2779 1040 2816 1078 ιι
2843 1062 2859 1088 ,
2907 1022 2994 1096 9).
3038 1021 3154 1077 Non
3201 1029 3284 1076 est
3323 1035 3452 1090 ergo
3500 1023 3812 1090 ignorabilis

2222 1115 2394 1182 Deus,
2437 1117 2559 1170 eum
2585 1115 2657 1170 sit
2684 1113 3066 1170 inenarrabilis
3089 1129 3104 1178 ;
3130 1112 3251 1168 ~sed
3278 1129 3310 1166 a
3339 1113 3586 1168 ﬁdelibus
3607 1127 3811 1181 cogno-

2227 1213 2418 1278 scitur,
2449 1219 2510 1266 ut
2537 1218 2770 1278 ametur,
2797 1209 3046 1280 quamvis
3075 1223 3175 1263 nec
3195 1208 3442 1262 humanis
3473 1207 3688 1276 linguis,
3712 1221 3813 1262 nec

2231 1301 2510 1369 angelicis,
2533 1308 2831 1356 enarretur.
2855 1299 2990 1355 Nam
3009 1299 3403 1368 ignorationem
3419 1298 3514 1353 Dei
3539 1313 3648 1352 non
3670 1296 3814 1352 aliud

2230 1409 2356 1450 esse
2384 1408 2544 1462 quam
2574 1393 2878 1448 daemonum
2907 1393 3219 1447 servitutem
3238 1380 3451 1445 Paulus
3477 1391 3814 1445 demonstrat

2229 1483 2524 1555 apostolus,
2547 1482 2766 1537 dicens:
2811 1482 2916 1536 Sed
2945 1491 3065 1534 tunc
3095 1481 3300 1553 quidem
3318 1482 3617 1551 ignorantes
3644 1477 3815 1532 Deum

2232 1571 2314 1625 his
2342 1571 2429 1641 qui
2464 1579 2652 1623 natura
2681 1584 2784 1621 non
2815 1575 2932 1620 sunt
2963 1567 3068 1632 dii,
3105 1566 3400 1620 serviebatis
3429 1562 3564 1635 (Gal.
3597 1579 3648 1618 ιν
3673 1603 3690 1630 ,
3731 1561 3815 1632 9)..

2229 1663 2383 1718 Sicut
2409 1676 2538 1731 ergo
2562 1661 2758 1716 Christi
2781 1660 3112 1714 divinitatem
3134 1657 3381 1728 ignorare
3404 1673 3510 1712 non
3533 1656 3811 1721 debemus,

2229 1753 2357 1809 licet
2381 1767 2634 1807 enarrare
2649 1767 2758 1806 non
2779 1750 3066 1821 possimus,
3084 1749 3158 1803 ita
3179 1748 3471 1802 nativitatis
3490 1747 3604 1816 ejus
3623 1760 3815 1815 quam-

532 1853 689 1915 patre
717 1844 962 1910 exstitit;
1017 1844 1115 1898 fuit
1142 1851 1297 1912 pater
1318 1884 1332 1908 ,
1388 1844 1512 1913 quia
1557 1842 1723 1898 ﬁlium
1751 1843 1974 1912 genuit;
2023 1857 2126 1898 nec
2157 1859 2206 1920 Β
2233 1845 2315 1899 vis
2344 1844 2476 1898 nulli
2504 1851 2755 1914 suppetat
2781 1842 3058 1898 enarratio
3079 1883 3092 1906 ,
3128 1857 3233 1896 non
3262 1849 3345 1896 est
3367 1847 3545 1895 tamen
3574 1838 3817 1894 ﬁdelibus

532 1941 716 1989 tamen
746 1935 821 1988 ita
850 1934 1333 2001 naturamﬁlii,‘in
1355 1949 1458 2004 qua
1488 1942 1646 1988 natus
1675 1940 1774 1999 est,
1805 1933 2029 1997 habuit,
2062 1940 2121 1987 ut

532 2025 591 2080 in
644 2041 706 2080 ea
758 2041 1081 2096 permanens
1110 2035 1266 2095 pater
1295 2040 1415 2080 esse
1436 2041 1541 2080 non
1566 2033 1785 2095 posset;
1837 2039 1938 2079 nec
1965 2024 2124 2078 aliam

478 2146 482 2152 ι
538 2130 660 2171 cum
685 2115 900 2188 nomine
927 2116 1096 2186 patris
1124 2115 1418 2171 essentiam
1448 2115 1756 2184 acquisivit,
1789 2123 1848 2170 ut
1877 2114 1968 2169 ﬁlii
1994 2115 2123 2170 sub-

535 2209 808 2274 stantiam,
843 2209 898 2263 in
927 2224 1032 2278 qua
1058 2218 1214 2264 natus
1240 2208 1442 2276 fuerat,
1473 2210 1791 2278 perdidisset
1816 2225 1829 2274 ;
1857 2207 1953 2262 sed
1979 2207 2126 2276 quod

536 2317 724 2358 verum
763 2307 882 2367 est,
936 2301 1076 2356 sicut
1122 2301 1284 2356 homo
1313 2300 1450 2367 fuit,
1498 2300 1712 2368 quando
1754 2299 1892 2354 ﬁlius
1921 2299 2126 2355 exstitit

535 2393 840 2458 nascendo,
873 2393 950 2446 sic
979 2391 1273 2460 permansit
1301 2392 1497 2457 homo,
1529 2391 1743 2460 quando
1772 2400 1928 2461 pater
1956 2393 2127 2446 factus

535 2492 619 2540 est
646 2483 995 2554 generando;
1029 2485 1132 2555 53
1162 2499 1262 2538 nec
1286 2483 1435 2537 aliud
1465 2482 1745 2554 fuitquam
1768 2483 1949 2547 homo,
1981 2481 2127 2553 quod

495 2588 498 2589 '
537 2583 657 2630 erat
684 2575 875 2640 Adam,
904 2573 973 2629 de
997 2589 1105 2642 quo
1134 2575 1249 2644 ipse
1275 2585 1358 2629 est
1386 2583 1564 2639 natus,
1592 2575 1804 2644 etquod
1829 2585 1944 2630 erat
1963 2572 2123 2642 Enos,

545 2666 637 2736 qui
665 2666 731 2720 de
761 2666 876 2735 ipso
904 2673 989 2720 est
1014 2665 1246 2733 genitus.
1307 2664 1362 2718 ln
1406 2663 1566 2719 Patre
1608 2679 1737 2734 ergo
1765 2664 1878 2720 Deo
1907 2674 1965 2720 et
1989 2664 2126 2720 Filio

513 2756 669 2830 ‘Deo,
694 2770 1049 2826 personarum
1073 2755 1404 2826 proprietate
1427 2763 1637 2811 servata
1657 2756 1990 2827 impossibile
2019 2773 2125 2812 non

537 2848 745 2904 dicatur
770 2889 786 2914 ,
838 2848 982 2918 quod
1010 2849 1336 2904 documento
1365 2849 1527 2902 etiam
1567 2849 1855 2917 cujuslibet
1884 2849 2124 2904 hominis

536 2941 921 3011 comprobatur
947 2982 963 3007 ,
1009 2940 1105 2994 sed
1133 2940 1500 2994 diseernamus
1527 2939 1656 3010 quid
1682 2940 1750 2994 ad
1777 2941 2121 3008 relationem,

535 3029 666 3096 quid
703 3027 771 3082 ad
808 3028 1162 3083 substantiam
1202 3029 1473 3097 pertinere
1516 3035 1786 3082 noscatur.
1827 3027 2126 3086 Relationis

539 3119 685 3174 enim
713 3127 838 3174 sunt
863 3118 1080 3173 nomina
1099 3160 1116 3184 ,
1142 3117 1302 3172 Pater
1328 3127 1384 3172 et
1405 3117 1570 3172 Filius
1593 3135 1608 3183 ;
1653 3118 1968 3173 substantia:
1994 3135 2125 3176 vero

538 3227 740 3266 nomen
771 3227 933 3265 unum
963 3219 1068 3277 est,
1096 3208 1242 3278 quod
1269 3209 1465 3264 dicitur
1489 3209 1649 3264 Deus.
1676 3209 1975 3265 Rclationis
1995 3225 2126 3279 ergo

537 3304 757 3359 nomina
804 3302 1011 3373 singula
1057 3291 1326 3367 retinent;
1392 3301 1703 3356 substantiae
1747 3317 1878 3356 vero
1929 3318 2126 3358 nomen

540 3409 704 3448 unum
732 3394 1093 3450 communiter
1121 3391 1419 3463 possident,
1447 3393 1572 3461 quia
1597 3392 1722 3447 licet
1751 3409 1889 3448 unus
1917 3393 2132 3449 dicatur

535 3482 718 3552 Pater,
749 3494 803 3540 et
824 3486 961 3540 alter
984 3485 1174 3555 Filius,
1205 3487 1284 3540 sic
1313 3494 1496 3540 tamen
1519 3493 1602 3540 est
1626 3485 1795 3540 Filius
1823 3486 1987 3551 Deus,
2019 3487 2130 3543 sic-

536 3585 597 3632 ut
642 3577 804 3634 Pater
845 3585 927 3632 est
954 3576 1129 3633 Deus:
1187 3576 1293 3631 illis
1322 3591 1553 3646 namque
1581 3576 1790 3632 duobus
1824 3577 2130 3633 nominibus

537 3670 813 3738 generatio
841 3681 968 3724 vera
989 3669 1350 3737 cognoscitur,
1379 3669 1484 3724 isto
1517 3677 1697 3724 autem
1728 3685 1837 3725 uno
1858 3669 2128 3725 communi

538 3762 758 3816 nomine
786 3761 1155 3816 substantialis
1183 3762 1358 3816 unitas
1381 3761 1802 3817 demonstratur.

616 3851 851 3921 Objectio
889 3848 944 3903 2.
984 3850 1092 3904 lsta
1135 3865 1406 3919 nunquam
1449 3866 1548 3905 nos
1576 3851 1772 3918 legisse
1817 3850 2126 3916 recolimus,

540 3955 660 4011 qua:
689 3941 935 4011 superius
978 3941 1256 4010 proposita
1285 3949 1448 4004 sunt,
1497 3939 1622 4008 quia
1665 3940 1922 4009 scriptum
1951 3948 2034 3994 est
2062 3939 2129 3994 de

539 4046 651 4087 eo:
705 4029 1103 4084 Generationem
1141 4031 1253 4100 ejus
1301 4030 1414 4101 quis
1464 4030 1730 4082 enarrabit
1773 4028 1927 4099 (Isai.
1968 4030 2128 4099 Lm)?

540 4121 608 4177 Et
629 4137 788 4191 quam
821 4121 915 4192 (al.
946 4121 1121 4190 quasi)
1153 4135 1333 4185 nemo,
1362 4119 1497 4174 dixit
1525 4119 1822 4189 Scriptura,
1852 4119 1943 4188 qui
1969 4134 2128 4173 enar-

539 4221 626 4268 ret
648 4215 670 4266 ?
690 4211 1024 4266 -Advertendi
1052 4219 1177 4265 sunt
1201 4210 1547 4273 hihomines,
1580 4217 1638 4263 ut
1666 4209 1848 4264 dicant
1876 4225 1934 4264 se
1962 4225 2124 4279 posse

538 4315 721 4367 nosse,
747 4301 872 4369 quia
901 4299 1279 4355 inenarrabilis
1304 4308 1386 4355 est
1410 4299 1687 4370 generatio
1718 4298 1854 4367 ejus,
1885 4316 1994 4355 non
2025 4316 2123 4354 au-

546 4404 659 4450 tem
689 4391 1016 4460 ignorabilis.

617 4482 924 4551 Responsio.
956 4481 1225 4551 Scriptum
1253 4488 1336 4537 est
1361 4500 1373 4534 :
1416 4480 1624 4550 Credidi
1653 4491 1859 4553 propter
1886 4483 2022 4552 quod
2047 4483 2126 4537 lo-

2231 1935 2484 2005 adempta
2515 1935 2774 2002 cognitio.
2817 1933 2946 2000 Quis
2974 1935 3118 1988 enim
3151 1941 3332 1987 nattun
3360 1921 3631 2000 praedicet,
3662 1929 3816 1999 cujus
3848 1930 3864 1940 ’

2229 2024 2565 2079 nativitatem
2595 2024 2913 2092 ignoraret?
2941 2023 3071 2090 Quis
3098 2023 3288 2078 Filium
3307 2023 3465 2089 dicat,
3499 2031 3555 2078 et
3571 2023 3816 2092 genitum

2228 2115 2437 2171 nesciat
2459 2119 2481 2170 ?
2507 2115 2638 2182 Quis
2660 2114 2875 2170 Patrem
2905 2115 3082 2170 valeat
3111 2115 3330 2171 credere
3354 2130 3510 2185 quem
3533 2129 3641 2168 non
3675 2128 3813 2168 con-

2230 2208 2434 2264 sideret
2459 2209 2754 2276 genuisse?
2793 2206 2994 2262 Genuit
3021 2223 3148 2263 vere
3176 2207 3370 2272 Pater,
3403 2214 3458 2261 et
3493 2221 3624 2260 vere
3659 2215 3838 2262 natus.

2233 2313 2318 2359 est
2339 2303 2523 2358 Filius.
2565 2303 2761 2358 Veram
2787 2317 2917 2372 ergo
2939 2302 3058 2356 Filii
3090 2303 3422 2357 nativitatem
3451 2300 3632 2355 datum
3661 2298 3820 2354 nobis

2231 2403 2316 2451 est
2360 2409 2662 2463 agnoscere
2689 2437 2703 2460 ,
2755 2396 2881 2450 licet
2928 2395 3109 2449 datum
3151 2410 3260 2449 non
3300 2394 3369 2447 sit
3408 2394 3637 2463 qualiter
3663 2401 3818 2448 natus

2231 2491 2394 2546 fuerit
2440 2505 2713 2546 enarrare.
2757 2490 3020 2557 Quoniam
3066 2497 3122 2545 et
3158 2489 3422 2559 propheta
3467 2502 3575 2541 non
3643 2485 3817 2539 dixit:

2233 2580 2628 2635 Ganerationem
2660 2588 2831 2633 autent
2857 2579 2967 2648 ejus
2995 2578 3117 2647 quis
3137 2578 3372 2646 agnovit,
3401 2575 3496 2630 sed
3523 2576 3636 2647 quis
3658 2591 3817 2628 enar‘

2230 2674 2363 2727 ravit
2393 2671 2548 2744 (Isai.
2577 2687 2687 2736 Llll,
2713 2669 2812 2740 8)?
2848 2668 3111 2735 Quocirca
3140 2668 3372 2723 divinam
3395 2665 3817 2734 generationem,

2233 2773 2492 2837 quantum
2523 2762 2728 2818 homini
2767 2761 2846 2816 fas
2874 2769 2958 2816 est
2979 2801 2994 2828 ,
3045 2761 3099 2814 in
3140 2775 3207 2814 eo
3234 2759 3394 2827 digne
3422 2756 3816 2827 cognoscimus,

2231 2872 2355 2912 cum
2386 2866 2443 2911 et
2469 2870 2654 2910 veram
2681 2853 3088 2924 generationem
3109 2851 3355 2917 dicimus,
3387 2859 3442 2906 et
3469 2851 3638 2921 ipsam
3662 2862 3816 2917 gene.

2228 2950 2494 3004 rationem
2513 2989 2527 3014 ,
2559 2962 2676 3016 quae
2707 2961 2831 3001 vera
2861 2953 2960 3011 est,
2992 2943 3406 3001 inenarrabilem
3437 2939 3811 3011 praedicamus.

2231 3039 2398 3094 Filius
2422 3053 2552 3108 ergo
2579 3053 2704 3093 vere
2733 3037 2801 3092 de
2828 3027 3342 3091 .Patris'substantia
3382 3042 3540 3087 natus
3565 3030 3817 3100 agnosci~

2232 3137 2339 3192 tur,
2373 3127 2500 3182 dum
2532 3128 2787 3182 nativitas
2811 3126 2918 3198 54
2943 3126 3078 3194 ejus,
3108 3141 3228 3196 quae
3253 3124 3322 3179 de
3344 3122 3680 3178 inenarrabili
3703 3121 3816 3178 Deo

2155 3234 2202 3299 ρ
2235 3228 2355 3286 est,
2416 3218 2795 3274 inenarrabilis
2839 3217 3199 3287 praedicatur:
3244 3213 3618 3270 inenarrabilis
3671 3212 3816 3268 enim

2234 3311 2422 3383 procul
2468 3311 2632 3367 dubio
2682 3318 2766 3365 est
2795 3309 2912 3363 Filii
2950 3309 3202 3363 nativitas
3230 3322 3358 3362 vera
3382 3348 3397 3373 ,
3444 3305 3568 3375 quia
3601 3319 3706 3360 una
3731 3312 3817 3359 est

2234 3405 2307 3458 illi
2330 3419 2450 3458 cum
2480 3402 2825 3458 inenarrabili
2853 3402 3096 3470 genitore
3123 3400 3441 3456 substantia.

2307 3491 2540 3564 Objectio
2575 3494 2627 3548 5.
2677 3492 3090 3548 Generationem
3120 3490 3236 3559 ejus
3262 3491 3334 3544 ita
3363 3497 3446 3544 est
3467 3487 3815 3559 recieproﬁ-

2231 3585 2358 3648 teri.
2391 3593 2450 3639 ut
2474 3584 2605 3640 dicit
2633 3585 2747 3654 ipse
2771 3582 3026 3638 Dominus
3053 3595 3150 3651 per
3181 3579 3482 3648 Scripturas
3507 3597 3520 3631 :
3552 3577 3815 3634 Dominus

2231 3677 2424 3730 creavit
2450 3691 2531 3729 me
2557 3675 2762 3729 initium
2793 3674 2989 3728 viarum
3009 3686 3238 3735 suarum,
3273 3679 3390 3724 ante
3407 3669 3595 3724 saecula
3615 3669 3817 3740 {unda-

2231 3768 2302 3820 vit
2331 3782 2410 3818 me
2441 3765 2621 3835 (Prov.
2647 3781 2768 3830 vui,
2813 3762 2927 3832 22).
2977 3761 3041 3816 Ει
3063 3761 3340 3832 sequitur:
3381 3759 3451 3813 Et
3489 3768 3610 3814 ante
3633 3776 3820 3816 omnes

2231 3856 2385 3909 colles
2413 3856 2586 3927 genuit
2620 3871 2720 3908 me.
2763 3853 2832 3908 Et
2872 3855 3067 3908 iterum
3101 3871 3115 3906 :
3146 3851 3260 3922 Ego
3301 3869 3334 3906 a
3372 3850 3533 3905 Patre
3561 3850 3730 3922 prodii
3767 3860 3819 3905 et

2235 3947 2353 3998 veni
2398 3946 2453 3998 in
2491 3947 2624 3998 hunc
2653 3944 2898 3998 mundum
2929 3943 3107 4014 (Joan.
3154 3959 3272 4009 xvr,
3304 3939 3413 4012 29).
3461 3939 3529 3994 Et
3573 3941 3769 3996 iterum
3800 3959 3814 3993 :

2234 4033 2488 4090 Dominus
2533 4035 2665 4089 dixit
2695 4034 2765 4088 ad
2791 4051 2900 4100 me,
2942 4032 3111 4086 Filius
3151 4048 3290 4085 meus
3319 4049 3371 4085 es
3402 4041 3452 4084 tu
3475 4068 3491 4094 ,
3540 4047 3631 4102 ego
3661 4030 3816 4085 hodie

2230 4124 2383 4193 genui
2423 4132 2470 4176 te
2497 4122 2667 4192 (Psal.
2698 4139 2734 4176 ιι
2759 4161 2774 4185 ,
2815 4121 2892 4191 7).
2951 4119 3016 4174 Et
3043 4127 3325 4190 postquam
3368 4118 3614 4186 cognitus
3641 4126 3724 4172 est
3755 4117 3816 4172 in

2230 4229 2423 4279 carne,
2453 4214 2736 4283 proﬁtetur
2763 4215 2829 4267 de
2859 4227 2924 4267 eo
2949 4210 3274 4279 evangelista
3303 4209 3486 4263 dicens
3511 4227 3522 4261 :
3573 4207 3644 4260 Et
3683 4208 3816 4261 vidi-

2229 4321 2341 4357 mus
2371 4305 2591 4375 gloriam
2619 4304 2730 4373 ejus
2752 4345 2768 4371 ,
2811 4302 3030 4373 gloriam
3063 4311 3305 4372 tanquam
3338 4298 3604 4368 Unigeniti
3633 4314 3666 4350 a
3700 4296 3814 4350 Pa-

2231 4405 2308 4449 tre
2344 4397 2552 4466 plenum
2587 4397 2758 4466 gratia
2807 4403 2854 4448 et
2885 4395 3096 4448 veritate
3125 4391 3302 4461 (Joan.
3333 4408 3390 4456 ι,
3426 4390 3534 4463 Η).
3574 4387 3640 4442 Et
3669 4389 3814 4459 Apo-

2228 4486 2400 4541 stolus
2448 4487 2570 4540 ait:
2644 4483 2742 4548 Qui
2797 4495 2873 4538 est
2919 4484 3305 4554 Primogeuitus
3353 4484 3506 4536 totius
3563 4489 3812 4536 creatura:

541 4584 685 4629 cutus
730 4592 884 4629 sum:
934 4583 984 4628 et
1013 4591 1106 4629 nos
1135 4574 1422 4641 credimus,
1473 4582 1682 4646 prapte-r
1708 4575 1844 4646 quod
1871 4575 2125 4645 loquimur
2153 4607 2207 4668 Β
2231 4577 2453 4645 (Coloss.
2482 4593 2520 4644 ι,
2550 4574 2661 4647 15).
2697 4575 2836 4631 Ecce
2863 4583 3132 4638 creatum,
3176 4573 3451 4628 fundatum
3490 4580 3546 4626 et
3573 4571 3813 4639 genitum

543 4661 631 4735 (11
660 4663 779 4720 Cor.
805 4680 884 4729 ιν,
919 4663 1031 4733 15),
1065 4671 1120 4718 et
1145 4661 1465 4718 ﬁducialiter
1489 4663 1823 4733 proﬁtemur,
1855 4665 1981 4735 quia
2006 4663 2126 4719 Filii

538 4755 822 4824 generatio
853 4753 1230 4809 inenarrabilis
1254 4762 1337 4808 est
1358 4795 1373 4819 ,
1400 4754 1713 4823 ignorabilis
1741 4771 1850 4810 non
1879 4767 1962 4810 est
1987 4773 2001 4821 ;
2035 4771 2130 4810 ne-

539 4864 646 4918 que
669 4849 814 4906 enim
843 4844 1180 4923 consequens
1207 4855 1290 4902 est
1329 4855 1387 4901 ut
1429 4845 1573 4916 quod
1611 4863 1718 4901 non
1754 4855 1934 4917 potest
1973 4860 2129 4901 enar-

537 4942 650 4998 rari
692 4958 802 4997 non
839 4941 1007 5010 possit
1053 4941 1214 5004 sciri,
1256 4954 1377 4993 cum
1422 4939 1598 5007 ipsum
1628 4939 1797 4992 Deum
1827 4938 2006 4992 nullus
2033 4953 2128 4991 va-

543 5031 657 5085 leat
683 5048 938 5087 enarrare
962 5071 978 5096 ,
1027 5045 1129 5085 nec
1153 5031 1370 5099 impune
1395 5037 1570 5082 tamen
1601 5028 1759 5081 alicui
1789 5027 1950 5082 liceat
1977 5028 2129 5095 igno—

540 5137 683 5177 rare.
721 5121 993 5177 Intantum
1019 5138 1149 5177 vero
1179 5119 1551 5191 cognoscibilis
1581 5119 1721 5172 Deus
1750 5126 1861 5182 est,
1907 5135 2030 5173 cum
2059 5119 2127 5174 sit

541 5211 934 5274 inenarrabilis,
982 5220 1038 5264 ιιι
1068 5211 1325 5280 quosdam
1356 5210 1426 5266 ob
1458 5209 1558 5263 hoc
1584 5207 1976 5262 inexcusabiles
1997 5197 2125 5276 pro-

543 5303 756 5359 nuntiet
797 5302 986 5357 beatus
1033 5295 1362 5371 Apdstolus,
1421 5301 1546 5371 quia
1601 5317 1713 5353 cum
1774 5301 2126 5371 cognovissent

540 5392 726 5458 Deum,
751 5409 854 5447 non
873 5393 1004 5445 sicut
1033 5389 1195 5443 Deum
1217 5393 1632 5462 gloriﬁcaverunt
1658 5399 1748 5442 aut
1777 5390 1972 5460 gratias
2001 5407 2121 5461 ege-

539 5497 661 5537 runt
692 5484 867 5555 (Rom.
896 5498 932 5547 ι,
955 5480 1064 5550 21).
1126 5478 1258 5533 Nam
1305 5481 1350 5535 si
1401 5498 1432 5535 a
1477 5482 1630 5537 nobis
1658 5481 1916 5536 Dominus
1951 5480 2120 5534 nollet

542 5577 783 5642 agnosci,
813 5591 921 5630 non
948 5571 1172 5627 dixisset
1196 5587 1209 5623 :
1242 5570 1304 5625 Si
1333 5574 1695 5642 cognovissetis
1714 5589 1810 5638 me,
1841 5582 1890 5624 et
1914 5570 2119 5624 Patrem

542 5681 710 5719 meum
739 5667 912 5735 utique
940 5663 1302 5736 cognovissetis
1326 5662 1502 5733 (Joan.
1536 5681 1624 5718 xw
1649 5705 1663 5728 ,
1697 5665 1808 5734 l7).
1856 5663 1965 5718 Nec
1993 5662 2120 5717 Plii-

543 5754 745 5823 lippum
767 5755 1032 5809 dicentem
1059 5773 1069 5806 :
1096 5753 1337 5818 Domine,
1375 5755 1584 5807 ostende
1605 5753 1749 5808 nobis
1775 5752 1988 5808 Patrem
2011 5793 2024 5819 ,
2071 5764 2119 5808 et

543 5845 738 5905 sufﬁcit
765 5844 946 5901 nobis;
988 5844 1088 5901 hac
1114 5843 1481 5914 increpatione
1509 5845 1803 5912 corriperet
1827 5852 1841 5908 ,'
1889 5843 2072 5898 dicens
2101 5863 2112 5896 :

2229 4667 2563 4739 proﬁtemur,
2594 4667 2710 4720 sine
2738 4665 2914 4734 aliqua
2945 4664 3293 4731 ambiguitate
3327 4661 3702 4717 irrationabili.

2304 4757 2613 4827 Responsio.
2654 4754 2710 4808 1n
2742 4762 2968 4822 utraque
2995 4753 3197 4808 Christi
3227 4752 3509 4806 nativitate
3535 4766 3645 4806 non
3669 4748 3815 4803 falli-

2233 4857 2340 4912 tur,
2373 4848 2464 4917 qui
2493 4848 2545 4901 in
2570 4843 2783 4899 Christo
2813 4843 2940 4909 Dei,
2977 4851 3032 4898 et
3060 4843 3293 4897 hominis
3321 4841 3476 4908 Filio,
3515 4850 3569 4896 et
3593 4841 3814 4911 plenam

2233 4957 2303 4997 ex
2323 4938 2482 4992 Patre
2509 4937 2863 5001 divinitatem,
2891 4943 2947 4991 et
2970 4936 3190 5005 plenum
3219 4949 3288 4989 ex
3327 4943 3502 4988 matre
3536 4933 3817 4990 hominem

2231 5029 2548 5099 proﬁtetur:
2601 5034 2764 5097 atque
2807 5028 2881 5081 ita
2910 5028 2964 5079 in
3007 5026 3099 5080 illo
3128 5032 3411 5093 utramque
3456 5023 3816 5078 substantiam

2227 5133 2414 5173 veram
2439 5131 2558 5172 esse
2585 5118 2883 5185 cognoscit,
2918 5111 3044 5168 dum
3066 5113 3194 5183 quid
3220 5113 3536 5178 :eternitati,
3568 5112 3653 5166 vel
3683 5110 3816 5180 quid

2228 5208 2613 5279 temporalitati
2641 5214 2922 5278 congruat,
2952 5204 3094 5258 ﬁdeli
3115 5203 3318 5274 pietate
3341 5203 3668 5260 distinxerit.
3707 5201 3817 5256 Ne~

2227 5317 2331 5370 que
2353 5301 2494 5355 enim
2525 5301 2780 5369 ignorare
2800 5297 3059 5352 debemus
3079 5338 3094 5362 ,
3142 5296 3314 5364 ipsum
3342 5295 3396 5349 in
3426 5295 3622 5350 saaculo
3646 5334 3663 5360 ,
3719 5308 3816 5347 se-

2226 5389 2461 5445 cundum
2486 5403 2705 5444 carnem
2741 5394 2980 5442 creatum
3007 5400 3076 5439 ex
3102 5384 3321 5440 homine
3341 5427 3357 5452 ,
3387 5385 3478 5455 qui
3507 5385 3624 5439 sine
3653 5383 3821 5437 initio

2223 5481 2517 5535 secundum
2542 5479 2874 5534 divinitatem
2903 5485 3145 5544 creator,
3174 5486 3256 5533 est
3283 5486 3569 5546 generatus
3596 5491 3668 5530 ex
3704 5473 3820 5528 Pa-

2225 5577 2343 5626 tre:
2386 5571 2439 5626 in
2470 5571 2557 5626 illa
2580 5585 2811 5640 namque
2833 5569 3148 5637 nativitate,
3177 5583 3296 5638 quae
3323 5568 3533 5623 initium
3564 5581 3674 5622 non
3702 5565 3824 5618 ha-

2222 5662 2314 5717 bet
2333 5703 2348 5729 ,
2389 5663 2724 5731 sempiterna:
2751 5661 3044 5716 divinitatis
3073 5659 3325 5729 majestas
3351 5658 3698 5729 agnoscitur;
3740 5655 3823 5709 in

2221 5737 2322 5807 hac
2370 5767 2497 5806 vero
2544 5753 2885 5822 sempiterna:
2932 5752 3226 5807 divinitatis
3267 5751 3440 5818 pietas
3487 5748 3762 5803 invenitur
3796 5765 3821 5802 :

2222 5844 2312 5909 qui
2333 5843 2475 5898 enim
2507 5859 2610 5898 non
2640 5853 2851 5900 creatus
2873 5884 2889 5912 ,
2940 5844 3034 5899 sed
3061 5849 3277 5912 creator
3299 5839 3367 5897 de
3396 5849 3645 5897 creatore
3671 5852 3820 5909 pro.
