4072 6332
236 394 346 448 209

1362 398 1732 460 RESPONSIO
1767 404 2043 463 CONTRA
2080 411 2393 472 ARIANOS.

3415 425 3520 480 2:0

235 505 472 608 genitus,
497 504 742 606 bonitate
769 520 865 561 sua
897 500 1174 564 creaverat
1201 511 1497 578 hominem,
1530 512 1644 584 ipse
1671 524 1826 585 post-
1854 523 1907 581 Α
1931 520 2506 608 initiumlprmvenitut‘.
2549 523 2705 590 Quod
2747 526 3192 584 considerandum
3233 538 3335 596 est,
3388 536 3517 603 quia

235 595 460 654 modum
491 603 576 650 est
601 595 804 666 pietate
824 613 920 654 sua
952 607 1164 656 creatus
1189 616 1257 656 ex
1285 603 1521 658 homine.
1548 603 1658 660 Nec
1676 620 1830 660 suum
1880 625 1884 628 λ

233 703 373 759 opus
403 687 523 757 ipse
562 685 884 756 dedignatus
923 699 1006 746 est
1036 689 1148 746 ﬁeri
1175 736 1190 760 ,
1231 709 1340 763 quo
1381 704 1564 764 posset
1589 712 1685 766 per
1706 714 1828 754 eum

232 787 406 835 status
435 779 520 833 sui
548 779 728 850 operis
748 783 1011 851 reparari.
1053 783 1224 853 Hujus
1245 786 1404 854 igitur
1427 788 1716 844 creationis
1734 805 1830 845 vo-

233 870 353 925 lens
392 869 660 940 sapientia
689 872 1054 940 prmnuntiare
1081 877 1393 946 mysterium
1419 919 1435 946 ,
1484 884 1543 932 ut
1579 877 1830 935 lncarna-

231 962 401 1018 tionis
427 975 540 1016 sua:
567 960 807 1017 futurum
831 964 1142 1020 ostenderet
1163 975 1578 1036 sacramentum,
1602 971 1831 1041 prophe-

231 1055 342 1108 tico
383 1067 540 1107 more
564 1093 578 1117 ,
630 1067 740 1122 quo
788 1053 966 1108 solent
1013 1056 1112 1111 sub
1153 1058 1544 1115 enuntiatione'
1570 1062 1829 1130 praeteriti

238 1144 507 1214 temporis
534 1143 713 1198 futura
738 1145 978 1210 narrari,
1013 1146 1186 1204 dixit:
1232 1147 1484 1205 Dominus
1513 1154 1706 1208 creavit
1743 1171 1826 1209 me
1876 1171 1880 1176 ·

231 1236 445 1289 initium
476 1235 674 1288 viarum
697 1252 908 1290 suarum
935 1238 991 1291 in
1019 1255 1178 1308 opera
1201 1256 1296 1294 sua
1338 1240 1524 1311 (Prov.
1555 1259 1672 1311 vm,
1709 1243 1822 1315 22).

239 1328 472 1384 Causam
502 1329 795 1400 creationis
828 1330 1065 1385 ostendit
1110 1331 1238 1387 dum
1278 1348 1338 1389 se
1376 1334 1585 1390 initium
1616 1336 1826 1392 viarum

237 1417 357 1485 Dei,
404 1419 458 1472 in
482 1433 648 1488 opera
680 1417 798 1487 ejus
825 1427 1063 1474 creatum
1087 1436 1208 1477 esse
1234 1439 1344 1483 non
1375 1425 1542 1480 tacuit
1568 1443 1580 1478 :
1615 1442 1736 1481 nam
1767 1435 1826 1483 ut

234 1507 574 1570 ostenderet,
607 1523 715 1563 non
746 1507 889 1563 illius
915 1518 1131 1566 aeterna:
1161 1514 1458 1570 nativitatis
1486 1531 1608 1572 esse
1635 1501 1824 1588 ,.quod

230 1606 416 1653 creata
462 1597 695 1664 dicitur,
745 1597 839 1653 sed
891 1600 1050 1669 hujus
1097 1605 1390 1674 temporis,
1452 1621 1560 1676 quo
1604 1624 1821 1664 carnem

231 1685 535 1755 suscepisse
565 1685 664 1740 Dei
693 1687 860 1742 Filius
885 1688 1155 1746 invenitur
1175 1732 1190 1759 ,
1239 1694 1366 1762 quid
1403 1698 1720 1765 praemiserit
1741 1707 1823 1752 at-

232 1776 527 1831 tendatur:
573 1778 635 1832 Si
663 1780 964 1834 nuntiavere
997 1781 1212 1852 (inquit)
1235 1784 1407 1848 vobis,
1457 1804 1571 1858 qua:
1593 1791 1822 1860 quotidie

1939 612 2244 687 ubicunque
2286 615 2376 669 illa
2405 615 2582 670 divina
2630 626 2685 672 et
2728 624 2927 672 :nterna
2972 619 3370 678 demonstratur
3397 625 3519 682 Filii

1931 702 2204 771 nativitas,
2250 722 2356 761 non
2409 707 2607 763 dicitur
2649 710 2862 778 quando
2903 719 3058 766 natus
3112 714 3212 783 sit,
3260 715 3355 771 sed
3393 727 3518 775 ante

1930 811 2145 865 semper
2170 799 2406 867 ponitur,
2439 809 2498 854 ut
2524 800 2778 872 quidquid
2807 803 2971 858 homo
2999 804 3278 861 infinitatis
3303 811 3518 864 teterni-

1932 888 2166 958 tatisque
2194 891 2433 957 cogitare
2460 891 2714 959 voluerit,
2744 901 2868 949 ante
2913 910 3074 950 omne
3122 895 3266 964 quod
3313 901 3517 966 cogita-

1933 981 2078 1036 tione
2104 983 2426 1053 concipitur,
2458 983 2580 1039 Filii
2607 1000 2822 1055 semper
2849 987 3099 1046 nativitas
3119 987 3386 1056 cogitetur
3413 1007 3427 1043 :
3453 1006 3519 1047 ac

1929 1071 2028 1133 sic,
2053 1073 2304 1128 nativitas
2324 1073 2444 1128 Filii
2475 1074 2571 1131 Dei
2594 1075 2709 1130 sine
2738 1076 2890 1131 initio
2915 1083 3291 1144 cognoscatur,
3315 1077 3381 1133 in
3408 1091 3516 1147 qua

1931 1179 2037 1218 non
2067 1165 2208 1219 aliud
2236 1180 2397 1234 quam
2426 1175 2546 1220 ante
2574 1167 2809 1236 positum
2833 1167 3033 1236 jugiter
3065 1168 3356 1223 invenitur.
3387 1167 3516 1224 Vel-

1929 1253 2101 1310 lemus
2131 1264 2312 1311 autem
2343 1256 2497 1311 nobis
2541 1255 2873 1327 responderi,
2905 1267 3084 1312 utrum
3111 1258 3216 1314 hoc
3258 1259 3330 1314 sit
3356 1260 3512 1328 geni-

1927 1356 2062 1413 tum,
2095 1349 2240 1418 quod
2268 1352 2547 1405 creatum?
2575 1350 2721 1420 quod
2773 1352 2817 1406 si
2863 1367 3028 1407 unum
3057 1361 3278 1422 putatur
3303 1361 3515 1408 utrum-

1926 1455 2051 1510 que,
2080 1440 2291 1496 dicatur
2318 1455 2448 1510 ergo
2477 1457 2510 1496 a
2531 1441 2643 1498 Deo
2692 1443 2904 1511 genitus
2932 1443 3180 1509 mundus,
3212 1460 3243 1498 a
3266 1459 3374 1514 quo
3419 1458 3515 1514 ge-

1925 1531 2100 1584 nerari
2123 1546 2233 1585 non
2263 1539 2461 1600 potest,
2513 1539 2569 1587 et
2597 1540 2830 1590 creatus.
2864 1533 3123 1588 Dicantur
3151 1534 3314 1588 etiam
3344 1535 3515 1590 incre-

1923 1617 2034 1672 duli
2081 1619 2330 1676 homines
2359 1619 2451 1674 filii
2482 1621 2598 1688 Dei,
2629 1623 2723 1692 qui
2764 1622 2831 1678 de
2855 1631 3124 1694 potestate
3170 1625 3516 1680 tenebrarum

1923 1723 2031 1762 non
2062 1708 2262 1764 fuerint
2290 1711 2503 1766 liberati
2537 1728 2549 1764 :
2587 1711 2834 1767 dicantur
2858 1712 3101 1771 hzeredes
3124 1713 3319 1769 futura:
3343 1714 3517 1770 beati-

1923 1799 2141 1868 tudinis,
2170 1803 2262 1871 qui
2290 1801 2448 1858 ﬁdem
2473 1820 2580 1859 non
2609 1806 2876 1875 recipiunt
2895 1805 3207 1862 Salvatoris.
3230 1806 3288 1863 Si
3307 1816 3511 1877 autem,

227 1867 408 1964 ᾗξιβξεξ
446 1868 852 1964 ξξπηπξηιοναδο
872 1911 887 1936 9
932 1888 1049 1964 qm?
1072 1889 1104 1964 ξι
1131 1875 1318 1929 multo
1349 1885 1465 1930 δαηί
1489 1918 1504 1944 ν
1552 1881 1822 1934 enuntiare
1851 1890 1898 1950 B
1925 1891 2073 1962 quod
2100 1907 2288 1946 verum
2318 1900 2422 1960 est,
2447 1893 2591 1948 aliud
2619 1901 2703 1948 est
2733 1894 2924 1960 creari,
2951 1895 3095 1950 aliud
3115 1898 3380 1964 generari,
3411 1897 3515 1953 dis-

227 1957 406 2028 (Ibid.
443 1958 553 2027 21).
594 1957 730 2028 Ergo
752 1976 875 2015 cum
904 1963 1144 2029 quotidie
1173 1965 1274 2019 ista
1306 1964 1528 2034 ﬁerent,
1561 1984 1591 2022 a
1620 1971 1817 2026 saeculo

227 2049 372 2103 facta
414 2060 715 2120 praemonet
755 2053 1022 2119 nuntiari,
1068 2057 1302 2111 ostendit
1343 2074 1462 2128 quae
1502 2059 1711 2116 dictura
1735 2069 1819 2117 est

227 2141 384 2197 obis
409 2182 426 2206 ,
477 2157 588 2196 non
627 2145 944 2201 aeternitatis
973 2162 1121 2213 esse,
1167 2147 1260 2203 sed
1289 2152 1568 2220 temporis.
1609 2137 1688 2208 Ob
1715 2155 1818 2211 hoc

223 2231 406 2286 statim
453 2230 698 2287 addidit:
741 2232 996 2290 Dominus
1027 2226 1216 2292 creavit
1256 2256 1336 2292 me
1363 2241 1569 2296 initium
1612 2245 1814 2299 viarum

222 2338 437 2376 suarum
465 2324 522 2376 in
548 2340 704 2392 opera
733 2341 846 2380 sua.
879 2325 1031 2392 Quod
1058 2341 1186 2396 ergo
1215 2329 1474 2400 sapientia
1501 2341 1682 2388 creata
1711 2343 1812 2403 est,

225 2430 333 2469 non
363 2423 495 2475 ante
517 2415 710 2482 secula
729 2457 742 2481 ,
775 2417 869 2472 sed
898 2433 929 2471 a
948 2419 1144 2473 saeculo
1173 2428 1292 2486 est;
1323 2421 1468 2490 quod
1497 2433 1678 2480 autem
1709 2411 1813 2481 ini?

222 2505 358 2560 tium
389 2508 600 2561 viarum
631 2507 842 2580 pomini
885 2517 1100 2576 creatus
1127 2517 1210 2565 est
1245 2509 1410 2566 Filius
1434 2552 1449 2578 ,
1501 2513 1629 2580 quid
1670 2515 1814 2570 aliud

222 2609 308 2661 est
330 2598 439 2654 nisi
466 2601 611 2669 quod
641 2602 755 2671 ipse
779 2603 864 2657 via
887 2604 1042 2659 nobis
1071 2614 1153 2660 est
1174 2606 1366 2670 factus,
1389 2616 1448 2662 ut
1472 2623 1538 2663 eo
1560 2607 1698 2664 duce
1725 2618 1811 2664 at-

222 2701 332 2758 que
373 2701 586 2746 rectore
632 2707 730 2762 per
780 2694 1084 2765 adoptionis
1122 2712 1282 2766 quam
1339 2700 1645 2769 accepimus
1689 2714 1814 2769 gra-

221 2780 354 2836 tiam
421 2783 603 2838 divino
656 2799 880 2841 munere
908 2785 976 2841 ad
1016 2787 1272 2843 virtutum
1315 2789 1472 2844 nobis
1510 2789 1810 2859 profectum

223 2883 439 2948 pateret
466 2876 779 2946 ingressus?
811 2877 964 2944 Quod
991 2888 1051 2933 ut
1075 2880 1374 2935 evidentius
1399 2890 1680 2952 appareat,
1710 2882 1807 2937 de-

224 2962 422 3032 bemus
459 2967 736 3022 attendere
783 2968 852 3022 ad
901 2969 1005 3025 hoc
1050 2969 1242 3025 Filium
1288 2981 1549 3028 creatura:
1597 2973 1809 3028 initium

225 3053 426 3114 factum
449 3099 466 3125 ,
513 3075 623 3115 non
650 3069 710 3116 ut
739 3077 929 3117 novam
969 3079 1156 3118 rursus
1191 3074 1496 3120 creaturam
1529 3065 1805 3134 conderet,

225 3150 322 3206 sed
356 3160 417 3206 ut
442 3161 714 3209 vetustate
742 3155 838 3226 (at.
869 3163 1230 3224 vetustatem;
1280 3159 1349 3213 al.
1381 3162 1671 3230 vetustam)
1694 3160 1808 3229 jam

1922 1989 2191 2047 cernatur,
2243 1984 2298 2037 in
2327 1998 2432 2052 qua
2461 1983 2707 2040 Christus
2733 1985 3034 2042 substantia
3063 1995 3279 2043 creatus
3323 2004 3355 2042 a
3400 1989 3516 2045 Deo

1921 2072 2148 2150 dicatur,
2179 2074 2306 2129 etin
2337 2089 2442 2144 qua
2473 2089 2538 2130 ex
2566 2076 2725 2132 Patre
2769 2077 2982 2147 genitus
3000 2078 3357 2148 prazdicetur:
3387 2094 3517 2137 nam

1920 2173 1976 2220 et
2005 2165 2121 2236 ipse
2149 2165 2443 2236 Scripturae
2470 2167 2620 2222 locus
2661 2167 2922 2238 perfacile
2949 2170 3316 2240 quterentibus
3353 2155 3528 2227 mon-i

1919 2263 2074 2322 strat,
2108 2255 2162 2310 in
2191 2272 2298 2326 qua
2345 2266 2559 2312 creatus
2587 2267 2778 2312 natura
2825 2258 3084 2316 dicendus
3130 2268 3215 2316 est
3243 2259 3514 2317 Christus.

1917 2346 1976 2400 ιη
2005 2361 2068 2401 ea
2097 2347 2302 2402 scilicet
2323 2348 2377 2402 in
2404 2363 2509 2419 qua
2546 2347 2831 2404 Dominum
2854 2351 3118 2418 nominat,
3141 2357 3202 2406 ut
3222 2351 3513 2408 veritatem

1903 2435 1972 2516 ~in
2000 2451 2059 2491 se
2087 2435 2273 2491 formae
2296 2439 2506 2493 servilis
2532 2439 2799 2505 ostendat,
2845 2441 2984 2496 sicut
3011 2449 3067 2496 et
3102 2442 3156 2496 in
3185 2442 3396 2512 psalmo
3430 2443 3513 2498 lo-

1915 2528 2133 2597 quitur,
2165 2529 2353 2584 dicens
2385 2547 2398 2582 :
2433 2527 2478 2583 0
2507 2529 2748 2597 Domine,
2775 2547 2869 2603 ego
2897 2548 3070 2586 servus
3101 2541 3214 2586 tuus
3237 2550 3254 2596 ;
3277 2549 3370 2604 ego
3399 2549 3513 2588 ser-

1913 2634 2003 2673 vus
2023 2627 2138 2672 tuus
2160 2627 2208 2672 et
2230 2620 2369 2684 ﬁlius
2398 2621 2604 2674 ancillae
2627 2629 2727 2674 tute
2744 2621 2916 2692 (Psal.
2933 2619 3183 2692 cxv,16).
3209 2619 3286 2674 Ex
3307 2621 3505 2676 ancilla

1915 2725 2044 2779 ergo
2071 2719 2230 2766 natus
2250 2718 2333 2766 est
2360 2726 2569 2777 servus,
2593 2712 2686 2780 qui
2713 2727 2781 2766 ex
2804 2709 2962 2766 Patre
2976 2719 3266 2780 generatus
3286 2719 3368 2766 est
3396 2711 3508 2767 Do-

1915 2801 2111 2856 minus.
2147 2799 2376 2870 Propter
2403 2799 2630 2855 formam
2674 2801 2836 2869 igitur
2863 2801 3005 2855 servi
3041 2799 3176 2854 dixit
3207 2817 3220 2853 :
3256 2799 3512 2855 Dominus

1915 2893 2110 2947 creavit
2135 2908 2232 2957 me,
2258 2907 2366 2945 non
2396 2906 2456 2947 se
2502 2907 2532 2945 a
2563 2890 2723 2946 Patre
2749 2891 2879 2946 dicit
2904 2899 3165 2958 creatum,
3217 2891 3312 2946 sed
3340 2906 3371 2945 a
3398 2889 3513 2946 Do—

1914 2983 2083 3038 mino.
2125 2982 2260 3036 Nam
2290 2982 2382 3036 ubi
2434 2983 2727 3037 secundum
2783 2981 3118 3036 divinitatem
3147 2968 3360 3050 genitus
3387 2981 3547 3048 dicit,

1909 3083 2022 3141 tur,
2053 3075 2214 3130 Pater
2229 3075 2487 3130 continuo
2508 3075 2818 3130 nominatur
2841 3113 2856 3138 ,
2881 3073 3021 3128 sicut
3041 3087 3167 3127 vere
3197 3073 3313 3142 ipse
3338 3072 3512 3126 dixit:

1912 3162 2028 3234 Ego
2044 3181 2076 3216 a
2097 3163 2259 3218 Patre
2277 3163 2466 3234 prodii,
2489 3173 2540 3218 et
2558 3164 2671 3216 veni
2695 3162 2873 3233 (Joan.
2907 3179 3013 3228 vlu,
3043 3160 3165 3233 42);
3191 3160 3325 3217 etB.
3357 3176 3515 3216 evan.

222 3242 439 3314 pridem
475 3245 734 3313 perditam
763 3257 1069 3303 renovaret.
1110 3249 1387 3305 Invenitur
1423 3252 1566 3305 enim
1596 3259 1810 3321 aposto-
1833 3263 1882 3330 ο
1911 3255 2103 3322 gelista
2133 3254 2200 3309 de
2229 3269 2328 3309 eo:
2363 3252 2431 3306 Et
2472 3253 2689 3307 vidimus
2718 3253 2936 3324 gloriam
2958 3254 3093 3323 ejus,
3116 3253 3338 3323 gloriam
3364 3254 3514 3321 quasi

221 3332 303 3390 los
335 3349 559 3411 quoque
585 3334 736 3404 hujus
762 3337 954 3393 fecisse
981 3340 1272 3395 creationis
1301 3341 1509 3395 initium
1529 3383 1543 3408 ,
1576 3356 1807 3410 quorum

222 3423 407 3483 ofﬁcio
435 3429 705 3497 reparavit
741 3429 886 3498 quod
927 3429 1102 3486 fuerat
1125 3441 1250 3486 ante
1276 3431 1570 3502 collapsum
1591 3475 1606 3499 ,
1644 3433 1807 3488 beato

221 3517 427 3573 Jaoobo
454 3518 666 3574 dicente
693 3519 760 3574 de
783 3520 896 3574 Deo
930 3519 1090 3576 Patre
1115 3539 1130 3575 :
1169 3521 1476 3576 Voluntarie
1502 3523 1675 3594 genuit
1714 3538 1808 3576 nos

231 3608 403 3664 Verbo
433 3612 680 3678 veritatis,
703 3620 758 3664 ut
782 3613 938 3666 simus
968 3613 1171 3667 initium
1193 3613 1402 3684 aliquod
1423 3621 1677 3667 creatura:
1694 3613 1808 3684 ejus

223 3699 430 3770 (Iacob.
453 3715 492 3765 ι,
524 3699 634 3770 18).
666 3699 1087 3758 Evidentissimis
1114 3703 1274 3772 igitur
1301 3702 1700 3758 demonstratur
1727 3703 1809 3756 in-

219 3789 374 3846 diciis
394 3829 413 3855 ,
461 3790 567 3858 hoc
608 3790 714 3862 55
735 3791 856 3846 loco
886 3791 1245 3858 creationem,
1295 3807 1402 3847 non
1431 3790 1499 3846 ad
1533 3790 1806 3846 conditio-

219 3895 343 3936 nem
360 3881 604 3935 omnium
618 3890 1004 3948 creaturarum,
1024 3883 1118 3938 sed
1135 3883 1201 3938 ad
1217 3883 1614 3952 reparationem
1635 3883 1810 3937 homi-

220 3987 348 4028 num
370 3971 710 4028 referendam
737 3991 748 4026 :
783 3975 920 4029 sicut
945 3983 1000 4030 et
1026 3974 1194 4029 David
1219 3984 1436 4028 sanctus
1463 3973 1655 4036 oravit,
1681 3971 1810 4027 dum

219 4064 420 4134 gemini
446 4063 634 4119 fuisset
657 4065 900 4121 criminis
920 4064 1296 4121 recordatione
1324 4065 1670 4135 perterritus,
1701 4078 1811 4119 non

218 4156 394 4212 solum
434 4156 684 4211 temerati
711 4156 992 4223 connubii,
1043 4156 1139 4212 sed
1163 4156 1343 4212 mariti
1391 4157 1556 4212 etiam
1580 4156 1811 4211 insontis

219 4247 400 4302 occisi.
433 4246 567 4302 Dum
591 4248 750 4318 igitur
779 4248 913 4304 tanti
933 4248 1187 4303 facinoris
1220 4260 1428 4303 naevum
1453 4249 1811 4320 lacrymarum

220 4333 442 4392 ﬂumine
466 4335 822 4393 meditaretur
851 4338 1090 4404 abluere,
1109 4337 1213 4393 hoc
1232 4339 1371 4393 inter
1396 4338 1640 4406 gemitus,
1673 4354 1811 4408 quos
1850 4375 1860 4384 ~

219 4434 386 4506 testes
407 4429 599 4483 habuit
615 4429 833 4495 doloris,
857 4428 1042 4484 effudit
1065 4447 1078 4482 :
1103 4428 1204 4483 Cor
1224 4429 1470 4482 mundum
1489 4444 1609 4482 crea
1633 4430 1687 4482 in
1708 4444 1810 4497 me,

217 4519 378 4584 Deus,
409 4530 462 4573 et
510 4521 745 4590 spiritum
791 4530 984 4575 rectum
1029 4522 1218 4576 innova
1259 4523 1313 4574 in
1360 4520 1631 4575 visceribus
1685 4521 1810 4575 meis

1921 3346 2183 3418 Unigeniti
2211 3363 2245 3399 a
2264 3345 2429 3399 Patre
2450 3344 2628 3416 (Joan.
2660 3360 2696 3409 ι,
2727 3344 2841 3415 14).
2875 3343 3056 3410 Vides,
3079 3343 3206 3412 quia
3240 3359 3352 3428 pon
3380 3341 3516 3397 dixit

1914 3436 2024 3504 hic,
2046 3451 2077 3489 a
2105 3435 2358 3503 Domino,
2381 3434 2480 3490 sed
2509 3450 2539 3488 a
2563 3433 2742 3488 Patre.
2774 3433 2928 3500 Quod
2953 3443 3135 3489 autem
3153 3449 3278 3489 eum
3299 3431 3512 3488 Primo-

1909 3525 2138 3594 genitum
2159 3526 2312 3578 totius
2335 3532 2586 3578 creatura:
2611 3523 2830 3594 (Coloss.
2857 3538 2902 3590 ι,
2928 3523 3018 3592 15)
3043 3524 3174 3578 dicit
3198 3523 3510 3592 Apostolus,

1912 3621 2162 3670 creatura
2191 3615 2376 3682 utique
2407 3613 2722 3680 intelligitur
2767 3621 3018 3683 reparata
3038 3654 3053 3680 ,
3085 3630 3195 3669 non
3243 3613 3461 3669 condita
3493 3633 3510 3668 :

1911 3712 2161 3762 creatura
2191 3705 2421 3760 filiorum
2449 3703 2565 3771 Dei,
2615 3719 2719 3772 qua
2751 3719 2818 3758 ex
2866 3705 3036 3762 Servis
3064 3705 3182 3774 ejus
3219 3704 3345 3761 facti
3375 3714 3507 3760 sunt

1913 3795 2105 3852 fratres
2131 3795 2246 3865 ejus
2266 3797 2360 3866 qui
2387 3811 2510 3863 nos,
2539 3797 2833 3851 secundum
2862 3796 3110 3866 Apostoli
3138 3797 3360 3862 dictum,
3407 3814 3512 3852 non

1913 3887 2248 3958 confunditur
2278 3888 2467 3957 fratres
2512 3902 2712 3952 vocare,
2773 3886 2948 3940 dicens
2979 3903 2996 3939 :
3029 3884 3277 3941 Narrabo
3325 3903 3512 3943 nomen

1917 3988 2059 4032 tuum
2080 3977 2329 4050 fratribus
2350 3979 2495 4043 meis,
2520 3979 2577 4030 in
2602 3977 2772 4031 medio
2801 3975 3051 4054 Ecclesia:
3083 3978 3310 4039 laudabo
3337 3987 3406 4035 te.
3439 3978 3511 4033 Et

1911 4069 2133 4123 iterum:
2163 4067 2280 4138 Ego
2309 4084 2397 4121 ero
2426 4067 2595 4138 ﬁdens
2622 4068 2675 4120 in
2699 4083 2833 4120 eum.
2865 4065 2935 4119 Et
2964 4067 3149 4121 iterum
3197 4085 3215 4122 :
3245 4067 3382 4123 Ecce
3416 4087 3512 4141 ego

1912 4167 1966 4214 et
1988 4160 2156 4231 pueri,
2180 4176 2305 4231 quos
2328 4160 2453 4213 mihi
2484 4159 2623 4213 dedit
2658 4158 2800 4212 Deus
2819 4174 2838 4212 :
2861 4159 3106 4230 quoniam
3142 4177 3263 4232 ergo
3289 4170 3340 4216 et
3362 4163 3514 4232 pueri

1914 4255 2414 4308 communicaverunt
2451 4251 2694 4323 sanguini
2739 4237 2992 4320 et'carni,
3043 4253 3282 4306 similiter
3307 4261 3358 4306 et
3399 4239 3513 4325 ipse

1913 4346 2242 4417 participavit
2270 4343 2487 4408 iisdem;
2519 4352 2575 4396 ut
2597 4359 2689 4412 per
2717 4352 2932 4398 mortem
2961 4343 3246 4398 destrueret
3270 4359 3385 4398 eum
3416 4345 3511 4417 qui

1915 4433 2134 4489 habebat
2162 4437 2338 4488 mortis
2361 4435 2653 4502 imperium,
2679 4433 2786 4505 56
2804 4433 2858 4486 id
2882 4441 2958 4488 est
2985 4432 3280 4510 diabolum;
3302 4443 3358 4488 ut
3386 4433 3511 4488 libe~

1915 4534 2057 4580 raret
2095 4543 2182 4581 eos
2214 4528 2301 4597 qui
2345 4527 2524 4580 timore
2554 4527 2734 4578 mortis
2769 4541 2862 4592 per
2901 4533 3059 4579 totam
3091 4526 3248 4579 vitam
3297 4524 3512 4582 obnoxii

218 4613 400 4684 (Psal.
424 4629 478 4679 ι,
504 4614 613 4684 l2).
645 4614 761 4671 Hoc
789 4631 912 4671 esse
937 4615 1241 4685 significans
1269 4631 1364 4671 cor
1391 4615 1646 4672 mundum
1672 4615 1724 4670 in
1752 4629 1812 4670 se
1836 4637 1890 4699 Β
1913 4626 2063 4672 erant
2105 4618 2352 4671 servituti.
2398 4614 2669 4687 Nusquam
2711 4616 2848 4670 enim
2887 4616 3100 4688 angelos
3147 4617 3509 4688 apprehendit,

215 4706 417 4770 creari,
451 4706 594 4774 quod
646 4715 762 4762 erat
788 4708 1034 4778 spiritum
1063 4715 1270 4763 rectum
1296 4707 1352 4762 in
1377 4707 1494 4777 ejus
1512 4708 1808 4764 visceribus

217 4799 489 4854 innovari.
515 4798 596 4854 Ad
622 4800 725 4856 hoc
745 4816 874 4871 ergo
895 4801 1139 4857 Christus
1168 4802 1336 4858 voluit
1362 4801 1554 4868 creari,
1576 4810 1631 4858 et
1650 4801 1808 4872 hujus

217 4891 514 4946 creationis
559 4892 836 4961 apostolos
881 4908 1008 4948 suos
1054 4894 1266 4948 initium
1293 4892 1428 4959 fieri,
1471 4900 1529 4946 ut
1557 4908 1656 4962 per
1682 4907 1804 4947 eum

217 4990 404 5052 posset
431 4981 619 5049 homo,
652 4983 743 5052 qui
766 4990 1036 5040 vetustate
1065 4984 1321 5054 perierat,
1354 4983 1618 5038 innovari.
1667 4985 1809 5039 Ante

217 5072 476 5128 naculum
499 5079 682 5127 autem
710 5074 976 5144 sapientia
1005 5071 1278 5128 fundatam
1305 5088 1365 5128 se
1391 5073 1546 5140 dixit,
1587 5082 1646 5129 ut
1673 5073 1812 5129 nati-

214 5163 444 5217 vitatem
483 5177 658 5231 suam,
700 5177 807 5232 qua
835 5164 902 5220 de
923 5163 1085 5219 Patre
1127 5169 1254 5218 nata
1283 5168 1386 5229 est,
1420 5163 1812 5220 immutabilem

211 5253 669 5312 demonstraret:
712 5255 857 5326 quod
899 5257 1044 5312 enim
1090 5255 1370 5312 fundatum
1411 5254 1624 5321 dicitur,
1665 5255 1812 5310 nulla

209 5347 430 5403 ratione
450 5347 813 5419 convelliturf,
836 5347 980 5417 quod
1008 5356 1187 5403 autem
1209 5362 1317 5402 non
1340 5344 1677 5414 convellitur,
1705 5361 1812 5405 non

207 5448 481 5496 mutatur.
498 5439 572 5497 Ut
582 5449 764 5499 autem
793 5442 1048 5498 nativitas
1065 5440 1362 5497 divinitatis
1381 5439 1498 5509 ejus
1517 5439 1633 5494 sine
1659 5440 1812 5497 initio

205 5540 596 5599 cognoscatur,
621 5532 784 5589 debet
807 5532 1012 5588 attendi
1034 5532 1178 5602 quod
1202 5532 1476 5602 sequitur:
1500 5529 1813 5604 Priusquam

207 5631 409 5676 terram
437 5624 650 5693 faceret,
681 5624 978 5694 priusquam
1018 5621 1231 5692 abgssos
1270 5623 1619 5688 constitueret,
1649 5623 1813 5692 prius-

201 5731 368 5784 quam
391 5713 729 5785 procederent
750 5716 917 5786 fontes
956 5729 1223 5789 aquarum,
1272 5713 1569 5786 priusquam
1615 5722 1812 5768 montes

200 5807 594 5875 stabilirentur,
622 5817 742 5864 ante
766 5823 942 5863 omnes
966 5814 1133 5860 autem
1152 5805 1305 5861 colles
1328 5807 1499 5878 genuit
1526 5823 1606 5860 me
1627 5804 1806 5875 (Prov.

197 5913 329 5966 νηί,
377 5899 599 5971 23-26.)
626 5900 772 5960 istud
795 5893 941 5970 ante,
973 5914 1096 5956 cum
1124 5897 1339 5966 dicitur,
1391 5913 1551 5956 omne
1591 5913 1810 5971 prorsus

1914 4711 2005 4764 sed
2027 4723 2201 4762 semen
2220 4705 2445 4762 Abrahae
2470 4706 2830 4777 appreltendit.
2856 4705 3006 4760 Unde
3024 4705 3196 4760 debuit
3222 4722 3314 4775 per
3331 4705 3510 4761 omnia

1916 4796 2164 4872 fratribus
2193 4797 2495 4859 assimilari,
2521 4805 2578 4849 ut
2605 4797 2899 4849 misericors
2924 4796 3090 4864 fieret,
3120 4797 3169 4848 e't
3187 4793 3359 4863 ﬁdelis
3382 4810 3510 4864 pom

1917 4893 2044 4964 tifex
2075 4889 2144 4944 ad
2173 4887 2360 4956 Deum,
2390 4897 2446 4942 ut
2468 4887 2835 4959 repropitiaret
2874 4885 3064 4939 delicta
3110 4883 3309 4956 populi.
3344 4882 3414 4940 In
3445 4901 3509 4942 eo

1914 4983 2073 5048 enim,
2103 4979 2239 5054 quod
2264 4996 2451 5051 passus
2488 4988 2564 5034 est
2590 4980 2702 5049 ipse
2729 4985 2777 5031 et
2816 4984 3057 5041 tentatus,
3086 4983 3267 5046 potens
3307 4982 3385 5030 est
3424 4975 3508 5032 Itis

1915 5075 2006 5148 qui
2031 5079 2294 5128 tentantur
2337 5071 2584 5125 auxiliari
2629 5067 2812 5141 (Hebr.
2868 5083 2924 5133 ιι,
2981 5064 3191 5138 11-18).
3246 5066 3510 5125 Audimus

1918 5165 2188 5220 Christum
2213 5163 2503 5220 habentem
2524 5162 2736 5226 fratres,
2754 5161 3001 5217 audimus
3027 5174 3213 5217 semen
3236 5159 3505 5228 Abrahaa;

1918 5256 2166 5312 audimus
2220 5269 2318 5325 per
2344 5262 2574 5309 mortem
2602 5266 2725 5308 eum
2746 5251 2836 5320 qui
2861 5251 3096 5310 habebat
3118 5251 3307 5308 mortis
3331 5252 3508 5322 inipe-

1916 5348 2057 5403 rium
2113 5348 2489 5428 destruentem
2498 5362 2513 5411 ;
2537 5343 2780 5398 audimus
2801 5351 3099 5412 tentatum;
3122 5342 3368 5400 audimus
3383 5359 3506 5416 pas-1

1921 5455 2058 5506 sum,
2110 5445 2168 5494 et
2209 5437 2515 5493 dubitamus
2553 5435 2824 5490 Christum
2869 5435 3289 5506 Primogenitum
3337 5437 3506 5494 totius

1917 5538 2177 5587 creatum
2224 5527 2518 5585 secundum
2585 5525 2971 5585 lncarnationis
3013 5524 3257 5598 proﬁteri
3299 5536 3504 5599 myste-

1918 5623 2090 5677 rium?
2117 5620 2252 5676 Cum
2280 5620 2458 5676 denuo
2483 5619 2674 5675 beatus
2688 5618 2995 5690 Apostolus,
3027 5619 3081 5672 in
3109 5632 3218 5688 quo
3242 5633 3367 5675 eum
3381 5617 3502 5676 Pri-

1915 5715 2245 5783 mogenitum
2272 5712 2529 5767 debemus
2562 5711 2810 5782 accipere
2869 5709 3179 5766 testimonio
3222 5726 3333 5766 sua:
3360 5726 3502 5782 prae-

1915 5804 2498 5863 dicationisostendat:
2526 5804 2750 5873 Scimus,
2782 5803 3057 5873 inquiens,
3087 5807 3327 5876 quoniam
3376 5805 3500 5860 dili-

1914 5898 2146 5974 gentibus
2173 5897 2338 5955 Deum
2377 5899 2550 5954 omnia
2577 5903 2921 5969 cooperantur
2960 5897 3016 5952 in
3051 5896 3258 5967 bonum,
3305 5897 3381 5951 his
3413 5896 3499 5967 qui
