4026 6336
246 395 345 450 215

1375 397 1745 457 RESPONSIO
1781 361 2057 452 comas
2093 399 2402 461 annuos.
2495 378 2501 386 ’

3423 425 3523 476 ΞΗ

247 530 306 580 to,
339 525 390 570 et
418 513 507 568 det
536 515 628 571 tibi
654 525 834 588 pacem
865 507 1052 586 (Nam.
1094 531 1167 583 vt,
1194 513 1408 586 23-26).
1441 515 1546 571 Ter
1583 513 1838 570 Dominus
1867 513 1922 574 A
1944 515 2050 573 Sed
2078 517 2305 576 lorsitan
2341 522 2534 579 dicitur
2561 539 2626 582 ex
2657 527 2932 586 voluntate
2974 530 3149 587 Patris
3194 540 3378 588 natum
3409 501 3526 590 esse

247 608 462 671 dicitur,
505 611 561 663 et
600 623 739 662 unus
784 623 998 678 semper
1030 605 1289 664 Dominus,
1333 609 1660 674 nominatur,
1691 607 1833 662 utin

248 693 530 767 Trinitate,
556 715 674 770 quae
702 714 860 758 verus
884 708 966 756 est
994 700 1152 768 Deus,
1186 695 1671 765 necconfundatur
1705 689 1835 770 pro-

248 793 452 863 prietas
481 807 859 861 personarum,
891 808 992 848 nec
1011 792 1378 848 substantialis
1408 793 1582 848 unitas
1611 792 1838 860 denege‘

247 895 342 938 tur.
380 879 557 942 David
587 898 802 954 quoque
844 882 954 938 Deo
975 897 1072 954 per
1101 882 1278 938 omnia
1317 883 1564 952 placitus,
1597 882 1696 936 sub
1732 881 1836 938 hac

246 975 569 1031 credulitate
611 976 812 1046 popqu
864 975 1006 1030 ﬁdeli
1048 975 1240 1032 divina:
1286 973 1673 1030 benedictionis
1721 986 1838 1041 gra-

247 1070 364 1121 tiam
401 1067 492 1123 his
520 1063 697 1123 verbis
723 1076 945 1138 exoptat
973 1067 1177 1124 infundi
1209 1086 1222 1122 :
1248 1067 1526 1124 Benedicat
1555 1085 1648 1134 nos
1670 1066 1834 1133 Deus,

247 1157 377 1212 Deus
404 1165 606 1223 noster,
632 1158 898 1213 benedicat
922 1176 1015 1214 nos
1051 1158 1210 1224 Deus,
1241 1168 1291 1212 et
1316 1166 1546 1212 metuant
1584 1174 1698 1212 eum
1726 1174 1838 1213 om-

249 1268 326 1303 nes
347 1249 494 1321 ﬁnes
524 1261 677 1305 terra:
699 1241 874 1321 (Psal.
916 1267 1058 1318 vat,
1089 1249 1165 1320 8).
1205 1245 1301 1304 Cui
1340 1248 1618 1304 sententia:
1649 1249 1839 1304 beatus

250 1339 546 1394 toncordat
575 1338 883 1409 Apostolus,
909 1340 1000 1410 qui
1030 1351 1148 1394 cum
1175 1335 1410 1409 quodam
1439 1339 1558 1393 loco
1579 1335 1833 1392 dixisset:

255 1429 390 1486 Unus
419 1423 565 1486 Deus
595 1429 779 1496 Pater,
808 1446 872 1483 ex
913 1448 1010 1501 quo
1041 1431 1234 1500 omnia,
1279 1440 1328 1485 et
1375 1448 1468 1486 nos
1510 1433 1565 1486 in
1605 1432 1759 1502 ipso;
1789 1441 1840 1488 et

252 1535 372 1575 unus
407 1517 667 1575 Dominus
693 1520 843 1574 Jesus
873 1519 1123 1587 Christus,
1155 1539 1245 1591 per
1272 1539 1419 1594 quem
1449 1523 1643 1586 omnia,
1675 1533 1721 1575 et
1743 1539 1838 1578 nos

255 1630 332 1684 per
353 1614 528 1683 ipsum
565 1607 617 1682 (ι
647 1611 765 1668 Cor.
800 1630 906 1678 vin,
955 1609 1034 1683 6),
1063 1613 1128 1668 de
1160 1613 1363 1684 Spiritu
1401 1623 1589 1670 sancto
1624 1630 1839 1685 quoque

257 1699 491 1757 diceret:
527 1695 707 1755 Nolite
739 1701 1043 1757 contristare
1073 1703 1325 1773 Spiritum
1363 1716 1599 1761 sanctum
1632 1704 1752 1772 Dei,
1785 1707 1839 1761 in

256 1812 342 1866 quo
363 1791 564 1866 signati
589 1795 711 1848 estis
738 1795 792 1849 in
822 1793 955 1848 diem
989 1795 1352 1868 redemptionis
1378 1796 1594 1870 (Ep/tes.
1624 1815 1697 1866 tv,
1723 1798 1836 1867 50).

1938 609 2127 665 Filium
2156 630 2168 664 :
2202 609 2413 669 dicatur
2443 630 2571 686 ergo
2608 625 2789 674 utrum
2819 636 2887 676 ex
2927 635 2987 676 se
3015 638 3083 676 an
3117 623 3330 680 aliunde
3367 623 3527 682 Pater

1935 700 2130 756 Filium
2151 705 2366 771 genuit?
2396 704 2453 760 Si
2477 707 2618 762 enim
2640 724 2706 764 ex
2735 725 2793 765 se
2821 710 2938 781 ipso
2968 714 3171 780 genuit,
3213 730 3322 771 non
3352 718 3528 786 potuit

1937 792 2187 850 voluntas
2215 795 2321 866 59
2341 799 2740 864 generationem
2763 801 3088 870 praecedere,
3119 804 3246 872 quia
3275 806 3426 860 nefas
3447 815 3530 861 est

1938 885 2162 956 credere
2203 888 2255 942 in
2287 887 2454 944 Deum
2482 890 2684 962 aliquid
2721 892 2866 962 quod
2895 909 3002 950 non
3048 906 3262 966 semper
3287 893 3389 952 fuit
3427 913 3529 953 no-

1937 978 2077 1032 viter
2103 979 2380 1036 accidisse.
2409 978 2559 1038 Unde
2579 985 2925 1052 cognoscitur
2957 987 3212 1054 quoniam
3238 987 3379 1047 Deus
3408 1006 3527 1045 om-

1939 1083 2064 1122 nem
2091 1068 2308 1139 quidem
2337 1080 2638 1127 creaturam
2668 1064 2734 1128 de
2765 1073 2931 1130 nihilo
2978 1075 3220 1132 condidit
3251 1078 3529 1134 voluntate

1940 1175 2056 1225 sua,
2088 1158 2282 1216 Filium
2305 1177 2433 1216 vero
2462 1165 2758 1220 substantia
2778 1167 2964 1236 genuit
2991 1168 3075 1224 vel
3102 1179 3313 1226 natura.
3343 1169 3400 1224 Si
3430 1187 3529 1225 au-

1942 1260 2051 1307 tem
2083 1251 2297 1308 aliunde
2334 1253 2500 1309 Filius
2527 1254 2720 1310 dicitur
2750 1267 2926 1324 natus,
2969 1267 3062 1313 aut
3089 1275 3157 1316 ex
3203 1261 3373 1317 nihilo
3411 1262 3530 1332 ejus

1943 1345 2092 1412 origo
2122 1346 2396 1412 asseritur,
2427 1355 2518 1400 aut
2563 1347 2723 1418 (sicut
2761 1351 3008 1420 superius
3034 1354 3235 1410 dictum
3285 1335 3391 1427 est)
3435 1372 3532 1412 ex-

1941 1443 2111 1506 cepto
2137 1436 2284 1502 Deo,
2331 1453 2544 1507 semper
2591 1435 2793 1508 aliquid
2850 1439 3013 1500 fuisse
3056 1452 3246 1502 contra
3289 1447 3533 1515 regulam

1942 1540 2083 1578 vene
2152 1524 2274 1580 ﬁdei
2339 1527 2680 1595 praedicatur.
2744 1525 2944 1587 Beatus
2996 1533 3195 1604 quippe
3242 1534 3534 1606 Apostolus

1943 1617 2119 1672 sciens
2148 1613 2341 1672 Filium
2371 1633 2437 1673 ex
2478 1617 2652 1693 Patris
2686 1617 2925 1677 essentia
2948 1639 3137 1680 verum
3179 1624 3345 1681 Deum
3376 1629 3531 1694 geni-

1945 1717 2076 1776 tum,
2109 1718 2165 1765 et
2202 1707 2271 1764 ob
2316 1709 2421 1765 hoc
2461 1725 2582 1766 cum
2605 1710 2765 1767 Patre
2811 1730 2976 1770 unum
3010 1715 3298 1774 Dominum
3340 1717 3532 1787 Deum,

1945 1816 2046 1857 nec
2093 1803 2377 1864 immemor
2418 1803 2671 1872 praecepti
2703 1803 2982 1873 dominici,
3023 1821 3132 1876 quo
3181 1809 3536 1878 prohibemur

259 1883 386 1940 Cum
416 1899 476 1939 se
505 1884 708 1939 dixisse
733 1883 1065 1941 meminisset
1093 1901 1159 1941 ex
1191 1885 1351 1942 Patre
1379 1893 1402 1925 ⁸
1433 1903 1530 1959 per
1557 1888 1749 1943 Filium
1778 1889 1835 1946 in
1866 1893 1916 1959 Β
1942 1892 2152 1948 duobus
2218 1891 2448 1948 dominis
2496 1891 2801 1963 deservire,
2860 1896 3091 1954 Domino
3136 1897 3351 1956 Christo
3396 1903 3536 1958 sicut

261 1968 459 2047 Spiritu
478 1986 664 2032 sancto
682 2017 695 2042 ,
722 1985 778 2032 ut
805 1977 943 2034 hanc
967 1970 1294 2036 Trinitatem.
1320 1996 1486 2036 unum
1524 1981 1693 2038 Deum
1722 1997 1842 2038 esse

263 2078 602 2137 monstraret,
633 2067 741 2125 alio
777 2069 896 2128 loco
939 2069 1050 2125 ait:
1097 2057 1370 2136 Quoniam
1397 2090 1461 2127 ea:
1488 2076 1618 2144 ipso,
1661 2083 1711 2128 et
1748 2089 1844 2144 per

260 2163 450 2231 ipsum,
466 2170 517 2214 et
545 2159 596 2214 in
615 2162 726 2231 ipso
749 2170 868 2214 sunt
897 2161 1088 2216 omnia.
1123 2153 1189 2215 Et
1216 2163 1360 2230 quod
1391 2164 1734 2230 singulariter
1755 2166 1841 2220 in-

261 2249 372 2305 tulit
394 2271 421 2304 r
442 2253 544 2320 ipsi
567 2248 732 2321 gloria
761 2254 815 2306 in
843 2251 1035 2307 saecula
1056 2255 1363 2308 steculorum
1405 2254 1581 2326 (Rom.
1615 2272 1688 2324 xt,
1725 2257 1840 2326 56).

261 2341 330 2396 Ex
354 2337 660 2396 substantia
678 2335 852 2396 Patris
878 2350 1060 2398 natum
1081 2335 1302 2411 Filium,
1321 2352 1375 2399 et
1390 2346 1521 2401 tides
1539 2347 1842 2406 Christiana

262 2445 398 2490 recte
434 2433 716 2506 praedicat,
765 2439 820 2489 et
869 2444 1056 2501 sancta
1104 2436 1380 2508 Scriptura
1427 2449 1838 2498 commemorat.

262 2523 450 2581 Paulus
474 2525 756 2595 apostolus
776 2521 842 2581 de
868 2521 1005 2581 Filio
1027 2525 1121 2582 Dei
1143 2527 1292 2596 dicit,
1318 2528 1416 2594 Qui
1446 2547 1558 2596 cum
1583 2533 1652 2586 sit
1669 2532 1843 2602 splen-

265 2621 354 2676 dor
370 2617 577 2696 gloria},
606 2631 656 2676 et
685 2623 852 2694 ﬁgura
880 2623 1181 2679 substantiae
1205 2626 1315 2696 ejus
1347 2626 1531 2698 (Hebr.
1565 2643 1601 2692 ι,
1634 2626 1712 2698 ὅ).
1735 2627 1843 2682 Do-

264 2711 430 2767 minus
452 2711 635 2768 denuo
666 2713 794 2769 dicit
817 2713 883 2768 a'd
911 2714 1196 2770 Jeremiam
1219 2734 1231 2770 :
1263 2718 1430 2786 Super
1451 2728 1649 2773 montes
1672 2719 1843 2790 accipe

265 2804 545 2876 planctum,
565 2803 591 2841 δ
605 2815 655 2859 et
676 2805 906 2863 homines
934 2823 1037 2862 non
1060 2805 1522 2869 audieruntlvocem
1543 2807 1843 2864 substantia!

268 2913 403 2965 mete,
420 2915 453 2952 a
480 2895 779 2952 volatilibus
807 2900 1095 2971 certiusque
1115 2900 1184 2953 ad
1202 2917 1387 2971 pecora
1410 2900 1621 2969 (Jerem.
1639 2918 1710 2965 ιι,
1732 2901 1841 2972 10).

263 2976 444 3044 Filium
467 2996 654 3044 autem
683 2987 854 3045 Patris
871 3004 988 3065 esse
1008 2990 1380 3056 substantiam,
1405 2992 1845 3070 Sapientim,liber

265 3080 542 3137 evidenter
573 3080 830 3149 ostendit,
855 3081 1081 3138 dicens:
1113 3079 1250 3140 Esca
1290 3083 1589 3154 angelorum
1625 3075 1835 3138 nutristi

262 3174 501 3242 populum
533 3182 699 3241 tuum,
727 3182 1080 3242 purpuratum
1102 3188 1288 3244 pauent
1315 3173 1379 3226 de
1401 3175 1524 3228 calo
1560 3175 1845 3245 prmstitisti

1941 1998 2074 2037 vero
2104 1981 2216 2037 Deo
2244 1981 2498 2052 praecepit
2524 1982 2882 2050 serviendum,
2908 2002 3068 2054 quem
3107 1989 3384 2057 :equaliter
3411 2007 3536 2047 cum

1943 2071 2110 2129 Patre
2137 2081 2363 2128 noverat
2380 2073 2777 2143 honorandum,
2805 2075 2922 2145 ipso
2942 2075 3171 2132 Domino
3194 2077 3436 2135 dicente:
3467 2081 3538 2135 Ut

1943 2181 2121 2220 omnes
2144 2164 2484 2234 honoriﬁcent
2523 2161 2742 2231 Filium,
2786 2168 2917 2221 sicut
2944 2167 3291 2240 honoriﬁcam
3320 2171 3536 2226 Patrem

1946 2254 2122 2328 (Joan.
2157 2271 2210 2323 ν,
2239 2253 2346 2319 25).
2373 2253 2540 2321 Quem
2573 2271 2756 2310 verum
2789 2255 2954 2312 Deum
2974 2253 3211 2314 Joannes
3237 2263 3532 2332 apostolus,

1945 2347 2063 2416 ipso
2086 2346 2138 2400 in
2162 2361 2220 2400 se
2243 2346 2473 2405 Domino
2495 2346 2772 2416 loquente,
2792 2353 3022 2404 testatur
3041 2343 3226 2406 dicens
3250 2370 3262 2404 :
3286 2351 3355 2407 Ut
3374 2355 3536 2408 simus

1944 2439 1999 2491 in
2055 2453 2172 2491 vero
2204 2433 2348 2492 Filio
2375 2437 2488 2507 ejus
2515 2435 2643 2492 Jesu
2683 2437 2917 2505 Christo;
2966 2440 3050 2495 hic
3087 2451 3166 2496 est
3208 2459 3356 2498 uerus
3395 2442 3536 2498 Deus

1943 2538 1994 2583 et
2018 2531 2122 2583 vita
2147 2537 2341 2583 teterna
2383 2525 2439 2598 (1
2461 2526 2623 2582 Joan.
2663 2544 2718 2596 v,
2763 2529 2875 2599 ΞΟ).
2916 2530 3181 2596 Quocirca
3221 2549 3365 2588 vera:
3410 2532 3536 2590 ﬁdei
3605 2567 3614 2575 -

1947 2619 2181 2676 tenenda
2210 2627 2294 2674 est
2322 2620 2540 2687 regula,
2558 2635 2664 2689 qua
2687 2621 2781 2676 Dei
2809 2621 2975 2678 Filius
2997 2623 3066 2679 de
3095 2623 3269 2679 Patris
3288 2626 3536 2681 substan-

1948 2713 2043 2776 tia,
2075 2715 2180 2767 hoc
2211 2719 2316 2776 est,
2346 2712 2415 2766 de
2456 2727 2525 2768 eo
2565 2711 2711 2782 quod
2755 2714 2870 2783 ipse
2904 2724 3010 2784 est,
3039 2716 3384 2773 ineﬂ‘abiliter
3417 2718 3538 2782 sine

1947 2806 2102 2862 initio
2125 2812 2282 2862 natus
2300 2803 2558 2869 creditur,
2591 2811 2648 2860 et
2675 2819 2834 2860 verus
2872 2805 3012 2863 Deus
3039 2823 3165 2864 cum
3213 2799 3373 2866 Patre
3399 2811 3538 2865 coli-

1950 2905 2054 2964 tur,
2086 2905 2142 2952 et
2187 2903 2401 2952 tenetur
2443 2895 2538 2966 (at.
2584 2895 2847 2968 timetur).
2881 2897 3016 2963 Quia
3070 2914 3187 2954 nec.
3219 2898 3538 2956 Christianis

1948 2991 2154 3045 licitum
2185 2997 2286 3056 est,
2323 2990 2376 3045 ei
2403 2989 2497 3057 qui
2522 2995 2715 3043 natura
2759 3005 2869 3044 non
2911 2997 2992 3046 est
3031 2991 3193 3058 Deus,
3238 2992 3379 3048 sicut
3406 3009 3537 3049 vero

1949 3079 2062 3136 Deo
2105 3079 2340 3146 servire;
2364 3094 2467 3135 nec
2493 3079 2741 3150 cuiquam
2769 3079 2848 3137 tas
2875 3088 2977 3149 est,
3010 3081 3224 3139 Christo
3260 3083 3539 3155 unigenito

1949 3170 2046 3225 Dei
2074 3170 2232 3236 Filio,
2263 3185 2373 3225 non
2393 3170 2535 3225 sicut
2559 3185 2690 3226 vero
2713 3167 2825 3227 Deo
2852 3173 3074 3230 servire.
3121 3173 3256 3228 Nam
3294 3191 3418 3230 eum
3445 3176 3539 3246 qui

264 3265 358 3327 eis,
381 3261 492 3318 sine
520 3262 716 3330 labore,
749 3279 899 3318 omne
937 3263 1361 3318 delectamentum
1394 3266 1447 3319 in
1477 3281 1532 3318 se
1557 3265 1844 3330 habentem,
1873 3278 1922 3343 ο
1953 3265 2124 3320 servit
2147 3263 2385 3328 Christo,
2417 3263 2632 3343 placere
2660 3263 2773 3319 Deo
2817 3265 3009 3322 beatus
3039 3265 3264 3332 Paulus,
3296 3268 3389 3337 qui
3438 3268 3539 3322 diis

268 3360 321 3406 et
349 3370 544 3408 omnem
572 3354 840 3410 suavitatis
875 3352 1154 3425 saporem':
1177 3353 1514 3410 substantiam
1542 3357 1676 3410 enim
1705 3367 1844 3412 tuam

261 3455 312 3500 et
335 3446 661 3501 dulcedinem
688 3455 847 3513 tuam,
886 3462 1042 3516 quam
1078 3447 1133 3500 in
1173 3446 1311 3517 ﬁlios
1339 3447 1514 3514 habes,
1543 3450 1843 3512 ostendebas

260 3538 412 3609 (δίῳ.
437 3555 554 3608 svi,
583 3537 670 3602 20,
689 3538 802 3608 21).
827 3535 1028 3594 Panem
1047 3537 1116 3593 da
1141 3538 1278 3602 cosio
1299 3537 1481 3594 datum
1492 3540 1844 3598 substantiam

263 3627 663 3686 etdulcedinem
679 3628 775 3685 Dei
798 3644 918 3691 esse
929 3628 1202 3700 Scriptura
1229 3637 1484 3685 testatur:
1505 3644 1696 3700 panem
1716 3646 1845 3692 vero

267 3723 327 3778 de
365 3722 508 3779 celo
539 3722 954 3781 datum-Filium
997 3723 1090 3779 Dei
1129 3738 1266 3788 esse,
1314 3721 1482 3793 ipsius
1501 3723 1630 3778 Filii
1667 3724 1846 3779 verbis

269 3813 590 3881 ostenditur,
608 3814 702 3882 qui
726 3813 799 3868 ait
823 3830 837 3866 ε
869 3813 984 3883 Ego
1013 3828 1125 3868 sum
1149 3814 1305 3884 partis
1326 3815 1482 3880 vivus,
1513 3815 1601 3885 qui
1632 3813 1695 3868 de
1722 3813 1862 3880 calo,

263 3906 502 3975 descendi
533 3903 716 3977 (Joan.
759 3921 829 3973 v1.
876 3901 988 3976 tl).
1020 3907 1104 3984 De~
1119 3920 1229 3976 quo
1261 3907 1451 3984 Davld-
1478 3907 1552 3965 ait
1583 3921 1596 3961 :
1647 3906 1849 3964 Panem

269 4002 567 4070 metarum
597 3999 928 4058 mundae-urit
1132 3979 1304 4070 (Ptol:
1335 4009 1535 4078 tum,
1566 3998 1678 4070 85).
1708 3999 1850 4058 Ecce

265 4089 332 4145 de
359 4090 666 4146 substantia
691 4088 865 4146 Patris
885 4085 1157 4150 etéitisse
1185 4089 1403 4155 Filium,
1428 4105 1537 4146 non
1562 4089 1743 4146 solum
1755 4101 1848 4151 τι.

270 4167 603 4239 tionabititer
618 4182 902 4248 creditum,
927 4191 1112 4238 verum
1137 4184 1298 4252 etiam
1311 4182 1643 4254 'testintoniis
1661 4197 1853 4253 ορρη»

267 4272 478 4339 baiulis,
502 4272 783 4342 Scriptura
810 4274 1048 4330 dicente:
1079 4271 1180 4337 Qui
1206 4273 1377 4344 diligit
1397 4275 1702 4345 genitorem,
1727 4274 1850 4329 dili-

267 4365 338 4432 git
366 4381 483 4417 eum
525 4365 615 4438 qui
642 4373 794 4420 natus
822 4374 987 4420 estea:
1013 4377 1073 4421 eo
1100 4363 1155 4438 (Ι
1189 4364 1347 4420 Joan.
1387 4381 1442 4434 ν,
1477 4366 1564 4436 i);
1595 4367 1852 4437 quoniam

267 4451 406 4529 ﬁdes
422 4467 566 4510 vera,
586 4451 730 4524 q‘uod
747 4457 942 4524 credit,
975 4472 1084 4514 non
1125 4459 1318 4524 nescit,
1353 4459 1568 4519 etiamsi
1613 4459 1855 4538 nondum

267 4557 450 4619 potest
479 4549 664 4604 videre
687 4549 831 4619 quod
870 4558 1051 4619 sperat
1079 4558 1136 4606 et
1156 4551 1348 4607 credit.
1379 4550 1445 4606 Hi
1465 4565 1596 4608 vero
1639 4554 1732 4623 qui
1760 4552 1851 4610 Fi-

1945 3357 2044 3429 (al.
2076 3354 2206 3428 his),
2230 3356 2316 3426 qui
2345 3341 2534 3409 natura
2554 3370 2660 3409 non
2693 3363 2814 3411 sunt
2840 3356 2935 3424 dii,
2982 3356 3322 3414 serviendum
3372 3359 3540 3414 inter-

1946 3451 2178 3521 dixerat,
2223 3447 2626 3504 evidentissime
2665 3448 2992 3515 manifestat,
3040 3448 3261 3505 dicens:
3293 3447 3419 3505 Non
3460 3458 3539 3506 est

1947 3542 2049 3600 Dei
2073 3557 2292 3614 regnum
2310 3556 2450 3606 esca,
2475 3548 2524 3593 st
2547 3546 2730 3609 potus,
2745 3540 2836 3594 sed
2856 3540 3068 3611 justitia
3097 3548 3148 3593 et
3177 3555 3303 3612 patr,
3333 3549 3384 3596 et
3408 3557 3538 3612 θαα-

1949 3636 2091 3696 dium
2112 3636 2164 3693 in
2197 3633 2406 3702 Spiritu,
2419 3639 2599 3686 uncto
2619 3624 2637 3686 ξ
2663 3631 2763 3695 Qui
2783 3632 2923 3686 enim
2936 3633 3003 3686 in
3019 3632 3117 3686 hoc
3137 3634 3292 3688 servit
3310 3632 3535 3706 Christo,

1949 3726 2117 3796 placet
2144 3722 2256 3778 Deo
2295 3722 2473 3792 (Rom.
2531 3738 2639 3787 xxv,
2685 3721 2796 3792 i7).
2839 3720 3103 3789 Quocirca
3151 3732 3538 3792 cognoscentes

1950 3818 2225 3876 Christum
2255 3827 2442 3872 verum
2470 3815 2639 3870 Deum
2669 3817 2809 3883 esse,
2832 3830 2949 3872 non
2976 3815 3272 3873 audeamus
3317 3833 3439 3894 eum
3468 3821 3538 3878 ab

1953 3910 2270 3979 aequalitate
2285 3905 2526 3978 paternas
2548 3906 2862 3963 substantias
2887 3921 3140 3976 separare
3163 3925 3178 3962 :
3208 3922 3369 3965 verus
3392 3909 3541 3968 enim

1953 4000 2107 4071 Deus.
2125 4008 2209 4056 εει
2233 4000 2543 4070 quinatura
2566 3998 2709 4054 Deus
2726 4005 2839 4064 est;
2869 4005 3060 4056 natura
3089 4006 3269 4055 autem
3297 3999 3440 4062 Deus
3457 4008 3543 4058 ess

1953 4095 2050 4164 qui
2072 4093 2328 4149 deitatem
2369 4107 2440 4148 ex
2473 4092 2778 4149 aeternitate
2812 4088 2958 4148 veras
2993 4091 3296 4147 nativitatis
3331 4092 3541 4158 habuit,

1952 4201 2065 4244 non
2086 4203 2154 4249 ex
2177 4198 2200 4227 ο
2223 4186 2396 4256 gratia
2415 4185 2722 4246 donationis
2742 4176 3003 4255 possedit.
3029 4175 3190 4250 Quod
3205 4185 3349 4242 enim
3367 4185 3542 4240 nasci-

1958 4288 2067 4346 tur,
2089 4290 2393 4335 connexum
2420 4286 2505 4334 est
2528 4291 2754 4346 genere;
2778 4275 2927 4346 quod
3098 4275 3404 4346 adoptatur,
3427 4276 3542 4338 sola

1957 4372 2274 4442 provehitur
2291 4369 2568 4440 largitate.
2714 4403 2719 4408 -
3047 4417 3050 4420 ,
3111 4403 3132 4415 .μ
3404 4407 3408 4414 .

2032 4462 2276 4537 Objectio
2290 4463 2345 4518 5.
2374 4461 2817 4523 Perturbationes
2841 4460 3126 4525 mentium.
3147 4472 3268 4530 qua:
3296 4458 3414 4514 sine
3454 4472 3546 4511 ras

1917 4555 2407 4634 ltionedicuntur,
2448 4569 2571 4611 cum
2614 4554 2900 4611 hortantur
2923 4551 3150 4618 adverti,
3187 4551 3390 4608 veritas
3433 4561 3544 4613 non

269 4639 408 4726 lium
450 4639 515 4733 de
543 4637 721 4695 Patris
757 4637 1055 4711 substantia
1100 4649 1284 4733 natum
1323 4641 1609 4733 denegant,
1650 4625 1940 4733 debent
1963 4646 2188 4703 videtur
2208 4646 2276 4701 ab
2313 4646 2404 4701 eis
2442 4643 2849 4715 comprehendi,
2893 4657 2996 4700 nec
3037 4642 3306 4733 proﬁteri;
3337 4644 3408 4696 ob
3435 4642 3545 4697 hoc

269 4722 465 4798 utique
483 4728 680 4796 dicere,
706 4730 847 4788 unde
873 4731 1198 4788 arbitrentur
1217 4731 1315 4798 Del
1339 4730 1530 4788 ﬁlium
1552 4735 1856 4795 exstitisse:

263 4808 454 4880 utrum
485 4825 553 4879 de
578 4824 770 4892 nihilo,
798 4840 864 4880 an
892 4838 961 4880 ex
981 4825 1194 4895 aliquo?
1221 4826 1279 4889 Si
1305 4826 1384 4899 de
1422 4826 1588 4881 nihilo
1631 4829 1856 4904 exstitit,

261 4923 526 4970 creatura
553 4907 1074 4982 dicendis-est..th
1102 4924 1336 4972 creator.
1367 4915 1422 4970 Si
1458 4924 1638 4994 autem
1667 4917 1734 4972 de
1760 4918 1862 4973 ali-

259 5021 375 5076 qua
405 5006 648 5070 dicatur,
679 5007 776 5062 sic
812 5007 979 5062 etiam
1021 5006 1078 5062 id
1117 5006 1292 5076 ipsum
1339 5007 1483 5064 Deus
1522 5006 1680 5074 fecit,
1719 5008 1861 5064 unde

259 5093 301 5151 ιε’
303 5097 466 5152 ilium
495 5096 700 5164 genuit.
749 5096 831 5151 An
875 5095 1014 5152 forte
1053 5103 1376 5175 consternunt
1421 5096 1619 5154 dicitur
1662 5097 1862 5168 aliquid

263 5188 535 5244 habuisse
567 5187 708 5243 unde
756 5196 959 5258 posset
986 5187 1181 5246 Filium
1216 5191 1517 5256 generare?
1559 5188 1616 5247 Si
1640 5199 1862 5246 coaeter-

245 5295 399 5335 num
443 5277 652 5349 aliquid
678 5280 972 5335 aestimatur
1001 5279 1141 5334 unde
1164 5270 1374 5348 genitus
1413 5278 1580 5336 Filius
1607 5276 1859 5350 creditur,

258 5369 698 5430 Manichmorum
716 5387 869 5430 ermr
887 5373 990 5430 hac
1007 5373 1302 5429 assertione
1317 5371 1584 5429 ﬁrmatur.
1607 5371 1665 5430 Si
1683 5357 1864 5430 autem

255 5481 380 5526 non
403 5465 513 5527 fuit
534 5466 756 5542 aliquid
777 5467 926 5524 unde
951 5476 1303 5537 generaretur
1325 5469 1510 5535 Filius,
1556 5483 1658 5535 nec
1685 5478 1864 5527 tamen

255 5557 336 5614 de
359 5558 672 5615 substantia
719 5559 894 5617 Patris
932 5561 1126 5617 dicitur
1155 5568 1334 5628 natus,
1369 5562 1480 5625 hoc.
1510 5565 1771 5632 superest,
1803 5567 1862 5618 ut

253 5637 559 5710 evidenter
585 5669 655 5710 ex
693 5655 861 5712 nihilo
897 5654 993 5712 Dei
1046 5641 1238 5711 Filium
1255 5643 1265 5648 "
1279 5645 1548 5715 exstitisse
1596 5644 1864 5713 fateantur

254 5746 361 5813 qui
395 5761 524 5802 eum
549 5745 604 5800 in
623 5732 903 5802 divinitate
923 5749 1183 5830 minorem
1206 5747 1493 5820 prmdicare
1514 5747 1861 5803 contendunt.

343 5870 375 5933 ξ·
410 5857 702 5933 ᾼὺθειφετ
726 5878 755 5917 a
787 5876 887 5916 ms.
918 5841 1080 5918 Corb.

340 5929 377 5969 δ
409 5929 480 5984 Et
509 5929 664 6002 super
681 5935 888 5987 semitas
915 5933 1102 5988 deserti
1122 5933 1330 5999 luctum,
1356 5935 1473 6001 quia
1493 5935 1867 6002 defecerunt.“

1961 4738 2104 4810 quod
2146 4736 2557 4796 'absurdum‘sit
2602 4735 2783 4792 dicere
2828 4735 2916 4790 vel
2960 4733 3182 4790 credere
3227 4731 3444 4786 Patrem
3489 4739 3544 4787 et

1948 4830 2154 4886 'Filium
2180 4828 2448 4894 ingenitas
2467 4840 2608 4882 esse.
2630 4824 2734 4890 Qui
2758 4825 2860 4880 sibi
2878 4825 3071 4879 suadet
3090 4823 3191 4877 ista
3210 4820 3542 4888 excogitare,

1962 4921 2077 4991 ipse
2101 4933 2159 4974 se
2188 4917 2304 4975 vult
2321 4917 2512 4974 fraude
2541 4917 2814 4986 decipere,
2835 4929 2954 4984 qum
2984 4911 3397 4982 quidemesigit
3441 4911 3544 4966 illis

1959 5010 2067 5066 hoc
2091 5009 2199 5065 dict
2245 5009 2337 5079 qui
2359 5007 2576 5067 Patrem
2598 5015 2655 5064 et
2673 5007 2865 5063 Filium
2878 5003 3112 5074 aequales
3131 5011 3381 5059 asserunt
3402 4995 3542 5059 esse.

2037 5103 2342 5174 Responsio.
2369 5088 2690 5158 Perturbant
2707 5099 2924 5168 quidem
2945 5103 3175 5162 utentes,
3198 5099 3292 5151 aut
3303 5097 3543 5166 ignavas,

1965 5205 2060 5251 aut
2080 5195 2296 5258 inscios,
2321 5194 2413 5264 qui
2432 5192 2699 5250 voluerint
2721 5188 2936 5244 Patrem
2959 5195 3016 5243 et
3041 5187 3236 5253 Filium
3277 5187 3544 5257 ingenitos

1945 5287 2176 5352 dicere;
2198 5286 2293 5342 sed
2314 5300 2420 5343 non
2442 5285 2548 5340 hoc
2567 5282 2771 5337 faciunt
2787 5281 2879 5350 qui
2898 5288 3296 5349 cognoscuntur
3312 5277 3545 5347 aequales

1965 5378 2181 5434 Patrem
2206 5385 2261 5432 et
2283 5377 2476 5432 Filium
2503 5375 2811 5445 prtedicare.
2861 5375 2920 5430 In
2966 5369 3174 5430 duobus
3199 5371 3343 5428 enim
3390 5371 3544 5439 inge-

1966 5469 2093 5535 nitis
2133 5467 2346 5524 diversa
2372 5463 2632 5524 Divinitas
2673 5467 2958 5523 invenitur.
2999 5466 3058 5520 ln
3088 5479 3194 5550 uno
3227 5470 3418 5550 autem
3459 5476 3545 5531 ge-

1967 5562 2080 5617 nito
2104 5560 2198 5632 (at.
2226 5559 2549 5633 unigenito),
2580 5575 2645 5629 ex
2665 5576 2778 5616 .uno
2798 5557 3058 5631 ingenito,
3088 5547 3344 5625 naturalis
3365 5553 3544 5613 unitas

1965 5646 2380 5711 demonstratur.
2408 5650 2524 5711 Duo
2542 5656 2742 5727 quippe
2765 5653 2994 5722 ingeniti.
3007 5666 3116 5707 non
3139 5655 3362 5722 possunt
3383 5665 3543 5706 unam

1932 5777 1945 5787 ρ
1969 5748 2167 5802 habere
2185 5755 2444 5806 naturam
2466 5789 2482 5815 ,
2505 5747 2595 5803 ubi
2636 5763 2734 5802 nec
2764 5761 2900 5800 unus
2941 5745 2996 5812 in
3025 5758 3133 5798 uno
3158 5758 3342 5800 veram
3371 5759 3441 5799 ex
3487 5755 3544 5798 se

1971 5875 2028 5913 eo
2049 5878 2051 5880 ·
2071 5858 2206 5928 quod
2231 5876 2333 5914 non
2355 5869 2486 5913 sunt.
2518 5850 2642 5914 Haec
2666 5858 2826 5911 verba
2863 5854 3129 5911 adduntdr
3165 5856 3220 5911 in
3249 5871 3349 5910 ms.
3370 5851 3540 5907 ‘Corb.

2048 5940 2069 5967 ε
2103 5929 2198 5984 Ms.
2230 5929 2415 5996 Corb.,
2441 5947 2505 5984 ea:
2527 5931 2709 5997 gratia:
2737 5928 3031 5983 donatione.
