4026 6336
479 375 585 432 215

1527 368 1582 425 S.
1621 365 1980 422 FULGENTll
2016 364 2318 422 EPISCOPI
2355 366 2724 425 RUSPENSIS

3644 377 3760 431 216,

480 486 885 556 generationem
933 487 1154 551 invenlt,
1195 499 1295 540 nec
1340 495 1477 536 unus
1513 495 1583 533 ex
1609 494 1718 532 uno
1745 493 1873 532 vere
1918 477 1970 532 in
2005 493 2064 533 se
2093 483 2144 542 Α
2165 476 2332 532 Filius
2355 477 2502 533 solus
2530 478 2708 533 lumen
2731 480 2989 550 appellari
3031 481 3285 548 creditur,
3317 483 3420 553 ipsi
3447 481 3615 550 Patri,
3655 489 3750 556 qui

479 577 835 633 substantiam
865 576 1162 630 nativitatis
1201 573 1464 642 agnoscit.
1488 570 1596 625 Nos
1632 578 1808 624 autem
1847 567 2061 624 Patrem

481 678 538 725 et
565 669 780 738 Filium,
809 684 908 724 nec
936 668 1070 724 duos
1110 665 1381 735 ingenitos
1410 664 1656 729 dicimus,
1687 678 1786 718 nec
1811 662 1945 717 duos
1969 677 2063 732 ge-

479 763 626 818 nitos
650 763 1001 834 appellamus,
1029 773 1131 813 nec
1154 755 1510 827 personaliter
1534 753 1929 821 contundimus,
1960 768 2062 809 nec

479 853 903 910 substantialiter
938 864 1268 920 separamus.
1301 847 1368 902 Et
1391 847 1512 902 ideo
1539 846 1772 916 aequales
1801 846 1918 901 sine
1942 861 2060 899 am-

476 944 737 1011 biguitate
766 940 1010 1007 dicimus,
1035 941 1163 1010 quia
1192 940 1436 994 diversos
1465 953 1497 992 a
1523 953 1582 994 se
1626 937 1929 992 nullatenus
1975 936 2061 991 in-

477 1033 762 1087 venimus:
803 1046 942 1084 unus
991 1046 1155 1085 unum
1191 1030 1395 1098 genuit,
1455 1044 1591 1084 unus
1646 1027 1714 1083 de
1751 1043 1859 1084 uno
1904 1036 2062 1084 natus

475 1123 585 1193 60
603 1130 704 1177 est.
727 1120 793 1176 Et
814 1122 938 1192 quia
964 1123 1030 1176 de
1052 1121 1480 1176 incommutabili
1507 1119 1668 1175 Patre
1704 1120 2062 1176 incommuta-

475 1215 600 1271 bilis
632 1215 798 1270 Filius
829 1215 1064 1280 exstitit,
1113 1223 1167 1269 et
1198 1213 1359 1268 Pater
1411 1221 1644 1268 aeternus
1691 1220 1748 1267 et
1792 1212 2061 1282 perfectus

475 1318 803 1365 coaeternum
833 1307 1240 1380 perfectumque
1285 1308 1479 1364 Filium
1527 1309 1730 1378 genuit,
1772 1316 2062 1379 propterea

472 1398 641 1454 Filius
659 1414 845 1454 veram
865 1415 1024 1469 quam
1050 1399 1216 1455 habet
1247 1415 1312 1454 ex
1345 1415 1474 1454 vero
1505 1399 1663 1455 Patre
1683 1401 2057 1464 substantiam,

471 1507 577 1548 nec
602 1493 866 1548 minorem
894 1492 1096 1546 habere
1118 1491 1312 1560 potuit,
1344 1505 1448 1545 nec
1473 1491 1756 1546 diversam.
1777 1488 2065 1544 Contume-

471 1583 547 1640 lia
578 1591 658 1639 est
687 1584 886 1654 quippe
915 1583 1109 1638 divinae
1146 1589 1372 1647 naturae,
1405 1584 1449 1636 si
1483 1579 1646 1636 Pater
1677 1581 1872 1636 Filium
1899 1594 2063 1649 gene—

471 1685 604 1728 rans
647 1689 755 1729 non
799 1673 976 1744 potuit
1009 1687 1127 1727 esse
1157 1672 1210 1726 in
1246 1669 1386 1727 Filio
1414 1679 1648 1739 quantus
1680 1681 1961 1740 permanet
2007 1670 2062 1724 in

470 1762 674 1834 seipso,
707 1773 762 1819 et
789 1763 1022 1832 genitori
1044 1761 1209 1832 (quod
1240 1760 1388 1815 nefas
1416 1759 1518 1829 est)
1542 1761 1784 1829 potentia
1807 1761 2062 1815 naturalis

2164 567 2345 623 lumen
2375 569 2579 638 genuit,
2610 567 2806 624 nomen
2835 570 3048 627 luminis
3075 573 3390 642 abuegatur.
3436 573 3539 641 Qui
3566 585 3752 633 autem

2161 673 2270 714 non
2292 659 2717 714 substantialiter
2743 661 2983 730 possidet
3011 677 3207 718 nomen
3238 663 3473 731 luminis,
3506 683 3614 721 non
3645 684 3750 738 po-

2161 755 2269 804 test
2291 749 2491 804 habere
2511 749 2929 806 substantialiter
2943 751 3259 807 vocabulum
3276 753 3519 810 Deitatis.
3553 755 3755 814 Beatus

2161 841 2362 912 quippe
2397 840 2633 898 Joannes
2673 843 2948 913 apostolus
2971 844 3136 900 dicit:
3171 843 3427 909 Quoniam
3473 847 3612 904 Deus
3657 853 3752 906 tua:

2160 941 2240 986 est
2267 931 2318 1003 (I
2346 931 2504 988 Joan.
2534 949 2573 1001 ι,
2612 930 2686 1004 5).
2718 932 2778 988 Si
2804 948 2934 1003 ergo
2959 935 3051 1005 qui
3085 934 3228 992 Deus
3256 945 3340 993 est
3385 938 3478 993 lux
3506 948 3606 1007 est,
3658 944 3753 1012 qui

2160 1024 2254 1080 lux
2279 1041 2386 1080 non
2410 1034 2493 1081 est
2543 1026 2685 1082 Deus
2730 1043 2838 1083 non
2867 1036 2978 1096 est;
3008 1045 3176 1100 quare
3212 1031 3392 1088 lumen
3431 1050 3500 1090 ex
3549 1036 3757 1094 lumine

2161 1117 2456 1172 credendus
2483 1127 2567 1174 est
2593 1118 2779 1186 Filius,
2810 1120 2936 1190 quia
2965 1120 3032 1176 de
3054 1123 3165 1178 Deo
3189 1133 3348 1180 natus
3377 1136 3460 1182 est
3487 1129 3652 1199 Dcus,
3683 1147 3758 1189 ne

2162 1207 2288 1262 dum
2327 1208 2492 1264 Filius
2532 1210 2712 1266 lumen
2741 1211 2957 1278 dicitur,
2983 1212 3125 1270 Deus
3155 1214 3314 1272 Pater
3333 1218 3753 1279 intolerabiliter

2163 1298 2586 1369 blasphemetur.
2640 1303 2718 1359 Ac
2767 1320 2836 1360 ne
2890 1315 3140 1375 putemus
3187 1306 3402 1365 Patrem
3438 1314 3752 1384 conjectura

2163 1391 2335 1458 magis
2355 1407 2514 1461 quam
2534 1395 2763 1450 veritate
2791 1396 2965 1452 lucem
2991 1397 3190 1466 dicere,
3237 1415 3459 1459 necesse
3485 1403 3750 1464 habemus

2164 1482 2269 1538 hoc
2290 1498 2504 1553 quoque
2525 1487 2849 1544 testimoniis
2868 1490 3188 1560 approbare.
3216 1491 3273 1546 ln
3300 1495 3501 1550 sanctis
3521 1497 3754 1568 eloquiis

2163 1571 2231 1627 de
2255 1572 2533 1643 Sapientia
2561 1575 2756 1632 dicitur
2779 1596 2792 1631 :
2825 1578 3067 1634 Omnium
3087 1582 3486 1640 mobilitantium
3516 1587 3604 1659 (al.
3636 1605 3751 1644 om-

2162 1663 2312 1717 nibus
2352 1665 2641 1733 mobilibus,
2686 1669 2772 1724 vel
2837 1673 3063 1725 omnium
3093 1669 3468 1749 ‘mobilitatum)
3517 1677 3757 1734 mobilior

2162 1761 2240 1806 est
2285 1752 2558 1820 Sapientia
2588 1772 2606 1809 :
2660 1759 2866 1830 attingit
2909 1771 3081 1814 autem
3129 1761 3312 1834 ubique
3350 1775 3562 1836 propter
3603 1760 3755 1824 suizm

472 1854 748 1922 adimitur,
773 1854 818 1907 si
848 1853 985 1908 Filio
1013 1859 1254 1922 paterna:
1293 1851 1606 1908 substantia:
1649 1851 1928 1920 aequalitas
1969 1853 2060 1906 ab-

2168 1847 2514 1913 munditiam;
2543 1865 2702 1920 rapor
2729 1860 2806 1904 est
2830 1852 2934 1923 61
2967 1862 3138 1908 autem
3185 1856 3385 1912 virtutis
3408 1857 3524 1924 Dei,
3553 1871 3604 1914 et
3641 1880 3758 1917 ma-

476 1952 724 2016 uegetur,
758 1959 879 1998 cum
906 1944 1050 1998 hanc
1086 1942 1385 2013 apostOlica
1427 1941 1673 1997 doctrina
1719 1957 1827 1997 non
1862 1950 2061 2010 taceat,

473 2035 804 2103 evangelista
831 2032 1040 2088 Joanne
1067 2033 1317 2089 dicente:
1349 2032 1634 2098 Propterea
1675 2031 1912 2097 volebant
1950 2048 2064 2086 eum

474 2125 647 2180 Iudici
665 2126 978 2195 interficere,
1005 2126 1129 2195 quia
1153 2141 1257 2180 non
1285 2124 1452 2179 solum
1489 2121 1715 2177 solvebat
1763 2121 2061 2188 sabbatum,

476 2218 569 2272 sed
592 2226 641 2271 et
669 2217 882 2272 Patrem
909 2234 1058 2272 suum
1077 2215 1278 2271 dicebat
1305 2215 1493 2282 Deum,
1515 2215 1761 2286 aqualem
1786 2231 1842 2268 se
1869 2216 2065 2286 faciens

475 2306 593 2362 Deo
624 2306 804 2377 (Joan.
830 2323 884 2373 ν,
918 2305 1030 2378 18).
1080 2305 1253 2373 Quam
1280 2305 1642 2376 aequalitatem
1663 2319 1772 2360 non
1801 2304 2063 2359 malevola

477 2396 784 2453 Iudaeorum
810 2397 1105 2452 adversitas
1127 2397 1287 2466 (sicut
1305 2395 1625 2468 quibusdam
1653 2394 1884 2465 videtur)
1916 2393 2067 2464 obje-

475 2489 570 2552 cit,
603 2488 696 2543 sed
725 2487 1068 2556 evangelista:
1095 2487 1332 2542 veridica
1361 2501 1584 2557 prorsus
1623 2485 1921 2542 auctoritas
1967 2486 2064 2541 de-

393 2578 402 2586 ’
473 2578 720 2634 claravit.
773 2579 874 2645 Qui
899 2580 1038 2634 sicut
1063 2593 1193 2634 vere
1230 2577 1368 2633 dixit
1393 2576 1574 2632 Jesum
1617 2576 1842 2632 solvisse
1870 2577 2066 2633 sabba-

474 2674 614 2732 tum,
640 2683 770 2722 verc
790 2670 954 2724 etiam
981 2668 1196 2723 Patrem
1219 2683 1372 2741 suum
1392 2667 1592 2723 dixisse
1613 2667 1779 2722 Deum
1799 2705 1816 2733 ,
1846 2669 1918 2722 ita
1939 2683 2072 2723 vere.

471 2756 617 2812 dixit
642 2773 740 2828 per
770 2759 1162 2828 professionem
1197 2759 1409 2830 paterni
1451 2760 1681 2814 nominis
1716 2760 1977 2830 aequalem
2005 2774 2066 2815 se

470 2850 666 2906 fecisse
703 2849 972 2906 divinitati
1020 2860 1078 2907 et
1125 2851 1529 2923 omnipotentiae
1573 2851 1852 2920 genitoris.
1912 2850 2066 2906 Hanc

470 2942 841 3013 aequalitatem
867 2943 920 2995 in
948 2957 1007 2997 se
1033 2943 1148 3012 ipse
1173 2957 1332 2996 verus
1372 2941 1536 2995 Filius
1564 2941 1859 3010 praedicans
1885 2949 1942 2995 et
1971 2940 2066 2996 de-

471 3039 781 3085 monstrans
809 3029 886 3083 ait
912 3047 924 3081 :
959 3028 1082 3101 Ego
1113 3037 1163 3083 ct
1209 3027 1368 3082 Pater
1393 3045 1551 3082 unum
1589 3045 1765 3083 sumus
1800 3027 1976 3099 (Joan.
2007 3045 2064 3095 x,

471 3116 592 3188 30).
624 3117 692 3172 Et
721 3120 828 3175 alio
856 3121 999 3183 loco,
1035 3121 1228 3173 Omnia
1271 3135 1385 3192 qua:
1423 3119 1586 3172 Pater
1623 3121 1772 3191 facit,
1799 3119 1980 3174 eadem
2016 3127 2066 3174 et

2164 1937 2310 1990 natio
2339 1937 2576 2008 quaedam
2599 1948 2625 1976 ι
2651 1940 2903 1996 claritatis
2925 1944 3287 2013 omnipotentis
3309 1945 3407 2001 Dei
3434 1949 3657 2004 sincera.
3681 1951 3756 2007 Et

2163 2025 2280 2080 ideo
2309 2026 2441 2080 nihil
2479 2029 2853 2099 inquinamenti
2891 2032 2946 2085 in
2992 2033 3139 2088 illam
3173 2036 3410 2103 incurrit,
3453 2041 3652 2095 candor
3675 2052 3758 2098 est

2164 2118 2302 2172 enim
2330 2118 2460 2174 lucis
2486 2130 2712 2187 (eterna,
2749 2131 2798 2175 et
2837 2124 3095 2194 speculum
3144 2129 3256 2182 sine
3295 2132 3494 2185 macula
3518 2131 3614 2186 Dei
3642 2151 3754 2189 ma-

2158 2209 2386 2280 jestatis,
2413 2220 2463 2265 et
2484 2213 2656 2283 imago
2686 2215 2930 2270 bonitatis
2959 2217 3119 2271 illius.
3139 2216 3356 2274 Candor
3382 2220 3515 2276 lucis
3533 2231 3755 2282 :eternm

2166 2298 2441 2370 Sapientia
2471 2302 2684 2367 dicitur,
2717 2319 2877 2374 quam
2913 2305 3086 2360 lucem
3106 2317 3361 2364 mternam
3391 2309 3607 2368 Patrem
3629 2329 3754 2372 esse

2165 2391 2413 2446 universa
2442 2390 2815 2448 Christianitas
2835 2393 3137 2464 proﬁtetur.
3175 2398 3329 2465 Quod
3354 2401 3400 2456 si
3426 2401 3565 2458 forte
3588 2405 3755 2475 aliqui

2165 2492 2357 2554 putant
2384 2485 2542 2541 istam
2572 2485 2742 2542 lucem
2758 2496 3034 2556 aeternam,
3069 2491 3220 2560 cujus
3250 2491 3526 2564 Sapientia
3549 2497 3753 2554 candor

2165 2585 2268 2642 est,
2301 2574 2517 2633 Patrem
2548 2579 2719 2649 accipi
2751 2596 2856 2635 non
2885 2581 3102 2648 debere,
3138 2599 3358 2640 necesse
3387 2595 3467 2642 est
3510 2597 3584 2654 ut,
3622 2589 3751 2645 dum

2165 2666 2336 2723 Deum
2363 2668 2578 2724 Patrem
2599 2670 2774 2726 lucem
2795 2679 3051 2727 :cternam
3080 2673 3362 2744 denegant,
3387 2679 3544 2743 aliam
3571 2680 3749 2736 lucem

2165 2765 2424 2812 teternam
2449 2767 2710 2828 quaerant,
2768 2761 2918 2830 cujus
2943 2777 3060 2817 esse
3090 2765 3376 2820 candorem
3421 2767 3753 2838 Sapientiam

2165 2847 2446 2903 evidenter
2467 2847 2770 2904 ostendant.
2801 2848 2905 2905 Sed
2930 2850 3029 2921 ipsi
3059 2855 3306 2909 noverint
3329 2857 3599 2924 quomodo
3621 2875 3752 2930 pos-

2166 2939 2294 3003 sint,
2327 2947 2420 2993 aut
2441 2940 2614 2994 lucem
2643 2955 2761 3009 qua:
2781 2939 2923 2996 Deus
2944 2958 3050 2997 non
3084 2944 3174 3012 sit,
3197 2954 3289 2999 aut
3309 2946 3530 3002 alteram
3555 2947 3750 3016 lucem,

2164 3037 2360 3096 prmter
2386 3027 2735 3097 Sapientiam,
2767 3045 2885 3099 qua:
2913 3029 3024 3086 Deo
3053 3035 3322 3088 coaetema
3364 3036 3456 3104 sit,
3487 3037 3751 3094 invenire.

2166 3113 2535 3182 Cognoscatur
2560 3127 2690 3184 ergo
2714 3117 2804 3172 lux
2845 3133 2964 3174 esse
2998 3117 3161 3176 Pater
3199 3121 3432 3188 luminis,
3463 3133 3521 3180 ut
3558 3127 3752 3185 saltem

469 3208 645 3266 Filius
673 3213 800 3283 facit
841 3212 1079 3266 similiter
1109 3211 1286 3281 (Joan.
1312 3227 1365 3277 v,
1395 3210 1504 3282 19).
1549 3210 1695 3266 Idem
1741 3212 1856 3280 ipse
1889 3210 2058 3265 dicit:
2092 3227 2137 3290 ρ
2165 3207 2245 3261 sic
2264 3205 2429 3260 Filius
2449 3205 2595 3260 Patri
2624 3223 2732 3262 non
2783 3207 3059 3266 dubitetur
3103 3212 3187 3267 vel
3234 3224 3461 3282 negetur
3505 3219 3750 3288 aequalis.

473 3301 666 3370 Pater,
697 3304 935 3375 clariﬁca
955 3304 1153 3366 Filium
1183 3313 1346 3372 tuum,
1373 3313 1432 3358 ut
1457 3312 1507 3357 et
1529 3303 1702 3357 Filius
1731 3303 1979 3372 clariﬁcet
2021 3311 2068 3356 te
2168 3293 2288 3352 Uno
2312 3297 2426 3365 jam
2455 3297 2762 3354 testimonio
2787 3297 2957 3354 Deum
2980 3298 3192 3357 Patrem
3221 3303 3395 3360 lucem
3422 3321 3541 3362 esse
3561 3307 3752 3364 docti-

471 3395 658 3466 (Joan.
694 3411 824 3464 xvu,
851 3395 924 3468 1).
977 3395 1047 3450 Et
1080 3397 1186 3451 alio
1216 3396 1376 3451 loco:
1412 3395 1479 3450 Ut
1509 3411 1685 3449 omnes
1726 3395 2066 3462 honoriﬁcent

470 3484 693 3554 Filium,
737 3489 872 3541 sicut
903 3487 1254 3557 honoriﬁcam
1302 3485 1515 3540 Patrem
1541 3485 1722 3556 (Joan.
1753 3501 1808 3549 v,
1839 3482 2065 3552 25)..Et

468 3578 577 3634 alia
629 3577 818 3643 multa,
877 3592 996 3648 quae
1059 3577 1425 3648 prolixitatem
1475 3577 1709 3630 vitantes
1763 3573 2058 3629 omisimus.

468 3669 760 3738 eEqualem
795 3683 855 3724 se
896 3670 1076 3740 itaque
1119 3667 1232 3725 Deo
1274 3684 1374 3739 per
1419 3667 1809 3740 professionem
1851 3665 2062 3736 paterni

467 3758 701 3818 nominis
737 3759 934 3826 facere,
967 3775 1131 3814 unum
1159 3775 1282 3814 cum
1329 3758 1490 3813 Patre
1536 3773 1675 3822 esse,
1725 3759 1899 3813 omnia
1947 3773 2062 3829 qua:

467 3847 632 3911 Pater
657 3851 801 3920 facit,
827 3849 1010 3903 eadem
1026 3848 1263 3902 similiter
1283 3847 1478 3913 facere,
1504 3848 1848 3910 clariﬁcatus,
1871 3854 1926 3900 et
1946 3846 2060 3915 ipse

465 3937 782 4002 clariﬁcare,
813 3938 1172 4008 mqualitatem
1200 3937 1300 3992 sibi
1328 3937 1541 4007 paterni
1567 3938 1791 3992 honoris
1819 3937 2058 4004 exigere,

467 4029 607 4084 sicut
649 4029 844 4084 minori
883 4043 993 4083 non
1029 4035 1365 4098 competunt,
1413 4030 1494 4084 sic
1521 4029 1803 4096 aequalem,
1846 4036 2057 4084 remoto

467 4121 720 4190 scrupulo
741 4119 1112 4188 dubitationis,
1143 4121 1454 4176 ostendunt.

541 4208 774 4280 Objectio
800 4209 853 4264 6.
885 4210 1092 4266 Interea
1118 4211 1246 4265 dum
1271 4211 1339 4266 de
1367 4210 1569 4265 lumine
1589 4209 1810 4278 dicitur,
1845 4226 1952 4266 non
1976 4212 2057 4266 in-

466 4301 716 4371 telligunt
740 4302 885 4372 quod
921 4303 1180 4372 scripturn
1205 4311 1306 4365 est,
1345 4303 1471 4372 quia
1499 4302 1634 4358 alius
1659 4311 1746 4358 est
1790 4301 1953 4358 Pater
1980 4303 2057 4358 lu-

465 4390 647 4459 minis,
675 4401 734 4448 et
757 4391 893 4448 alius
919 4400 1006 4452 est
1030 4393 1123 4463 qui
1151 4392 1329 4448 lumen
1357 4401 1442 4448 est
1479 4393 1800 4464 appellatus,
1834 4402 1886 4449 et
1915 4395 2060 4450 lucet

462 4484 524 4540 in
552 4485 809 4552 tenebris,
841 4493 896 4542 et
937 4486 1178 4542 tenebrae
1206 4503 1330 4542 eum
1357 4503 1466 4544 non
1505 4489 2050 4559 comprehenderunt.

2164 3405 2304 3455 mus,
2349 3389 2542 3446 melius
2569 3399 2652 3445 est
2678 3391 2725 3446 si
2751 3391 2806 3446 id
2833 3392 3007 3463 ipsum
3036 3397 3332 3466 apostolica
3369 3413 3586 3469 quoque
3612 3417 3752 3471 prae-

2162 3478 2431 3536 dicatione
2457 3487 2840 3537 monstremus.
2891 3482 3088 3540 Beatus
3114 3484 3312 3542 Paulus
3343 3489 3478 3545 ﬁlios
3507 3489 3603 3547 Dei
3650 3508 3751 3549 nos

2162 3579 2410 3638 testatur,
2441 3572 2660 3631 dicens:
2705 3570 3003 3646 Quicunque
3050 3575 3251 3646 Spiritu
3282 3576 3379 3631 Dei
3419 3590 3665 3650 aguntur,
3695 3583 3752 3637 hi

2161 3662 2260 3734 filii
2285 3669 2405 3716 sunt
2432 3660 2532 3717 Dei
2552 3679 2571 3717 :
2601 3679 2707 3718 non
2733 3664 2869 3718 enim
2913 3666 3182 3734 accepistis
3211 3667 3445 3735 spiritum
3489 3671 3748 3725 servitutis

2158 3756 2343 3809 iterum
2364 3755 2420 3808 in
2446 3758 2646 3822 timore,
2675 3756 2767 3809 sed
2793 3756 3061 3825 accepistis
3090 3757 3327 3827 spiritum
3356 3758 3646 3828 adoptionis
3677 3761 3748 3831 ﬁ-

2159 3843 2363 3910 liorum,
2395 3847 2451 3899 in
2478 3862 2578 3916 quo
2604 3845 2908 3913 clamamus,
2936 3843 3102 3913 Abba,
3145 3845 3326 3900 Pater.
3370 3844 3487 3917 Ipse
3516 3847 3749 3917 Spiritus

2119 3946 2121 3948 ·
2160 3933 2508 3988 testimonium
2534 3933 2704 3988 reddit
2729 3934 2936 4004 spiritui
2957 3943 3130 3990 nostro
3159 3935 3297 4006 quod
3315 3937 3473 3989 simus
3499 3937 3596 4006 ﬁlii
3647 3937 3749 3993 Dei

2159 4021 2471 4092 (Romam,
2508 4021 2595 4086 14,
2643 4023 2731 4086 15,
2766 4022 2879 4094 16).
2927 4021 3164 4080 Joannes
3207 4026 3370 4080 etiam
3416 4029 3749 4097 evangelista

2127 4168 2133 4174 _
2157 4111 2288 4166 dicit
2311 4129 2323 4164 :
2359 4111 2618 4184 Quotquot
2645 4121 2819 4166 autem
2840 4111 2867 4151 ιι
2889 4113 3218 4169 crediderunt
3247 4116 3302 4169 in
3330 4132 3463 4181 eum,
3496 4117 3632 4171 dedit
3670 4119 3748 4174 eis

2155 4210 2460 4274 potestatem
2482 4203 2623 4273 ﬁlios
2649 4201 2749 4258 Dei
2770 4204 2885 4274 ﬁeri
2909 4203 3089 4275 (Joan.
3113 4220 3149 4271 ι,
3175 4205 3286 4275 12).
3321 4204 3390 4261 Ut
3417 4207 3578 4276 igitur
3604 4206 3746 4264 Pau-

2159 4295 2244 4351 lus
2271 4295 2460 4362 Deum,
2485 4295 2638 4366 cujus
2670 4296 2762 4352 lilii
2787 4312 2995 4366 sumus,
3022 4298 3196 4353 lucem
3234 4313 3354 4355 esse
3400 4309 3747 4370 monstraret,

2157 4389 2376 4445 eosdem
2397 4389 2535 4445 lilios
2557 4389 2692 4445 lucis
2713 4405 2929 4461 quoque
2946 4390 3084 4446 ﬁlios
3099 4392 3408 4462 appellavit,
3433 4393 3506 4448 ita
3526 4394 3710 4452 dicens
3731 4416 3743 4449 :

2165 4481 2269 4538 Vos
2297 4493 2467 4539 autem
2487 4485 2675 4554 fratres
2695 4500 2796 4538 non
2825 4487 2950 4538 estis
2972 4487 3028 4538 in
3051 4486 3294 4552 tenebris,
3316 4494 3374 4538 ut
3400 4504 3487 4541 vos
3512 4489 3618 4542 dies
3638 4491 3745 4555 ille,

463 4569 670 4630 Idcirco
695 4574 858 4629 debet
884 4575 1094 4630 adverti
1143 4574 1276 4645 quid
1325 4575 1411 4630 lex
1450 4577 1673 4632 mandat
1706 4579 1793 4633 vel
1842 4579 2059 4642 instruit
2081 4590 2136 4652 ι)
2161 4581 2405 4644 tanquam
2434 4575 2540 4645 fur.
2565 4573 2998 4643 comprehendat;
3028 4591 3206 4629 omnes
3227 4577 3363 4630 enim
3384 4594 3470 4632 vos
3498 4579 3601 4648 ﬁlii
3616 4580 3747 4635 turis

461 4671 675 4719 mentes
695 4664 993 4731 hominum,
1025 4667 1151 4735 quia
1173 4666 1314 4721 inter
1335 4665 1484 4721 illum
1509 4675 1789 4723 auctorem
1839 4669 2060 4725 luminis

463 4761 525 4810 et
551 4753 692 4811 istud
724 4755 906 4812 lumen
949 4756 1005 4810 in
1053 4757 1290 4812 tenebris
1343 4757 1546 4822 lucens,
1597 4759 1743 4827 quod
1792 4759 2059 4814 illuminat

464 4859 684 4900 omnem
726 4845 1001 4901 hominem
1027 4847 1332 4902 venientem
1380 4847 1435 4902 in
1467 4847 1610 4904 hunc
1647 4847 1925 4915 mundum,
1959 4864 2057 4920 per

463 4934 610 5002 quod
637 4935 746 4989 vita
765 4933 940 4991 factus
967 4943 1051 4990 est
1076 4935 1264 5004 Filius,
1287 4943 1343 4991 et
1369 4936 1462 4991 lux
1489 4946 1574 4992 est
1601 4946 1852 4994 ostensus
1881 4939 2056 4994 homi-

462 5039 613 5088 num,
651 5023 746 5080 illo
784 5025 931 5094 quod
958 5027 1263 5082 ostenditur
1286 5024 1477 5093 factus,
1510 5043 1618 5084 non
1664 5037 1748 5084 est
1787 5024 1967 5095 Pater,
1999 5039 2055 5086 et

461 5112 688 5183 :equalis
709 5128 830 5170 esse
857 5132 969 5172 non
993 5125 1198 5188 potest.
1502 5100 1510 5108 ’

535 5203 843 5273 Responsio.
873 5205 990 5262 Hoc
1031 5223 1248 5280 semper
1270 5207 1450 5265 Patris
1473 5217 1529 5266 et
1554 5209 1676 5264 Filii
1714 5209 2054 5267 demonstrat

461 5294 764 5364 aequalitas,
795 5303 856 5350 ut
881 5297 1139 5366 quidquid
1167 5298 1328 5355 fuerit
1365 5300 1735 5369 derogationis
1762 5303 1848 5357 vel
1889 5302 2056 5359 hono-

462 5386 737 5442 riﬁcentia:
781 5387 940 5444 simul
983 5389 1055 5446 sit
1099 5391 1314 5462 utrique
1353 5408 1659 5449 commune.
1714 5394 1832 5461 Quo
1881 5393 1939 5450 ﬁt
1966 5403 2048 5461 ut,

462 5476 591 5530 dum
620 5486 806 5534 contra
837 5478 960 5535 ﬁdei
986 5495 1233 5536 normam
1259 5481 1426 5539 Filius
1465 5501 1496 5539 a
1526 5484 1702 5540 Patris
1746 5486 2053 5555 aequalitate

463 5565 801 5632 discernitur,
833 5572 1004 5639 magis
1025 5571 1169 5627 Patri
1185 5587 1346 5642 quam
1376 5574 1513 5630 Filio
1538 5575 1867 5631 detrahatur.
1900 5576 2051 5644 Quod

464 5657 623 5724 hujus
651 5660 754 5714 loci
775 5665 1110 5719 manifestius
1138 5665 1470 5721 demonstrat
1499 5670 1744 5735 assertio,
1783 5684 1885 5739 qua
1923 5669 2049 5726 dum

541 5806 562 5830 δ
591 5795 686 5852 Ms.
709 5797 893 5865 Corb.,
929 5803 1186 5860 caritatis.

2159 4666 2301 4729 estis,
2324 4673 2373 4720 et
2401 4665 2498 4731 ﬁlii
2525 4666 2626 4720 diei
2657 4664 2713 4735 (1
2743 4665 2919 4720 Thess.
2951 4683 3006 4732 v,
3033 4665 3146 4737 45).
3185 4666 3252 4722 Et
3291 4669 3458 4725 Filius
3487 4670 3554 4725 ad
3581 4670 3746 4727 disci-

2158 4757 2354 4828 pulos:
2389 4756 2458 4812 Ut
2501 4756 2617 4811 sitis
2659 4757 2757 4827 ﬁlii
2804 4755 2983 4813 Patris
3025 4761 3200 4827 vestri,
3250 4762 3335 4832 qui
3381 4763 3437 4816 in
3482 4764 3623 4817 caelis
3670 4773 3749 4822 est

2159 4848 2378 4923 (Matth.
2399 4866 2452 4916 v,
2485 4848 2596 4924 45).
2629 4850 2807 4922 lpsmn
2827 4866 2959 4908 vero
2981 4852 3174 4908 Filium
3217 4853 3392 4909 lucem
3421 4869 3542 4911 esse
3570 4857 3749 4916 nullus

2156 4943 2356 5012 poterit
2383 4943 2670 5010 abnegare,
2703 4942 2772 4998 de
2797 4957 2906 5013 quo
2933 4944 3259 5014 evangelista
3280 4944 3444 5001 dicit:
3476 4945 3612 5002 Erat
3651 4949 3748 5004 tua:

2154 5048 2274 5086 aera
2301 5047 2415 5104 qua:
2433 5031 2691 5086 illuminat
2708 5049 2914 5088 omnem
2935 5034 3194 5090 hominem
3213 5037 3496 5091 venientem
3517 5038 3569 5091 in
3612 5037 3748 5092 hunc

2154 5122 2402 5177 mundum
2432 5120 2613 5193 (Joan.
2643 5139 2682 5186 ι,
2715 5122 2793 5196 9).
2823 5123 2890 5179 Et
2915 5141 3141 5183 rursus:
3173 5125 3245 5181 Et
3273 5128 3375 5182 vita
3408 5135 3523 5182 erat
3541 5127 3634 5182 tua:
3659 5128 3748 5182 ho-

2152 5217 2368 5278 minum,
2399 5224 2450 5268 et
2475 5214 2567 5269 lux
2590 5215 2646 5270 in
2688 5217 2908 5271 tenebris
2946 5218 3102 5283 lucet,
3143 5226 3192 5271 et
3231 5215 3451 5274 tenebris
3486 5234 3600 5272 eam
3637 5235 3748 5275 non

2153 5310 2646 5381 comprehenderunt
2668 5309 2854 5384 (Ibid,
2877 5310 2955 5383 5).
3000 5313 3121 5384 Ipse
3147 5328 3364 5384 quoque
3382 5301 3548 5370 Filius
3568 5314 3746 5373 lucem

2154 5416 2214 5458 se
2255 5416 2377 5457 esse
2420 5404 2640 5474 propria
2677 5417 2813 5459 voce
2841 5411 3106 5460 testatur:
3150 5404 3265 5477 Ego
3292 5423 3405 5462 sum
3449 5407 3744 5479 (inquiens)

2153 5491 2246 5546 tua:
2265 5491 2444 5546 mundi
2467 5492 2644 5564 (Joan.
2670 5509 2780 5558 vm,
2809 5492 2920 5565 12).
2946 5492 3016 5549 Ut
3036 5502 3214 5550 autem
3238 5505 3563 5566 agnoscatur
3582 5496 3744 5551 Pater

2152 5581 2210 5638 in
2235 5581 2392 5648 Filio,
2422 5583 2602 5640 lumen
2630 5584 2684 5638 in
2713 5584 2914 5640 lumine
2935 5601 3074 5652 esse,
3103 5587 3158 5642 in
3181 5586 3405 5644 Joannis
3431 5588 3743 5644 testimorio

2151 5674 2494 5744 perdocetur,
2525 5675 2617 5744 qui
2656 5675 2768 5730 ait:
2800 5675 2935 5730 Deus
2977 5678 3069 5732 lux
3106 5688 3205 5750 est,
3246 5689 3293 5758 et
3325 5680 3546 5735 teneer
3585 5666 3638 5735 in
3676 5694 3741 5734 eo

2227 5807 2255 5847 ι’
2281 5806 2377 5865 Ms.
2410 5807 2596 5875 Corb.,
2628 5821 2926 5883 receperunt
2953 5830 3082 5872 eum.
