4072 6332
270 370 376 428 27

1407 357 1779 444 RESPONSIO
1819 358 2095 415 CONTRA
2135 360 2447 450 AlllANOS.

3443 372 3545 428 218

273 498 377 537 non
401 488 522 535 sunt
544 478 698 533 ullae:
724 485 885 545 atque
916 476 1191 545 subjunxit
1216 491 1227 528 :
1258 473 1318 527 Si
1339 474 1393 526 in
1421 472 1611 526 lumine
1634 471 1862 526 ambule-
1889 477 1943 535 Α
1965 471 2249 528 discretam
2295 482 2561 530 monstrat
2604 476 2870 545 gignentis
2916 479 3192 551 genitique
3220 495 3508 552 personam
3525 527 3542 551 ,

271 589 406 633 mus,
440 571 575 623 sicut
605 576 655 622 et
692 569 801 637 ipse
827 577 904 620 est
956 567 1011 620 in
1038 568 1247 630 lumine,
1279 566 1576 621 societatem
1621 563 1864 617 habemus

271 660 344 714 ad
379 659 598 713 invicem
641 655 697 724 (Ι
739 655 897 710 Joau.
953 672 989 721 ι,
1025 654 1074 721 5,
1110 657 1183 726 7).
1215 654 1369 721 Quod
1409 665 1468 708 ut
1507 668 1566 708 se
1592 653 1660 708 de
1705 651 1866 707 Patre

272 753 477 808 dixisse
509 756 855 814 monstraret,
901 748 1180 818 adjunxit:
1215 745 1284 800 Et
1335 747 1546 817 sanguis
1589 744 1714 799 Iesu
1736 743 1864 798 Filii

275 848 392 918 ejus
433 843 650 899 mundat
685 859 780 896 nos
803 841 868 894 ab
900 843 1039 896 omni
1069 855 1274 924 peccaro
1305 838 1493 908 (Ibid.,
1520 837 1594 910 7).
1627 838 1860 904 Patrem,

269 952 437 1008 quem
470 935 642 989 lucem
682 932 836 998 dixit,
889 932 942 986 in
990 931 1190 986 lumine
1235 945 1354 986 esse
1407 930 1673 985 asseruit:
1708 927 1864 996 Quod

269 1044 404 1098 ergo
437 1025 576 1082 istud
597 1033 681 1079 est
709 1025 910 1089 lumen,
944 1023 1045 1078 nisi
1075 1023 1253 1078 lumen
1273 1038 1479 1086 verum,
1517 1021 1653 1093 quod
1679 1020 1866 1075 illumi-

267 1129 363 1173 nat
423 1133 624 1172 omnem
679 1115 942 1170 hominem
996 1114 1279 1168 venientem
1322 1115 1378 1166 in
1435 1114 1568 1165 hunc
1615 1111 1865 1164 mundum

268 1207 455 1280 (Joan.
487 1223 525 1271 ι,
556 1205 645 1276 9)?
667 1203 953 1259 Ostensum
974 1211 1057 1258 est
1085 1204 1244 1272 igitur
1273 1201 1488 1256 Patrem
1513 1217 1631 1256 esse
1657 1201 1860 1266 lumen,

268 1299 416 1355 sicut
462 1305 547 1353 est
592 1296 758 1351 Filius
805 1295 1024 1359 lumen;
1060 1293 1461 1350 demonstratur
1500 1293 1660 1348 etiam
1699 1291 1866 1346 Filius

271 1392 389 1448 dies
418 1378 642 1445 sicut'et
661 1387 825 1443 Pater
853 1395 937 1442 est
965 1386 1101 1454 dies,
1124 1385 1386 1456 propheta
1409 1385 1621 1440 dicente
1646 1402 1658 1437 :
1691 1382 1864 1438 Evan-

270 1489 493 1562 geiizate
514 1484 579 1537 de
618 1482 701 1536 die
738 1483 794 1535 in
831 1481 967 1535 diem
1018 1480 1248 1534 salutare
1275 1479 1387 1550 ejus
1418 1476 1591 1546 (Psal.
1627 1492 1751 1539 xcv,
1782 1474 1859 1546 2).

273 1582 618 1650 Quapropter
643 1581 966 1644 agnoscatur
991 1573 1151 1627 Pater
1173 1586 1291 1626 esse
1318 1570 1372 1624 in
1405 1565 1539 1623 Filio
1563 1567 1786 1634 lumine,
1809 1575 1865 1621 et

275 1672 444 1729 Filius
465 1670 518 1722 in
535 1667 694 1721 Patre
722 1665 940 1728 lumine,
965 1665 1081 1735 ipso
1098 1663 1166 1719 de
1186 1679 1244 1719 se
1271 1662 1473 1717 lumine
1492 1667 1827 1732 protestante
1846 1677 1858 1711 :

277 1757 396 1832 Ego
418 1761 472 1812 in
504 1756 684 1821 Patre,
709 1763 757 1809 et
792 1753 952 1809 Pater
977 1756 1031 1808 in
1062 1770 1142 1807 me
1198 1751 1378 1823 (Joan.
1403 1767 1512 1816 xxv,
1557 1748 1683 1819 12);
1737 1755 1861 1802 tan-

1967 563 2046 619 sic
2066 563 2330 619 diversam
2359 581 2466 621 non
2495 565 2623 621 sinit
2639 567 2819 636 putari
2840 569 3214 625 substantiam;
3244 570 3394 626 Alius
3419 587 3548 642 ergo
3635 625 3641 630 .

1967 664 2254 725 propterea
2282 655 2457 712 dictus
2483 665 2568 713 est
2608 657 2798 726 Pater,
2849 668 2908 715 ut
2935 663 3300 731 generationis
3346 664 3549 721 veritas

1969 753 2383 814 monstraretur,
2408 763 2518 803 non
2540 756 2600 804 ut
2619 757 2899 820 putaretur
2921 762 3014 806 aut
3032 753 3180 822 prior
3199 761 3294 809 aut
3320 755 3502 825 potior
3527 771 3542 808 :

1967 853 2093 892 nam
2117 839 2164 895 si
2207 840 2472 910 potiorem
2499 841 2745 912 accipere
2768 843 3026 898 debemus
3082 858 3243 914 quem
3299 845 3547 901 audimus

1969 928 2132 983 alium
2153 928 2278 1008 dici,
2310 931 2684 1002 compellimur
2707 932 2871 988 etiam
2897 932 3237 990 Paracletum
3265 935 3544 1006 Spiritum,

1968 1035 2069 1090 pro
2098 1035 2163 1076 eo
2192 1020 2334 1090 quod
2363 1020 2501 1076 alius
2538 1021 2714 1078 dictus
2753 1031 2856 1092 est,
2888 1024 3157 1094 potiorem
3197 1022 3336 1081 Filio
3378 1027 3550 1082 conﬁ-

1970 1113 2072 1167 teri
2105 1131 2118 1166 :
2148 1113 2287 1168 sicut
2315 1113 2458 1168 enim
2484 1113 2697 1169 Patrem
2724 1114 2885 1169 alium
2908 1113 3076 1170 Filius
3103 1115 3257 1181 dixit,
3284 1115 3357 1170 ita
3384 1113 3552 1172 Para-

1968 1202 2167 1258 cletum
2191 1203 2355 1257 alium
2378 1203 2726 1273 nuncupavit.
2745 1202 2802 1258 Si
2824 1203 3003 1274 placet
3024 1204 3204 1273 igitur,
3223 1212 3279 1260 et
3296 1205 3402 1261 hoc
3422 1202 3550 1260 ﬁdei

1966 1294 2167 1350 veritas
2193 1295 2390 1365 exigit,
2435 1304 2495 1349 ut
2537 1294 2731 1350 melior
2753 1302 2973 1366 putetur
3015 1297 3108 1365 qui
3138 1295 3273 1351 alius
3327 1295 3548 1365 dicitur,

1967 1385 2220 1454 quoniam
2250 1384 2417 1441 Pater
2443 1385 2582 1440 alius
2609 1393 2692 1440 est
2717 1385 2916 1454 dictus,
2947 1393 3002 1441 et
3039 1387 3178 1441 alius
3213 1385 3550 1455 Paracletus,

1968 1489 2035 1530 ex
2055 1475 2160 1530 hoc
2181 1474 2293 1544 jam
2309 1474 2485 1531 nFilius
2510 1475 2824 1545 subjiciatur
2843 1476 3127 1540 ambobus,
3157 1483 3218 1532 ut
3237 1477 3436 1534 saltem
3471 1479 3554 1534 sic

1970 1564 2279 1622 Paracletus
2324 1575 2634 1637 coaequatur
2661 1567 2844 1634 Patri,
2893 1570 2984 1640 qui
3020 1585 3120 1640 pro
3149 1585 3216 1626 eo
3243 1571 3388 1641 quod
3415 1571 3554 1627 alius

1966 1665 2303 1727 nuncupatus
2348 1666 2465 1725 est,
2517 1658 2654 1714 Filio
2699 1658 2894 1715 dicitur
2944 1661 3243 1730 anteponi;
3287 1668 3348 1714 ut
3391 1660 3553 1729 hujus

1967 1749 2346 1804 communione
2373 1750 2740 1820 pronominis,
2773 1750 2826 1805 in
2867 1749 3028 1806 Patre
3061 1760 3117 1806 et
3145 1750 3426 1808 Paracleto
3453 1751 3552 1808 de-

274 1864 442 1923 quam
471 1846 701 1900 diceret:
734 1841 844 1912 Ego
875 1845 928 1898 in
952 1844 1172 1907 lumine,
1200 1849 1256 1897 et
1281 1841 1463 1895 lumen
1519 1839 1575 1893 in
1626 1853 1734 1893 me.
1794 1835 1863 1892 Et
1893 1854 1941 1913 Β
1967 1848 2299 1895 monstretur
2321 1841 2630 1896 communio
2657 1841 2901 1909 deitatis;
2939 1843 2984 1897 si
3014 1849 3194 1898 autem
3220 1841 3552 1909 Paracletus,

272 1942 371 1998 ubi
428 1954 536 1994 non
592 1936 860 1991 invenitur
904 1934 1186 1989 diversitas
1241 1931 1477 1996 luminis,
1537 1945 1646 1985 non
1699 1940 1864 1997 nege-

273 2049 369 2096 tur
388 2037 662 2108 aequalitas
690 2030 905 2089 deitatis
932 2047 946 2083 :
984 2043 1053 2083 ne
1080 2027 1206 2083 dum
1228 2027 1378 2093 Deus
1405 2025 1497 2079 lux
1538 2038 1660 2079 esse
1707 2037 1868 2093 apos-

272 2135 437 2192 tolica
468 2129 851 2204 praedicatione
893 2124 1108 2188 dicitur,
1129 2122 1240 2193 [ille
1267 2120 1359 2190 qui
1386 2121 1566 2204 lumen
1595 2133 1714 2173 esse
1758 2131 1866 2172 non

273 2202 484 2283 dicitur
502 2223 643 2278 Deus
665 2221 826 2276 etiam
847 2232 964 2274 esse
990 2213 1159 2285 (quod
1184 2212 1333 2269 nefas
1354 2202 1459 2276 est)
1489 2211 1804 2280 abnegetur.

343 2315 584 2386 Objectio
625 2313 675 2366 7.
703 2309 989 2365 Omisimus
1021 2307 1117 2376 (at.
1159 2304 1519 2369 Admisimus,
1564 2302 1642 2356 vel
1682 2300 1866 2355 amisi-

274 2415 418 2485 mus)
449 2412 747 2483 superﬁuas
767 2409 1023 2473 rationes,
1049 2422 1168 2478 quae
1196 2405 1469 2460 fastidium
1492 2419 1598 2459 non
1628 2402 1869 2459 facerent

274 2520 386 2590 62
415 2514 774 2580 auditoribus,
805 2519 860 2566 et
889 2497 957 2564 ad
983 2510 1088 2564 hoc
1114 2522 1433 2578 responsum
1463 2513 1548 2560 est
1571 2552 1584 2572 ,
1631 2505 1697 2560 ad
1725 2503 1869 2576 quod

271 2617 547 2678 sententia
577 2612 882 2684 inquirebat
908 2609 1323 2680 expositionem.
1354 2607 1422 2661 Et
1449 2606 1573 2677 quia
1603 2607 1743 2661 inter
1765 2604 1869 2659 Pa-

272 2729 415 2777 trem
455 2724 512 2771 et
543 2713 734 2768 Filium
771 2710 1026 2766 distantia
1067 2715 1178 2777 est,
1223 2715 1278 2762 et
1313 2706 1457 2778 quod
1503 2705 1698 2761 dicitur
1759 2719 1869 2758 non

272 2833 378 2889 est,
411 2839 479 2878 eo
509 2819 651 2891 quod
683 2819 823 2872 inter
858 2815 980 2870 illos
1008 2812 1311 2869 differentia
1340 2827 1447 2866 non
1478 2811 1569 2874 sit,
1599 2810 1716 2880 ipse
1746 2807 1866 2864 Sal-

274 2934 436 2982 Vator
462 2922 612 2988 dicit,
642 2919 735 2990 qui
764 2914 1066 2973 credendus
1094 2921 1176 2969 est
1207 2932 1220 2967 :
1251 2913 1398 2967 Alius
1419 2919 1494 2966 est
1521 2913 1608 2982 qui
1635 2912 1867 2966 testimo-

279 3015 431 3082 nium
457 3019 684 3092 perhibet
716 3018 778 3071 de
805 3032 885 3070 me
912 3013 1091 3085 (Joan.
1133 3028 1188 3078 v,
1218 3011 1329 3081 39.).
1374 3011 1509 3066 Item
1549 3010 1666 3080 ipse
1703 3009 1870 3086 Filius

278 3127 410 3183 dicit
432 3122 504 3178 de
530 3120 734 3192 Spiritu
763 3124 950 3172 sancto
985 3133 997 3169 :
1025 3113 1093 3168 Et
1121 3114 1282 3167 alium
1307 3111 1640 3166 Paracletum
1667 3111 1868 3164 mittam

1966 1930 2093 1986 licet
2133 1931 2270 1986 alius
2295 1929 2521 1998 dicatur,
2553 1940 2736 1986 tamen
2779 1930 2918 1988 Filio
2963 1947 3075 1988 non
3121 1933 3421 2003 praefertur,
3449 1947 3553 1989 nec

1967 2019 2129 2076 Pater
2157 2021 2279 2076 ideo
2307 2019 2672 2092 praeferendus
2699 2030 2782 2077 est
2809 2021 2964 2090 Filio,
3001 2023 3128 2092 quia
3154 2023 3290 2079 alius
3312 2023 3506 2080 dicitur
3535 2041 3551 2078 :

1971 2112 2076 2168 hoc
2097 2111 2614 2183 enimpronomine,
2641 2127 2997 2182 personarum
3025 2113 3325 2169 ostenditur
3349 2113 3554 2171 discre-

1970 2205 2070 2273 tio,
2096 2219 2207 2259 non
2249 2211 2474 2259 naturae.
2506 2203 2746 2274 Denique
2787 2220 2858 2260 ne
2887 2205 3013 2262 ﬁdei
3039 2206 3386 2277 ambiguitate
3412 2207 3556 2263 veri-

1969 2296 2094 2352 tatis
2126 2295 2369 2365 regulam
2398 2295 2730 2363 deserentes,
2776 2311 2872 2367 per
2891 2287 3076 2354 devios
3115 2298 3556 2355 eircuml'eramur

1968 2401 2205 2462 errores,
2243 2386 2361 2456 ipse
2388 2385 2648 2443 Dominus
2676 2386 2850 2451 nobis,
2882 2394 2940 2442 et
2965 2402 3128 2442 unam
3155 2402 3214 2443 se
3251 2403 3372 2444 cum
3397 2387 3558 2444 Patre

1968 2478 2207 2534 retinere
2235 2477 2612 2544 substantiam,
2637 2485 2693 2534 et
2717 2477 2940 2533 alteram
2968 2493 3028 2533 se
3050 2476 3444 2534 demonstravit
3465 2479 3557 2534 ha-

1970 2569 2099 2624 bere
2109 2583 2417 2639 personam,
2431 2567 2616 2624 dicens
2629 2569 2685 2623 in
2696 2567 2987 2638 Evangelio
3002 2585 3016 2622 :
3033 2566 3144 2640 Ego
3154 2576 3205 2622 et
3224 2567 3387 2622 Pater
3396 2584 3557 2622 unum

1973 2676 2148 2716 sumus
2175 2659 2357 2732 (Joan.
2404 2677 2468 2725 ι,
2515 2659 2630 2732 50).
2662 2661 2818 2729 Quod
2856 2660 3062 2717 dictum
3087 2702 3102 2727 ,
3145 2661 3202 2716 hi
3231 2661 3322 2730 qui
3364 2661 3556 2717 divinae

1971 2751 2195 2808 unitatis
2215 2751 2272 2807 in
2301 2749 2463 2808 Patre
2482 2759 2536 2808 et
2559 2750 2696 2808 Filio
2718 2751 3162 2821 signiﬁcationem
3182 2760 3407 2810 tenuare
3425 2768 3558 2810 con-

1971 2841 2216 2908 tendunt,
2250 2857 2358 2897 non
2385 2841 2454 2897 ad
2481 2842 2892 2898 substantialem
2936 2843 3220 2910 unitatem,
3245 2843 3342 2900 sed
3367 2843 3434 2899 ad
3460 2858 3558 2900 vo-

1972 2935 2194 2992 luntatis
2221 2934 2438 2991 student
2465 2935 2670 2991 referre
2695 2935 3058 2991 concordiam.
3090 2935 3244 3003 Quod
3269 2935 3314 2991 si
3342 2936 3421 2992 sic
3447 2935 3555 2992 Do-

1972 3026 2152 3082 minus
2179 3025 2344 3085 vellet
2388 3025 2645 3095 intelligi,
2689 3033 2875 3096 posset
2911 3025 3092 3081 dicere
3121 3043 3134 3078 :
3166 3024 3280 3094 Ego
3316 3034 3372 3082 et
3398 3024 3560 3082 Pater

1971 3132 2136 3174 mum
2168 3116 2447 3182 volumus;
2480 3132 2606 3184 non,
2637 3116 2754 3189 Ego
2783 3126 2832 3171 et
2858 3116 3018 3172 Pater
3042 3134 3202 3172 unum
3229 3134 3424 3173 sumus.
3453 3117 3561 3174 Sed

278 3214 423 3270 vobis
466 3211 646 3282 (Joan.
681 3223 791 3272 xxv,
833 3204 946 3274 l6).
982 3203 1159 3258 Alium
1187 3202 1321 3256 dixit
1349 3199 1588 3265 Patrem,
1621 3207 1676 3254 et
1705 3199 1867 3282 alium
1898 3222 1943 3285 ρ
1973 3224 2116 3264 nunc
2141 3206 2308 3276 eligat
2349 3208 2575 3279 quisque
2621 3209 2765 3285 quod
2802 3209 2965 3276 velit;
3011 3217 3189 3264 utrum
3219 3209 3274 3263 in
3315 3209 3428 3266 Deo
3452 3210 3561 3281 63

279 3315 428 3374 dixit
454 3326 579 3368 esse
602 3308 957 3371 Paracletum,
1006 3314 1062 3360 et
1089 3319 1212 3359 cum
1252 3319 1362 3358 non
1404 3301 1758 3356 advertuntur
1784 3300 1864 3356 di-

278 3421 410 3474 vina
433 3414 558 3485 jura
578 3419 632 3468 et
655 3415 1013 3470 sacramenta,
1046 3405 1351 3462 eﬂiciuntur
1372 3403 1622 3460 homines
1644 3403 1870 3475 pagani-

284 3517 416 3574 tatis
445 3512 803 3585 professores,
837 3525 960 3565 cum
987 3515 1236 3563 asserunt
1259 3505 1476 3561 Patrem
1511 3513 1568 3561 et
1596 3503 1788 3559 Filium
1817 3511 1872 3560 et

283 3617 547 3689 Spiritum
574 3620 816 3669 sanctum
846 3625 1014 3665 unum
1043 3623 1162 3664 esse
1190 3608 1378 3662 Deum.

357 3717 670 3789 Responsio.
710 3711 852 3767 Vera
901 3709 1033 3765 ﬁdes
1075 3722 1350 3778 nunquam
1391 3704 1726 3777 superﬂuas,
1778 3706 1874 3760 sed

283 3829 468 3878 rectas
509 3830 725 3885 semper
753 3813 918 3868 habet
955 3818 1011 3866 et
1037 3808 1227 3865 habuit
1262 3807 1522 3873 rationes,
1569 3821 1670 3862 nec
1697 3821 1763 3862 ex
1791 3805 1874 3860 his

281 3917 506 3996 aliquod
548 3917 821 3974 fastidium
847 3914 1104 3978 nascitur,
1148 3911 1192 3965 si
1222 3909 1384 3966 modo
1414 3910 1616 3980 absque
1643 3916 1873 3964 conten-

283 4026 450 4083 tionis
475 4020 656 4078 studio
677 4017 879 4074 veritas
897 4015 1169 4082 audiatur,
1193 4027 1308 4084 qua
1332 4013 1402 4069 ob
1428 4012 1533 4068 hoc
1557 4011 1720 4066 alium
1741 4011 1876 4065 dixit

283 4127 524 4190 Patrem,
553 4130 612 4178 ut
648 4133 911 4192 personas
937 4116 1289 4179 discerneret,
1330 4129 1438 4169 non
1463 4121 1523 4168 ut
1550 4114 1876 4170 substantia-

287 4230 396 4286 lem
424 4223 740 4282 distantiam
761 4220 1159 4276 demonstraret
1188 4231 1203 4270 :
1234 4230 1358 4270 nam
1389 4230 1510 4271 cum
1539 4215 1698 4268 alium
1718 4213 1872 4286 dixit,

283 4328 528 4388 ostendit
546 4340 606 4381 se
631 4323 905 4394 propriam
930 4319 1133 4374 habere
1151 4331 1470 4388 personam;
1502 4313 1720 4370 Patrem
1746 4329 1876 4370 vero

284 4429 576 4487 nominans
600 4466 617 4492 ,
667 4418 1062 4478 demonstravit
1105 4432 1166 4474 se
1208 4431 1371 4472 unam
1415 4427 1540 4471 cum
1576 4429 1644 4471 eo
1671 4414 1875 4470 habere

291 4525 676 4588 substantiam,
700 4521 807 4576 hoc
830 4517 994 4574 modo
1025 4535 1038 4570 :
1064 4517 1111 4571 si
1136 4515 1280 4571 enim
1309 4513 1490 4578 Pater,
1517 4514 1609 4583 qui
1631 4513 1876 4570 testimo-

285 4631 442 4688 nium
471 4624 720 4698 perhibet
747 4622 886 4678 Filio
935 4635 1063 4676 vere
1091 4619 1226 4674 alius
1255 4624 1356 4684 est,
1382 4625 1441 4672 ut
1460 4617 1739 4688 utriusque
1760 4630 1875 4686 per-

281 4746 422 4792 sona
453 4727 808 4791 discernatur,
849 4737 982 4785 vere
1011 4729 1066 4777 et
1093 4720 1254 4775 Pater
1281 4727 1383 4787 est,
1416 4725 1475 4773 ut
1503 4717 1874 4776 substantialis

283 4835 468 4891 unitas
497 4829 916 4884 demonstretur.
946 4822 1103 4891 Quod
1123 4823 1168 4878 si
1193 4836 1320 4878 vera
1343 4829 1425 4876 est
1452 4822 1746 4891 patemitas
1773 4820 1878 4878 Pa-

287 4936 407 5001 tris,
437 4945 574 4988 vera
601 4937 685 4984 est
719 4927 883 4984 etiam
924 4925 1177 4981 nativitas
1205 4923 1405 4995 prolis;
1450 4930 1505 4979 et
1538 4923 1583 4978 si
1628 4930 1712 4977 est
1755 4922 1878 4979 Filii

285 5053 417 5095 vera
458 5033 737 5098 nativitas,
778 5030 920 5086 inter
941 5027 1156 5083 Patrem
1179 5025 1484 5096 Filiumque
1511 5027 1879 5086 substantialis

285 5154 395 5195 non
424 5140 613 5208 potest
639 5146 759 5188 esse
779 5130 1078 5186 diversitas.
1100 5126 1242 5183 Vera
1267 5127 1411 5182 enim
1437 5137 1495 5184 et
1519 5136 1722 5186 aeterna
1751 5132 1878 5188 sub-

287 5231 487 5306 tantia,
507 5235 577 5291 de
597 5249 704 5305 qua
722 5247 852 5288 vera
877 5230 1130 5286 nativitas
1156 5228 1382 5294 exstitit,
1413 5229 1548 5286 sicut
1570 5217 1880 5300 generando

287 5339 462 5396 minui
498 5335 773 5404 dividique
801 5347 909 5388 non
951 5331 1172 5402 potuit,
1224 5330 1297 5384 ita
1336 5329 1390 5384 in
1419 5345 1480 5386 se
1519 5339 1631 5388 tota
1661 5350 1878 5405 perma-

289 5455 430 5498 nens
489 5444 660 5491 totam
679 5448 738 5489 se
766 5440 1050 5488 coaeterna:
1070 5430 1287 5488 veritati
1318 5432 1610 5489 nativitatis
1635 5435 1876 5500 indulsit,

289 5551 352 5598 ut
395 5539 608 5596 scilicet
636 5535 901 5608 gignentis
930 5535 1203 5605 genitique
1244 5552 1354 5592 non
1383 5536 1558 5592 solum
1606 5540 1884 5607 aequalitas

237 5675 246 5684 -
290 5643 506 5712 absque
534 5636 846 5692 diversitate
874 5636 1215 5701 consisteret,
1245 5636 1340 5692 sed
1370 5636 1530 5693 etiam
1555 5638 1670 5696 sine
1697 5642 1886 5698 confu-

289 5743 454 5798 sione
479 5738 915 5808 detrimentoque
935 5737 1194 5794 naturalis
1215 5738 1393 5794 unitas
1413 5750 1774 5812 permaneret.
1801 5744 1890 5800 Di-

291 5839 442 5898 vina:
469 5840 671 5912 quippe
700 5839 1000 5900 nativitatis
1026 5878 1042 5906 ,
1090 5846 1144 5897 et
1171 5855 1399 5912 nomen,
1441 5851 1495 5899 et
1522 5846 1724 5904 veritas
1752 5848 1892 5906 sicut

1973 3297 2118 3353 aliud
2140 3305 2294 3368 putet
2324 3313 2446 3354 esse
2486 3307 2543 3355 et
2583 3300 2728 3357 aliud
2751 3301 2926 3365 velle;
2972 3316 3040 3356 an
3069 3301 3175 3357 hoc
3215 3301 3399 3357 credat
3443 3316 3563 3358 esse

1973 3390 2120 3461 quod
2145 3389 2315 3456 velle,
2365 3398 2425 3445 ut
2463 3391 2516 3446 ei
2561 3392 2734 3461 possit
2760 3384 2921 3462 hujus
2946 3393 3074 3448 dicti
3112 3392 3366 3449 dominici
3391 3393 3563 3448 mani-

1973 3483 2164 3540 lestius
2184 3483 2384 3540 veritas
2409 3497 2691 3554 apparere.
2715 3485 2772 3540 Si
2796 3486 2938 3540 enim
2967 3485 3127 3540 aliam
3154 3485 3350 3540 dixerit
3371 3486 3424 3540 in
3449 3485 3563 3543 Deo

1973 3573 2306 3628 voluntatem
2332 3615 2348 3640 ,
2389 3588 2511 3643 quae
2539 3573 2679 3628 velle
2716 3573 2929 3637 dicitur,
2977 3581 3033 3629 et
3060 3573 3218 3628 aliam
3248 3575 3558 3640 essentiam,

1974 3675 2098 3731 quae
2119 3675 2240 3717 esse
2268 3661 2631 3729 cognoscitur,
2655 3661 2723 3716 ad
2753 3663 3087 3718 voluntatem
3114 3663 3306 3719 referri
3333 3680 3443 3719 non
3469 3680 3563 3735 po-

1976 3759 2114 3816 test,
2143 3749 2291 3819 quod
2319 3750 2614 3806 secundum
2642 3751 2936 3807 essentiam
2965 3751 3169 3813 dictum
3205 3760 3288 3808 est
3322 3769 3334 3806 :
3363 3753 3483 3824 Ego
3511 3763 3562 3808 et

1974 3843 2138 3900 Pater
2163 3860 2324 3898 unum
2351 3859 2550 3900 sumus.
2578 3842 2710 3900 Esse
2739 3843 2882 3900 enim
2911 3845 2979 3900 ab
3007 3845 3240 3901 essentia
3268 3843 3492 3911 dicitur;
3512 3846 3558 3902 si

1975 3942 2156 3992 autem
2182 3935 2287 3991 hoc
2325 3935 2380 3990 in
2421 3935 2538 3990 Deo
2569 3935 2729 4006 (sicut
2774 3943 2984 3990 certum
3024 3936 3130 4005 est)
3178 3942 3397 4007 putatur
3440 3950 3562 3993 esse

1974 4028 2120 4099 quod
2149 4027 2310 4097 velle,
2337 4027 2462 4083 dum
2493 4028 2788 4085 voluntatis
2808 4029 2986 4084 unitas
3010 4029 3287 4096 asseritur,
3311 4029 3562 4086 substan-

1976 4121 2120 4177 tialis
2147 4121 2311 4177 etiam
2354 4121 2534 4178 unitas
2573 4137 2679 4178 non
2729 4130 2956 4192 negetur
2979 4165 2994 4191 ,
3041 4129 3104 4177 ut
3130 4129 3186 4178 et
3212 4123 3265 4178 in
3309 4138 3376 4178 eo
3415 4123 3561 4194 quod

1975 4215 2112 4269 dixit
2138 4230 2298 4268 unum
2345 4222 2668 4283 agnoscatur
2703 4229 2813 4270 non
2857 4214 3002 4269 aliud
3045 4229 3164 4271 esse
3212 4229 3371 4286 quam
3399 4213 3564 4270 Pater

1977 4315 2078 4372 est,
2110 4309 2166 4362 et
2195 4306 2248 4360 in
2277 4320 2344 4360 eo
2373 4306 2519 4375 quod
2559 4305 2692 4360 dixit
2734 4323 2910 4361 sumus
2936 4315 3259 4377 agnoscatur
3296 4321 3406 4363 non
3441 4307 3560 4378 ipse

1975 4394 2142 4451 Filius
2169 4409 2288 4449 esse
2314 4394 2407 4463 qui
2435 4393 2595 4449 Pater
2613 4403 2715 4450 est.
2738 4394 2888 4452 Hanc
2914 4395 3104 4452 Patres
3130 4397 3299 4453 nostri
3326 4411 3424 4467 per
3441 4413 3561 4454 om-

1977 4487 2066 4542 nia
2090 4485 2289 4541 Christi
2317 4487 2509 4542 sectati
2549 4486 2870 4552 doctrinam,
2902 4487 3060 4544 unius
3091 4503 3210 4545 esse
3250 4484 3561 4544 substantias

1903 4593 1956 4654 ι)
1979 4577 2193 4632 Patrem
2222 4574 2522 4646 Filiumque
2548 4574 2816 4633 dixerunt.
2842 4575 2996 4645 Quod
3015 4577 3201 4635 Graece
3229 4577 3562 4635 Homousion

1981 4667 2184 4723 dictum
2223 4675 2339 4736 est,
2376 4667 2466 4723 illa
2512 4669 2718 4725 scilicet
2745 4670 2957 4726 ratione
2992 4672 3246 4740 quoniam
3274 4671 3329 4725 in
3357 4670 3560 4725 Graecia

1981 4772 2121 4813 nova
2152 4765 2279 4812 tunc
2307 4765 2604 4813 emerserat
2629 4759 2870 4822 hmresis,
2900 4773 3021 4828 quae
3059 4760 3387 4828 unigenitum
3408 4773 3562 4828 sepa-

1983 4862 2104 4905 rare
2153 4846 2425 4902 nitebatur
2467 4861 2500 4900 a
2547 4846 2847 4902 substantia
2903 4847 3197 4916 genitoris;
3240 4846 3307 4902 ad
3354 4847 3460 4904 hoc
3503 4856 3564 4904 ut

1982 4937 2226 5009 quisquis
2262 4937 2407 4992 illam
2455 4936 2755 4993 doctrinam
2799 4937 3102 5008 reciperet,
3151 4953 3260 4993 non
3301 4939 3564 4996 creatoris

1986 5028 2179 5095 cultor,
2211 5027 2304 5085 sed
2326 5035 2588 5085 creaturae
2621 5029 2802 5100 potius
2829 5036 3131 5099 appareret.
3162 5027 3356 5085 Mirum
3382 5038 3564 5088 autem

1988 5127 2073 5175 est
2099 5118 2244 5190 quod
2271 5119 2325 5173 in
2365 5119 2471 5174 hoc
2496 5119 2716 5175 nomine
2743 5134 2910 5175 sonus
2937 5126 3145 5174 tantum
3187 5135 3218 5176 a
3245 5121 3564 5191 quibusdam

1989 5209 2302 5277 attenditur,
2339 5223 2442 5265 nec
2480 5209 2610 5266 dicti
2648 5209 2998 5278 intelligentia
3045 5210 3411 5282 investigatur,
3441 5229 3564 5270 cum

1988 5299 2248 5370 pleraque
2272 5314 2380 5355 non
2417 5299 2525 5354 sint
2551 5299 2842 5369 antiquitus
2867 5299 3033 5369 dicta,
3055 5311 3112 5358 et
3137 5317 3236 5373 pro
3261 5313 3564 5374 temporum

1989 5405 2379 5460 causarumque
2407 5391 2892 5460 opportunitatibus
2917 5394 3236 5464 professioni
3266 5394 3388 5450 ﬁdei
3411 5412 3565 5468 repe.

1990 5481 2199 5537 riantur
2242 5481 2460 5536 inserta.
2499 5479 2650 5536 Sicut
2693 5484 2950 5554 ingenitus
2991 5482 3168 5548 Pater,
3217 5499 3482 5555 nusquam
3509 5489 3565 5547 in

1991 5572 2282 5643 Scripturis
2305 5573 2577 5628 canonicis
2605 5573 2814 5644 legitur,
2843 5584 2896 5630 et
2919 5583 3098 5630 tamen
3125 5575 3419 5631 secundum
3441 5577 3565 5636 ﬁdei

1993 5665 2275 5720 veritatem
2301 5664 2570 5734 ingenitus
2595 5667 2918 5736 pnedicatur
2946 5683 2959 5718 :
2991 5665 3250 5723 adversus
3275 5666 3565 5730 Sabellintn

1995 5759 2200 5816 scilicet
2225 5760 2315 5830 qui
2341 5759 2550 5817 Patrem
2577 5761 2875 5834 Filiumque
2903 5775 3010 5816 non
3031 5763 3409 5820 communione
3437 5764 3564 5819 sub-

1997 5850 2206 5908 stantia:
2249 5866 2412 5906 unum
2443 5851 2715 5920 intelligit.
2764 5851 2854 5908 sed
2881 5852 3153 5918 personali
3201 5853 3566 5928 singularitats
