  <div class='ocr_page' id='page_1' title='image "/cluster/home/n/w/nwhite01/storage/ocr_20150623/65/hvd.32044054128558/115.png"; bbox 0 0 4072 6332; ppageno 0'>
   <div class='ocr_carea' id='block_1_1' title="bbox 499 419 601 476">
    <p class='ocr_par' dir='ltr' id='par_1_1' title="bbox 499 419 601 476">
     <span class='ocr_line' id='line_1_1' title="bbox 499 419 601 476; baseline -0.02 0"><span class='ocrx_word' id='word_1_1' title='bbox 499 419 601 476; x_wconf 67' lang='grc' dir='ltr'>ω</span> 
     </span>
    </p>
   </div>
   <div class='ocr_carea' id='block_1_2' title="bbox 1565 394 2774 471">
    <p class='ocr_par' dir='ltr' id='par_1_2' title="bbox 1565 394 2774 471">
     <span class='ocr_line' id='line_1_2' title="bbox 1565 394 2774 471; baseline 0.001 -15"><span class='ocrx_word' id='word_1_2' title='bbox 1565 402 1623 456; x_wconf 88' lang='lat' dir='ltr'><strong>S.</strong></span> <span class='ocrx_word' id='word_1_3' title='bbox 1662 396 2024 455; x_wconf 81' lang='lat' dir='ltr'><strong>FULGENTII</strong></span> <span class='ocrx_word' id='word_1_4' title='bbox 2064 394 2363 471; x_wconf 76' lang='lat' dir='ltr'><strong>EPlSCUPl</strong></span> <span class='ocrx_word' id='word_1_5' title='bbox 2405 397 2774 457; x_wconf 74' lang='lat' dir='ltr'><strong>RUSPENSIS</strong></span> 
     </span>
    </p>
   </div>
   <div class='ocr_carea' id='block_1_3' title="bbox 3666 409 3767 465">
    <p class='ocr_par' dir='ltr' id='par_1_3' title="bbox 3666 409 3767 465">
     <span class='ocr_line' id='line_1_3' title="bbox 3666 409 3767 465; baseline 0.01 -1"><span class='ocrx_word' id='word_1_6' title='bbox 3666 409 3767 465; x_wconf 71' lang='lat'><strong>220</strong></span> 
     </span>
    </p>
   </div>
   <div class='ocr_carea' id='block_1_4' title="bbox 418 480 3774 595">
    <p class='ocr_par' dir='ltr' id='par_1_4' title="bbox 418 480 3774 595">
     <span class='ocr_line' id='line_1_4' title="bbox 418 480 3774 595; baseline -0.003 -4"><span class='ocrx_word' id='word_1_7' title='bbox 418 581 428 590; x_wconf 93' lang='lat'><strong>.</strong></span> <span class='ocrx_word' id='word_1_8' title='bbox 499 491 796 590; x_wconf 63' lang='lat' dir='ltr'><strong>confundit;</strong></span> <span class='ocrx_word' id='word_1_9' title='bbox 816 525 968 595; x_wconf 81' lang='lat' dir='ltr'><strong>Quod</strong></span> <span class='ocrx_word' id='word_1_10' title='bbox 986 525 1032 584; x_wconf 91' lang='lat' dir='ltr'><strong>si</strong></span> <span class='ocrx_word' id='word_1_11' title='bbox 1058 531 1243 587; x_wconf 81' lang='lat' dir='ltr'><strong>sonus,</strong></span> <span class='ocrx_word' id='word_1_12' title='bbox 1264 480 1391 576; x_wconf 82' lang='lat' dir='ltr'><strong>non</strong></span> <span class='ocrx_word' id='word_1_13' title='bbox 1411 527 1601 572; x_wconf 77' lang='lat' dir='ltr'><strong>sensus</strong></span> <span class='ocrx_word' id='word_1_14' title='bbox 1627 507 2001 570; x_wconf 67' lang='lat' dir='ltr'><strong>consideratur</strong></span> <span class='ocrx_word' id='word_1_15' title='bbox 2024 511 2077 566; x_wconf 92' lang='lat' dir='ltr'><strong>in</strong></span> <span class='ocrx_word' id='word_1_16' title='bbox 2107 515 2156 574; x_wconf 76' lang='grc' dir='ltr'><strong>Α</strong></span> <span class='ocrx_word' id='word_1_17' title='bbox 2185 509 2354 566; x_wconf 88' lang='lat' dir='ltr'><strong>Deum</strong></span> <span class='ocrx_word' id='word_1_18' title='bbox 2374 512 2573 570; x_wconf 76' lang='lat' dir='ltr'><strong>dixisse</strong></span> <span class='ocrx_word' id='word_1_19' title='bbox 2602 532 2617 568; x_wconf 84' lang='lat'><strong>:</strong></span> <span class='ocrx_word' id='word_1_20' title='bbox 2646 514 2733 568; x_wconf 82' lang='lat' dir='ltr'><strong>Ea:</strong></span> <span class='ocrx_word' id='word_1_21' title='bbox 2760 524 2907 571; x_wconf 87' lang='lat' dir='ltr'><strong>utero</strong></span> <span class='ocrx_word' id='word_1_22' title='bbox 2934 526 3055 571; x_wconf 88' lang='lat' dir='ltr'><strong>ante</strong></span> <span class='ocrx_word' id='word_1_23' title='bbox 3077 519 3346 590; x_wconf 78' lang='lat' dir='ltr'><strong>luciferum</strong></span> <span class='ocrx_word' id='word_1_24' title='bbox 3358 525 3519 593; x_wconf 70' lang='lat' dir='ltr'><strong>genui</strong></span> <span class='ocrx_word' id='word_1_25' title='bbox 3539 532 3623 591; x_wconf 78' lang='lat' dir='ltr'><strong>te,</strong></span> <span class='ocrx_word' id='word_1_26' title='bbox 3644 528 3774 595; x_wconf 86' lang='lat' dir='ltr'><strong>quia</strong></span> 
     </span>
    </p>
   </div>
   <div class='ocr_carea' id='block_1_5' title="bbox 499 603 2078 694">
    <p class='ocr_par' dir='ltr' id='par_1_5' title="bbox 499 603 2078 694">
     <span class='ocr_line' id='line_1_5' title="bbox 499 603 2078 694; baseline -0.018 -10"><span class='ocrx_word' id='word_1_27' title='bbox 499 627 696 694; x_wconf 78' lang='lat' dir='ltr'><strong>verbis,</strong></span> <span class='ocrx_word' id='word_1_28' title='bbox 747 627 857 679; x_wconf 74' lang='lat' dir='ltr'><strong>non</strong></span> <span class='ocrx_word' id='word_1_29' title='bbox 903 623 1185 676; x_wconf 77' lang='lat' dir='ltr'><strong>censeatur</strong></span> <span class='ocrx_word' id='word_1_30' title='bbox 1237 609 1474 668; x_wconf 78' lang='lat' dir='ltr'><strong>Ecclesia</strong></span> <span class='ocrx_word' id='word_1_31' title='bbox 1526 605 1743 660; x_wconf 83' lang='lat' dir='ltr'><strong>nomine</strong></span> <span class='ocrx_word' id='word_1_32' title='bbox 1791 603 2078 694; x_wconf 79' lang='lat' dir='ltr'><strong>catholico,</strong></span> 
     </span>
    </p>
   </div>
   <div class='ocr_carea' id='block_1_6' title="bbox 2182 595 3766 680">
    <p class='ocr_par' dir='ltr' id='par_1_6' title="bbox 2182 595 3766 680">
     <span class='ocr_line' id='line_1_6' title="bbox 2182 595 3766 680; baseline 0.009 -22"><span class='ocrx_word' id='word_1_33' title='bbox 2182 603 2236 659; x_wconf 91' lang='lat' dir='ltr'><strong>in</strong></span> <span class='ocrx_word' id='word_1_34' title='bbox 2261 604 2372 661; x_wconf 89' lang='lat' dir='ltr'><strong>Deo</strong></span> <span class='ocrx_word' id='word_1_35' title='bbox 2393 607 2621 662; x_wconf 84' lang='lat' dir='ltr'><strong>carnalis</strong></span> <span class='ocrx_word' id='word_1_36' title='bbox 2637 595 2828 662; x_wconf 87' lang='lat' dir='ltr'><strong>uterus</strong></span> <span class='ocrx_word' id='word_1_37' title='bbox 2856 624 2964 664; x_wconf 92' lang='lat' dir='ltr'><strong>non</strong></span> <span class='ocrx_word' id='word_1_38' title='bbox 3005 619 3182 678; x_wconf 88' lang='lat' dir='ltr'><strong>potest</strong></span> <span class='ocrx_word' id='word_1_39' title='bbox 3205 613 3372 680; x_wconf 89' lang='lat' dir='ltr'><strong>credi,</strong></span> <span class='ocrx_word' id='word_1_40' title='bbox 3403 615 3635 675; x_wconf 69' lang='lat' dir='ltr'><strong>mstimet</strong></span> <span class='ocrx_word' id='word_1_41' title='bbox 3662 619 3766 672; x_wconf 76' lang='lat' dir='ltr'><strong>lin-</strong></span> 
     </span>
    </p>
   </div>
   <div class='ocr_carea' id='block_1_7' title="bbox 499 692 3772 790">
    <p class='ocr_par' dir='ltr' id='par_1_7' title="bbox 499 692 3772 790">
     <span class='ocr_line' id='line_1_7' title="bbox 499 692 3772 790; baseline -0.003 -16"><span class='ocrx_word' id='word_1_42' title='bbox 499 717 642 790; x_wconf 88' lang='lat' dir='ltr'><strong>quod</strong></span> <span class='ocrx_word' id='word_1_43' title='bbox 682 692 808 771; x_wconf 79' lang='lat' dir='ltr'><strong>nec</strong></span> <span class='ocrx_word' id='word_1_44' title='bbox 834 716 888 769; x_wconf 85' lang='lat' dir='ltr'><strong>in</strong></span> <span class='ocrx_word' id='word_1_45' title='bbox 917 707 1101 765; x_wconf 83' lang='lat' dir='ltr'><strong>Veteri</strong></span> <span class='ocrx_word' id='word_1_46' title='bbox 1145 718 1247 760; x_wconf 87' lang='lat' dir='ltr'><strong>nec</strong></span> <span class='ocrx_word' id='word_1_47' title='bbox 1272 703 1326 757; x_wconf 90' lang='lat' dir='ltr'><strong>in</strong></span> <span class='ocrx_word' id='word_1_48' title='bbox 1369 700 1521 790; x_wconf 81' lang='lat' dir='ltr'><strong>Novo</strong></span> <span class='ocrx_word' id='word_1_49' title='bbox 1549 696 1818 790; x_wconf 86' lang='lat' dir='ltr'><strong>reperitur</strong></span> <span class='ocrx_word' id='word_1_50' title='bbox 1845 692 2080 790; x_wconf 73' lang='lat' dir='ltr'><strong>positum</strong></span> <span class='ocrx_word' id='word_1_51' title='bbox 2176 694 2267 765; x_wconf 85' lang='lat' dir='ltr'><strong>jus</strong></span> <span class='ocrx_word' id='word_1_52' title='bbox 2294 697 2402 790; x_wconf 79' lang='lat' dir='ltr'><strong>loci</strong></span> <span class='ocrx_word' id='word_1_53' title='bbox 2428 713 2646 754; x_wconf 80' lang='lat' dir='ltr'><strong>sensum</strong></span> <span class='ocrx_word' id='word_1_54' title='bbox 2669 699 2720 757; x_wconf 90' lang='lat' dir='ltr'><strong>ei</strong></span> <span class='ocrx_word' id='word_1_55' title='bbox 2751 701 3120 757; x_wconf 75' lang='lat' dir='ltr'><strong>tantummodo</strong></span> <span class='ocrx_word' id='word_1_56' title='bbox 3141 704 3478 770; x_wconf 83' lang='lat' dir='ltr'><strong>generationi</strong></span> <span class='ocrx_word' id='word_1_57' title='bbox 3513 722 3634 775; x_wconf 80' lang='lat' dir='ltr'><strong>quae</strong></span> <span class='ocrx_word' id='word_1_58' title='bbox 3678 723 3772 764; x_wconf 51' lang='lat' dir='ltr'><strong>sed</strong></span> 
     </span>
    </p>
   </div>
   <div class='ocr_carea' id='block_1_8' title="bbox 497 786 2084 865">
    <p class='ocr_par' dir='ltr' id='par_1_8' title="bbox 497 786 2084 865">
     <span class='ocr_line' id='line_1_8' title="bbox 497 786 2084 865; baseline -0.016 0"><span class='ocrx_word' id='word_1_59' title='bbox 497 786 866 864; x_wconf 56' lang='lat' dir='ltr'><strong>Testamento.</strong></span> <span class='ocrx_word' id='word_1_60' title='bbox 907 800 967 856; x_wconf 82' lang='lat' dir='ltr'><strong>Si</strong></span> <span class='ocrx_word' id='word_1_61' title='bbox 994 795 1268 853; x_wconf 67' lang='lat' dir='ltr'><strong>vocaliter:</strong></span> <span class='ocrx_word' id='word_1_62' title='bbox 1293 786 1514 856; x_wconf 59' lang='lat' dir='ltr'><strong>omnia;|</strong></span> <span class='ocrx_word' id='word_1_63' title='bbox 1555 803 1678 844; x_wconf 89' lang='lat' dir='ltr'><strong>cum</strong></span> <span class='ocrx_word' id='word_1_64' title='bbox 1706 788 1761 865; x_wconf 87' lang='lat' dir='ltr'><strong>in</strong></span> <span class='ocrx_word' id='word_1_65' title='bbox 1800 786 1948 841; x_wconf 90' lang='lat' dir='ltr'><strong>nullo</strong></span> <span class='ocrx_word' id='word_1_66' title='bbox 1973 786 2084 840; x_wconf 83' lang='lat' dir='ltr'><strong>sint</strong></span> 
     </span>
    </p>
   </div>
   <div class='ocr_carea' id='block_1_9' title="bbox 499 878 2080 957">
    <p class='ocr_par' dir='ltr' id='par_1_9' title="bbox 499 878 2080 957">
     <span class='ocr_line' id='line_1_9' title="bbox 499 878 2080 957; baseline -0.015 -1"><span class='ocrx_word' id='word_1_67' title='bbox 499 899 760 956; x_wconf 85' lang='lat' dir='ltr'><strong>canonico</strong></span> <span class='ocrx_word' id='word_1_68' title='bbox 805 891 1099 957; x_wconf 77' lang='lat' dir='ltr'><strong>voluntine,</strong></span> <span class='ocrx_word' id='word_1_69' title='bbox 1145 888 1310 955; x_wconf 71' lang='lat' dir='ltr'><strong>digne</strong></span> <span class='ocrx_word' id='word_1_70' title='bbox 1337 894 1517 941; x_wconf 80' lang='lat' dir='ltr'><strong>tamen</strong></span> <span class='ocrx_word' id='word_1_71' title='bbox 1559 888 1813 941; x_wconf 82' lang='lat' dir='ltr'><strong>tenentur</strong></span> <span class='ocrx_word' id='word_1_72' title='bbox 1853 881 1908 935; x_wconf 87' lang='lat' dir='ltr'><strong>in</strong></span> <span class='ocrx_word' id='word_1_73' title='bbox 1952 878 2080 944; x_wconf 74' lang='lat' dir='ltr'><strong>iide,</strong></span> 
     </span>
    </p>
   </div>
   <div class='ocr_carea' id='block_1_10' title="bbox 497 972 2083 1048">
    <p class='ocr_par' dir='ltr' id='par_1_10' title="bbox 497 972 2083 1048">
     <span class='ocr_line' id='line_1_10' title="bbox 497 972 2083 1048; baseline -0.014 -1"><span class='ocrx_word' id='word_1_74' title='bbox 497 1007 593 1047; x_wconf 86' lang='lat' dir='ltr'><strong>cur</strong></span> <span class='ocrx_word' id='word_1_75' title='bbox 619 988 776 1045; x_wconf 85' lang='lat' dir='ltr'><strong>nobis</strong></span> <span class='ocrx_word' id='word_1_76' title='bbox 805 986 859 1040; x_wconf 84' lang='lat' dir='ltr'><strong>iri</strong></span> <span class='ocrx_word' id='word_1_77' title='bbox 888 981 1219 1040; x_wconf 79' lang='lat' dir='ltr'><strong>Homousion</strong></span> <span class='ocrx_word' id='word_1_78' title='bbox 1248 985 1464 1048; x_wconf 88' lang='lat' dir='ltr'><strong>putetur</strong></span> <span class='ocrx_word' id='word_1_79' title='bbox 1491 972 1881 1044; x_wconf 82' lang='lat' dir='ltr'><strong>prohibendum</strong></span> <span class='ocrx_word' id='word_1_80' title='bbox 1909 1012 1925 1037; x_wconf 89' lang='lat'><strong>,</strong></span> <span class='ocrx_word' id='word_1_81' title='bbox 1971 986 2083 1026; x_wconf 81' lang='lat' dir='ltr'><strong>non</strong></span> 
     </span>
    </p>
   </div>
   <div class='ocr_carea' id='block_1_11' title="bbox 436 1062 2083 1138">
    <p class='ocr_par' dir='ltr' id='par_1_11' title="bbox 436 1062 2083 1138">
     <span class='ocr_line' id='line_1_11' title="bbox 436 1062 2083 1138; baseline -0.013 1"><span class='ocrx_word' id='word_1_82' title='bbox 436 1075 447 1087; x_wconf 80' lang='grc'><strong>“</strong></span> <span class='ocrx_word' id='word_1_83' title='bbox 496 1089 686 1138; x_wconf 86' lang='lat' dir='ltr'><strong>sonum</strong></span> <span class='ocrx_word' id='word_1_84' title='bbox 712 1078 842 1134; x_wconf 82' lang='lat' dir='ltr'><strong>dicti</strong></span> <span class='ocrx_word' id='word_1_85' title='bbox 870 1073 1234 1138; x_wconf 83' lang='lat' dir='ltr'><strong>considerare,</strong></span> <span class='ocrx_word' id='word_1_86' title='bbox 1277 1069 1373 1124; x_wconf 88' lang='lat' dir='ltr'><strong>sed</strong></span> <span class='ocrx_word' id='word_1_87' title='bbox 1397 1072 1640 1130; x_wconf 83' lang='lat' dir='ltr'><strong>sensum;</strong></span> <span class='ocrx_word' id='word_1_88' title='bbox 1673 1080 1772 1120; x_wconf 90' lang='lat' dir='ltr'><strong>nec</strong></span> <span class='ocrx_word' id='word_1_89' title='bbox 1800 1062 2083 1118; x_wconf 83' lang='lat' dir='ltr'><strong>attendere</strong></span> 
     </span>
    </p>
   </div>
   <div class='ocr_carea' id='block_1_12' title="bbox 494 1158 2082 1231">
    <p class='ocr_par' dir='ltr' id='par_1_12' title="bbox 494 1158 2082 1231">
     <span class='ocr_line' id='line_1_12' title="bbox 494 1158 2082 1231; baseline -0.015 0"><span class='ocrx_word' id='word_1_90' title='bbox 494 1173 787 1231; x_wconf 70' lang='lat' dir='ltr'><strong>novitatem</strong></span> <span class='ocrx_word' id='word_1_91' title='bbox 815 1167 989 1230; x_wconf 88' lang='lat' dir='ltr'><strong>verbi,</strong></span> <span class='ocrx_word' id='word_1_92' title='bbox 1031 1164 1126 1220; x_wconf 82' lang='lat' dir='ltr'><strong>sed</strong></span> <span class='ocrx_word' id='word_1_93' title='bbox 1154 1163 1411 1217; x_wconf 83' lang='lat' dir='ltr'><strong>virtutem</strong></span> <span class='ocrx_word' id='word_1_94' title='bbox 1441 1158 1741 1225; x_wconf 78' lang='lat' dir='ltr'><strong>intelligere</strong></span> <span class='ocrx_word' id='word_1_95' title='bbox 1768 1165 2082 1210; x_wconf 81' lang='lat' dir='ltr'><strong>sacramen-</strong></span> 
     </span>
    </p>
   </div>
   <div class='ocr_carea' id='block_1_13' title="bbox 494 1244 2083 1322">
    <p class='ocr_par' dir='ltr' id='par_1_13' title="bbox 494 1244 2083 1322">
     <span class='ocr_line' id='line_1_13' title="bbox 494 1244 2083 1322; baseline -0.014 -1"><span class='ocrx_word' id='word_1_96' title='bbox 494 1266 576 1322; x_wconf 72' lang='lat' dir='ltr'><strong>ti?</strong></span> <span class='ocrx_word' id='word_1_97' title='bbox 616 1256 808 1318; x_wconf 71' lang='lat' dir='ltr'><strong>Mirum</strong></span> <span class='ocrx_word' id='word_1_98' title='bbox 837 1268 921 1315; x_wconf 75' lang='lat' dir='ltr'><strong>eet</strong></span> <span class='ocrx_word' id='word_1_99' title='bbox 959 1265 1138 1312; x_wconf 86' lang='lat' dir='ltr'><strong>autem</strong></span> <span class='ocrx_word' id='word_1_100' title='bbox 1167 1269 1263 1310; x_wconf 89' lang='lat' dir='ltr'><strong>eos</strong></span> <span class='ocrx_word' id='word_1_101' title='bbox 1305 1253 1397 1322; x_wconf 87' lang='lat' dir='ltr'><strong>qui</strong></span> <span class='ocrx_word' id='word_1_102' title='bbox 1440 1266 1537 1321; x_wconf 92' lang='lat' dir='ltr'><strong>pro</strong></span> <span class='ocrx_word' id='word_1_103' title='bbox 1567 1248 1725 1303; x_wconf 91' lang='lat' dir='ltr'><strong>unius</strong></span> <span class='ocrx_word' id='word_1_104' title='bbox 1768 1244 2083 1301; x_wconf 71' lang='lat' dir='ltr'><strong>substantiae</strong></span> 
     </span>
    </p>
   </div>
   <div class='ocr_carea' id='block_1_14' title="bbox 493 1335 2082 1412">
    <p class='ocr_par' dir='ltr' id='par_1_14' title="bbox 493 1335 2082 1412">
     <span class='ocr_line' id='line_1_14' title="bbox 493 1335 2082 1412; baseline -0.012 -1"><span class='ocrx_word' id='word_1_105' title='bbox 493 1353 811 1412; x_wconf 74' lang='lat' dir='ltr'><strong>credulitate”</strong></span> <span class='ocrx_word' id='word_1_106' title='bbox 837 1350 1026 1405; x_wconf 82' lang='lat' dir='ltr'><strong>velunt</strong></span> <span class='ocrx_word' id='word_1_107' title='bbox 1071 1360 1169 1401; x_wconf 91' lang='lat' dir='ltr'><strong>nos</strong></span> <span class='ocrx_word' id='word_1_108' title='bbox 1197 1342 1583 1399; x_wconf 85' lang='lat' dir='ltr'><strong>homonsianos</strong></span> <span class='ocrx_word' id='word_1_109' title='bbox 1622 1337 1762 1404; x_wconf 90' lang='lat' dir='ltr'><strong>dici,</strong></span> <span class='ocrx_word' id='word_1_110' title='bbox 1809 1335 2082 1405; x_wconf 85' lang='lat' dir='ltr'><strong>quomodo</strong></span> 
     </span>
    </p>
   </div>
   <div class='ocr_carea' id='block_1_15' title="bbox 491 1431 2079 1510">
    <p class='ocr_par' dir='ltr' id='par_1_15' title="bbox 491 1431 2079 1510">
     <span class='ocr_line' id='line_1_15' title="bbox 491 1431 2079 1510; baseline -0.013 -6"><span class='ocrx_word' id='word_1_111' title='bbox 491 1457 552 1505; x_wconf 77' lang='lat' dir='ltr'><strong>se</strong></span> <span class='ocrx_word' id='word_1_112' title='bbox 578 1447 770 1502; x_wconf 79' lang='lat' dir='ltr'><strong>nolunt</strong></span> <span class='ocrx_word' id='word_1_113' title='bbox 799 1444 1111 1499; x_wconf 78' lang='lat' dir='ltr'><strong>Triusia‘nos</strong></span> <span class='ocrx_word' id='word_1_114' title='bbox 1137 1455 1236 1510; x_wconf 87' lang='lat' dir='ltr'><strong>pro</strong></span> <span class='ocrx_word' id='word_1_115' title='bbox 1276 1438 1448 1491; x_wconf 89' lang='lat' dir='ltr'><strong>tribus</strong></span> <span class='ocrx_word' id='word_1_116' title='bbox 1475 1443 1532 1490; x_wconf 89' lang='lat' dir='ltr'><strong>et</strong></span> <span class='ocrx_word' id='word_1_117' title='bbox 1556 1433 1782 1488; x_wconf 78' lang='lat' dir='ltr'><strong>diversis</strong></span> <span class='ocrx_word' id='word_1_118' title='bbox 1826 1431 2079 1485; x_wconf 84' lang='lat' dir='ltr'><strong>substan-</strong></span> 
     </span>
    </p>
   </div>
   <div class='ocr_carea' id='block_1_16' title="bbox 492 1521 2083 1608">
    <p class='ocr_par' dir='ltr' id='par_1_16' title="bbox 492 1521 2083 1608">
     <span class='ocr_line' id='line_1_16' title="bbox 492 1521 2083 1608; baseline -0.012 -13"><span class='ocrx_word' id='word_1_119' title='bbox 492 1540 583 1595; x_wconf 86' lang='lat' dir='ltr'><strong>tiis</strong></span> <span class='ocrx_word' id='word_1_120' title='bbox 608 1536 901 1608; x_wconf 83' lang='lat' dir='ltr'><strong>appellari;</strong></span> <span class='ocrx_word' id='word_1_121' title='bbox 946 1531 1189 1604; x_wconf 82' lang='lat' dir='ltr'><strong>quamvis</strong></span> <span class='ocrx_word' id='word_1_122' title='bbox 1236 1530 1335 1584; x_wconf 86' lang='lat' dir='ltr'><strong>etsi</strong></span> <span class='ocrx_word' id='word_1_123' title='bbox 1364 1528 1460 1582; x_wconf 77' lang='lat' dir='ltr'><strong>tali</strong></span> <span class='ocrx_word' id='word_1_124' title='bbox 1505 1526 1726 1581; x_wconf 87' lang='lat' dir='ltr'><strong>nomine</strong></span> <span class='ocrx_word' id='word_1_125' title='bbox 1760 1523 1968 1578; x_wconf 88' lang='lat' dir='ltr'><strong>censeri</strong></span> <span class='ocrx_word' id='word_1_126' title='bbox 1997 1521 2083 1576; x_wconf 56' lang='lat' dir='ltr'><strong>tua</strong></span> 
     </span>
    </p>
   </div>
   <div class='ocr_carea' id='block_1_17' title="bbox 494 1613 2082 1700">
    <p class='ocr_par' dir='ltr' id='par_1_17' title="bbox 494 1613 2082 1700">
     <span class='ocr_line' id='line_1_17' title="bbox 494 1613 2082 1700; baseline -0.01 -15"><span class='ocrx_word' id='word_1_127' title='bbox 494 1629 663 1700; x_wconf 64' lang='lat' dir='ltr'><strong>giant;</strong></span> <span class='ocrx_word' id='word_1_128' title='bbox 694 1628 799 1683; x_wconf 90' lang='lat' dir='ltr'><strong>boc</strong></span> <span class='ocrx_word' id='word_1_129' title='bbox 837 1639 933 1681; x_wconf 84' lang='lat' dir='ltr'><strong>eos</strong></span> <span class='ocrx_word' id='word_1_130' title='bbox 960 1631 1142 1678; x_wconf 84' lang='lat' dir='ltr'><strong>tamen</strong></span> <span class='ocrx_word' id='word_1_131' title='bbox 1171 1633 1291 1675; x_wconf 86' lang='lat' dir='ltr'><strong>esse</strong></span> <span class='ocrx_word' id='word_1_132' title='bbox 1319 1619 1553 1690; x_wconf 80' lang='lat' dir='ltr'><strong>qualitas</strong></span> <span class='ocrx_word' id='word_1_133' title='bbox 1597 1631 1707 1670; x_wconf 84' lang='lat' dir='ltr'><strong>suae</strong></span> <span class='ocrx_word' id='word_1_134' title='bbox 1744 1613 2082 1671; x_wconf 80' lang='lat' dir='ltr'><strong>credulitatis</strong></span> 
     </span>
    </p>
   </div>
   <div class='ocr_carea' id='block_1_18' title="bbox 494 1709 2081 1788">
    <p class='ocr_par' dir='ltr' id='par_1_18' title="bbox 494 1709 2081 1788">
     <span class='ocr_line' id='line_1_18' title="bbox 494 1709 2081 1788; baseline -0.01 -9"><span class='ocrx_word' id='word_1_135' title='bbox 494 1721 762 1778; x_wconf 85' lang='lat' dir='ltr'><strong>ostendat.</strong></span> <span class='ocrx_word' id='word_1_136' title='bbox 795 1721 973 1788; x_wconf 83' lang='lat' dir='ltr'><strong>Digne</strong></span> <span class='ocrx_word' id='word_1_137' title='bbox 988 1718 1170 1786; x_wconf 82' lang='lat' dir='ltr'><strong>itaque</strong></span> <span class='ocrx_word' id='word_1_138' title='bbox 1192 1714 1408 1769; x_wconf 84' lang='lat' dir='ltr'><strong>Patrem</strong></span> <span class='ocrx_word' id='word_1_139' title='bbox 1426 1720 1484 1768; x_wconf 86' lang='lat' dir='ltr'><strong>et</strong></span> <span class='ocrx_word' id='word_1_140' title='bbox 1503 1712 1715 1778; x_wconf 88' lang='lat' dir='ltr'><strong>Filium,</strong></span> <span class='ocrx_word' id='word_1_141' title='bbox 1741 1719 1799 1766; x_wconf 86' lang='lat' dir='ltr'><strong>et</strong></span> <span class='ocrx_word' id='word_1_142' title='bbox 1821 1709 2081 1781; x_wconf 83' lang='lat' dir='ltr'><strong>Spiritum</strong></span> 
     </span>
    </p>
   </div>
   <div class='ocr_carea' id='block_1_19' title="bbox 493 1805 2084 1882">
    <p class='ocr_par' dir='ltr' id='par_1_19' title="bbox 493 1805 2084 1882">
     <span class='ocr_line' id='line_1_19' title="bbox 493 1805 2084 1882; baseline -0.009 -12"><span class='ocrx_word' id='word_1_143' title='bbox 493 1819 759 1880; x_wconf 71' lang='lat' dir='ltr'><strong>sanetum,</strong></span> <span class='ocrx_word' id='word_1_144' title='bbox 791 1813 1144 1882; x_wconf 85' lang='lat' dir='ltr'><strong>personarum</strong></span> <span class='ocrx_word' id='word_1_145' title='bbox 1165 1805 1498 1877; x_wconf 80' lang='lat' dir='ltr'><strong>proprietate</strong></span> <span class='ocrx_word' id='word_1_146' title='bbox 1527 1811 1761 1870; x_wconf 84' lang='lat' dir='ltr'><strong>servata,</strong></span> <span class='ocrx_word' id='word_1_147' title='bbox 1794 1815 1958 1857; x_wconf 87' lang='lat' dir='ltr'><strong>unum</strong></span> <span class='ocrx_word' id='word_1_148' title='bbox 1987 1816 2084 1857; x_wconf 60' lang='lat' dir='ltr'><strong>cos</strong></span> 
     </span>
    </p>
   </div>
   <div class='ocr_carea' id='block_1_20' title="bbox 2182 786 3773 865">
    <p class='ocr_par' dir='ltr' id='par_1_20' title="bbox 2182 786 3773 865">
     <span class='ocr_line' id='line_1_20' title="bbox 2182 786 3773 865; baseline 0.011 -25"><span class='ocrx_word' id='word_1_149' title='bbox 2182 786 2414 842; x_wconf 88' lang='lat' dir='ltr'><strong>cundum</strong></span> <span class='ocrx_word' id='word_1_150' title='bbox 2442 800 2659 844; x_wconf 87' lang='lat' dir='ltr'><strong>carnem</strong></span> <span class='ocrx_word' id='word_1_151' title='bbox 2705 797 2789 844; x_wconf 87' lang='lat' dir='ltr'><strong>est</strong></span> <span class='ocrx_word' id='word_1_152' title='bbox 2846 790 3234 860; x_wconf 81' lang='lat' dir='ltr'><strong>coaptandtun,</strong></span> <span class='ocrx_word' id='word_1_153' title='bbox 3284 808 3407 849; x_wconf 89' lang='lat' dir='ltr'><strong>cum</strong></span> <span class='ocrx_word' id='word_1_154' title='bbox 3461 800 3773 865; x_wconf 71' lang='lat' dir='ltr'><strong>praecedens</strong></span> 
     </span>
    </p>
   </div>
   <div class='ocr_carea' id='block_1_21' title="bbox 2180 876 3776 952">
    <p class='ocr_par' dir='ltr' id='par_1_21' title="bbox 2180 876 3776 952">
     <span class='ocr_line' id='line_1_21' title="bbox 2180 876 3776 952; baseline 0.007 -17"><span class='ocrx_word' id='word_1_155' title='bbox 2180 891 2370 935; x_wconf 87' lang='lat' dir='ltr'><strong>versus</strong></span> <span class='ocrx_word' id='word_1_156' title='bbox 2421 879 2612 935; x_wconf 66' lang='lat' dir='ltr'><strong>divinae</strong></span> <span class='ocrx_word' id='word_1_157' title='bbox 2652 879 2822 948; x_wconf 87' lang='lat' dir='ltr'><strong>magis</strong></span> <span class='ocrx_word' id='word_1_158' title='bbox 2863 876 3194 936; x_wconf 84' lang='lat' dir='ltr'><strong>intellectum</strong></span> <span class='ocrx_word' id='word_1_159' title='bbox 3240 887 3602 952; x_wconf 73' lang='lat' dir='ltr'><strong>generationis</strong></span> <span class='ocrx_word' id='word_1_160' title='bbox 3650 891 3776 946; x_wconf 88' lang='lat' dir='ltr'><strong>insi-</strong></span> 
     </span>
    </p>
   </div>
   <div class='ocr_carea' id='block_1_22' title="bbox 2183 969 3774 1051">
    <p class='ocr_par' dir='ltr' id='par_1_22' title="bbox 2183 969 3774 1051">
     <span class='ocr_line' id='line_1_22' title="bbox 2183 969 3774 1051; baseline 0.01 -29"><span class='ocrx_word' id='word_1_161' title='bbox 2183 977 2333 1040; x_wconf 88' lang='lat' dir='ltr'><strong>nuet,</strong></span> <span class='ocrx_word' id='word_1_162' title='bbox 2360 983 2470 1039; x_wconf 91' lang='lat' dir='ltr'><strong>quo</strong></span> <span class='ocrx_word' id='word_1_163' title='bbox 2498 969 2660 1025; x_wconf 88' lang='lat' dir='ltr'><strong>Pater</strong></span> <span class='ocrx_word' id='word_1_164' title='bbox 2685 970 2816 1024; x_wconf 81' lang='lat' dir='ltr'><strong>dicit</strong></span> <span class='ocrx_word' id='word_1_165' title='bbox 2841 971 2909 1026; x_wconf 88' lang='lat' dir='ltr'><strong>ad</strong></span> <span class='ocrx_word' id='word_1_166' title='bbox 2955 971 3149 1027; x_wconf 88' lang='lat' dir='ltr'><strong>Filium</strong></span> <span class='ocrx_word' id='word_1_167' title='bbox 3189 992 3202 1027; x_wconf 89' lang='lat'><strong>:</strong></span> <span class='ocrx_word' id='word_1_168' title='bbox 3235 974 3423 1031; x_wconf 82' lang='lat' dir='ltr'><strong>Tecum</strong></span> <span class='ocrx_word' id='word_1_169' title='bbox 3458 979 3774 1051; x_wconf 79' lang='lat' dir='ltr'><strong>principium</strong></span> 
     </span>
    </p>
   </div>
   <div class='ocr_carea' id='block_1_23' title="bbox 2184 1057 3777 1132">
    <p class='ocr_par' dir='ltr' id='par_1_23' title="bbox 2184 1057 3777 1132">
     <span class='ocr_line' id='line_1_23' title="bbox 2184 1057 3777 1132; baseline 0.01 -20"><span class='ocrx_word' id='word_1_170' title='bbox 2184 1057 2398 1132; x_wconf 59' lang='grc' dir='ltr'><strong>(υἱώ),</strong></span> <span class='ocrx_word' id='word_1_171' title='bbox 2433 1067 2489 1112; x_wconf 95' lang='lat' dir='ltr'><strong>ut</strong></span> <span class='ocrx_word' id='word_1_172' title='bbox 2518 1067 2838 1126; x_wconf 88' lang='lat' dir='ltr'><strong>agnoscatur</strong></span> <span class='ocrx_word' id='word_1_173' title='bbox 2869 1058 3081 1116; x_wconf 88' lang='lat' dir='ltr'><strong>Patrem</strong></span> <span class='ocrx_word' id='word_1_174' title='bbox 3122 1069 3178 1118; x_wconf 89' lang='lat' dir='ltr'><strong>et</strong></span> <span class='ocrx_word' id='word_1_175' title='bbox 3215 1063 3409 1119; x_wconf 84' lang='lat' dir='ltr'><strong>Filium</strong></span> <span class='ocrx_word' id='word_1_176' title='bbox 3457 1083 3623 1124; x_wconf 89' lang='lat' dir='ltr'><strong>unum</strong></span> <span class='ocrx_word' id='word_1_177' title='bbox 3653 1087 3777 1128; x_wconf 80' lang='lat' dir='ltr'><strong>esse</strong></span> 
     </span>
    </p>
   </div>
   <div class='ocr_carea' id='block_1_24' title="bbox 2183 1141 3775 1220">
    <p class='ocr_par' dir='ltr' id='par_1_24' title="bbox 2183 1141 3775 1220">
     <span class='ocr_line' id='line_1_24' title="bbox 2183 1141 3775 1220; baseline 0.008 -17"><span class='ocrx_word' id='word_1_178' title='bbox 2183 1149 2526 1220; x_wconf 87' lang='lat' dir='ltr'><strong>principium.</strong></span> <span class='ocrx_word' id='word_1_179' title='bbox 2577 1148 2785 1205; x_wconf 84' lang='lat' dir='ltr'><strong>Nomen</strong></span> <span class='ocrx_word' id='word_1_180' title='bbox 2836 1165 2967 1206; x_wconf 84' lang='lat' dir='ltr'><strong>vero</strong></span> <span class='ocrx_word' id='word_1_181' title='bbox 3016 1154 3148 1206; x_wconf 78' lang='lat' dir='ltr'><strong>uteri</strong></span> <span class='ocrx_word' id='word_1_182' title='bbox 3201 1141 3462 1211; x_wconf 80' lang='lat' dir='ltr'><strong>translato</strong></span> <span class='ocrx_word' id='word_1_183' title='bbox 3506 1161 3775 1216; x_wconf 86' lang='lat' dir='ltr'><strong>vocabulo</strong></span> 
     </span>
    </p>
   </div>
   <div class='ocr_carea' id='block_1_25' title="bbox 2182 1242 3772 1315">
    <p class='ocr_par' dir='ltr' id='par_1_25' title="bbox 2182 1242 3772 1315">
     <span class='ocr_line' id='line_1_25' title="bbox 2182 1242 3772 1315; baseline 0.006 -19"><span class='ocrx_word' id='word_1_184' title='bbox 2182 1243 2383 1296; x_wconf 90' lang='lat' dir='ltr'><strong>dictum</strong></span> <span class='ocrx_word' id='word_1_185' title='bbox 2411 1248 2517 1307; x_wconf 91' lang='lat' dir='ltr'><strong>est,</strong></span> <span class='ocrx_word' id='word_1_186' title='bbox 2541 1257 2651 1312; x_wconf 91' lang='lat' dir='ltr'><strong>quo</strong></span> <span class='ocrx_word' id='word_1_187' title='bbox 2672 1243 2786 1312; x_wconf 87' lang='lat' dir='ltr'><strong>ipsa</strong></span> <span class='ocrx_word' id='word_1_188' title='bbox 2801 1242 2979 1298; x_wconf 89' lang='lat' dir='ltr'><strong>divina</strong></span> <span class='ocrx_word' id='word_1_189' title='bbox 3002 1243 3397 1315; x_wconf 71' lang='lat' dir='ltr'><strong>signiﬁcaretur</strong></span> <span class='ocrx_word' id='word_1_190' title='bbox 3412 1257 3639 1310; x_wconf 86' lang='lat' dir='ltr'><strong>natura;</strong></span> <span class='ocrx_word' id='word_1_191' title='bbox 3664 1253 3772 1306; x_wconf 77' lang='lat' dir='ltr'><strong>sic-</strong></span> 
     </span>
    </p>
   </div>
   <div class='ocr_carea' id='block_1_26' title="bbox 2182 1332 3772 1406">
    <p class='ocr_par' dir='ltr' id='par_1_26' title="bbox 2182 1332 3772 1406">
     <span class='ocr_line' id='line_1_26' title="bbox 2182 1332 3772 1406; baseline 0.008 -20"><span class='ocrx_word' id='word_1_192' title='bbox 2182 1339 2244 1386; x_wconf 92' lang='lat' dir='ltr'><strong>ut</strong></span> <span class='ocrx_word' id='word_1_193' title='bbox 2295 1332 2664 1402; x_wconf 89' lang='lat' dir='ltr'><strong>corporalibus</strong></span> <span class='ocrx_word' id='word_1_194' title='bbox 2713 1333 3023 1388; x_wconf 86' lang='lat' dir='ltr'><strong>nominibus</strong></span> <span class='ocrx_word' id='word_1_195' title='bbox 3088 1335 3442 1406; x_wconf 80' lang='lat' dir='ltr'><strong>incorporalis</strong></span> <span class='ocrx_word' id='word_1_196' title='bbox 3470 1337 3772 1400; x_wconf 64' lang='lat' dir='ltr'><strong>Substantia</strong></span> 
     </span>
    </p>
   </div>
   <div class='ocr_carea' id='block_1_27' title="bbox 2183 1424 3769 1492">
    <p class='ocr_par' dir='ltr' id='par_1_27' title="bbox 2183 1424 3769 1492">
     <span class='ocr_line' id='line_1_27' title="bbox 2183 1424 3769 1492; baseline 0.005 -11"><span class='ocrx_word' id='word_1_197' title='bbox 2183 1424 2278 1481; x_wconf 84' lang='lat' dir='ltr'><strong>Dei</strong></span> <span class='ocrx_word' id='word_1_198' title='bbox 2311 1426 2512 1482; x_wconf 87' lang='lat' dir='ltr'><strong>assolet</strong></span> <span class='ocrx_word' id='word_1_199' title='bbox 2538 1425 2836 1492; x_wconf 87' lang='lat' dir='ltr'><strong>nominari,</strong></span> <span class='ocrx_word' id='word_1_200' title='bbox 2861 1434 2920 1480; x_wconf 91' lang='lat' dir='ltr'><strong>ut</strong></span> <span class='ocrx_word' id='word_1_201' title='bbox 2959 1441 3150 1483; x_wconf 85' lang='lat' dir='ltr'><strong>sensus</strong></span> <span class='ocrx_word' id='word_1_202' title='bbox 3177 1428 3454 1484; x_wconf 85' lang='lat' dir='ltr'><strong>hominum</strong></span> <span class='ocrx_word' id='word_1_203' title='bbox 3483 1429 3511 1470; x_wconf 70' lang='grc' dir='ltr'><strong>ι’</strong></span> <span class='ocrx_word' id='word_1_204' title='bbox 3537 1447 3769 1489; x_wconf 85' lang='lat' dir='ltr'><strong>consue-</strong></span> 
     </span>
    </p>
   </div>
   <div class='ocr_carea' id='block_1_28' title="bbox 2183 1517 3769 1590">
    <p class='ocr_par' dir='ltr' id='par_1_28' title="bbox 2183 1517 3769 1590">
     <span class='ocr_line' id='line_1_28' title="bbox 2183 1517 3769 1590; baseline 0.007 -19"><span class='ocrx_word' id='word_1_205' title='bbox 2183 1517 2253 1572; x_wconf 86' lang='lat' dir='ltr'><strong>tis</strong></span> <span class='ocrx_word' id='word_1_206' title='bbox 2281 1524 2486 1572; x_wconf 77' lang='lat' dir='ltr'><strong>naturae</strong></span> <span class='ocrx_word' id='word_1_207' title='bbox 2536 1528 2647 1572; x_wconf 71' lang='lat' dir='ltr'><strong>sine</strong></span> <span class='ocrx_word' id='word_1_208' title='bbox 2674 1519 2951 1574; x_wconf 79' lang='lat' dir='ltr'><strong>vocabulis</strong></span> <span class='ocrx_word' id='word_1_209' title='bbox 2988 1519 3054 1574; x_wconf 90' lang='lat' dir='ltr'><strong>ad</strong></span> <span class='ocrx_word' id='word_1_210' title='bbox 3083 1520 3489 1590; x_wconf 72' lang='lat' dir='ltr'><strong>intelligentiam</strong></span> <span class='ocrx_word' id='word_1_211' title='bbox 3515 1524 3769 1581; x_wconf 64' lang='lat' dir='ltr'><strong>divinitaa-</strong></span> 
     </span>
    </p>
   </div>
   <div class='ocr_carea' id='block_1_29' title="bbox 2183 1609 3770 1680">
    <p class='ocr_par' dir='ltr' id='par_1_29' title="bbox 2183 1609 3770 1680">
     <span class='ocr_line' id='line_1_29' title="bbox 2183 1609 3770 1680; baseline 0.008 -17"><span class='ocrx_word' id='word_1_212' title='bbox 2183 1609 2255 1664; x_wconf 90' lang='lat' dir='ltr'><strong>tis</strong></span> <span class='ocrx_word' id='word_1_213' title='bbox 2284 1610 2457 1680; x_wconf 89' lang='lat' dir='ltr'><strong>possit</strong></span> <span class='ocrx_word' id='word_1_214' title='bbox 2485 1609 2697 1666; x_wconf 84' lang='lat' dir='ltr'><strong>adduci.</strong></span> <span class='ocrx_word' id='word_1_215' title='bbox 2732 1610 2991 1667; x_wconf 88' lang='lat' dir='ltr'><strong>Dicuntur</strong></span> <span class='ocrx_word' id='word_1_216' title='bbox 3017 1614 3160 1668; x_wconf 89' lang='lat' dir='ltr'><strong>enim</strong></span> <span class='ocrx_word' id='word_1_217' title='bbox 3188 1610 3331 1670; x_wconf 88' lang='lat' dir='ltr'><strong>oculi</strong></span> <span class='ocrx_word' id='word_1_218' title='bbox 3359 1616 3456 1672; x_wconf 88' lang='lat' dir='ltr'><strong>Dei</strong></span> <span class='ocrx_word' id='word_1_219' title='bbox 3484 1619 3664 1674; x_wconf 83' lang='lat' dir='ltr'><strong>omnia</strong></span> <span class='ocrx_word' id='word_1_220' title='bbox 3683 1619 3770 1674; x_wconf 78' lang='lat' dir='ltr'><strong>vi-</strong></span> 
     </span>
    </p>
   </div>
   <div class='ocr_carea' id='block_1_30' title="bbox 2183 1702 3767 1782">
    <p class='ocr_par' dir='ltr' id='par_1_30' title="bbox 2183 1702 3767 1782">
     <span class='ocr_line' id='line_1_30' title="bbox 2183 1702 3767 1782; baseline 0.005 -25"><span class='ocrx_word' id='word_1_221' title='bbox 2183 1703 2335 1771; x_wconf 86' lang='lat' dir='ltr'><strong>dere,</strong></span> <span class='ocrx_word' id='word_1_222' title='bbox 2357 1703 2501 1758; x_wconf 88' lang='lat' dir='ltr'><strong>sicut</strong></span> <span class='ocrx_word' id='word_1_223' title='bbox 2544 1702 2804 1774; x_wconf 88' lang='lat' dir='ltr'><strong>scriptum</strong></span> <span class='ocrx_word' id='word_1_224' title='bbox 2833 1713 2932 1771; x_wconf 91' lang='lat' dir='ltr'><strong>est,</strong></span> <span class='ocrx_word' id='word_1_225' title='bbox 2967 1703 3034 1772; x_wconf 80' lang='lat' dir='ltr'><strong>In</strong></span> <span class='ocrx_word' id='word_1_226' title='bbox 3064 1708 3205 1761; x_wconf 87' lang='lat' dir='ltr'><strong>omni</strong></span> <span class='ocrx_word' id='word_1_227' title='bbox 3227 1707 3339 1762; x_wconf 87' lang='lat' dir='ltr'><strong>loco</strong></span> <span class='ocrx_word' id='word_1_228' title='bbox 3368 1709 3504 1763; x_wconf 84' lang='lat' dir='ltr'><strong>oculi</strong></span> <span class='ocrx_word' id='word_1_229' title='bbox 3525 1707 3624 1766; x_wconf 79' lang='lat' dir='ltr'><strong>Dei</strong></span> <span class='ocrx_word' id='word_1_230' title='bbox 3647 1725 3767 1782; x_wconf 52' lang='lat' dir='ltr'><strong>spe.</strong></span> 
     </span>
    </p>
   </div>
   <div class='ocr_carea' id='block_1_31' title="bbox 2184 1793 3769 1869">
    <p class='ocr_par' dir='ltr' id='par_1_31' title="bbox 2184 1793 3769 1869">
     <span class='ocr_line' id='line_1_31' title="bbox 2184 1793 3769 1869; baseline 0.006 -21"><span class='ocrx_word' id='word_1_231' title='bbox 2184 1795 2422 1849; x_wconf 84' lang='lat' dir='ltr'><strong>culantur</strong></span> <span class='ocrx_word' id='word_1_232' title='bbox 2450 1793 2610 1849; x_wconf 85' lang='lat' dir='ltr'><strong>bonos</strong></span> <span class='ocrx_word' id='word_1_233' title='bbox 2651 1803 2702 1849; x_wconf 87' lang='lat' dir='ltr'><strong>et</strong></span> <span class='ocrx_word' id='word_1_234' title='bbox 2742 1796 2909 1851; x_wconf 86' lang='lat' dir='ltr'><strong>malos</strong></span> <span class='ocrx_word' id='word_1_235' title='bbox 2953 1794 3142 1862; x_wconf 79' lang='lat' dir='ltr'><strong>(Prov.</strong></span> <span class='ocrx_word' id='word_1_236' title='bbox 3179 1813 3267 1863; x_wconf 83' lang='lat' dir='ltr'><strong>xv,</strong></span> <span class='ocrx_word' id='word_1_237' title='bbox 3299 1799 3386 1869; x_wconf 72' lang='grc' dir='ltr'><strong>ὅ).</strong></span> <span class='ocrx_word' id='word_1_238' title='bbox 3431 1799 3563 1866; x_wconf 86' lang='lat' dir='ltr'><strong>Quis</strong></span> <span class='ocrx_word' id='word_1_239' title='bbox 3587 1807 3769 1859; x_wconf 77' lang='lat' dir='ltr'><strong>autem</strong></span> 
     </span>
    </p>
   </div>
   <div class='ocr_carea' id='block_1_32' title="bbox 493 1882 3764 1972">
    <p class='ocr_par' dir='ltr' id='par_1_32' title="bbox 493 1882 3764 1972">
     <span class='ocr_line' id='line_1_32' title="bbox 493 1882 3764 1972; baseline 0.009 -55"><span class='ocrx_word' id='word_1_240' title='bbox 493 1903 650 1961; x_wconf 61' lang='lat' dir='ltr'><strong>“ms</strong></span> <span class='ocrx_word' id='word_1_241' title='bbox 675 1903 873 1967; x_wconf 60' lang='lat' dir='ltr'><strong>“eum;</strong></span> <span class='ocrx_word' id='word_1_242' title='bbox 907 1901 1162 1972; x_wconf 58' lang='lat' dir='ltr'><strong>quoniam</strong></span> <span class='ocrx_word' id='word_1_243' title='bbox 1192 1892 1325 1953; x_wconf 62' lang='lat' dir='ltr'><strong>Mes</strong></span> <span class='ocrx_word' id='word_1_244' title='bbox 1361 1907 1510 1961; x_wconf 56' lang='grc' dir='ltr'><strong>ηπ,</strong></span> <span class='ocrx_word' id='word_1_245' title='bbox 1550 1909 1652 1952; x_wconf 67' lang='lat' dir='ltr'><strong>nec</strong></span> <span class='ocrx_word' id='word_1_246' title='bbox 1678 1903 1788 1950; x_wconf 62' lang='lat' dir='ltr'><strong>&quot;es</strong></span> <span class='ocrx_word' id='word_1_247' title='bbox 1817 1894 1947 1950; x_wconf 66' lang='lat' dir='ltr'><strong>deos</strong></span> <span class='ocrx_word' id='word_1_248' title='bbox 1992 1907 2078 1949; x_wconf 61' lang='lat' dir='ltr'><strong>re.</strong></span> <span class='ocrx_word' id='word_1_249' title='bbox 2105 1904 2155 1968; x_wconf 76' lang='grc' dir='ltr'><strong>Β</strong></span> <span class='ocrx_word' id='word_1_250' title='bbox 2185 1883 2395 1939; x_wconf 88' lang='lat' dir='ltr'><strong>dubitet</strong></span> <span class='ocrx_word' id='word_1_251' title='bbox 2416 1883 2489 1938; x_wconf 83' lang='lat' dir='ltr'><strong>ita</strong></span> <span class='ocrx_word' id='word_1_252' title='bbox 2516 1882 2680 1940; x_wconf 90' lang='lat' dir='ltr'><strong>Deum</strong></span> <span class='ocrx_word' id='word_1_253' title='bbox 2692 1899 2790 1953; x_wconf 88' lang='lat' dir='ltr'><strong>per</strong></span> <span class='ocrx_word' id='word_1_254' title='bbox 2811 1892 3056 1965; x_wconf 77' lang='lat' dir='ltr'><strong>naturam</strong></span> <span class='ocrx_word' id='word_1_255' title='bbox 3077 1894 3414 1949; x_wconf 84' lang='lat' dir='ltr'><strong>suamtotum</strong></span> <span class='ocrx_word' id='word_1_256' title='bbox 3435 1887 3638 1956; x_wconf 88' lang='lat' dir='ltr'><strong>videre,</strong></span> <span class='ocrx_word' id='word_1_257' title='bbox 3663 1889 3764 1946; x_wconf 85' lang='lat' dir='ltr'><strong>sie-</strong></span> 
     </span>
    </p>
   </div>
   <div class='ocr_carea' id='block_1_33' title="bbox 493 1983 2076 2070">
    <p class='ocr_par' dir='ltr' id='par_1_33' title="bbox 493 1983 2076 2070">
     <span class='ocr_line' id='line_1_33' title="bbox 493 1983 2076 2070; baseline -0.009 -15"><span class='ocrx_word' id='word_1_258' title='bbox 493 2000 657 2070; x_wconf 72' lang='lat' dir='ltr'><strong>eipil,</strong></span> <span class='ocrx_word' id='word_1_259' title='bbox 708 1995 858 2067; x_wconf 82' lang='lat' dir='ltr'><strong>quod</strong></span> <span class='ocrx_word' id='word_1_260' title='bbox 895 1994 1100 2050; x_wconf 81' lang='lat' dir='ltr'><strong>faciunt</strong></span> <span class='ocrx_word' id='word_1_261' title='bbox 1145 1991 1340 2063; x_wconf 80' lang='lat' dir='ltr'><strong>pagani</strong></span> <span class='ocrx_word' id='word_1_262' title='bbox 1384 1983 1707 2056; x_wconf 69' lang='lat' dir='ltr'><strong>multicolre,</strong></span> <span class='ocrx_word' id='word_1_263' title='bbox 1761 1988 2076 2044; x_wconf 81' lang='lat' dir='ltr'><strong>necDeum&#39;</strong></span> 
     </span>
    </p>
   </div>
   <div class='ocr_carea' id='block_1_34' title="bbox 493 2079 2077 2152">
    <p class='ocr_par' dir='ltr' id='par_1_34' title="bbox 493 2079 2077 2152">
     <span class='ocr_line' id='line_1_34' title="bbox 493 2079 2077 2152; baseline -0.008 -6"><span class='ocrx_word' id='word_1_264' title='bbox 493 2095 648 2146; x_wconf 81' lang='lat' dir='ltr'><strong>suum</strong></span> <span class='ocrx_word' id='word_1_265' title='bbox 677 2089 917 2143; x_wconf 76' lang='lat' dir='ltr'><strong>creatum</strong></span> <span class='ocrx_word' id='word_1_266' title='bbox 945 2083 1156 2147; x_wconf 75' lang='lat' dir='ltr'><strong>asserti,</strong></span> <span class='ocrx_word' id='word_1_267' title='bbox 1185 2081 1330 2152; x_wconf 79' lang='lat' dir='ltr'><strong>quod</strong></span> <span class='ocrx_word' id='word_1_268' title='bbox 1351 2081 1587 2136; x_wconf 81' lang='lat' dir='ltr'><strong>cultores</strong></span> <span class='ocrx_word' id='word_1_269' title='bbox 1607 2079 1902 2150; x_wconf 76' lang='lat' dir='ltr'><strong>pratdleant</strong></span> <span class='ocrx_word' id='word_1_270' title='bbox 1922 2088 2077 2134; x_wconf 86' lang='lat' dir='ltr'><strong>crea-</strong></span> 
     </span>
    </p>
   </div>
   <div class='ocr_carea' id='block_1_35' title="bbox 495 2185 1948 2235">
    <p class='ocr_par' dir='ltr' id='par_1_35' title="bbox 495 2185 1948 2235">
     <span class='ocr_line' id='line_1_35' title="bbox 495 2185 1948 2235; baseline -0.001 -1"><span class='ocrx_word' id='word_1_271' title='bbox 495 2185 644 2235; x_wconf 66' lang='grc' dir='ltr'><strong>ιιιῆιξ.</strong></span> <span class='ocrx_word' id='word_1_272' title='bbox 870 2209 872 2211; x_wconf 93' lang='grc'><strong><em>-</em></strong></span> <span class='ocrx_word' id='word_1_273' title='bbox 943 2211 947 2214; x_wconf 86' lang='grc'><strong>·</strong></span> <span class='ocrx_word' id='word_1_274' title='bbox 1521 2207 1523 2209; x_wconf 92' lang='grc'><strong>·</strong></span> <span class='ocrx_word' id='word_1_275' title='bbox 1942 2197 1948 2203; x_wconf 86' lang='grc'><strong>·</strong></span> 
     </span>
    </p>
   </div>
   <div class='ocr_carea' id='block_1_36' title="bbox 565 2261 2076 2343">
    <p class='ocr_par' dir='ltr' id='par_1_36' title="bbox 565 2261 2076 2343">
     <span class='ocr_line' id='line_1_36' title="bbox 565 2261 2076 2343; baseline -0.006 -18"><span class='ocrx_word' id='word_1_276' title='bbox 565 2271 798 2343; x_wconf 77' lang='lat' dir='ltr'><strong>Objectio</strong></span> <span class='ocrx_word' id='word_1_277' title='bbox 826 2267 878 2323; x_wconf 80' lang='lat'><strong>8.-</strong></span> <span class='ocrx_word' id='word_1_278' title='bbox 911 2266 1096 2323; x_wconf 77' lang='lat' dir='ltr'><strong>Scelus</strong></span> <span class='ocrx_word' id='word_1_279' title='bbox 1129 2269 1186 2322; x_wconf 84' lang='lat' dir='ltr'><strong>et</strong></span> <span class='ocrx_word' id='word_1_280' title='bbox 1225 2263 1382 2321; x_wconf 83' lang='lat' dir='ltr'><strong>valde</strong></span> <span class='ocrx_word' id='word_1_281' title='bbox 1409 2275 1528 2320; x_wconf 83' lang='lat' dir='ltr'><strong>esse</strong></span> <span class='ocrx_word' id='word_1_282' title='bbox 1569 2261 1946 2334; x_wconf 84' lang='lat' dir='ltr'><strong>blasphemum</strong></span> <span class='ocrx_word' id='word_1_283' title='bbox 1974 2262 2076 2317; x_wconf 87' lang='lat' dir='ltr'><strong>ad-</strong></span> 
     </span>
    </p>
   </div>
   <div class='ocr_carea' id='block_1_37' title="bbox 494 2356 2078 2427">
    <p class='ocr_par' dir='ltr' id='par_1_37' title="bbox 494 2356 2078 2427">
     <span class='ocr_line' id='line_1_37' title="bbox 494 2356 2078 2427; baseline -0.004 -11"><span class='ocrx_word' id='word_1_284' title='bbox 494 2364 708 2418; x_wconf 70' lang='lat' dir='ltr'><strong>vertant</strong></span> <span class='ocrx_word' id='word_1_285' title='bbox 735 2359 1007 2427; x_wconf 77' lang='lat' dir='ltr'><strong>homines,</strong></span> <span class='ocrx_word' id='word_1_286' title='bbox 1028 2357 1121 2427; x_wconf 82' lang='lat' dir='ltr'><strong>qui</strong></span> <span class='ocrx_word' id='word_1_287' title='bbox 1148 2356 1404 2412; x_wconf 85' lang='lat' dir='ltr'><strong>salutaria</strong></span> <span class='ocrx_word' id='word_1_288' title='bbox 1427 2357 1697 2426; x_wconf 70' lang='lat' dir='ltr'><strong>prie-cepta</strong></span> <span class='ocrx_word' id='word_1_289' title='bbox 1716 2357 1939 2426; x_wconf 81' lang='lat' dir='ltr'><strong>cupiunt</strong></span> <span class='ocrx_word' id='word_1_290' title='bbox 1959 2364 2078 2410; x_wconf 81' lang='lat' dir='ltr'><strong>see-</strong></span> 
     </span>
    </p>
   </div>
   <div class='ocr_carea' id='block_1_38' title="bbox 495 2445 2078 2518">
    <p class='ocr_par' dir='ltr' id='par_1_38' title="bbox 495 2445 2078 2518">
     <span class='ocr_line' id='line_1_38' title="bbox 495 2445 2078 2518; baseline -0.004 -11"><span class='ocrx_word' id='word_1_291' title='bbox 495 2451 596 2508; x_wconf 79' lang='lat' dir='ltr'><strong>ta&#39;ri</strong></span> <span class='ocrx_word' id='word_1_292' title='bbox 623 2453 636 2506; x_wconf 78' lang='grc' dir='ltr'><strong>ἑ</strong></span> <span class='ocrx_word' id='word_1_293' title='bbox 665 2455 790 2506; x_wconf 76' lang='lat' dir='ltr'><strong>nam</strong></span> <span class='ocrx_word' id='word_1_294' title='bbox 818 2447 1024 2503; x_wconf 78' lang='lat' dir='ltr'><strong>lalsltas</strong></span> <span class='ocrx_word' id='word_1_295' title='bbox 1051 2445 1403 2518; x_wconf 86' lang='lat' dir='ltr'><strong>prolessienis</strong></span> <span class='ocrx_word' id='word_1_296' title='bbox 1424 2457 1697 2515; x_wconf 87' lang='lat' dir='ltr'><strong>nunquam</strong></span> <span class='ocrx_word' id='word_1_297' title='bbox 1718 2445 1978 2516; x_wconf 80' lang='lat' dir='ltr'><strong>prodesse</strong></span> <span class='ocrx_word' id='word_1_298' title='bbox 1997 2446 2078 2500; x_wconf 83' lang='lat' dir='ltr'><strong>eis</strong></span> 
     </span>
    </p>
   </div>
   <div class='ocr_carea' id='block_1_39' title="bbox 495 2534 2081 2615">
    <p class='ocr_par' dir='ltr' id='par_1_39' title="bbox 495 2534 2081 2615">
     <span class='ocr_line' id='line_1_39' title="bbox 495 2534 2081 2615; baseline -0.007 -17"><span class='ocrx_word' id='word_1_299' title='bbox 495 2542 709 2615; x_wconf 78' lang='lat' dir='ltr'><strong>poterit,</strong></span> <span class='ocrx_word' id='word_1_300' title='bbox 736 2539 827 2610; x_wconf 90' lang='lat' dir='ltr'><strong>qui</strong></span> <span class='ocrx_word' id='word_1_301' title='bbox 856 2543 1102 2609; x_wconf 58' lang='lat' dir='ltr'><strong>quarunt</strong></span> <span class='ocrx_word' id='word_1_302' title='bbox 1125 2543 1150 2575; x_wconf 71' lang='grc' dir='ltr'>α</span> <span class='ocrx_word' id='word_1_303' title='bbox 1181 2535 1486 2605; x_wconf 80' lang='lat' dir='ltr'><strong>injurlando</strong></span> <span class='ocrx_word' id='word_1_304' title='bbox 1515 2535 1682 2590; x_wconf 86' lang='lat' dir='ltr'><strong>Deum</strong></span> <span class='ocrx_word' id='word_1_305' title='bbox 1710 2547 1810 2606; x_wconf 88' lang='lat' dir='ltr'><strong>per</strong></span> <span class='ocrx_word' id='word_1_306' title='bbox 1833 2534 2081 2606; x_wconf 59' lang='lat' dir='ltr'><strong>blasphes</strong></span> 
     </span>
    </p>
   </div>
   <div class='ocr_carea' id='block_1_40' title="bbox 494 2625 2082 2701">
    <p class='ocr_par' dir='ltr' id='par_1_40' title="bbox 494 2625 2082 2701">
     <span class='ocr_line' id='line_1_40' title="bbox 494 2625 2082 2701; baseline -0.008 -10"><span class='ocrx_word' id='word_1_307' title='bbox 494 2636 653 2692; x_wconf 83' lang='lat' dir='ltr'><strong>miam</strong></span> <span class='ocrx_word' id='word_1_308' title='bbox 679 2631 859 2688; x_wconf 83' lang='lat' dir='ltr'><strong>colere</strong></span> <span class='ocrx_word' id='word_1_309' title='bbox 884 2630 972 2685; x_wconf 57' lang='lat' dir='ltr'><strong>vel</strong></span> <span class='ocrx_word' id='word_1_310' title='bbox 1000 2627 1266 2684; x_wconf 84' lang='lat' dir='ltr'><strong>venerari.</strong></span> <span class='ocrx_word' id='word_1_311' title='bbox 1314 2626 1371 2682; x_wconf 81' lang='lat' dir='ltr'><strong>Si</strong></span> <span class='ocrx_word' id='word_1_312' title='bbox 1398 2626 1467 2680; x_wconf 89' lang='lat' dir='ltr'><strong>ab</strong></span> <span class='ocrx_word' id='word_1_313' title='bbox 1495 2625 1804 2701; x_wconf 84' lang='lat' dir='ltr'><strong>hominibus</strong></span> <span class='ocrx_word' id='word_1_314' title='bbox 1855 2637 1964 2680; x_wconf 88' lang='lat' dir='ltr'><strong>non</strong></span> <span class='ocrx_word' id='word_1_315' title='bbox 1993 2633 2082 2679; x_wconf 69' lang='lat' dir='ltr'><strong>tea</strong></span> 
     </span>
    </p>
   </div>
   <div class='ocr_carea' id='block_1_41' title="bbox 495 2714 2078 2791">
    <p class='ocr_par' dir='ltr' id='par_1_41' title="bbox 495 2714 2078 2791">
     <span class='ocr_line' id='line_1_41' title="bbox 495 2714 2078 2791; baseline -0.009 -10"><span class='ocrx_word' id='word_1_316' title='bbox 495 2724 695 2781; x_wconf 85' lang='lat' dir='ltr'><strong>leratur</strong></span> <span class='ocrx_word' id='word_1_317' title='bbox 721 2720 936 2791; x_wconf 84' lang='lat' dir='ltr'><strong>injuria,</strong></span> <span class='ocrx_word' id='word_1_318' title='bbox 967 2719 1034 2772; x_wconf 89' lang='lat' dir='ltr'><strong>ab</strong></span> <span class='ocrx_word' id='word_1_319' title='bbox 1061 2718 1181 2788; x_wconf 88' lang='lat' dir='ltr'><strong>ipso</strong></span> <span class='ocrx_word' id='word_1_320' title='bbox 1206 2714 1436 2772; x_wconf 88' lang='lat' dir='ltr'><strong>Domino</strong></span> <span class='ocrx_word' id='word_1_321' title='bbox 1463 2721 1683 2772; x_wconf 78' lang='lat' dir='ltr'><strong>auctore</strong></span> <span class='ocrx_word' id='word_1_322' title='bbox 1713 2714 1948 2787; x_wconf 65' lang='lat' dir='ltr'><strong>Qualiter</strong></span> <span class='ocrx_word' id='word_1_323' title='bbox 1973 2721 2078 2784; x_wconf 62' lang='lat' dir='ltr'><strong>po:</strong></span> 
     </span>
    </p>
   </div>
   <div class='ocr_carea' id='block_1_42' title="bbox 495 2807 2082 2873">
    <p class='ocr_par' dir='ltr' id='par_1_42' title="bbox 495 2807 2082 2873">
     <span class='ocr_line' id='line_1_42' title="bbox 495 2807 2082 2873; baseline -0.007 -1"><span class='ocrx_word' id='word_1_324' title='bbox 495 2816 618 2872; x_wconf 82' lang='lat' dir='ltr'><strong>terit</strong></span> <span class='ocrx_word' id='word_1_325' title='bbox 648 2812 902 2870; x_wconf 73' lang='lat' dir='ltr'><strong>tolerant</strong></span> <span class='ocrx_word' id='word_1_326' title='bbox 924 2809 1168 2865; x_wconf 86' lang='lat' dir='ltr'><strong>Ostendit</strong></span> <span class='ocrx_word' id='word_1_327' title='bbox 1188 2809 1334 2864; x_wconf 88' lang='lat' dir='ltr'><strong>enim</strong></span> <span class='ocrx_word' id='word_1_328' title='bbox 1360 2809 1503 2873; x_wconf 78' lang='lat' dir='ltr'><strong>circa</strong></span> <span class='ocrx_word' id='word_1_329' title='bbox 1529 2808 1768 2864; x_wconf 87' lang='lat' dir='ltr'><strong>inlldeles</strong></span> <span class='ocrx_word' id='word_1_330' title='bbox 1795 2819 1949 2863; x_wconf 82' lang='lat' dir='ltr'><strong>suam</strong></span> <span class='ocrx_word' id='word_1_331' title='bbox 1975 2807 2082 2862; x_wconf 54' lang='lat' dir='ltr'><strong>obit</strong></span> 
     </span>
    </p>
   </div>
   <div class='ocr_carea' id='block_1_43' title="bbox 495 2901 2077 2981">
    <p class='ocr_par' dir='ltr' id='par_1_43' title="bbox 495 2901 2077 2981">
     <span class='ocr_line' id='line_1_43' title="bbox 495 2901 2077 2981; baseline -0.007 -17"><span class='ocrx_word' id='word_1_332' title='bbox 495 2903 1110 2981; x_wconf 84' lang='lat' dir='ltr'><strong>jurg&#39;atlonem,dicendo</strong></span> <span class='ocrx_word' id='word_1_333' title='bbox 1135 2920 1148 2956; x_wconf 90' lang='lat'><strong>:</strong></span> <span class='ocrx_word' id='word_1_334' title='bbox 1173 2902 1405 2972; x_wconf 77' lang='lat' dir='ltr'><strong>Populus</strong></span> <span class='ocrx_word' id='word_1_335' title='bbox 1433 2903 1516 2957; x_wconf 82' lang='lat' dir='ltr'><strong>hic</strong></span> <span class='ocrx_word' id='word_1_336' title='bbox 1545 2901 1699 2956; x_wconf 83' lang='lat' dir='ltr'><strong>labiis</strong></span> <span class='ocrx_word' id='word_1_337' title='bbox 1724 2903 1824 2966; x_wconf 78' lang='lat' dir='ltr'><strong>mel</strong></span> <span class='ocrx_word' id='word_1_338' title='bbox 1835 2901 2077 2966; x_wconf 78' lang='lat' dir='ltr'><strong>honorat,</strong></span> 
     </span>
    </p>
   </div>
   <div class='ocr_carea' id='block_1_44' title="bbox 495 2989 1935 3067">
    <p class='ocr_par' dir='ltr' id='par_1_44' title="bbox 495 2989 1935 3067">
     <span class='ocr_line' id='line_1_44' title="bbox 495 2989 1935 3067; baseline -0.007 -13"><span class='ocrx_word' id='word_1_339' title='bbox 495 3005 584 3056; x_wconf 71' lang='lat' dir='ltr'><strong>eor</strong></span> <span class='ocrx_word' id='word_1_340' title='bbox 604 3008 774 3052; x_wconf 78' lang='lat' dir='ltr'><strong>autem</strong></span> <span class='ocrx_word' id='word_1_341' title='bbox 801 3005 975 3051; x_wconf 82' lang='lat' dir='ltr'><strong>eorum</strong></span> <span class='ocrx_word' id='word_1_342' title='bbox 1009 2996 1159 3067; x_wconf 84' lang='lat' dir='ltr'><strong>longe</strong></span> <span class='ocrx_word' id='word_1_343' title='bbox 1179 2999 1255 3048; x_wconf 77' lang='lat' dir='ltr'><strong>est</strong></span> <span class='ocrx_word' id='word_1_344' title='bbox 1280 3007 1312 3048; x_wconf 78' lang='grc' dir='ltr'><strong>α</strong></span> <span class='ocrx_word' id='word_1_345' title='bbox 1339 3006 1421 3048; x_wconf 75' lang='lat' dir='ltr'><strong>nte</strong></span> <span class='ocrx_word' id='word_1_346' title='bbox 1449 2991 1604 3064; x_wconf 76' lang='lat' dir='ltr'><strong>(irai.</strong></span> <span class='ocrx_word' id='word_1_347' title='bbox 1637 2989 1935 3061; x_wconf 57' lang='lat' dir='ltr'><strong>xxtxjili).</strong></span> 
     </span>
    </p>
   </div>
   <div class='ocr_carea' id='block_1_45' title="bbox 566 3079 2079 3160">
    <p class='ocr_par' dir='ltr' id='par_1_45' title="bbox 566 3079 2079 3160">
     <span class='ocr_line' id='line_1_45' title="bbox 566 3079 2079 3160; baseline -0.005 -16"><span class='ocrx_word' id='word_1_348' title='bbox 566 3087 870 3160; x_wconf 83' lang='lat' dir='ltr'><strong>Responsio.</strong></span> <span class='ocrx_word' id='word_1_349' title='bbox 905 3086 1214 3158; x_wconf 72' lang='lat' dir='ltr'><strong>Apostriliba</strong></span> <span class='ocrx_word' id='word_1_350' title='bbox 1244 3083 1376 3140; x_wconf 86' lang='lat' dir='ltr'><strong>lldes</strong></span> <span class='ocrx_word' id='word_1_351' title='bbox 1397 3079 1566 3140; x_wconf 86' lang='lat' dir='ltr'><strong>Deum</strong></span> <span class='ocrx_word' id='word_1_352' title='bbox 1588 3097 1696 3138; x_wconf 88' lang='lat' dir='ltr'><strong>non</strong></span> <span class='ocrx_word' id='word_1_353' title='bbox 1721 3081 1961 3150; x_wconf 84' lang='lat' dir='ltr'><strong>injuriat,</strong></span> <span class='ocrx_word' id='word_1_354' title='bbox 1983 3081 2079 3138; x_wconf 89' lang='lat' dir='ltr'><strong>sed</strong></span> 
     </span>
    </p>
   </div>
   <div class='ocr_carea' id='block_1_46' title="bbox 496 3172 2080 3248">
    <p class='ocr_par' dir='ltr' id='par_1_46' title="bbox 496 3172 2080 3248">
     <span class='ocr_line' id='line_1_46' title="bbox 496 3172 2080 3248; baseline -0.006 -12"><span class='ocrx_word' id='word_1_355' title='bbox 496 3183 747 3245; x_wconf 80' lang='lat' dir='ltr'><strong>honorat,</strong></span> <span class='ocrx_word' id='word_1_356' title='bbox 779 3193 898 3248; x_wconf 68' lang='lat' dir='ltr'><strong>qua:</strong></span> <span class='ocrx_word' id='word_1_357' title='bbox 920 3177 1153 3234; x_wconf 88' lang='lat' dir='ltr'><strong>divinam</strong></span> <span class='ocrx_word' id='word_1_358' title='bbox 1181 3174 1535 3242; x_wconf 78' lang='lat' dir='ltr'><strong>substantiam</strong></span> <span class='ocrx_word' id='word_1_359' title='bbox 1562 3187 1665 3228; x_wconf 89' lang='lat' dir='ltr'><strong>nec</strong></span> <span class='ocrx_word' id='word_1_360' title='bbox 1690 3172 1947 3227; x_wconf 89' lang='lat' dir='ltr'><strong>minorari</strong></span> <span class='ocrx_word' id='word_1_361' title='bbox 1975 3173 2080 3242; x_wconf 54' lang='lat' dir='ltr'><strong>pob</strong></span> 
     </span>
    </p>
   </div>
   <div class='ocr_carea' id='block_1_47' title="bbox 2183 1954 3771 2046">
    <p class='ocr_par' dir='ltr' id='par_1_47' title="bbox 2183 1954 3771 2046">
     <span class='ocr_line' id='line_1_47' title="bbox 2183 1954 3771 2046; baseline 0.005 -16"><span class='ocrx_word' id='word_1_362' title='bbox 2183 1983 2242 2030; x_wconf 90' lang='lat' dir='ltr'><strong>ut</strong></span> <span class='ocrx_word' id='word_1_363' title='bbox 2273 1990 2398 2031; x_wconf 88' lang='lat' dir='ltr'><strong>eum</strong></span> <span class='ocrx_word' id='word_1_364' title='bbox 2447 1991 2544 2046; x_wconf 87' lang='lat' dir='ltr'><strong>per</strong></span> <span class='ocrx_word' id='word_1_365' title='bbox 2570 1984 2776 2030; x_wconf 66' lang='lat' dir='ltr'><strong>natura:</strong></span> <span class='ocrx_word' id='word_1_366' title='bbox 2821 1954 3140 2033; x_wconf 77' lang='lat' dir='ltr'><strong>infinitatem</strong></span> <span class='ocrx_word' id='word_1_367' title='bbox 3170 1979 3346 2034; x_wconf 84' lang='lat' dir='ltr'><strong>omnia</strong></span> <span class='ocrx_word' id='word_1_368' title='bbox 3390 1954 3633 2036; x_wconf 80' lang='lat' dir='ltr'><strong>fatemur</strong></span> <span class='ocrx_word' id='word_1_369' title='bbox 3664 1983 3771 2038; x_wconf 66' lang='lat' dir='ltr'><strong>im-o</strong></span> 
     </span>
    </p>
   </div>
   <div class='ocr_carea' id='block_1_48' title="bbox 2180 2066 3770 2140">
    <p class='ocr_par' dir='ltr' id='par_1_48' title="bbox 2180 2066 3770 2140">
     <span class='ocr_line' id='line_1_48' title="bbox 2180 2066 3770 2140; baseline 0.006 -18"><span class='ocrx_word' id='word_1_370' title='bbox 2180 2068 2330 2138; x_wconf 89' lang='lat' dir='ltr'><strong>plere</strong></span> <span class='ocrx_word' id='word_1_371' title='bbox 2351 2069 2374 2122; x_wconf 67' lang='grc' dir='ltr'><strong>ν</strong></span> <span class='ocrx_word' id='word_1_372' title='bbox 2395 2066 2502 2122; x_wconf 87' lang='lat' dir='ltr'><strong>Sed</strong></span> <span class='ocrx_word' id='word_1_373' title='bbox 2527 2074 2582 2122; x_wconf 90' lang='lat' dir='ltr'><strong>et</strong></span> <span class='ocrx_word' id='word_1_374' title='bbox 2603 2067 2813 2124; x_wconf 89' lang='lat' dir='ltr'><strong>diversa</strong></span> <span class='ocrx_word' id='word_1_375' title='bbox 2837 2069 3200 2140; x_wconf 84' lang='lat' dir='ltr'><strong>corporalium</strong></span> <span class='ocrx_word' id='word_1_376' title='bbox 3221 2071 3580 2127; x_wconf 88' lang='lat' dir='ltr'><strong>membrorum</strong></span> <span class='ocrx_word' id='word_1_377' title='bbox 3602 2089 3770 2130; x_wconf 83' lang='lat' dir='ltr'><strong>voca-</strong></span> 
     </span>
    </p>
   </div>
   <div class='ocr_carea' id='block_1_49' title="bbox 2180 2159 3770 2235">
    <p class='ocr_par' dir='ltr' id='par_1_49' title="bbox 2180 2159 3770 2235">
     <span class='ocr_line' id='line_1_49' title="bbox 2180 2159 3770 2235; baseline 0.005 -22"><span class='ocrx_word' id='word_1_378' title='bbox 2180 2159 2308 2214; x_wconf 85' lang='lat' dir='ltr'><strong>bula</strong></span> <span class='ocrx_word' id='word_1_379' title='bbox 2359 2161 2431 2215; x_wconf 89' lang='lat' dir='ltr'><strong>ob</strong></span> <span class='ocrx_word' id='word_1_380' title='bbox 2459 2161 2565 2216; x_wconf 87' lang='lat' dir='ltr'><strong>hoc</strong></span> <span class='ocrx_word' id='word_1_381' title='bbox 2594 2161 2648 2214; x_wconf 70' lang='grc' dir='ltr'><strong>ἢ]</strong></span> <span class='ocrx_word' id='word_1_382' title='bbox 2670 2160 2780 2217; x_wconf 90' lang='lat' dir='ltr'><strong>Deo</strong></span> <span class='ocrx_word' id='word_1_383' title='bbox 2802 2160 3104 2217; x_wconf 80' lang='lat' dir='ltr'><strong>invenimus</strong></span> <span class='ocrx_word' id='word_1_384' title='bbox 3127 2163 3208 2234; x_wconf 93' lang='lat' dir='ltr'><strong>(ut</strong></span> <span class='ocrx_word' id='word_1_385' title='bbox 3233 2161 3432 2221; x_wconf 89' lang='lat' dir='ltr'><strong>dictum</strong></span> <span class='ocrx_word' id='word_1_386' title='bbox 3463 2164 3564 2235; x_wconf 85' lang='lat' dir='ltr'><strong>est)</strong></span> <span class='ocrx_word' id='word_1_387' title='bbox 3591 2166 3770 2221; x_wconf 73' lang='lat' dir='ltr'><strong>nomi~</strong></span> 
     </span>
    </p>
   </div>
   <div class='ocr_carea' id='block_1_50' title="bbox 2181 2255 3765 2331">
    <p class='ocr_par' dir='ltr' id='par_1_50' title="bbox 2181 2255 3765 2331">
     <span class='ocr_line' id='line_1_50' title="bbox 2181 2255 3765 2331; baseline 0.003 -21"><span class='ocrx_word' id='word_1_388' title='bbox 2181 2257 2318 2320; x_wconf 78' lang='lat' dir='ltr'><strong>nari.</strong></span> <span class='ocrx_word' id='word_1_389' title='bbox 2345 2264 2403 2311; x_wconf 89' lang='lat' dir='ltr'><strong>ut</strong></span> <span class='ocrx_word' id='word_1_390' title='bbox 2427 2271 2524 2326; x_wconf 90' lang='lat' dir='ltr'><strong>per</strong></span> <span class='ocrx_word' id='word_1_391' title='bbox 2549 2257 2739 2312; x_wconf 87' lang='lat' dir='ltr'><strong>harum</strong></span> <span class='ocrx_word' id='word_1_392' title='bbox 2781 2268 2959 2314; x_wconf 88' lang='lat' dir='ltr'><strong>rerum</strong></span> <span class='ocrx_word' id='word_1_393' title='bbox 2988 2255 3642 2316; x_wconf 71' lang='lat' dir='ltr'><strong>eﬂicientiassubstantiae</strong></span> <span class='ocrx_word' id='word_1_394' title='bbox 3682 2260 3765 2331; x_wconf 91' lang='lat' dir='ltr'><strong>ip-</strong></span> 
     </span>
    </p>
   </div>
   <div class='ocr_carea' id='block_1_51' title="bbox 2181 2348 3758 2423">
    <p class='ocr_par' dir='ltr' id='par_1_51' title="bbox 2181 2348 3758 2423">
     <span class='ocr_line' id='line_1_51' title="bbox 2181 2348 3758 2423; baseline 0.004 -19"><span class='ocrx_word' id='word_1_395' title='bbox 2181 2350 2291 2406; x_wconf 87' lang='lat' dir='ltr'><strong>sius</strong></span> <span class='ocrx_word' id='word_1_396' title='bbox 2320 2348 2674 2418; x_wconf 89' lang='lat' dir='ltr'><strong>incorporalis</strong></span> <span class='ocrx_word' id='word_1_397' title='bbox 2701 2350 3000 2420; x_wconf 89' lang='lat' dir='ltr'><strong>proprietas</strong></span> <span class='ocrx_word' id='word_1_398' title='bbox 3019 2351 3188 2420; x_wconf 88' lang='lat' dir='ltr'><strong>possit</strong></span> <span class='ocrx_word' id='word_1_399' title='bbox 3226 2351 3470 2420; x_wconf 74' lang='lat' dir='ltr'><strong>intelligi.</strong></span> <span class='ocrx_word' id='word_1_400' title='bbox 3499 2351 3590 2408; x_wconf 92' lang='lat' dir='ltr'><strong>Sic</strong></span> <span class='ocrx_word' id='word_1_401' title='bbox 3627 2366 3758 2423; x_wconf 85' lang='lat' dir='ltr'><strong>ergo</strong></span> 
     </span>
    </p>
   </div>
   <div class='ocr_carea' id='block_1_52' title="bbox 2183 2440 3768 2513">
    <p class='ocr_par' dir='ltr' id='par_1_52' title="bbox 2183 2440 3768 2513">
     <span class='ocr_line' id='line_1_52' title="bbox 2183 2440 3768 2513; baseline 0.003 -17"><span class='ocrx_word' id='word_1_402' title='bbox 2183 2447 2238 2496; x_wconf 86' lang='lat' dir='ltr'><strong>et</strong></span> <span class='ocrx_word' id='word_1_403' title='bbox 2267 2440 2356 2495; x_wconf 88' lang='lat' dir='ltr'><strong>hic</strong></span> <span class='ocrx_word' id='word_1_404' title='bbox 2383 2455 2442 2494; x_wconf 91' lang='lat' dir='ltr'><strong>se</strong></span> <span class='ocrx_word' id='word_1_405' title='bbox 2465 2440 2600 2496; x_wconf 78' lang='lat' dir='ltr'><strong>diitit</strong></span> <span class='ocrx_word' id='word_1_406' title='bbox 2625 2456 2691 2493; x_wconf 79' lang='lat' dir='ltr'><strong>ea:</strong></span> <span class='ocrx_word' id='word_1_407' title='bbox 2720 2447 2865 2495; x_wconf 89' lang='lat' dir='ltr'><strong>utero</strong></span> <span class='ocrx_word' id='word_1_408' title='bbox 2887 2440 3078 2496; x_wconf 88' lang='lat' dir='ltr'><strong>Filium</strong></span> <span class='ocrx_word' id='word_1_409' title='bbox 3105 2443 3378 2511; x_wconf 76' lang='lat' dir='ltr'><strong>genuisse,</strong></span> <span class='ocrx_word' id='word_1_410' title='bbox 3408 2450 3469 2498; x_wconf 90' lang='lat' dir='ltr'><strong>ut</strong></span> <span class='ocrx_word' id='word_1_411' title='bbox 3493 2458 3651 2513; x_wconf 90' lang='lat' dir='ltr'><strong>quem</strong></span> <span class='ocrx_word' id='word_1_412' title='bbox 3679 2459 3768 2500; x_wconf 84' lang='lat' dir='ltr'><strong>au-</strong></span> 
     </span>
    </p>
   </div>
   <div class='ocr_carea' id='block_1_53' title="bbox 2183 2532 3766 2600">
    <p class='ocr_par' dir='ltr' id='par_1_53' title="bbox 2183 2532 3766 2600">
     <span class='ocr_line' id='line_1_53' title="bbox 2183 2532 3766 2600; baseline 0.005 -14"><span class='ocrx_word' id='word_1_413' title='bbox 2183 2532 2356 2586; x_wconf 88' lang='lat' dir='ltr'><strong>dimus</strong></span> <span class='ocrx_word' id='word_1_414' title='bbox 2387 2548 2454 2586; x_wconf 81' lang='lat' dir='ltr'><strong>ex</strong></span> <span class='ocrx_word' id='word_1_415' title='bbox 2482 2538 2638 2587; x_wconf 89' lang='lat' dir='ltr'><strong>utero</strong></span> <span class='ocrx_word' id='word_1_416' title='bbox 2665 2533 2924 2600; x_wconf 87' lang='lat' dir='ltr'><strong>genitum,</strong></span> <span class='ocrx_word' id='word_1_417' title='bbox 2959 2547 2989 2587; x_wconf 88' lang='lat' dir='ltr'><strong>a</strong></span> <span class='ocrx_word' id='word_1_418' title='bbox 3019 2541 3209 2593; x_wconf 89' lang='lat' dir='ltr'><strong>natura</strong></span> <span class='ocrx_word' id='word_1_419' title='bbox 3256 2533 3432 2591; x_wconf 89' lang='lat' dir='ltr'><strong>Patris</strong></span> <span class='ocrx_word' id='word_1_420' title='bbox 3459 2536 3635 2592; x_wconf 90' lang='lat' dir='ltr'><strong>nullus</strong></span> <span class='ocrx_word' id='word_1_421' title='bbox 3661 2553 3766 2594; x_wconf 76' lang='lat' dir='ltr'><strong>tes-</strong></span> 
     </span>
    </p>
   </div>
   <div class='ocr_carea' id='block_1_54' title="bbox 2182 2624 3766 2700">
    <p class='ocr_par' dir='ltr' id='par_1_54' title="bbox 2182 2624 3766 2700">
     <span class='ocr_line' id='line_1_54' title="bbox 2182 2624 3766 2700; baseline 0.006 -22"><span class='ocrx_word' id='word_1_422' title='bbox 2182 2624 2337 2679; x_wconf 88' lang='lat' dir='ltr'><strong>timet</strong></span> <span class='ocrx_word' id='word_1_423' title='bbox 2364 2625 2618 2679; x_wconf 86' lang='lat' dir='ltr'><strong>alienum.</strong></span> <span class='ocrx_word' id='word_1_424' title='bbox 2651 2625 2806 2692; x_wconf 83' lang='lat' dir='ltr'><strong>Quod</strong></span> <span class='ocrx_word' id='word_1_425' title='bbox 2834 2634 3016 2681; x_wconf 89' lang='lat' dir='ltr'><strong>autem</strong></span> <span class='ocrx_word' id='word_1_426' title='bbox 3044 2636 3163 2682; x_wconf 88' lang='lat' dir='ltr'><strong>ante</strong></span> <span class='ocrx_word' id='word_1_427' title='bbox 3192 2628 3462 2700; x_wconf 76' lang='lat' dir='ltr'><strong>luciferum</strong></span> <span class='ocrx_word' id='word_1_428' title='bbox 3491 2630 3645 2698; x_wconf 84' lang='lat' dir='ltr'><strong>dixit,</strong></span> <span class='ocrx_word' id='word_1_429' title='bbox 3675 2647 3766 2687; x_wconf 91' lang='lat' dir='ltr'><strong>os-</strong></span> 
     </span>
    </p>
   </div>
   <div class='ocr_carea' id='block_1_55' title="bbox 2183 2715 3768 2796">
    <p class='ocr_par' dir='ltr' id='par_1_55' title="bbox 2183 2715 3768 2796">
     <span class='ocr_line' id='line_1_55' title="bbox 2183 2715 3768 2796; baseline 0.006 -24"><span class='ocrx_word' id='word_1_430' title='bbox 2183 2717 2355 2772; x_wconf 87' lang='lat' dir='ltr'><strong>tendit</strong></span> <span class='ocrx_word' id='word_1_431' title='bbox 2409 2715 2525 2772; x_wconf 87' lang='lat' dir='ltr'><strong>Filii</strong></span> <span class='ocrx_word' id='word_1_432' title='bbox 2581 2718 2917 2773; x_wconf 84' lang='lat' dir='ltr'><strong>nativitatem</strong></span> <span class='ocrx_word' id='word_1_433' title='bbox 2966 2728 3278 2790; x_wconf 88' lang='lat' dir='ltr'><strong>perpetuam</strong></span> <span class='ocrx_word' id='word_1_434' title='bbox 3308 2721 3460 2777; x_wconf 90' lang='lat' dir='ltr'><strong>initio</strong></span> <span class='ocrx_word' id='word_1_435' title='bbox 3485 2719 3768 2796; x_wconf 80' lang='lat' dir='ltr'><strong>temporali</strong></span> 
     </span>
    </p>
   </div>
   <div class='ocr_carea' id='block_1_56' title="bbox 2184 2799 3766 2886">
    <p class='ocr_par' dir='ltr' id='par_1_56' title="bbox 2184 2799 3766 2886">
     <span class='ocr_line' id='line_1_56' title="bbox 2184 2799 3766 2886; baseline 0.004 -20"><span class='ocrx_word' id='word_1_436' title='bbox 2184 2827 2292 2866; x_wconf 91' lang='lat' dir='ltr'><strong>non</strong></span> <span class='ocrx_word' id='word_1_437' title='bbox 2323 2826 2440 2886; x_wconf 84' lang='lat' dir='ltr'><strong>esse</strong></span> <span class='ocrx_word' id='word_1_438' title='bbox 2469 2801 2764 2880; x_wconf 81' lang='lat' dir='ltr'><strong>subjectum</strong></span> <span class='ocrx_word' id='word_1_439' title='bbox 2800 2830 2812 2864; x_wconf 89' lang='lat'>:</span> <span class='ocrx_word' id='word_1_440' title='bbox 2845 2809 3059 2867; x_wconf 80' lang='lat' dir='ltr'><strong>Lucifer</strong></span> <span class='ocrx_word' id='word_1_441' title='bbox 3079 2814 3220 2868; x_wconf 91' lang='lat' dir='ltr'><strong>enim</strong></span> <span class='ocrx_word' id='word_1_442' title='bbox 3246 2811 3416 2869; x_wconf 70' lang='lat' dir='ltr'><strong>stellae</strong></span> <span class='ocrx_word' id='word_1_443' title='bbox 3443 2799 3766 2872; x_wconf 82' lang='lat' dir='ltr'><strong>vocabulum</strong></span> 
     </span>
    </p>
   </div>
   <div class='ocr_carea' id='block_1_57' title="bbox 2183 2896 3768 2968">
    <p class='ocr_par' dir='ltr' id='par_1_57' title="bbox 2183 2896 3768 2968">
     <span class='ocr_line' id='line_1_57' title="bbox 2183 2896 3768 2968; baseline 0.004 -12"><span class='ocrx_word' id='word_1_444' title='bbox 2183 2899 2286 2968; x_wconf 84' lang='lat' dir='ltr'><strong>est,</strong></span> <span class='ocrx_word' id='word_1_445' title='bbox 2312 2901 2366 2955; x_wconf 89' lang='lat' dir='ltr'><strong>el</strong></span> <span class='ocrx_word' id='word_1_446' title='bbox 2389 2896 2440 2955; x_wconf 87' lang='lat' dir='ltr'><strong>in</strong></span> <span class='ocrx_word' id='word_1_447' title='bbox 2462 2901 2614 2956; x_wconf 88' lang='lat' dir='ltr'><strong>initio</strong></span> <span class='ocrx_word' id='word_1_448' title='bbox 2643 2899 2848 2964; x_wconf 87' lang='lat' dir='ltr'><strong>mundi,</strong></span> <span class='ocrx_word' id='word_1_449' title='bbox 2882 2907 3003 2957; x_wconf 77' lang='lat' dir='ltr'><strong>eum</strong></span> <span class='ocrx_word' id='word_1_450' title='bbox 3035 2899 3176 2958; x_wconf 80' lang='lat' dir='ltr'><strong>Dens</strong></span> <span class='ocrx_word' id='word_1_451' title='bbox 3204 2899 3486 2958; x_wconf 85' lang='lat' dir='ltr'><strong>luminaria</strong></span> <span class='ocrx_word' id='word_1_452' title='bbox 3509 2911 3565 2960; x_wconf 89' lang='lat' dir='ltr'><strong>et</strong></span> <span class='ocrx_word' id='word_1_453' title='bbox 3590 2905 3768 2963; x_wconf 82' lang='lat' dir='ltr'><strong>sidera</strong></span> 
     </span>
    </p>
   </div>
   <div class='ocr_carea' id='block_1_58' title="bbox 2183 2985 3771 3064">
    <p class='ocr_par' dir='ltr' id='par_1_58' title="bbox 2183 2985 3771 3064">
     <span class='ocr_line' id='line_1_58' title="bbox 2183 2985 3771 3064; baseline 0.003 -17"><span class='ocrx_word' id='word_1_454' title='bbox 2183 2991 2529 3056; x_wconf 77' lang='lat' dir='ltr'><strong>candidissel,</strong></span> <span class='ocrx_word' id='word_1_455' title='bbox 2556 2992 2717 3059; x_wconf 89' lang='lat' dir='ltr'><strong>jussit</strong></span> <span class='ocrx_word' id='word_1_456' title='bbox 2759 3005 2822 3046; x_wconf 89' lang='lat' dir='ltr'><strong>ea</strong></span> <span class='ocrx_word' id='word_1_457' title='bbox 2847 2993 2966 3047; x_wconf 74' lang='lat' dir='ltr'><strong>esse</strong></span> <span class='ocrx_word' id='word_1_458' title='bbox 2989 2993 3044 3046; x_wconf 84' lang='lat' dir='ltr'><strong>in</strong></span> <span class='ocrx_word' id='word_1_459' title='bbox 3069 2985 3210 3061; x_wconf 82' lang='lat' dir='ltr'><strong>dies,</strong></span> <span class='ocrx_word' id='word_1_460' title='bbox 3246 2994 3296 3048; x_wconf 88' lang='lat' dir='ltr'><strong>ei</strong></span> <span class='ocrx_word' id='word_1_461' title='bbox 3320 3007 3546 3064; x_wconf 73' lang='lat' dir='ltr'><strong>Menses,</strong></span> <span class='ocrx_word' id='word_1_462' title='bbox 3569 3006 3618 3052; x_wconf 87' lang='lat' dir='ltr'><strong>et</strong></span> <span class='ocrx_word' id='word_1_463' title='bbox 3641 3005 3771 3052; x_wconf 76' lang='lat' dir='ltr'><strong>teni-</strong></span> 
     </span>
    </p>
   </div>
   <div class='ocr_carea' id='block_1_59' title="bbox 2181 3079 3772 3152">
    <p class='ocr_par' dir='ltr' id='par_1_59' title="bbox 2181 3079 3772 3152">
     <span class='ocr_line' id='line_1_59' title="bbox 2181 3079 3772 3152; baseline 0.005 -16"><span class='ocrx_word' id='word_1_464' title='bbox 2181 3089 2331 3152; x_wconf 79' lang='lat' dir='ltr'><strong>pora,</strong></span> <span class='ocrx_word' id='word_1_465' title='bbox 2361 3089 2410 3136; x_wconf 82' lang='lat' dir='ltr'><strong>et</strong></span> <span class='ocrx_word' id='word_1_466' title='bbox 2438 3097 2604 3135; x_wconf 84' lang='lat' dir='ltr'><strong>annos</strong></span> <span class='ocrx_word' id='word_1_467' title='bbox 2640 3079 2792 3152; x_wconf 81' lang='lat' dir='ltr'><strong>(Gen.</strong></span> <span class='ocrx_word' id='word_1_468' title='bbox 2824 3091 2863 3147; x_wconf 81' lang='grc' dir='ltr'><strong>ι,</strong></span> <span class='ocrx_word' id='word_1_469' title='bbox 2891 3081 2999 3151; x_wconf 73' lang='grc'><strong>14),</strong></span> <span class='ocrx_word' id='word_1_470' title='bbox 3031 3083 3226 3152; x_wconf 84' lang='lat' dir='ltr'><strong>quibus</strong></span> <span class='ocrx_word' id='word_1_471' title='bbox 3253 3085 3529 3140; x_wconf 85' lang='lat' dir='ltr'><strong>nominum</strong></span> <span class='ocrx_word' id='word_1_472' title='bbox 3557 3085 3772 3144; x_wconf 78' lang='lat' dir='ltr'><strong>circulis</strong></span> 
     </span>
    </p>
   </div>
   <div class='ocr_carea' id='block_1_60' title="bbox 2185 3171 3772 3244">
    <p class='ocr_par' dir='ltr' id='par_1_60' title="bbox 2185 3171 3772 3244">
     <span class='ocr_line' id='line_1_60' title="bbox 2185 3171 3772 3244; baseline 0.003 -17"><span class='ocrx_word' id='word_1_473' title='bbox 2185 3179 2398 3244; x_wconf 87' lang='lat' dir='ltr'><strong>tempus</strong></span> <span class='ocrx_word' id='word_1_474' title='bbox 2423 3181 2584 3228; x_wconf 85' lang='lat' dir='ltr'><strong>omne</strong></span> <span class='ocrx_word' id='word_1_475' title='bbox 2610 3171 2921 3226; x_wconf 79' lang='lat' dir='ltr'><strong>revolvitur.</strong></span> <span class='ocrx_word' id='word_1_476' title='bbox 2950 3171 3016 3226; x_wconf 87' lang='lat' dir='ltr'><strong>In</strong></span> <span class='ocrx_word' id='word_1_477' title='bbox 3043 3175 3401 3244; x_wconf 70' lang='lat' dir='ltr'><strong>splendor-iens</strong></span> <span class='ocrx_word' id='word_1_478' title='bbox 3424 3186 3602 3234; x_wconf 86' lang='lat' dir='ltr'><strong>autem</strong></span> <span class='ocrx_word' id='word_1_479' title='bbox 3622 3193 3772 3233; x_wconf 48' lang='lat' dir='ltr'><strong>saned-</strong></span> 
     </span>
    </p>
   </div>
   <div class='ocr_carea' id='block_1_61' title="bbox 496 3263 3769 3347">
    <p class='ocr_par' dir='ltr' id='par_1_61' title="bbox 496 3263 3769 3347">
     <span class='ocr_line' id='line_1_61' title="bbox 496 3263 3769 3347; baseline -0.001 -20"><span class='ocrx_word' id='word_1_480' title='bbox 496 3272 668 3327; x_wconf 85' lang='lat' dir='ltr'><strong>tuisse</strong></span> <span class='ocrx_word' id='word_1_481' title='bbox 707 3271 901 3327; x_wconf 78' lang='lat' dir='ltr'><strong>asserit</strong></span> <span class='ocrx_word' id='word_1_482' title='bbox 945 3282 1048 3324; x_wconf 91' lang='lat' dir='ltr'><strong>nec</strong></span> <span class='ocrx_word' id='word_1_483' title='bbox 1091 3266 1321 3330; x_wconf 89' lang='lat' dir='ltr'><strong>mutari;</strong></span> <span class='ocrx_word' id='word_1_484' title='bbox 1351 3271 1406 3319; x_wconf 89' lang='lat' dir='ltr'><strong>et</strong></span> <span class='ocrx_word' id='word_1_485' title='bbox 1453 3263 1575 3319; x_wconf 86' lang='lat' dir='ltr'><strong>ideo</strong></span> <span class='ocrx_word' id='word_1_486' title='bbox 1599 3263 1792 3318; x_wconf 80' lang='lat' dir='ltr'><strong>Filium</strong></span> <span class='ocrx_word' id='word_1_487' title='bbox 1818 3264 2079 3334; x_wconf 66' lang='lat' dir='ltr'><strong>aequalem</strong></span> <span class='ocrx_word' id='word_1_488' title='bbox 2106 3283 2156 3347; x_wconf 73' lang='grc' dir='ltr'>ο</span> <span class='ocrx_word' id='word_1_489' title='bbox 2187 3273 2384 3331; x_wconf 81' lang='lat' dir='ltr'><strong>torum,</strong></span> <span class='ocrx_word' id='word_1_490' title='bbox 2417 3279 2524 3319; x_wconf 90' lang='lat' dir='ltr'><strong>non</strong></span> <span class='ocrx_word' id='word_1_491' title='bbox 2553 3270 2702 3318; x_wconf 88' lang='lat' dir='ltr'><strong>recte</strong></span> <span class='ocrx_word' id='word_1_492' title='bbox 2727 3263 3004 3319; x_wconf 88' lang='lat' dir='ltr'><strong>intellecta</strong></span> <span class='ocrx_word' id='word_1_493' title='bbox 3037 3273 3166 3320; x_wconf 89' lang='lat' dir='ltr'><strong>sunt</strong></span> <span class='ocrx_word' id='word_1_494' title='bbox 3190 3268 3445 3323; x_wconf 86' lang='lat' dir='ltr'><strong>vaticinia</strong></span> <span class='ocrx_word' id='word_1_495' title='bbox 3470 3271 3769 3340; x_wconf 80' lang='lat' dir='ltr'><strong>propheta-</strong></span> 
     </span>
    </p>
   </div>
   <div class='ocr_carea' id='block_1_62' title="bbox 497 3354 2084 3433">
    <p class='ocr_par' dir='ltr' id='par_1_62' title="bbox 497 3354 2084 3433">
     <span class='ocr_line' id='line_1_62' title="bbox 497 3354 2084 3433; baseline -0.006 -15"><span class='ocrx_word' id='word_1_496' title='bbox 497 3359 642 3418; x_wconf 84' lang='lat' dir='ltr'><strong>Patri</strong></span> <span class='ocrx_word' id='word_1_497' title='bbox 657 3361 932 3433; x_wconf 73' lang='lat' dir='ltr'><strong>praedicat,</strong></span> <span class='ocrx_word' id='word_1_498' title='bbox 954 3358 1207 3428; x_wconf 88' lang='lat' dir='ltr'><strong>quoniam</strong></span> <span class='ocrx_word' id='word_1_499' title='bbox 1230 3371 1336 3410; x_wconf 86' lang='lat' dir='ltr'><strong>una</strong></span> <span class='ocrx_word' id='word_1_500' title='bbox 1358 3355 1636 3424; x_wconf 88' lang='lat' dir='ltr'><strong>utriusque</strong></span> <span class='ocrx_word' id='word_1_501' title='bbox 1657 3354 1952 3410; x_wconf 81' lang='lat' dir='ltr'><strong>substantia</strong></span> <span class='ocrx_word' id='word_1_502' title='bbox 1973 3355 2084 3428; x_wconf 63' lang='grc' dir='ltr'>ω</span> 
     </span>
    </p>
   </div>
   <div class='ocr_carea' id='block_1_63' title="bbox 496 3449 2079 3528">
    <p class='ocr_par' dir='ltr' id='par_1_63' title="bbox 496 3449 2079 3528">
     <span class='ocr_line' id='line_1_63' title="bbox 496 3449 2079 3528; baseline -0.004 -16"><span class='ocrx_word' id='word_1_503' title='bbox 496 3453 842 3528; x_wconf 81' lang='lat' dir='ltr'><strong>perfectionis</strong></span> <span class='ocrx_word' id='word_1_504' title='bbox 867 3467 976 3508; x_wconf 73' lang='lat' dir='ltr'><strong>sua:</strong></span> <span class='ocrx_word' id='word_1_505' title='bbox 1002 3449 1392 3522; x_wconf 84' lang='lat' dir='ltr'><strong>plenitudinem</strong></span> <span class='ocrx_word' id='word_1_506' title='bbox 1420 3449 1476 3502; x_wconf 90' lang='lat' dir='ltr'><strong>in</strong></span> <span class='ocrx_word' id='word_1_507' title='bbox 1497 3456 1728 3517; x_wconf 85' lang='lat' dir='ltr'><strong>utroque</strong></span> <span class='ocrx_word' id='word_1_508' title='bbox 1773 3456 2079 3505; x_wconf 81' lang='lat' dir='ltr'><strong>conservat.</strong></span> 
     </span>
    </p>
   </div>
   <div class='ocr_carea' id='block_1_64' title="bbox 499 3535 2081 3611">
    <p class='ocr_par' dir='ltr' id='par_1_64' title="bbox 499 3535 2081 3611">
     <span class='ocr_line' id='line_1_64' title="bbox 499 3535 2081 3611; baseline -0.006 -11"><span class='ocrx_word' id='word_1_509' title='bbox 499 3545 651 3600; x_wconf 79' lang='lat' dir='ltr'><strong>Tunc</strong></span> <span class='ocrx_word' id='word_1_510' title='bbox 674 3556 804 3611; x_wconf 85' lang='lat' dir='ltr'><strong>ergo</strong></span> <span class='ocrx_word' id='word_1_511' title='bbox 845 3542 957 3604; x_wconf 85' lang='lat' dir='ltr'><strong>Deo</strong></span> <span class='ocrx_word' id='word_1_512' title='bbox 987 3539 1214 3605; x_wconf 80' lang='lat' dir='ltr'><strong>infertur</strong></span> <span class='ocrx_word' id='word_1_513' title='bbox 1242 3536 1460 3606; x_wconf 86' lang='lat' dir='ltr'><strong>injuria,</strong></span> <span class='ocrx_word' id='word_1_514' title='bbox 1484 3535 1707 3606; x_wconf 83' lang='lat' dir='ltr'><strong>quando</strong></span> <span class='ocrx_word' id='word_1_515' title='bbox 1729 3550 1826 3606; x_wconf 89' lang='lat' dir='ltr'><strong>per</strong></span> <span class='ocrx_word' id='word_1_516' title='bbox 1853 3536 2081 3593; x_wconf 43' lang='lat' dir='ltr'><strong>diversis</strong></span> 
     </span>
    </p>
   </div>
   <div class='ocr_carea' id='block_1_65' title="bbox 498 3627 2082 3694">
    <p class='ocr_par' dir='ltr' id='par_1_65' title="bbox 498 3627 2082 3694">
     <span class='ocr_line' id='line_1_65' title="bbox 498 3627 2082 3694; baseline -0.003 -6"><span class='ocrx_word' id='word_1_517' title='bbox 498 3643 666 3690; x_wconf 86' lang='lat' dir='ltr'><strong>tatem</strong></span> <span class='ocrx_word' id='word_1_518' title='bbox 695 3631 988 3688; x_wconf 78' lang='lat' dir='ltr'><strong>divinitatis</strong></span> <span class='ocrx_word' id='word_1_519' title='bbox 1012 3640 1136 3685; x_wconf 89' lang='lat' dir='ltr'><strong>cum</strong></span> <span class='ocrx_word' id='word_1_520' title='bbox 1155 3635 1404 3685; x_wconf 85' lang='lat' dir='ltr'><strong>creatore</strong></span> <span class='ocrx_word' id='word_1_521' title='bbox 1431 3627 1624 3682; x_wconf 86' lang='lat' dir='ltr'><strong>colllur</strong></span> <span class='ocrx_word' id='word_1_522' title='bbox 1651 3635 1926 3694; x_wconf 85' lang='lat' dir='ltr'><strong>creatura;</strong></span> <span class='ocrx_word' id='word_1_523' title='bbox 1957 3639 2082 3684; x_wconf 85' lang='lat' dir='ltr'><strong>cum</strong></span> 
     </span>
    </p>
   </div>
   <div class='ocr_carea' id='block_1_66' title="bbox 497 3717 2082 3788">
    <p class='ocr_par' dir='ltr' id='par_1_66' title="bbox 497 3717 2082 3788">
     <span class='ocr_line' id='line_1_66' title="bbox 497 3717 2082 3788; baseline -0.004 -8"><span class='ocrx_word' id='word_1_524' title='bbox 497 3725 788 3781; x_wconf 83' lang='lat' dir='ltr'><strong>creationis</strong></span> <span class='ocrx_word' id='word_1_525' title='bbox 830 3735 1026 3777; x_wconf 89' lang='lat' dir='ltr'><strong>nomen</strong></span> <span class='ocrx_word' id='word_1_526' title='bbox 1057 3719 1112 3773; x_wconf 87' lang='lat' dir='ltr'><strong>in</strong></span> <span class='ocrx_word' id='word_1_527' title='bbox 1162 3734 1229 3773; x_wconf 87' lang='lat' dir='ltr'><strong>eo</strong></span> <span class='ocrx_word' id='word_1_528' title='bbox 1273 3718 1365 3772; x_wconf 70' lang='lat' dir='ltr'><strong>sit.</strong></span> <span class='ocrx_word' id='word_1_529' title='bbox 1395 3725 1601 3772; x_wconf 88' lang='lat' dir='ltr'><strong>tantum</strong></span> <span class='ocrx_word' id='word_1_530' title='bbox 1629 3717 2082 3788; x_wconf 58' lang='lat' dir='ltr'><strong>accipiendum&#39;lu</strong></span> 
     </span>
    </p>
   </div>
   <div class='ocr_carea' id='block_1_67' title="bbox 498 3807 2082 3883">
    <p class='ocr_par' dir='ltr' id='par_1_67' title="bbox 498 3807 2082 3883">
     <span class='ocr_line' id='line_1_67' title="bbox 498 3807 2082 3883; baseline -0.004 -12"><span class='ocrx_word' id='word_1_531' title='bbox 498 3813 654 3877; x_wconf 80' lang='lat' dir='ltr'><strong>Filio,</strong></span> <span class='ocrx_word' id='word_1_532' title='bbox 677 3813 821 3883; x_wconf 88' lang='lat' dir='ltr'><strong>quod</strong></span> <span class='ocrx_word' id='word_1_533' title='bbox 849 3825 947 3882; x_wconf 89' lang='lat' dir='ltr'><strong>pro</strong></span> <span class='ocrx_word' id='word_1_534' title='bbox 968 3809 1338 3878; x_wconf 76' lang='lat' dir='ltr'><strong>redemptione</strong></span> <span class='ocrx_word' id='word_1_535' title='bbox 1363 3807 1644 3863; x_wconf 80' lang='lat' dir='ltr'><strong>hominum</strong></span> <span class='ocrx_word' id='word_1_536' title='bbox 1685 3823 1755 3863; x_wconf 78' lang='lat' dir='ltr'><strong>ex</strong></span> <span class='ocrx_word' id='word_1_537' title='bbox 1776 3809 2082 3864; x_wconf 75' lang='lat' dir='ltr'><strong>hominibus</strong></span> 
     </span>
    </p>
   </div>
   <div class='ocr_carea' id='block_1_68' title="bbox 499 3897 2082 3978">
    <p class='ocr_par' dir='ltr' id='par_1_68' title="bbox 499 3897 2082 3978">
     <span class='ocr_line' id='line_1_68' title="bbox 499 3897 2082 3978; baseline -0.003 -18"><span class='ocrx_word' id='word_1_538' title='bbox 499 3907 668 3960; x_wconf 80' lang='lat' dir='ltr'><strong>factus</strong></span> <span class='ocrx_word' id='word_1_539' title='bbox 697 3911 780 3957; x_wconf 89' lang='lat' dir='ltr'><strong>est</strong></span> <span class='ocrx_word' id='word_1_540' title='bbox 807 3904 989 3956; x_wconf 86' lang='lat' dir='ltr'><strong>homo.</strong></span> <span class='ocrx_word' id='word_1_541' title='bbox 1016 3897 1276 3978; x_wconf 80' lang='lat' dir='ltr'><strong>Spiritum</strong></span> <span class='ocrx_word' id='word_1_542' title='bbox 1298 3909 1515 3969; x_wconf 85' lang='lat' dir='ltr'><strong>quoque</strong></span> <span class='ocrx_word' id='word_1_543' title='bbox 1555 3908 1820 3966; x_wconf 88' lang='lat' dir='ltr'><strong>sanctum,</strong></span> <span class='ocrx_word' id='word_1_544' title='bbox 1852 3901 1898 3955; x_wconf 85' lang='lat' dir='ltr'><strong>si</strong></span> <span class='ocrx_word' id='word_1_545' title='bbox 1926 3907 2082 3956; x_wconf 52' lang='lat' dir='ltr'><strong>cret»l|</strong></span> 
     </span>
    </p>
   </div>
   <div class='ocr_carea' id='block_1_69' title="bbox 462 3991 2085 4061">
    <p class='ocr_par' dir='ltr' id='par_1_69' title="bbox 462 3991 2085 4061">
     <span class='ocr_line' id='line_1_69' title="bbox 462 3991 2085 4061; baseline -0.002 -11"><span class='ocrx_word' id='word_1_546' title='bbox 462 4006 464 4008; x_wconf 77' lang='lat'><strong>&#39;</strong></span> <span class='ocrx_word' id='word_1_547' title='bbox 499 4005 672 4050; x_wconf 87' lang='lat' dir='ltr'><strong>turam</strong></span> <span class='ocrx_word' id='word_1_548' title='bbox 699 3993 956 4061; x_wconf 81' lang='lat' dir='ltr'><strong>Dominus</strong></span> <span class='ocrx_word' id='word_1_549' title='bbox 983 3991 1146 4046; x_wconf 84' lang='lat' dir='ltr'><strong>vellet</strong></span> <span class='ocrx_word' id='word_1_550' title='bbox 1183 3991 1427 4059; x_wconf 84' lang='lat' dir='ltr'><strong>intelligi,</strong></span> <span class='ocrx_word' id='word_1_551' title='bbox 1461 4005 1733 4060; x_wconf 88' lang='lat' dir='ltr'><strong>nunquam</strong></span> <span class='ocrx_word' id='word_1_552' title='bbox 1770 3993 2085 4061; x_wconf 69' lang='lat' dir='ltr'><strong>praeciperet</strong></span> 
     </span>
    </p>
   </div>
   <div class='ocr_carea' id='block_1_70' title="bbox 497 4083 2082 4152">
    <p class='ocr_par' dir='ltr' id='par_1_70' title="bbox 497 4083 2082 4152">
     <span class='ocr_line' id='line_1_70' title="bbox 497 4083 2082 4152; baseline -0.005 -8"><span class='ocrx_word' id='word_1_553' title='bbox 497 4089 599 4145; x_wconf 76' lang='lat' dir='ltr'><strong>sibi</strong></span> <span class='ocrx_word' id='word_1_554' title='bbox 625 4095 681 4141; x_wconf 89' lang='lat' dir='ltr'><strong>et</strong></span> <span class='ocrx_word' id='word_1_555' title='bbox 709 4083 853 4139; x_wconf 83' lang='lat' dir='ltr'><strong>Patri</strong></span> <span class='ocrx_word' id='word_1_556' title='bbox 877 4085 927 4138; x_wconf 89' lang='lat' dir='ltr'><strong>in</strong></span> <span class='ocrx_word' id='word_1_557' title='bbox 976 4083 1672 4152; x_wconf 87' lang='lat' dir='ltr'><strong>scramento-baptismatis</strong></span> <span class='ocrx_word' id='word_1_558' title='bbox 1707 4084 1969 4152; x_wconf 87' lang='lat' dir='ltr'><strong>copulari,</strong></span> <span class='ocrx_word' id='word_1_559' title='bbox 1999 4083 2082 4137; x_wconf 59' lang='lat' dir='ltr'><strong>dia</strong></span> 
     </span>
    </p>
   </div>
   <div class='ocr_carea' id='block_1_71' title="bbox 497 4173 2087 4246">
    <p class='ocr_par' dir='ltr' id='par_1_71' title="bbox 497 4173 2087 4246">
     <span class='ocr_line' id='line_1_71' title="bbox 497 4173 2087 4246; baseline -0.003 -14"><span class='ocrx_word' id='word_1_560' title='bbox 497 4191 624 4232; x_wconf 83' lang='lat' dir='ltr'><strong>cens</strong></span> <span class='ocrx_word' id='word_1_561' title='bbox 647 4195 661 4230; x_wconf 88' lang='lat'><strong>:</strong></span> <span class='ocrx_word' id='word_1_562' title='bbox 698 4176 796 4241; x_wconf 77' lang='lat' dir='ltr'><strong>Ite,</strong></span> <span class='ocrx_word' id='word_1_563' title='bbox 827 4176 1002 4229; x_wconf 80' lang='lat' dir='ltr'><strong>docete</strong></span> <span class='ocrx_word' id='word_1_564' title='bbox 1029 4191 1204 4229; x_wconf 86' lang='lat' dir='ltr'><strong>omnes</strong></span> <span class='ocrx_word' id='word_1_565' title='bbox 1233 4182 1428 4244; x_wconf 86' lang='lat' dir='ltr'><strong>gentes,</strong></span> <span class='ocrx_word' id='word_1_566' title='bbox 1453 4173 1777 4244; x_wconf 75' lang='lat' dir='ltr'><strong>baptizantcs</strong></span> <span class='ocrx_word' id='word_1_567' title='bbox 1799 4175 1891 4246; x_wconf 87' lang='lat' dir='ltr'><strong>(al.</strong></span> <span class='ocrx_word' id='word_1_568' title='bbox 1917 4175 2087 4246; x_wconf 64' lang='grc' dir='ltr'><strong>ὑδρεία</strong></span> 
     </span>
    </p>
   </div>
   <div class='ocr_carea' id='block_1_72' title="bbox 497 4263 2084 4337">
    <p class='ocr_par' dir='ltr' id='par_1_72' title="bbox 497 4263 2084 4337">
     <span class='ocr_line' id='line_1_72' title="bbox 497 4263 2084 4337; baseline -0.002 -14"><span class='ocrx_word' id='word_1_569' title='bbox 497 4269 630 4337; x_wconf 77' lang='lat' dir='ltr'><strong>sate)</strong></span> <span class='ocrx_word' id='word_1_570' title='bbox 659 4284 746 4322; x_wconf 84' lang='lat' dir='ltr'><strong>eos</strong></span> <span class='ocrx_word' id='word_1_571' title='bbox 786 4269 838 4320; x_wconf 87' lang='lat' dir='ltr'><strong>in</strong></span> <span class='ocrx_word' id='word_1_572' title='bbox 863 4269 1070 4321; x_wconf 85' lang='lat' dir='ltr'><strong>nomine</strong></span> <span class='ocrx_word' id='word_1_573' title='bbox 1094 4264 1269 4320; x_wconf 85' lang='lat' dir='ltr'><strong>Patris</strong></span> <span class='ocrx_word' id='word_1_574' title='bbox 1311 4273 1360 4318; x_wconf 86' lang='lat' dir='ltr'><strong>et</strong></span> <span class='ocrx_word' id='word_1_575' title='bbox 1387 4263 1532 4330; x_wconf 79' lang='lat' dir='ltr'><strong>Filii,</strong></span> <span class='ocrx_word' id='word_1_576' title='bbox 1564 4274 1613 4319; x_wconf 90' lang='lat' dir='ltr'><strong>et</strong></span> <span class='ocrx_word' id='word_1_577' title='bbox 1644 4265 1874 4331; x_wconf 80' lang='lat' dir='ltr'><strong>Spiritus</strong></span> <span class='ocrx_word' id='word_1_578' title='bbox 1918 4268 2084 4320; x_wconf 77' lang='lat' dir='ltr'><strong>sancti</strong></span> 
     </span>
    </p>
   </div>
   <div class='ocr_carea' id='block_1_73' title="bbox 499 4356 1083 4430">
    <p class='ocr_par' dir='ltr' id='par_1_73' title="bbox 499 4356 1083 4430">
     <span class='ocr_line' id='line_1_73' title="bbox 499 4356 1083 4430; baseline -0.003 -17"><span class='ocrx_word' id='word_1_579' title='bbox 499 4360 717 4430; x_wconf 70' lang='lat' dir='ltr'><strong>(Matth.</strong></span> <span class='ocrx_word' id='word_1_580' title='bbox 749 4374 934 4426; x_wconf 75' lang='lat' dir='ltr'><strong>xxvul,</strong></span> <span class='ocrx_word' id='word_1_581' title='bbox 964 4356 1083 4429; x_wconf 83' lang='lat' dir='ltr'><strong>i9).</strong></span> 
     </span>
    </p>
   </div>
   <div class='ocr_carea' id='block_1_74' title="bbox 568 4448 2085 4522">
    <p class='ocr_par' dir='ltr' id='par_1_74' title="bbox 568 4448 2085 4522">
     <span class='ocr_line' id='line_1_74' title="bbox 568 4448 2085 4522; baseline 0.001 -17"><span class='ocrx_word' id='word_1_582' title='bbox 568 4449 802 4522; x_wconf 69' lang='lat' dir='ltr'><strong>Dejectio</strong></span> <span class='ocrx_word' id='word_1_583' title='bbox 824 4449 876 4504; x_wconf 87' lang='lat'><strong>9.</strong></span> <span class='ocrx_word' id='word_1_584' title='bbox 907 4450 981 4504; x_wconf 86' lang='lat' dir='ltr'><strong>De</strong></span> <span class='ocrx_word' id='word_1_585' title='bbox 997 4449 1351 4519; x_wconf 81' lang='lat' dir='ltr'><strong>generatione</strong></span> <span class='ocrx_word' id='word_1_586' title='bbox 1381 4455 1560 4504; x_wconf 85' lang='lat' dir='ltr'><strong>autem</strong></span> <span class='ocrx_word' id='word_1_587' title='bbox 1583 4449 1699 4517; x_wconf 82' lang='lat' dir='ltr'><strong>ejus</strong></span> <span class='ocrx_word' id='word_1_588' title='bbox 1719 4448 1862 4517; x_wconf 89' lang='lat' dir='ltr'><strong>quod</strong></span> <span class='ocrx_word' id='word_1_589' title='bbox 1884 4449 2085 4506; x_wconf 86' lang='lat' dir='ltr'><strong>dictum</strong></span> 
     </span>
    </p>
   </div>
   <div class='ocr_carea' id='block_1_75' title="bbox 405 4538 2109 4622">
    <p class='ocr_par' dir='ltr' id='par_1_75' title="bbox 405 4538 2109 4622">
     <span class='ocr_line' id='line_1_75' title="bbox 405 4538 2109 4622; baseline -0.002 -24"><span class='ocrx_word' id='word_1_590' title='bbox 405 4607 408 4609; x_wconf 97' lang='lat'><em>_</em></span> <span class='ocrx_word' id='word_1_591' title='bbox 495 4550 580 4598; x_wconf 87' lang='lat' dir='ltr'><strong>est</strong></span> <span class='ocrx_word' id='word_1_592' title='bbox 611 4560 624 4594; x_wconf 89' lang='lat'>:</span> <span class='ocrx_word' id='word_1_593' title='bbox 658 4540 907 4595; x_wconf 66' lang='lat' dir='ltr'><strong>Emittam</strong></span> <span class='ocrx_word' id='word_1_594' title='bbox 947 4540 1368 4611; x_wconf 70' lang='lat' dir='ltr'><strong>antelucit&#39;ernm</strong></span> <span class='ocrx_word' id='word_1_595' title='bbox 1393 4541 1546 4611; x_wconf 82' lang='lat' dir='ltr'><strong>genui</strong></span> <span class='ocrx_word' id='word_1_596' title='bbox 1577 4548 1625 4592; x_wconf 85' lang='lat' dir='ltr'><strong>te</strong></span> <span class='ocrx_word' id='word_1_597' title='bbox 1667 4538 1840 4604; x_wconf 79' lang='lat' dir='ltr'><strong>(Ps‘al.</strong></span> <span class='ocrx_word' id='word_1_598' title='bbox 1869 4556 1979 4606; x_wconf 85' lang='lat' dir='ltr'><strong>c-tx,</strong></span> <span class='ocrx_word' id='word_1_599' title='bbox 2002 4540 2080 4611; x_wconf 79' lang='lat'><strong>&#39;5),</strong></span> <span class='ocrx_word' id='word_1_600' title='bbox 2105 4618 2109 4622; x_wconf 10' lang='grc' dir='ltr'><strong><em>ἢ</em></strong></span> 
     </span>
    </p>
   </div>
   <div class='ocr_carea' id='block_1_76' title="bbox 2184 3355 3772 3430">
    <p class='ocr_par' dir='ltr' id='par_1_76' title="bbox 2184 3355 3772 3430">
     <span class='ocr_line' id='line_1_76' title="bbox 2184 3355 3772 3430; baseline 0.004 -20"><span class='ocrx_word' id='word_1_601' title='bbox 2184 3369 2305 3412; x_wconf 89' lang='lat' dir='ltr'><strong>rum</strong></span> <span class='ocrx_word' id='word_1_602' title='bbox 2333 3374 2346 3410; x_wconf 91' lang='lat'><strong>:</strong></span> <span class='ocrx_word' id='word_1_603' title='bbox 2380 3355 2633 3426; x_wconf 87' lang='lat' dir='ltr'><strong>splendor</strong></span> <span class='ocrx_word' id='word_1_604' title='bbox 2659 3355 2801 3412; x_wconf 90' lang='lat' dir='ltr'><strong>enim</strong></span> <span class='ocrx_word' id='word_1_605' title='bbox 2827 3364 3138 3412; x_wconf 83' lang='lat' dir='ltr'><strong>sanctorum</strong></span> <span class='ocrx_word' id='word_1_606' title='bbox 3187 3373 3298 3414; x_wconf 89' lang='lat' dir='ltr'><strong>non</strong></span> <span class='ocrx_word' id='word_1_607' title='bbox 3340 3359 3395 3414; x_wconf 91' lang='lat' dir='ltr'><strong>in</strong></span> <span class='ocrx_word' id='word_1_608' title='bbox 3423 3359 3600 3414; x_wconf 88' lang='lat' dir='ltr'><strong>cilicio</strong></span> <span class='ocrx_word' id='word_1_609' title='bbox 3628 3375 3772 3430; x_wconf 73' lang='lat' dir='ltr'><strong>prte-</strong></span> 
     </span>
    </p>
   </div>
   <div class='ocr_carea' id='block_1_77' title="bbox 2183 3445 3768 3520">
    <p class='ocr_par' dir='ltr' id='par_1_77' title="bbox 2183 3445 3768 3520">
     <span class='ocr_line' id='line_1_77' title="bbox 2183 3445 3768 3520; baseline 0.001 -17"><span class='ocrx_word' id='word_1_610' title='bbox 2183 3447 2490 3509; x_wconf 79' lang='lat' dir='ltr'><strong>dicationis,‘</strong></span> <span class='ocrx_word' id='word_1_611' title='bbox 2518 3445 2612 3501; x_wconf 89' lang='lat' dir='ltr'><strong>sed</strong></span> <span class='ocrx_word' id='word_1_612' title='bbox 2639 3447 2693 3501; x_wconf 90' lang='lat' dir='ltr'><strong>in</strong></span> <span class='ocrx_word' id='word_1_613' title='bbox 2722 3447 3135 3502; x_wconf 88' lang='lat' dir='ltr'><strong>resurrectionis</strong></span> <span class='ocrx_word' id='word_1_614' title='bbox 3190 3447 3438 3504; x_wconf 88' lang='lat' dir='ltr'><strong>claritate</strong></span> <span class='ocrx_word' id='word_1_615' title='bbox 3483 3450 3768 3520; x_wconf 83' lang='lat' dir='ltr'><strong>consistit;</strong></span> 
     </span>
    </p>
   </div>
   <div class='ocr_carea' id='block_1_78' title="bbox 2183 3538 3770 3615">
    <p class='ocr_par' dir='ltr' id='par_1_78' title="bbox 2183 3538 3770 3615">
     <span class='ocr_line' id='line_1_78' title="bbox 2183 3538 3770 3615; baseline 0.003 -22"><span class='ocrx_word' id='word_1_616' title='bbox 2183 3539 2250 3594; x_wconf 88' lang='lat' dir='ltr'><strong>de</strong></span> <span class='ocrx_word' id='word_1_617' title='bbox 2279 3555 2384 3610; x_wconf 88' lang='lat' dir='ltr'><strong>quo</strong></span> <span class='ocrx_word' id='word_1_618' title='bbox 2415 3538 2700 3608; x_wconf 87' lang='lat' dir='ltr'><strong>splendore</strong></span> <span class='ocrx_word' id='word_1_619' title='bbox 2740 3538 2998 3596; x_wconf 89' lang='lat' dir='ltr'><strong>Dominus</strong></span> <span class='ocrx_word' id='word_1_620' title='bbox 3043 3540 3214 3597; x_wconf 87' lang='lat' dir='ltr'><strong>dicit:</strong></span> <span class='ocrx_word' id='word_1_621' title='bbox 3249 3541 3388 3596; x_wconf 83' lang='lat' dir='ltr'><strong>Tunc</strong></span> <span class='ocrx_word' id='word_1_622' title='bbox 3427 3543 3556 3612; x_wconf 80' lang='lat' dir='ltr'><strong>justi</strong></span> <span class='ocrx_word' id='word_1_623' title='bbox 3603 3543 3770 3615; x_wconf 44' lang='lat' dir='ltr'><strong>fulgis</strong></span> 
     </span>
    </p>
   </div>
   <div class='ocr_carea' id='block_1_79' title="bbox 2185 3627 3767 3712">
    <p class='ocr_par' dir='ltr' id='par_1_79' title="bbox 2185 3627 3767 3712">
     <span class='ocr_line' id='line_1_79' title="bbox 2185 3627 3767 3712; baseline 0.002 -26"><span class='ocrx_word' id='word_1_624' title='bbox 2185 3631 2309 3712; x_wconf 71' lang='lat' dir='ltr'><strong>bunt</strong></span> <span class='ocrx_word' id='word_1_625' title='bbox 2362 3632 2494 3687; x_wconf 80' lang='lat' dir='ltr'><strong>sicut</strong></span> <span class='ocrx_word' id='word_1_626' title='bbox 2537 3631 2616 3687; x_wconf 83' lang='lat' dir='ltr'><strong>sol</strong></span> <span class='ocrx_word' id='word_1_627' title='bbox 2664 3633 2723 3686; x_wconf 85' lang='lat' dir='ltr'><strong>in</strong></span> <span class='ocrx_word' id='word_1_628' title='bbox 2747 3647 2904 3703; x_wconf 85' lang='lat' dir='ltr'><strong>regno</strong></span> <span class='ocrx_word' id='word_1_629' title='bbox 2934 3631 3114 3688; x_wconf 81' lang='lat' dir='ltr'><strong>Patris</strong></span> <span class='ocrx_word' id='word_1_630' title='bbox 3147 3635 3226 3688; x_wconf 82' lang='lat' dir='ltr'><strong>sui</strong></span> <span class='ocrx_word' id='word_1_631' title='bbox 3267 3632 3479 3706; x_wconf 76' lang='lat' dir='ltr'><strong>(Matth.</strong></span> <span class='ocrx_word' id='word_1_632' title='bbox 3511 3650 3624 3700; x_wconf 78' lang='lat' dir='ltr'><strong>xm,</strong></span> <span class='ocrx_word' id='word_1_633' title='bbox 3651 3627 3767 3705; x_wconf 72' lang='grc'><strong>45).</strong></span> 
     </span>
    </p>
   </div>
   <div class='ocr_carea' id='block_1_80' title="bbox 2184 3717 3773 3796">
    <p class='ocr_par' dir='ltr' id='par_1_80' title="bbox 2184 3717 3773 3796">
     <span class='ocr_line' id='line_1_80' title="bbox 2184 3717 3773 3796; baseline 0.003 -18"><span class='ocrx_word' id='word_1_634' title='bbox 2184 3723 2351 3779; x_wconf 77' lang='lat' dir='ltr'><strong>Hunc&quot;</strong></span> <span class='ocrx_word' id='word_1_635' title='bbox 2384 3724 2727 3796; x_wconf 77' lang='lat' dir='ltr'><strong>Splendorem</strong></span> <span class='ocrx_word' id='word_1_636' title='bbox 2781 3724 2970 3791; x_wconf 74' lang='lat' dir='ltr'><strong>futurae</strong></span> <span class='ocrx_word' id='word_1_637' title='bbox 3023 3727 3432 3782; x_wconf 86' lang='lat' dir='ltr'><strong>resurrectionis</strong></span> <span class='ocrx_word' id='word_1_638' title='bbox 3479 3717 3562 3783; x_wconf 73' lang='lat' dir='ltr'><strong>liis</strong></span> <span class='ocrx_word' id='word_1_639' title='bbox 3589 3728 3773 3784; x_wconf 85' lang='lat' dir='ltr'><strong>verbis</strong></span> 
     </span>
    </p>
   </div>
   <div class='ocr_carea' id='block_1_81' title="bbox 2186 3807 3772 3891">
    <p class='ocr_par' dir='ltr' id='par_1_81' title="bbox 2186 3807 3772 3891">
     <span class='ocr_line' id='line_1_81' title="bbox 2186 3807 3772 3891; baseline 0.003 -23"><span class='ocrx_word' id='word_1_640' title='bbox 2186 3814 2350 3869; x_wconf 85' lang='lat' dir='ltr'><strong>etiam</strong></span> <span class='ocrx_word' id='word_1_641' title='bbox 2382 3807 2566 3891; x_wconf 81' lang='lat' dir='ltr'><strong>Daniel</strong></span> <span class='ocrx_word' id='word_1_642' title='bbox 2605 3815 2871 3887; x_wconf 85' lang='lat' dir='ltr'><strong>propheta</strong></span> <span class='ocrx_word' id='word_1_643' title='bbox 2910 3815 3298 3872; x_wconf 79' lang='lat' dir='ltr'><strong>commemorat</strong></span> <span class='ocrx_word' id='word_1_644' title='bbox 3328 3837 3340 3870; x_wconf 88' lang='lat'><strong>:</strong></span> <span class='ocrx_word' id='word_1_645' title='bbox 3373 3808 3442 3872; x_wconf 80' lang='lat' dir='ltr'><strong>Et</strong></span> <span class='ocrx_word' id='word_1_646' title='bbox 3469 3820 3619 3873; x_wconf 86' lang='lat' dir='ltr'><strong>mulli</strong></span> <span class='ocrx_word' id='word_1_647' title='bbox 3647 3818 3772 3874; x_wconf 82' lang='lat' dir='ltr'><strong>dor-</strong></span> 
     </span>
    </p>
   </div>
   <div class='ocr_carea' id='block_1_82' title="bbox 2185 3895 3774 3980">
    <p class='ocr_par' dir='ltr' id='par_1_82' title="bbox 2185 3895 3774 3980">
     <span class='ocr_line' id='line_1_82' title="bbox 2185 3895 3774 3980; baseline 0.004 -22"><span class='ocrx_word' id='word_1_648' title='bbox 2185 3906 2450 3960; x_wconf 80' lang='lat' dir='ltr'><strong>mientium</strong></span> <span class='ocrx_word' id='word_1_649' title='bbox 2468 3907 2522 3960; x_wconf 86' lang='lat' dir='ltr'><strong>in</strong></span> <span class='ocrx_word' id='word_1_650' title='bbox 2546 3907 2706 3960; x_wconf 68' lang='lat' dir='ltr'><strong>terrai</strong></span> <span class='ocrx_word' id='word_1_651' title='bbox 2722 3906 2948 3976; x_wconf 78' lang='lat' dir='ltr'><strong>fossura,</strong></span> <span class='ocrx_word' id='word_1_652' title='bbox 2971 3907 3026 3961; x_wconf 83' lang='lat' dir='ltr'><strong>in</strong></span> <span class='ocrx_word' id='word_1_653' title='bbox 3049 3895 3314 3979; x_wconf 81' lang='lat' dir='ltr'><strong>apertione</strong></span> <span class='ocrx_word' id='word_1_654' title='bbox 3335 3914 3629 3980; x_wconf 65' lang='lat' dir='ltr'><strong>exstet-gent,</strong></span> <span class='ocrx_word' id='word_1_655' title='bbox 3648 3907 3701 3961; x_wconf 88' lang='lat' dir='ltr'><strong>hi</strong></span> <span class='ocrx_word' id='word_1_656' title='bbox 3720 3906 3774 3964; x_wconf 72' lang='lat' dir='ltr'><strong>in</strong></span> 
     </span>
    </p>
   </div>
   <div class='ocr_carea' id='block_1_83' title="bbox 2184 3987 3770 4066">
    <p class='ocr_par' dir='ltr' id='par_1_83' title="bbox 2184 3987 3770 4066">
     <span class='ocr_line' id='line_1_83' title="bbox 2184 3987 3770 4066; baseline 0.003 -19"><span class='ocrx_word' id='word_1_657' title='bbox 2184 3995 2342 4048; x_wconf 76' lang='lat' dir='ltr'><strong>vitam</strong></span> <span class='ocrx_word' id='word_1_658' title='bbox 2370 4005 2638 4063; x_wconf 69' lang='lat' dir='ltr'><strong>(sternam,</strong></span> <span class='ocrx_word' id='word_1_659' title='bbox 2661 3987 2764 4064; x_wconf 66' lang='lat'><strong>65</strong></span> <span class='ocrx_word' id='word_1_660' title='bbox 2790 4003 2840 4048; x_wconf 80' lang='lat' dir='ltr'><strong>et</strong></span> <span class='ocrx_word' id='word_1_661' title='bbox 2869 3993 2922 4048; x_wconf 84' lang='lat' dir='ltr'><strong>hi</strong></span> <span class='ocrx_word' id='word_1_662' title='bbox 2941 3995 2995 4048; x_wconf 84' lang='lat' dir='ltr'><strong>in</strong></span> <span class='ocrx_word' id='word_1_663' title='bbox 3040 3996 3376 4066; x_wconf 76' lang='lat' dir='ltr'><strong>opprobrium</strong></span> <span class='ocrx_word' id='word_1_664' title='bbox 3416 4005 3466 4050; x_wconf 84' lang='lat' dir='ltr'><strong>et</strong></span> <span class='ocrx_word' id='word_1_665' title='bbox 3503 4001 3770 4066; x_wconf 50' lang='lat' dir='ltr'><strong>confusio:-</strong></span> 
     </span>
    </p>
   </div>
   <div class='ocr_carea' id='block_1_84' title="bbox 2187 4083 3776 4157">
    <p class='ocr_par' dir='ltr' id='par_1_84' title="bbox 2187 4083 3776 4157">
     <span class='ocr_line' id='line_1_84' title="bbox 2187 4083 3776 4157; baseline -0.004 -17"><span class='ocrx_word' id='word_1_666' title='bbox 2187 4095 2302 4140; x_wconf 83' lang='lat' dir='ltr'><strong>nem</strong></span> <span class='ocrx_word' id='word_1_667' title='bbox 2325 4094 2620 4157; x_wconf 74' lang='lat' dir='ltr'><strong>perpetuam</strong></span> <span class='ocrx_word' id='word_1_668' title='bbox 2645 4101 2663 4137; x_wconf 89' lang='lat'><strong><em>:</em></strong></span> <span class='ocrx_word' id='word_1_669' title='bbox 2685 4093 2733 4137; x_wconf 83' lang='lat' dir='ltr'><strong>et</strong></span> <span class='ocrx_word' id='word_1_670' title='bbox 2757 4084 3100 4154; x_wconf 74' lang='lat' dir='ltr'><strong>intelligentes‘</strong></span> <span class='ocrx_word' id='word_1_671' title='bbox 3128 4083 3485 4153; x_wconf 73' lang='lat' dir='ltr'><strong>splendebant,</strong></span> <span class='ocrx_word' id='word_1_672' title='bbox 3513 4093 3568 4137; x_wconf 89' lang='lat' dir='ltr'><strong>ut</strong></span> <span class='ocrx_word' id='word_1_673' title='bbox 3595 4086 3776 4155; x_wconf 69' lang='lat' dir='ltr'><strong>splen-</strong></span> 
     </span>
    </p>
   </div>
   <div class='ocr_carea' id='block_1_85' title="bbox 2189 4173 3774 4248">
    <p class='ocr_par' dir='ltr' id='par_1_85' title="bbox 2189 4173 3774 4248">
     <span class='ocr_line' id='line_1_85' title="bbox 2189 4173 3774 4248; baseline -0.002 -16"><span class='ocrx_word' id='word_1_674' title='bbox 2189 4177 2285 4232; x_wconf 84' lang='lat' dir='ltr'><strong>dor</strong></span> <span class='ocrx_word' id='word_1_675' title='bbox 2311 4176 2644 4248; x_wconf 74' lang='lat' dir='ltr'><strong>ﬁrmamenti,</strong></span> <span class='ocrx_word' id='word_1_676' title='bbox 2667 4183 2716 4228; x_wconf 86' lang='lat' dir='ltr'><strong>et</strong></span> <span class='ocrx_word' id='word_1_677' title='bbox 2741 4189 2810 4228; x_wconf 78' lang='lat' dir='ltr'><strong>ea:</strong></span> <span class='ocrx_word' id='word_1_678' title='bbox 2837 4175 2996 4244; x_wconf 72' lang='lat' dir='ltr'><strong>justi:</strong></span> <span class='ocrx_word' id='word_1_679' title='bbox 3045 4173 3218 4237; x_wconf 80' lang='lat' dir='ltr'><strong>inulti,</strong></span> <span class='ocrx_word' id='word_1_680' title='bbox 3243 4173 3374 4226; x_wconf 78' lang='lat' dir='ltr'><strong>sicut</strong></span> <span class='ocrx_word' id='word_1_681' title='bbox 3403 4175 3568 4229; x_wconf 64' lang='lat' dir='ltr'><strong>sicut!</strong></span> <span class='ocrx_word' id='word_1_682' title='bbox 3596 4177 3646 4228; x_wconf 88' lang='lat' dir='ltr'><strong>in</strong></span> <span class='ocrx_word' id='word_1_683' title='bbox 3669 4194 3774 4233; x_wconf 68' lang='lat' dir='ltr'><strong>see-</strong></span> 
     </span>
    </p>
   </div>
   <div class='ocr_carea' id='block_1_86' title="bbox 2188 4262 3772 4337">
    <p class='ocr_par' dir='ltr' id='par_1_86' title="bbox 2188 4262 3772 4337">
     <span class='ocr_line' id='line_1_86' title="bbox 2188 4262 3772 4337; baseline 0.003 -16"><span class='ocrx_word' id='word_1_684' title='bbox 2188 4268 2302 4321; x_wconf 81' lang='lat' dir='ltr'><strong>cuia</strong></span> <span class='ocrx_word' id='word_1_685' title='bbox 2343 4266 2506 4337; x_wconf 81' lang='lat' dir='ltr'><strong>(Dan.</strong></span> <span class='ocrx_word' id='word_1_686' title='bbox 2530 4275 2622 4330; x_wconf 71' lang='lat' dir='ltr'><strong>sn,</strong></span> <span class='ocrx_word' id='word_1_687' title='bbox 2656 4263 2756 4334; x_wconf 58' lang='lat'><strong>9);</strong></span> <span class='ocrx_word' id='word_1_688' title='bbox 2784 4264 2869 4319; x_wconf 86' lang='lat' dir='ltr'><strong>hic</strong></span> <span class='ocrx_word' id='word_1_689' title='bbox 2897 4272 3078 4318; x_wconf 88' lang='lat' dir='ltr'><strong>autem</strong></span> <span class='ocrx_word' id='word_1_690' title='bbox 3115 4262 3371 4332; x_wconf 87' lang='lat' dir='ltr'><strong>splendor</strong></span> <span class='ocrx_word' id='word_1_691' title='bbox 3399 4273 3525 4321; x_wconf 88' lang='lat' dir='ltr'><strong>tunc</strong></span> <span class='ocrx_word' id='word_1_692' title='bbox 3568 4269 3772 4326; x_wconf 79' lang='lat' dir='ltr'><strong>sanctis</strong></span> 
     </span>
    </p>
   </div>
   <div class='ocr_carea' id='block_1_87' title="bbox 2188 4355 3775 4428">
    <p class='ocr_par' dir='ltr' id='par_1_87' title="bbox 2188 4355 3775 4428">
     <span class='ocr_line' id='line_1_87' title="bbox 2188 4355 3775 4428; baseline 0.001 -16"><span class='ocrx_word' id='word_1_693' title='bbox 2188 4375 2221 4412; x_wconf 87' lang='lat' dir='ltr'><strong>a</strong></span> <span class='ocrx_word' id='word_1_694' title='bbox 2250 4357 2479 4412; x_wconf 89' lang='lat' dir='ltr'><strong>Domino</strong></span> <span class='ocrx_word' id='word_1_695' title='bbox 2513 4356 2812 4428; x_wconf 67' lang='lat' dir='ltr'><strong>tribuetur,</strong></span> <span class='ocrx_word' id='word_1_696' title='bbox 2829 4355 3041 4424; x_wconf 87' lang='lat' dir='ltr'><strong>quando</strong></span> <span class='ocrx_word' id='word_1_697' title='bbox 3071 4355 3366 4412; x_wconf 87' lang='lat' dir='ltr'><strong>secundum</strong></span> <span class='ocrx_word' id='word_1_698' title='bbox 3387 4355 3630 4428; x_wconf 80' lang='lat' dir='ltr'><strong>Apostoli</strong></span> <span class='ocrx_word' id='word_1_699' title='bbox 3659 4358 3775 4414; x_wconf 83' lang='lat' dir='ltr'><strong>dic-</strong></span> 
     </span>
    </p>
   </div>
   <div class='ocr_carea' id='block_1_88' title="bbox 2191 4445 3774 4520">
    <p class='ocr_par' dir='ltr' id='par_1_88' title="bbox 2191 4445 3774 4520">
     <span class='ocr_line' id='line_1_88' title="bbox 2191 4445 3774 4520; baseline -0.001 -16"><span class='ocrx_word' id='word_1_700' title='bbox 2191 4458 2325 4514; x_wconf 82' lang='lat' dir='ltr'><strong>tum,</strong></span> <span class='ocrx_word' id='word_1_701' title='bbox 2360 4447 2663 4519; x_wconf 74' lang='lat' dir='ltr'><strong>reformabit</strong></span> <span class='ocrx_word' id='word_1_702' title='bbox 2691 4462 2876 4518; x_wconf 79' lang='lat' dir='ltr'><strong>corpus</strong></span> <span class='ocrx_word' id='word_1_703' title='bbox 2903 4445 3207 4510; x_wconf 79' lang='lat' dir='ltr'><strong>humilitatis</strong></span> <span class='ocrx_word' id='word_1_704' title='bbox 3255 4456 3470 4515; x_wconf 65' lang='lat' dir='ltr'><strong>nostris,</strong></span> <span class='ocrx_word' id='word_1_705' title='bbox 3509 4451 3774 4520; x_wconf 79' lang='lat' dir='ltr'><strong>conformo</strong></span> 
     </span>
    </p>
   </div>
   <div class='ocr_carea' id='block_1_89' title="bbox 2189 4536 3774 4612">
    <p class='ocr_par' dir='ltr' id='par_1_89' title="bbox 2189 4536 3774 4612">
     <span class='ocr_line' id='line_1_89' title="bbox 2189 4536 3774 4612; baseline 0 -17"><span class='ocrx_word' id='word_1_706' title='bbox 2189 4539 2394 4611; x_wconf 86' lang='lat' dir='ltr'><strong>corpori</strong></span> <span class='ocrx_word' id='word_1_707' title='bbox 2421 4539 2676 4602; x_wconf 79' lang='lat' dir='ltr'><strong>claritatis</strong></span> <span class='ocrx_word' id='word_1_708' title='bbox 2727 4553 2836 4592; x_wconf 76' lang='lat' dir='ltr'><strong>sua:</strong></span> <span class='ocrx_word' id='word_1_709' title='bbox 2885 4536 3106 4609; x_wconf 77' lang='lat' dir='ltr'><strong>(Philip;</strong></span> <span class='ocrx_word' id='word_1_710' title='bbox 3137 4554 3222 4604; x_wconf 89' lang='grc' dir='ltr'><strong>ιιι,</strong></span> <span class='ocrx_word' id='word_1_711' title='bbox 3261 4537 3462 4604; x_wconf 71' lang='lat' dir='ltr'><strong>2i).~ln</strong></span> <span class='ocrx_word' id='word_1_712' title='bbox 3511 4540 3614 4594; x_wconf 91' lang='lat' dir='ltr'><strong>hoc</strong></span> <span class='ocrx_word' id='word_1_713' title='bbox 3641 4555 3774 4612; x_wconf 78' lang='lat' dir='ltr'><strong>ergo</strong></span> 
     </span>
    </p>
   </div>
   <div class='ocr_carea' id='block_1_90' title="bbox 495 4623 3776 4708">
    <p class='ocr_par' dir='ltr' id='par_1_90' title="bbox 495 4623 3776 4708">
     <span class='ocr_line' id='line_1_90' title="bbox 495 4623 3776 4708; baseline 0 -22"><span class='ocrx_word' id='word_1_714' title='bbox 495 4632 622 4701; x_wconf 81' lang='lat' dir='ltr'><strong>quis</strong></span> <span class='ocrx_word' id='word_1_715' title='bbox 642 4629 853 4686; x_wconf 87' lang='lat' dir='ltr'><strong>dubitet</strong></span> <span class='ocrx_word' id='word_1_716' title='bbox 878 4630 1179 4692; x_wconf 74' lang='lat' dir='ltr'><strong>tle-carnali</strong></span> <span class='ocrx_word' id='word_1_717' title='bbox 1206 4629 1676 4684; x_wconf 69' lang='lat' dir='ltr'><strong>nativitateiuisse</strong></span> <span class='ocrx_word' id='word_1_718' title='bbox 1706 4630 2082 4686; x_wconf 61' lang='lat' dir='ltr'><strong>dictamnum</strong></span> <span class='ocrx_word' id='word_1_719' title='bbox 2115 4648 2168 4708; x_wconf 82' lang='lat' dir='ltr'><strong>D</strong></span> <span class='ocrx_word' id='word_1_720' title='bbox 2194 4629 2479 4707; x_wconf 82' lang='lat' dir='ltr'><strong>splendere</strong></span> <span class='ocrx_word' id='word_1_721' title='bbox 2506 4623 2633 4684; x_wconf 77' lang='lat' dir='ltr'><strong>tunc</strong></span> <span class='ocrx_word' id='word_1_722' title='bbox 2687 4631 2893 4699; x_wconf 77' lang='lat' dir='ltr'><strong>integre</strong></span> <span class='ocrx_word' id='word_1_723' title='bbox 2923 4632 3098 4688; x_wconf 83' lang='lat' dir='ltr'><strong>saneti</strong></span> <span class='ocrx_word' id='word_1_724' title='bbox 3151 4630 3447 4699; x_wconf 83' lang='lat' dir='ltr'><strong>intelligent</strong></span> <span class='ocrx_word' id='word_1_725' title='bbox 3477 4628 3688 4686; x_wconf 85' lang='lat' dir='ltr'><strong>Patrem</strong></span> <span class='ocrx_word' id='word_1_726' title='bbox 3722 4640 3776 4687; x_wconf 91' lang='lat' dir='ltr'><strong>ct</strong></span> 
     </span>
    </p>
   </div>
   <div class='ocr_carea' id='block_1_91' title="bbox 496 4720 2086 4794">
    <p class='ocr_par' dir='ltr' id='par_1_91' title="bbox 496 4720 2086 4794">
     <span class='ocr_line' id='line_1_91' title="bbox 496 4720 2086 4794; baseline 0.001 -17"><span class='ocrx_word' id='word_1_727' title='bbox 496 4723 612 4794; x_wconf 84' lang='lat' dir='ltr'><strong>ipsa</strong></span> <span class='ocrx_word' id='word_1_728' title='bbox 632 4730 758 4777; x_wconf 84' lang='lat' dir='ltr'><strong>ante</strong></span> <span class='ocrx_word' id='word_1_729' title='bbox 786 4721 1003 4792; x_wconf 88' lang='lat' dir='ltr'><strong>scriptio</strong></span> <span class='ocrx_word' id='word_1_730' title='bbox 1031 4720 1280 4776; x_wconf 84' lang='lat' dir='ltr'><strong>ostendat</strong></span> <span class='ocrx_word' id='word_1_731' title='bbox 1302 4721 1400 4776; x_wconf 88' lang='lat' dir='ltr'><strong>tibi</strong></span> <span class='ocrx_word' id='word_1_732' title='bbox 1427 4721 1492 4776; x_wconf 90' lang='lat' dir='ltr'><strong>ad</strong></span> <span class='ocrx_word' id='word_1_733' title='bbox 1517 4721 1918 4789; x_wconf 86' lang='lat' dir='ltr'><strong>intelligendum</strong></span> <span class='ocrx_word' id='word_1_734' title='bbox 1939 4723 2086 4792; x_wconf 87' lang='lat' dir='ltr'><strong>quod</strong></span> 
     </span>
    </p>
   </div>
   <div class='ocr_carea' id='block_1_92' title="bbox 496 4811 2085 4882">
    <p class='ocr_par' dir='ltr' id='par_1_92' title="bbox 496 4811 2085 4882">
     <span class='ocr_line' id='line_1_92' title="bbox 496 4811 2085 4882; baseline 0.001 -15"><span class='ocrx_word' id='word_1_735' title='bbox 496 4813 629 4867; x_wconf 85' lang='lat' dir='ltr'><strong>dicit</strong></span> <span class='ocrx_word' id='word_1_736' title='bbox 655 4811 948 4882; x_wconf 79' lang='lat' dir='ltr'><strong>propheta,</strong></span> <span class='ocrx_word' id='word_1_737' title='bbox 969 4811 1134 4881; x_wconf 82' lang='lat' dir='ltr'><strong>quod</strong></span> <span class='ocrx_word' id='word_1_738' title='bbox 1161 4813 1217 4866; x_wconf 88' lang='lat' dir='ltr'><strong>in</strong></span> <span class='ocrx_word' id='word_1_739' title='bbox 1255 4811 1616 4882; x_wconf 75' lang='lat' dir='ltr'><strong>splendor-ibus</strong></span> <span class='ocrx_word' id='word_1_740' title='bbox 1644 4821 1939 4869; x_wconf 81' lang='lat' dir='ltr'><strong>sanctorum</strong></span> <span class='ocrx_word' id='word_1_741' title='bbox 1965 4824 2085 4869; x_wconf 82' lang='lat' dir='ltr'><strong>ante</strong></span> 
     </span>
    </p>
   </div>
   <div class='ocr_carea' id='block_1_93' title="bbox 493 4902 2082 4976">
    <p class='ocr_par' dir='ltr' id='par_1_93' title="bbox 493 4902 2082 4976">
     <span class='ocr_line' id='line_1_93' title="bbox 493 4902 2082 4976; baseline 0.001 -18"><span class='ocrx_word' id='word_1_742' title='bbox 493 4904 762 4975; x_wconf 76' lang='lat' dir='ltr'><strong>luciferum</strong></span> <span class='ocrx_word' id='word_1_743' title='bbox 803 4905 1018 4972; x_wconf 83' lang='lat' dir='ltr'><strong>genitus</strong></span> <span class='ocrx_word' id='word_1_744' title='bbox 1036 4905 1128 4958; x_wconf 81' lang='lat' dir='ltr'><strong>sit.</strong></span> <span class='ocrx_word' id='word_1_745' title='bbox 1178 4902 1248 4957; x_wconf 86' lang='lat' dir='ltr'><strong>Et</strong></span> <span class='ocrx_word' id='word_1_746' title='bbox 1273 4904 1515 4974; x_wconf 79' lang='lat' dir='ltr'><strong>splendor</strong></span> <span class='ocrx_word' id='word_1_747' title='bbox 1539 4914 1836 4958; x_wconf 80' lang='lat' dir='ltr'><strong>sanctorum</strong></span> <span class='ocrx_word' id='word_1_748' title='bbox 1875 4904 2082 4976; x_wconf 72' lang='grc' dir='ltr'><strong>(Ιθίά.)</strong></span> 
     </span>
    </p>
   </div>
   <div class='ocr_carea' id='block_1_94' title="bbox 495 4995 2084 5065">
    <p class='ocr_par' dir='ltr' id='par_1_94' title="bbox 495 4995 2084 5065">
     <span class='ocr_line' id='line_1_94' title="bbox 495 4995 2084 5065; baseline 0.001 -15"><span class='ocrx_word' id='word_1_749' title='bbox 495 4997 825 5065; x_wconf 67' lang='lat' dir='ltr'><strong>praeconium</strong></span> <span class='ocrx_word' id='word_1_750' title='bbox 874 4996 1329 5050; x_wconf 68' lang='lat' dir='ltr'><strong>Ostenditur-esse</strong></span> <span class='ocrx_word' id='word_1_751' title='bbox 1374 4995 1780 5063; x_wconf 84' lang='lat' dir='ltr'><strong>prophetarum,</strong></span> <span class='ocrx_word' id='word_1_752' title='bbox 1813 5003 2084 5051; x_wconf 84' lang='lat' dir='ltr'><strong>eteorum</strong></span> 
     </span>
    </p>
   </div>
   <div class='ocr_carea' id='block_1_95' title="bbox 497 5084 2084 5155">
    <p class='ocr_par' dir='ltr' id='par_1_95' title="bbox 497 5084 2084 5155">
     <span class='ocr_line' id='line_1_95' title="bbox 497 5084 2084 5155; baseline 0.001 -13"><span class='ocrx_word' id='word_1_753' title='bbox 497 5087 810 5144; x_wconf 87' lang='lat' dir='ltr'><strong>vaticinatio</strong></span> <span class='ocrx_word' id='word_1_754' title='bbox 837 5088 903 5144; x_wconf 87' lang='lat' dir='ltr'><strong>de</strong></span> <span class='ocrx_word' id='word_1_755' title='bbox 941 5104 1008 5144; x_wconf 87' lang='lat' dir='ltr'><strong>eo</strong></span> <span class='ocrx_word' id='word_1_756' title='bbox 1052 5088 1237 5144; x_wconf 73' lang='lat' dir='ltr'><strong>fuisse</strong></span> <span class='ocrx_word' id='word_1_757' title='bbox 1269 5086 1558 5155; x_wconf 87' lang='lat' dir='ltr'><strong>adimpleta</strong></span> <span class='ocrx_word' id='word_1_758' title='bbox 1605 5093 1665 5138; x_wconf 90' lang='lat' dir='ltr'><strong>ut</strong></span> <span class='ocrx_word' id='word_1_759' title='bbox 1711 5084 2084 5144; x_wconf 83' lang='lat' dir='ltr'><strong>manifestaret</strong></span> 
     </span>
    </p>
   </div>
   <div class='ocr_carea' id='block_1_96' title="bbox 501 5171 2083 5252">
    <p class='ocr_par' dir='ltr' id='par_1_96' title="bbox 501 5171 2083 5252">
     <span class='ocr_line' id='line_1_96' title="bbox 501 5171 2083 5252; baseline 0 -20"><span class='ocrx_word' id='word_1_760' title='bbox 501 5181 677 5250; x_wconf 81' lang='lat' dir='ltr'><strong>ipsam</strong></span> <span class='ocrx_word' id='word_1_761' title='bbox 701 5183 910 5235; x_wconf 75' lang='lat' dir='ltr'><strong>esseet</strong></span> <span class='ocrx_word' id='word_1_762' title='bbox 948 5181 1212 5251; x_wconf 83' lang='lat' dir='ltr'><strong>propheta</strong></span> <span class='ocrx_word' id='word_1_763' title='bbox 1238 5174 1466 5230; x_wconf 83' lang='lat' dir='ltr'><strong>dicendo</strong></span> <span class='ocrx_word' id='word_1_764' title='bbox 1499 5191 1527 5228; x_wconf 75' lang='grc' dir='ltr'><strong>ε·</strong></span> <span class='ocrx_word' id='word_1_765' title='bbox 1547 5171 1630 5229; x_wconf 74' lang='lat' dir='ltr'><strong>Ex</strong></span> <span class='ocrx_word' id='word_1_766' title='bbox 1663 5184 1808 5231; x_wconf 79' lang='lat' dir='ltr'><strong>utere</strong></span> <span class='ocrx_word' id='word_1_767' title='bbox 1854 5187 1974 5252; x_wconf 83' lang='lat' dir='ltr'><strong>ante</strong></span> <span class='ocrx_word' id='word_1_768' title='bbox 2001 5179 2083 5232; x_wconf 82' lang='lat' dir='ltr'><strong>ln-</strong></span> 
     </span>
    </p>
   </div>
   <div class='ocr_carea' id='block_1_97' title="bbox 493 5265 2082 5344">
    <p class='ocr_par' dir='ltr' id='par_1_97' title="bbox 493 5265 2082 5344">
     <span class='ocr_line' id='line_1_97' title="bbox 493 5265 2082 5344; baseline -0.001 -17"><span class='ocrx_word' id='word_1_769' title='bbox 493 5273 708 5343; x_wconf 72' lang='lat' dir='ltr'><strong>ciferum</strong></span> <span class='ocrx_word' id='word_1_770' title='bbox 748 5274 909 5344; x_wconf 76' lang='lat' dir='ltr'><strong>genui</strong></span> <span class='ocrx_word' id='word_1_771' title='bbox 952 5281 1018 5336; x_wconf 85' lang='lat' dir='ltr'><strong>te,</strong></span> <span class='ocrx_word' id='word_1_772' title='bbox 1050 5278 1104 5325; x_wconf 89' lang='lat' dir='ltr'><strong>et</strong></span> <span class='ocrx_word' id='word_1_773' title='bbox 1130 5265 1468 5338; x_wconf 83' lang='lat' dir='ltr'><strong>splendidum</strong></span> <span class='ocrx_word' id='word_1_774' title='bbox 1517 5265 1761 5341; x_wconf 79' lang='lat' dir='ltr'><strong>contigit,</strong></span> <span class='ocrx_word' id='word_1_775' title='bbox 1813 5269 1954 5338; x_wconf 82' lang='lat' dir='ltr'><strong>quod</strong></span> <span class='ocrx_word' id='word_1_776' title='bbox 1984 5275 2082 5340; x_wconf 82' lang='lat' dir='ltr'><strong>per</strong></span> 
     </span>
    </p>
   </div>
   <div class='ocr_carea' id='block_1_98' title="bbox 372 5358 2082 5436">
    <p class='ocr_par' dir='ltr' id='par_1_98' title="bbox 372 5358 2082 5436">
     <span class='ocr_line' id='line_1_98' title="bbox 372 5358 2082 5436; baseline 0.004 -22"><span class='ocrx_word' id='word_1_777' title='bbox 372 5373 382 5384; x_wconf 89' lang='lat'><strong>&#39;</strong></span> <span class='ocrx_word' id='word_1_778' title='bbox 491 5362 752 5430; x_wconf 82' lang='lat' dir='ltr'><strong>virginem</strong></span> <span class='ocrx_word' id='word_1_779' title='bbox 783 5361 935 5418; x_wconf 84' lang='lat' dir='ltr'><strong>nasci</strong></span> <span class='ocrx_word' id='word_1_780' title='bbox 961 5358 1731 5436; x_wconf 79' lang='lat' dir='ltr'><strong>eum-os-propheticttm-ante</strong></span> <span class='ocrx_word' id='word_1_781' title='bbox 1769 5361 1922 5416; x_wconf 76' lang='lat' dir='ltr'><strong>dixit.</strong></span> <span class='ocrx_word' id='word_1_782' title='bbox 1947 5361 2082 5429; x_wconf 77' lang='lat' dir='ltr'><strong>Quis</strong></span> 
     </span>
    </p>
   </div>
   <div class='ocr_carea' id='block_1_99' title="bbox 494 5449 2104 5539">
    <p class='ocr_par' dir='ltr' id='par_1_99' title="bbox 494 5449 2104 5539">
     <span class='ocr_line' id='line_1_99' title="bbox 494 5449 2104 5539; baseline 0.003 -31"><span class='ocrx_word' id='word_1_783' title='bbox 494 5454 697 5509; x_wconf 84' lang='lat' dir='ltr'><strong>dubitet</strong></span> <span class='ocrx_word' id='word_1_784' title='bbox 718 5459 856 5514; x_wconf 82' lang='lat' dir='ltr'><strong>hanc</strong></span> <span class='ocrx_word' id='word_1_785' title='bbox 880 5449 1222 5510; x_wconf 68' lang='lat' dir='ltr'><strong>nativitatem</strong></span> <span class='ocrx_word' id='word_1_786' title='bbox 1249 5451 1336 5506; x_wconf 74' lang='lat' dir='ltr'><strong>ita</strong></span> <span class='ocrx_word' id='word_1_787' title='bbox 1372 5453 1663 5523; x_wconf 78' lang='lat' dir='ltr'><strong>contigisse</strong></span> <span class='ocrx_word' id='word_1_788' title='bbox 1705 5462 1764 5510; x_wconf 84' lang='lat' dir='ltr'><strong>ut</strong></span> <span class='ocrx_word' id='word_1_789' title='bbox 1791 5455 2074 5528; x_wconf 82' lang='lat' dir='ltr'><strong>Scriptura</strong></span> <span class='ocrx_word' id='word_1_790' title='bbox 2099 5533 2104 5539; x_wconf 28' lang='lat'>.</span> 
     </span>
    </p>
   </div>
   <div class='ocr_carea' id='block_1_100' title="bbox 494 5549 1708 5602">
    <p class='ocr_par' dir='ltr' id='par_1_100' title="bbox 494 5549 1708 5602">
     <span class='ocr_line' id='line_1_100' title="bbox 494 5549 1708 5602; baseline 0.002 -3"><span class='ocrx_word' id='word_1_791' title='bbox 494 5549 797 5602; x_wconf 83' lang='lat' dir='ltr'><strong>memorat?</strong></span> <span class='ocrx_word' id='word_1_792' title='bbox 879 5570 884 5574; x_wconf 89' lang='grc'><strong>·</strong></span> <span class='ocrx_word' id='word_1_793' title='bbox 1363 5576 1367 5580; x_wconf 66' lang='grc' dir='ltr'><em>ι</em></span> <span class='ocrx_word' id='word_1_794' title='bbox 1554 5583 1558 5585; x_wconf 97' lang='grc'><strong>-</strong></span> <span class='ocrx_word' id='word_1_795' title='bbox 1681 5581 1708 5588; x_wconf 89' lang='lat'><strong><em>--</em></strong></span> 
     </span>
    </p>
   </div>
   <div class='ocr_carea' id='block_1_101' title="bbox 519 5636 2079 5720">
    <p class='ocr_par' dir='ltr' id='par_1_101' title="bbox 519 5636 2079 5720">
     <span class='ocr_line' id='line_1_101' title="bbox 519 5636 2079 5720; baseline 0.004 -30"><span class='ocrx_word' id='word_1_796' title='bbox 519 5673 541 5680; x_wconf 65' lang='grc'><strong>«-</strong></span> <span class='ocrx_word' id='word_1_797' title='bbox 563 5637 871 5710; x_wconf 77' lang='lat' dir='ltr'><strong>Responsio.</strong></span> <span class='ocrx_word' id='word_1_798' title='bbox 895 5637 1118 5692; x_wconf 78' lang='lat' dir='ltr'><strong>Multum</strong></span> <span class='ocrx_word' id='word_1_799' title='bbox 1149 5637 1348 5720; x_wconf 81' lang='lat' dir='ltr'><strong>l&#39;aliitur</strong></span> <span class='ocrx_word' id='word_1_800' title='bbox 1375 5639 1466 5706; x_wconf 89' lang='lat' dir='ltr'><strong>qui</strong></span> <span class='ocrx_word' id='word_1_801' title='bbox 1488 5638 1644 5707; x_wconf 85' lang='lat' dir='ltr'><strong>hujus</strong></span> <span class='ocrx_word' id='word_1_802' title='bbox 1671 5637 1965 5710; x_wconf 74' lang='lat' dir='ltr'><strong>Scriptura:</strong></span> <span class='ocrx_word' id='word_1_803' title='bbox 1997 5636 2079 5696; x_wconf 81' lang='lat' dir='ltr'><strong>lo-</strong></span> 
     </span>
    </p>
   </div>
   <div class='ocr_carea' id='block_1_102' title="bbox 494 5729 2075 5797">
    <p class='ocr_par' dir='ltr' id='par_1_102' title="bbox 494 5729 2075 5797">
     <span class='ocr_line' id='line_1_102' title="bbox 494 5729 2075 5797; baseline 0.005 -12"><span class='ocrx_word' id='word_1_804' title='bbox 494 5743 611 5785; x_wconf 81' lang='lat' dir='ltr'><strong>cum</strong></span> <span class='ocrx_word' id='word_1_805' title='bbox 633 5731 1108 5787; x_wconf 74' lang='lat' dir='ltr'><strong>dirimenativitati</strong></span> <span class='ocrx_word' id='word_1_806' title='bbox 1131 5738 1240 5789; x_wconf 84' lang='lat' dir='ltr'><strong>non</strong></span> <span class='ocrx_word' id='word_1_807' title='bbox 1260 5729 1430 5786; x_wconf 84' lang='lat' dir='ltr'><strong>credit</strong></span> <span class='ocrx_word' id='word_1_808' title='bbox 1452 5733 1829 5797; x_wconf 82' lang='lat' dir='ltr'><strong>convenire,et</strong></span> <span class='ocrx_word' id='word_1_809' title='bbox 1849 5737 2075 5793; x_wconf 87' lang='lat' dir='ltr'><strong>audiens</strong></span> 
     </span>
    </p>
   </div>
   <div class='ocr_carea' id='block_1_103' title="bbox 2191 4717 3776 4790">
    <p class='ocr_par' dir='ltr' id='par_1_103' title="bbox 2191 4717 3776 4790">
     <span class='ocr_line' id='line_1_103' title="bbox 2191 4717 3776 4790; baseline 0.003 -14"><span class='ocrx_word' id='word_1_810' title='bbox 2191 4721 2384 4776; x_wconf 84' lang='lat' dir='ltr'><strong>Filium</strong></span> <span class='ocrx_word' id='word_1_811' title='bbox 2423 4736 2586 4774; x_wconf 91' lang='lat' dir='ltr'><strong>unum</strong></span> <span class='ocrx_word' id='word_1_812' title='bbox 2611 4717 2928 4790; x_wconf 88' lang='lat' dir='ltr'><strong>principium</strong></span> <span class='ocrx_word' id='word_1_813' title='bbox 2956 4737 3075 4775; x_wconf 88' lang='lat' dir='ltr'><strong>esse</strong></span> <span class='ocrx_word' id='word_1_814' title='bbox 3098 4739 3112 4787; x_wconf 92' lang='lat'><strong>;</strong></span> <span class='ocrx_word' id='word_1_815' title='bbox 3144 4736 3245 4775; x_wconf 92' lang='lat' dir='ltr'><strong>nec</strong></span> <span class='ocrx_word' id='word_1_816' title='bbox 3273 4737 3306 4775; x_wconf 85' lang='lat' dir='ltr'><strong>a</strong></span> <span class='ocrx_word' id='word_1_817' title='bbox 3333 4738 3391 4776; x_wconf 89' lang='lat' dir='ltr'><strong>se</strong></span> <span class='ocrx_word' id='word_1_818' title='bbox 3416 4722 3662 4789; x_wconf 85' lang='lat' dir='ltr'><strong>invicem,</strong></span> <span class='ocrx_word' id='word_1_819' title='bbox 3689 4724 3776 4781; x_wconf 84' lang='lat' dir='ltr'><strong>vel</strong></span> 
     </span>
    </p>
   </div>
   <div class='ocr_carea' id='block_1_104' title="bbox 2191 4808 3777 4908">
    <p class='ocr_par' dir='ltr' id='par_1_104' title="bbox 2191 4808 3777 4908">
     <span class='ocr_line' id='line_1_104' title="bbox 2191 4808 3777 4908; baseline 0.001 -39"><span class='ocrx_word' id='word_1_820' title='bbox 2191 4808 2509 4908; x_wconf 42' lang='lat' dir='ltr'><strong>sulisla‘nlia,</strong></span> <span class='ocrx_word' id='word_1_821' title='bbox 2538 4815 2624 4870; x_wconf 77' lang='lat' dir='ltr'><strong>vel</strong></span> <span class='ocrx_word' id='word_1_822' title='bbox 2646 4815 2928 4885; x_wconf 81' lang='lat' dir='ltr'><strong>majestate</strong></span> <span class='ocrx_word' id='word_1_823' title='bbox 2948 4815 3166 4870; x_wconf 87' lang='lat' dir='ltr'><strong>distare.</strong></span> <span class='ocrx_word' id='word_1_824' title='bbox 3198 4809 3347 4870; x_wconf 84' lang='lat' dir='ltr'><strong>Licet</strong></span> <span class='ocrx_word' id='word_1_825' title='bbox 3368 4827 3496 4885; x_wconf 75' lang='lat' dir='ltr'><strong>ergo</strong></span> <span class='ocrx_word' id='word_1_826' title='bbox 3525 4815 3777 4871; x_wconf 77' lang='lat' dir='ltr'><strong>conﬁtea-</strong></span> 
     </span>
    </p>
   </div>
   <div class='ocr_carea' id='block_1_105' title="bbox 2191 4893 3780 4984">
    <p class='ocr_par' dir='ltr' id='par_1_105' title="bbox 2191 4893 3780 4984">
     <span class='ocr_line' id='line_1_105' title="bbox 2191 4893 3780 4984; baseline -0.001 -19"><span class='ocrx_word' id='word_1_827' title='bbox 2191 4919 2313 4966; x_wconf 87' lang='lat' dir='ltr'><strong>mur</strong></span> <span class='ocrx_word' id='word_1_828' title='bbox 2341 4893 2533 4965; x_wconf 66' lang='lat' dir='ltr'><strong>Filium</strong></span> <span class='ocrx_word' id='word_1_829' title='bbox 2557 4909 2850 4984; x_wconf 84' lang='lat' dir='ltr'><strong>secundum</strong></span> <span class='ocrx_word' id='word_1_830' title='bbox 2879 4915 3094 4964; x_wconf 83' lang='lat' dir='ltr'><strong>carnem</strong></span> <span class='ocrx_word' id='word_1_831' title='bbox 3121 4917 3188 4964; x_wconf 78' lang='lat' dir='ltr'><strong>ex</strong></span> <span class='ocrx_word' id='word_1_832' title='bbox 3217 4916 3370 4962; x_wconf 83' lang='lat' dir='ltr'><strong>utero</strong></span> <span class='ocrx_word' id='word_1_833' title='bbox 3398 4898 3630 4979; x_wconf 73' lang='lat' dir='ltr'><strong>Virginis</strong></span> <span class='ocrx_word' id='word_1_834' title='bbox 3648 4917 3780 4980; x_wconf 86' lang='lat' dir='ltr'><strong>pro-</strong></span> 
     </span>
    </p>
   </div>
   <div class='ocr_carea' id='block_1_106' title="bbox 2149 5001 3776 5080">
    <p class='ocr_par' dir='ltr' id='par_1_106' title="bbox 2149 5001 3776 5080">
     <span class='ocr_line' id='line_1_106' title="bbox 2149 5001 3776 5080; baseline -0.001 -21"><span class='ocrx_word' id='word_1_835' title='bbox 2149 5075 2156 5080; x_wconf 82' lang='lat'><strong><em>_</em></strong></span> <span class='ocrx_word' id='word_1_836' title='bbox 2190 5011 2449 5067; x_wconf 87' lang='lat' dir='ltr'><strong>creatum,</strong></span> <span class='ocrx_word' id='word_1_837' title='bbox 2488 5013 2595 5058; x_wconf 91' lang='lat' dir='ltr'><strong>non</strong></span> <span class='ocrx_word' id='word_1_838' title='bbox 2626 5006 2804 5058; x_wconf 79' lang='lat' dir='ltr'><strong>tamen</strong></span> <span class='ocrx_word' id='word_1_839' title='bbox 2831 5002 3146 5071; x_wconf 83' lang='lat' dir='ltr'><strong>ambigimns</strong></span> <span class='ocrx_word' id='word_1_840' title='bbox 3168 5001 3241 5055; x_wconf 82' lang='lat' dir='ltr'><strong>de</strong></span> <span class='ocrx_word' id='word_1_841' title='bbox 3294 5009 3448 5056; x_wconf 85' lang='lat' dir='ltr'><strong>utero</strong></span> <span class='ocrx_word' id='word_1_842' title='bbox 3497 5001 3696 5071; x_wconf 82' lang='lat' dir='ltr'><strong>Patris,</strong></span> <span class='ocrx_word' id='word_1_843' title='bbox 3724 5003 3776 5058; x_wconf 91' lang='lat' dir='ltr'><strong>id</strong></span> 
     </span>
    </p>
   </div>
   <div class='ocr_carea' id='block_1_107' title="bbox 2198 5092 3782 5162">
    <p class='ocr_par' dir='ltr' id='par_1_107' title="bbox 2198 5092 3782 5162">
     <span class='ocr_line' id='line_1_107' title="bbox 2198 5092 3782 5162; baseline 0.001 -13"><span class='ocrx_word' id='word_1_844' title='bbox 2198 5103 2282 5150; x_wconf 88' lang='lat' dir='ltr'><strong>est</strong></span> <span class='ocrx_word' id='word_1_845' title='bbox 2305 5095 2374 5150; x_wconf 91' lang='lat' dir='ltr'><strong>de</strong></span> <span class='ocrx_word' id='word_1_846' title='bbox 2395 5093 2570 5151; x_wconf 84' lang='lat' dir='ltr'><strong>Patris</strong></span> <span class='ocrx_word' id='word_1_847' title='bbox 2608 5095 2903 5150; x_wconf 88' lang='lat' dir='ltr'><strong>substantia</strong></span> <span class='ocrx_word' id='word_1_848' title='bbox 2929 5094 3188 5162; x_wconf 88' lang='lat' dir='ltr'><strong>genitum,</strong></span> <span class='ocrx_word' id='word_1_849' title='bbox 3219 5092 3326 5148; x_wconf 89' lang='lat' dir='ltr'><strong>imo</strong></span> <span class='ocrx_word' id='word_1_850' title='bbox 3353 5095 3431 5149; x_wconf 88' lang='lat' dir='ltr'><strong>sic</strong></span> <span class='ocrx_word' id='word_1_851' title='bbox 3457 5093 3782 5152; x_wconf 80' lang='lat' dir='ltr'><strong>cenﬁtemur</strong></span> 
     </span>
    </p>
   </div>
   <div class='ocr_carea' id='block_1_108' title="bbox 2189 5181 3780 5251">
    <p class='ocr_par' dir='ltr' id='par_1_108' title="bbox 2189 5181 3780 5251">
     <span class='ocr_line' id='line_1_108' title="bbox 2189 5181 3780 5251; baseline 0.001 -8"><span class='ocrx_word' id='word_1_852' title='bbox 2189 5189 2380 5244; x_wconf 82' lang='lat' dir='ltr'><strong>Filium</strong></span> <span class='ocrx_word' id='word_1_853' title='bbox 2408 5187 2477 5243; x_wconf 89' lang='lat' dir='ltr'><strong>de</strong></span> <span class='ocrx_word' id='word_1_854' title='bbox 2511 5198 2532 5227; x_wconf 75' lang='grc' dir='ltr'><strong>ε</strong></span> <span class='ocrx_word' id='word_1_855' title='bbox 2565 5195 2720 5243; x_wconf 85' lang='lat' dir='ltr'><strong>utero</strong></span> <span class='ocrx_word' id='word_1_856' title='bbox 2743 5187 2836 5242; x_wconf 87' lang='lat' dir='ltr'><strong>Dei</strong></span> <span class='ocrx_word' id='word_1_857' title='bbox 2861 5181 3047 5240; x_wconf 77' lang='lat' dir='ltr'><strong>verum</strong></span> <span class='ocrx_word' id='word_1_858' title='bbox 3071 5185 3237 5242; x_wconf 89' lang='lat' dir='ltr'><strong>Deum</strong></span> <span class='ocrx_word' id='word_1_859' title='bbox 3257 5194 3441 5241; x_wconf 88' lang='lat' dir='ltr'><strong>natum</strong></span> <span class='ocrx_word' id='word_1_860' title='bbox 3468 5203 3607 5251; x_wconf 87' lang='lat' dir='ltr'><strong>esse,</strong></span> <span class='ocrx_word' id='word_1_861' title='bbox 3637 5189 3780 5246; x_wconf 89' lang='lat' dir='ltr'><strong>sicut</strong></span> 
     </span>
    </p>
   </div>
   <div class='ocr_carea' id='block_1_109' title="bbox 2187 5264 3777 5356">
    <p class='ocr_par' dir='ltr' id='par_1_109' title="bbox 2187 5264 3777 5356">
     <span class='ocr_line' id='line_1_109' title="bbox 2187 5264 3777 5356; baseline -0.003 -19"><span class='ocrx_word' id='word_1_862' title='bbox 2187 5281 2255 5337; x_wconf 89' lang='lat' dir='ltr'><strong>de</strong></span> <span class='ocrx_word' id='word_1_863' title='bbox 2302 5264 2538 5356; x_wconf 78' lang='lat' dir='ltr'><strong>Virginis</strong></span> <span class='ocrx_word' id='word_1_864' title='bbox 2592 5288 2748 5334; x_wconf 91' lang='lat' dir='ltr'><strong>utero</strong></span> <span class='ocrx_word' id='word_1_865' title='bbox 2779 5289 2964 5333; x_wconf 82' lang='lat' dir='ltr'><strong>verum</strong></span> <span class='ocrx_word' id='word_1_866' title='bbox 3014 5291 3122 5330; x_wconf 91' lang='lat' dir='ltr'><strong>non</strong></span> <span class='ocrx_word' id='word_1_867' title='bbox 3168 5275 3474 5332; x_wconf 85' lang='lat' dir='ltr'><strong>dubitamus</strong></span> <span class='ocrx_word' id='word_1_868' title='bbox 3502 5277 3777 5332; x_wconf 82' lang='lat' dir='ltr'><strong>hominem</strong></span> 
     </span>
    </p>
   </div>
   <div class='ocr_carea' id='block_1_110' title="bbox 2187 5358 3779 5444">
    <p class='ocr_par' dir='ltr' id='par_1_110' title="bbox 2187 5358 3779 5444">
     <span class='ocr_line' id='line_1_110' title="bbox 2187 5358 3779 5444; baseline -0.003 -18"><span class='ocrx_word' id='word_1_869' title='bbox 2187 5371 2535 5444; x_wconf 87' lang='lat' dir='ltr'><strong>processisse,</strong></span> <span class='ocrx_word' id='word_1_870' title='bbox 2566 5385 2648 5432; x_wconf 46' lang='lat' dir='ltr'><strong>ne.</strong></span> <span class='ocrx_word' id='word_1_871' title='bbox 2667 5367 2831 5438; x_wconf 83' lang='lat' dir='ltr'><strong>(quod</strong></span> <span class='ocrx_word' id='word_1_872' title='bbox 2861 5358 3024 5440; x_wconf 84' lang='lat' dir='ltr'><strong>absit)</strong></span> <span class='ocrx_word' id='word_1_873' title='bbox 3052 5366 3096 5437; x_wconf 82' lang='lat' dir='ltr'><strong>si</strong></span> <span class='ocrx_word' id='word_1_874' title='bbox 3149 5365 3216 5441; x_wconf 80' lang='lat' dir='ltr'><strong>de</strong></span> <span class='ocrx_word' id='word_1_875' title='bbox 3248 5364 3449 5425; x_wconf 85' lang='lat' dir='ltr'><strong>.matris</strong></span> <span class='ocrx_word' id='word_1_876' title='bbox 3477 5365 3779 5440; x_wconf 73' lang='lat' dir='ltr'><strong>sub&#39;stan&#39;tia</strong></span> 
     </span>
    </p>
   </div>
   <div class='ocr_carea' id='block_1_111' title="bbox 2191 5457 3780 5529">
    <p class='ocr_par' dir='ltr' id='par_1_111' title="bbox 2191 5457 3780 5529">
     <span class='ocr_line' id='line_1_111' title="bbox 2191 5457 3780 5529; baseline -0.002 -11"><span class='ocrx_word' id='word_1_877' title='bbox 2191 5477 2349 5518; x_wconf 86' lang='lat' dir='ltr'><strong>verus</strong></span> <span class='ocrx_word' id='word_1_878' title='bbox 2370 5461 2535 5518; x_wconf 86' lang='lat' dir='ltr'><strong>homo</strong></span> <span class='ocrx_word' id='word_1_879' title='bbox 2561 5467 2718 5516; x_wconf 85' lang='lat' dir='ltr'><strong>natus</strong></span> <span class='ocrx_word' id='word_1_880' title='bbox 2743 5457 2990 5520; x_wconf 78' lang='lat' dir='ltr'><strong>credatur</strong></span> <span class='ocrx_word' id='word_1_881' title='bbox 3005 5497 3030 5524; x_wconf 90' lang='lat'><strong>,_</strong></span> <span class='ocrx_word' id='word_1_882' title='bbox 3053 5466 3109 5518; x_wconf 87' lang='lat' dir='ltr'><strong>et</strong></span> <span class='ocrx_word' id='word_1_883' title='bbox 3135 5473 3295 5529; x_wconf 87' lang='lat' dir='ltr'><strong>verus</strong></span> <span class='ocrx_word' id='word_1_884' title='bbox 3323 5458 3466 5515; x_wconf 90' lang='lat' dir='ltr'><strong>Deus</strong></span> <span class='ocrx_word' id='word_1_885' title='bbox 3491 5460 3558 5513; x_wconf 88' lang='lat' dir='ltr'><strong>de</strong></span> <span class='ocrx_word' id='word_1_886' title='bbox 3602 5457 3780 5528; x_wconf 83' lang='lat' dir='ltr'><strong>Patris</strong></span> 
     </span>
    </p>
   </div>
   <div class='ocr_carea' id='block_1_112' title="bbox 2189 5551 3766 5621">
    <p class='ocr_par' dir='ltr' id='par_1_112' title="bbox 2189 5551 3766 5621">
     <span class='ocr_line' id='line_1_112' title="bbox 2189 5551 3766 5621; baseline -0.004 -11"><span class='ocrx_word' id='word_1_887' title='bbox 2189 5555 2487 5610; x_wconf 89' lang='lat' dir='ltr'><strong>substantia</strong></span> <span class='ocrx_word' id='word_1_888' title='bbox 2517 5553 2830 5621; x_wconf 89' lang='lat' dir='ltr'><strong>denegetur,</strong></span> <span class='ocrx_word' id='word_1_889' title='bbox 2860 5552 3040 5621; x_wconf 89' lang='lat' dir='ltr'><strong>potior</strong></span> <span class='ocrx_word' id='word_1_890' title='bbox 3067 5551 3362 5608; x_wconf 81' lang='lat' dir='ltr'><strong>aestimetur</strong></span> <span class='ocrx_word' id='word_1_891' title='bbox 3403 5552 3634 5614; x_wconf 83' lang='lat' dir='ltr'><strong>humana</strong></span> <span class='ocrx_word' id='word_1_892' title='bbox 3665 5567 3766 5605; x_wconf 85' lang='lat' dir='ltr'><strong>na-</strong></span> 
     </span>
    </p>
   </div>
   <div class='ocr_carea' id='block_1_113' title="bbox 2184 5628 3772 5716">
    <p class='ocr_par' dir='ltr' id='par_1_113' title="bbox 2184 5628 3772 5716">
     <span class='ocr_line' id='line_1_113' title="bbox 2184 5628 3772 5716; baseline -0.003 -16"><span class='ocrx_word' id='word_1_893' title='bbox 2184 5653 2304 5700; x_wconf 87' lang='lat' dir='ltr'><strong>tura</strong></span> <span class='ocrx_word' id='word_1_894' title='bbox 2339 5660 2458 5715; x_wconf 81' lang='lat' dir='ltr'><strong>qu:e</strong></span> <span class='ocrx_word' id='word_1_895' title='bbox 2497 5642 2548 5698; x_wconf 88' lang='lat' dir='ltr'><strong>id</strong></span> <span class='ocrx_word' id='word_1_896' title='bbox 2598 5641 2740 5714; x_wconf 87' lang='lat' dir='ltr'><strong>quod</strong></span> <span class='ocrx_word' id='word_1_897' title='bbox 2769 5650 2851 5697; x_wconf 87' lang='lat' dir='ltr'><strong>est</strong></span> <span class='ocrx_word' id='word_1_898' title='bbox 2880 5628 3367 5716; x_wconf 83' lang='lat' dir='ltr'><strong>precrearepotuit</strong></span> <span class='ocrx_word' id='word_1_899' title='bbox 3391 5657 3552 5712; x_wconf 87' lang='lat' dir='ltr'><strong>quam</strong></span> <span class='ocrx_word' id='word_1_900' title='bbox 3593 5642 3772 5696; x_wconf 82' lang='lat' dir='ltr'><strong>divina</strong></span> 
     </span>
    </p>
   </div>
   <div class='ocr_carea' id='block_1_114' title="bbox 2173 5723 3774 5807">
    <p class='ocr_par' dir='ltr' id='par_1_114' title="bbox 2173 5723 3774 5807">
     <span class='ocr_line' id='line_1_114' title="bbox 2173 5723 3774 5807; baseline -0.005 -14"><span class='ocrx_word' id='word_1_901' title='bbox 2173 5729 2508 5803; x_wconf 76' lang='lat' dir='ltr'><strong>substantia,</strong></span> <span class='ocrx_word' id='word_1_902' title='bbox 2535 5751 2655 5807; x_wconf 64' lang='lat' dir='ltr'><strong>quae</strong></span> <span class='ocrx_word' id='word_1_903' title='bbox 2705 5728 2890 5789; x_wconf 74' lang='lat' dir='ltr'><strong>veram</strong></span> <span class='ocrx_word' id='word_1_904' title='bbox 2938 5723 3106 5791; x_wconf 86' lang='lat' dir='ltr'><strong>Deum</strong></span> <span class='ocrx_word' id='word_1_905' title='bbox 3156 5747 3415 5803; x_wconf 80' lang='lat' dir='ltr'><strong>generare</strong></span> <span class='ocrx_word' id='word_1_906' title='bbox 3445 5731 3550 5788; x_wconf 79' lang='lat' dir='ltr'><strong>non</strong></span> <span class='ocrx_word' id='word_1_907' title='bbox 3586 5732 3774 5788; x_wconf 85' lang='lat' dir='ltr'><strong>valuit.</strong></span> 
     </span>
    </p>
   </div>
   <div class='ocr_carea' id='block_1_115' title="bbox 503 5851 3359 5987">
    <p class='ocr_par' dir='ltr' id='par_1_115' title="bbox 503 5851 3359 5987">
     <span class='ocr_line' id='line_1_115' title="bbox 503 5851 3359 5987; baseline 0 -39"><span class='ocrx_word' id='word_1_908' title='bbox 503 5851 509 5873; x_wconf 29' lang='grc' dir='ltr'>τ</span> <span class='ocrx_word' id='word_1_909' title='bbox 563 5902 587 5931; x_wconf 77' lang='grc' dir='ltr'>ι</span> <span class='ocrx_word' id='word_1_910' title='bbox 617 5893 714 5987; x_wconf 55' lang='lat' dir='ltr'><strong>bis.</strong></span> <span class='ocrx_word' id='word_1_911' title='bbox 745 5892 931 5959; x_wconf 90' lang='lat' dir='ltr'><strong>Corb.,</strong></span> <span class='ocrx_word' id='word_1_912' title='bbox 959 5893 1398 5961; x_wconf 82' lang='lat' dir='ltr'><strong>adinjuriandum</strong></span> <span class='ocrx_word' id='word_1_913' title='bbox 1417 5859 1609 5949; x_wconf 78' lang='lat' dir='ltr'><strong>&#39;Deum.</strong></span> <span class='ocrx_word' id='word_1_914' title='bbox 1685 5851 2088 5965; x_wconf 28' lang='lat' dir='ltr'><strong>Illis-Corb.,</strong></span> <span class='ocrx_word' id='word_1_915' title='bbox 2117 5861 2517 5953; x_wconf 70' lang='lat' dir='ltr'><strong>consuetudinis.</strong></span> <span class='ocrx_word' id='word_1_916' title='bbox 2585 5859 2620 5936; x_wconf 29' lang='grc' dir='ltr'><strong>ὀ</strong></span> <span class='ocrx_word' id='word_1_917' title='bbox 2655 5871 2753 5949; x_wconf 74' lang='lat' dir='ltr'><strong>bis.</strong></span> <span class='ocrx_word' id='word_1_918' title='bbox 2783 5855 2970 5958; x_wconf 82' lang='lat' dir='ltr'><strong>Gorb.,</strong></span> <span class='ocrx_word' id='word_1_919' title='bbox 3001 5894 3064 5949; x_wconf 82' lang='lat' dir='ltr'><strong>de</strong></span> <span class='ocrx_word' id='word_1_920' title='bbox 3091 5910 3217 5951; x_wconf 77' lang='lat' dir='ltr'><strong>vero</strong></span> <span class='ocrx_word' id='word_1_921' title='bbox 3233 5893 3359 5949; x_wconf 87' lang='lat' dir='ltr'><strong>Deo.</strong></span> 
     </span>
    </p>
   </div>
  </div>
