4072 6332
354 373 451 446 te:

1495 350 1868 454 aggressa
1905 374 2180 456 comas
2220 388 2535 455 AMANOS.

3541 411 3644 474 222

424 505 661 584 Objectio
691 493 775 564 ill.
805 493 926 564 Non
964 507 1046 564 est
1077 507 1352 564 minimum
1385 509 1477 582 (al.
1507 511 1751 582 nimium)
1779 513 1946 569 dede-
1979 497 2032 579 Α
2058 507 2154 570 lor.
2190 505 2507 570 Ernbesrent
2534 523 2584 570 et
2610 515 2871 589 pudebunt
2898 538 3073 578 omnes
3098 524 3183 598 qui
3214 518 3549 582 adversantur
3574 534 3641 600 ei,

352 600 466 671 bus,
500 601 560 659 ul
589 601 864 658 fraudibus
893 599 1124 672 propriis
1152 599 1451 671 decipiatur
1480 601 1618 658 male
1649 601 1950 673 intelligens

351 699 588 765 animus,
642 693 702 750 ut
748 681 1035 763 aliquando
1079 693 1185 749 duo
1230 693 1476 749 dicantur
1505 710 1622 750 esse
1656 697 1811 763 anus,
1845 693 1946 750 ali-

349 783 570 863 Quando
614 789 722 842 tres
768 797 926 841 unus.
980 781 1229 854 Nunquid
1273 791 1379 840 non
1429 786 1662 840 occurrit
1706 784 1950 841 beneﬁcii

349 895 567 947 munus,
586 877 806 952 quando
827 896 966 934 unus
987 875 1093 934 non
1121 887 1204 934 est
1227 883 1354 958 cum
1373 878 1582 934 duobus
1604 863 1951 958 designatus‘.3

350 967 668 1030 Ludibrium
736 973 820 1027 est
866 961 1092 1026 credere
1158 985 1226 1025 ex
1271 955 1440 1027 tribus
1484 971 1727 1041 partibus
1775 955 1946 1026 Deiiin

348 1067 518 1122 unum
570 1065 843 1132 censtare,
886 1077 1006 1118 cum
1039 1061 1213 1118 adhuc
1245 1059 1412 1135 (quod
1442 1063 1595 1134 peju‘s
1623 1065 1726 1134 est)
1755 1059 1951 1119 dicitur

349 1157 418 1215 de
443 1159 522 1214 eis
556 1137 808 1232 quodlasic
850 1153 1150 1232 eredendus
1179 1162 1262 1211 est
1306 1155 1442 1211 unus
1475 1157 1633 1223 Dens,
1687 1159 1812 1213 eum
1841 1159 1948 1214 non

349 1247 420 1309 sit
449 1252 567 1321 ipse
595 1231 760 1304 Pater
787 1247 881 1319 qui
905 1231 1090 1313 Filili's,
1121 1251 1230 1302 nbn
1262 1248 1376 1318 ipse
1400 1247 1566 1303 Filius
1597 1250 1690 1319 qui
1719 1247 1949 1320 Spiritus

349 1337 604 1407 satietas;
654 1333 943 1408 debuihus
991 1323 1315 1408 proﬁtentur
1343 1335 1669 1395 differentias
1708 1340 1847 1396 inter
1889 1355 1949 1396 se

350 1431 576 1498 habere,
609 1417 872 1486 honorem
903 1433 1033 1484 vero
1060 1427 1425 1499 unusquisque
1454 1433 1609 1485 Suum
1652 1435 1758 1486 nbn
1789 1447 1949 1502 posse

349 1509 573 1589 habere,
625 1515 728 1576 iilsl
771 1506 1064 1590 malignum
1099 1530 1288 1590 pectus
1316 1533 1410 1575 eos
1438 1521 1490 1576 in
1523 1521 1629 1575 tino
1659 1520 1770 1578 Deo
1795 1523 1947 1578 inve-

354 1613 530 1674 niatur
559 1596 837 1685 copulare.
1109 1624 1112 1626 ‘

426 1707 735 1781 Responsio.
770 1689 940 1781 Nullis
978 1699 1274 1770 fraudibus,
1316 1714 1408 1761 aut
1436 1705 1668 1776 propriis
1695 1714 1788 1760 aut
1817 1707 1946 1761 alie-

350 1801 463 1870 his,
489 1780 750 1869 decipitur
779 1800 869 1869 qui
897 1780 1067 1853 Deum
1098 1797 1261 1852 unum
1292 1799 1369 1852 sic
1397 1797 1544 1864 colit,
1601 1805 1660 1852 ut
1690 1797 1742 1852 in
1771 1797 1946 1852 Trini-

2054 614 2103 660 et
2131 607 2274 661 ibunt
2304 611 2419 662 cum’
2449 611 2754 681 confusione
2784 607 2971 682 (Ibid.,
3007 607 3094 683 i4,
3143 626 3192 670 et
3220 617 3372 690 seq.).
3409 611 3546 674 Ecce
3590 622 3642 675 in

2055 695 2175 769 ipso
2210 707 2292 755 est
2318 697 2481 767 Deus,
2509 711 2562 756 et
2585 712 2777 773 pneter
2805 703 2980 775 ipsum
3014 723 3120 762 non
3151 718 3235 764 est
3264 693 3422 776 Deus,
3449 721 3502 765 et
3533 713 3644 782 ipse

2055 801 2139 847 est
2183 787 2325 873 Deus
2373 791 2536 848 Israel
2584 793 2852 851 Salvator.
2928 798 3190 869 Superius
3233 811 3414 857 autem
3465 803 3508 858 is
3554 807 3644 873 qui

2056 875 2191 937 dixit
2218 871 2362 955 :Ego
2385 875 2544 952 Deus,
2577 896 2626 942 et
2655 903 2758 943 non
2780 895 2856 946 est
2883 889 3016 945 alius
3038 902 3226 962 praeter
3247 912 3348 963 me,
3370 871 3641 965 adjunxit:

2021 1051 2024 1053 Α
2051 978 2233 1033 Justus
2263 988 2311 1033 et
2337 980 2566 1048 salvans,
2601 998 2706 1037 non
2734 993 2808 1060 est
2830 985 2962 1040 alius
2983 997 3171 1055 prteter
3192 1004 3287 1040 me.
3315 987 3444 1054 Quis
3465 996 3646 1043 autem

2049 1067 2228 1140 justus
2254 1080 2355 1138 est,
2389 1071 2491 1126 nisi
2520 1073 2606 1128 cui
2636 1072 2802 1128 David
2830 1075 2958 1131 dicit
2983 1096 2994 1129 :
3023 1074 3264 1132 Dileaisti
3285 1078 3566 1148 justitiam,
3597 1088 3646 1134 et

2053 1161 2214 1217 odisti
2241 1165 2563 1242 iniquitatem
2596 1165 2768 1250 (I’sal7
2805 1184 2946 1236 κων,
2978 1165 3076 1240 8)?
3105 1170 3235 1236 Quis
3276 1187 3406 1250 vero
3432 1179 3513 1227 est
3541 1172 3648 1226 sal-

2051 1269 2206 1320 vans,
2251 1255 2350 1310 nisi
2381 1253 2446 1310 de
2474 1271 2581 1326 quo
2613 1241 2833 1324 angelus
2856 1258 2909 1312 in
2948 1259 3151 1314 somnis
3181 1258 3247 1314 ad
3271 1241 3472 1331 .loseph
3499 1261 3673 1332 locus

2034 1337 2140 1414 dtus
2168 1339 2270 1412 esl,
2299 1345 2481 1402 dicens
2507 1364 2518 1399 :
2542 1346 2734 1418 Joseplt
2766 1346 2872 1402 Fili
2904 1348 3073 1404 David
3091 1394 3106 1418 ,
3156 1353 3262 1406 noli
3304 1355 3482 1407 timere
3502 1353 3529 1392 ι’
3557 1371 3646 1407 ac-

2053 1433 2221 1505 cipere
2250 1435 2475 1489 Mariam
2499 1437 2768 1507 conjugem
2795 1445 2958 1506 tuam,
2982 1427 3118 1510 quod
3141 1440 3275 1494 enim
3302 1442 3355 1494 in
3384 1459 3445 1495 ea
3467 1451 3647 1495 natum

2053 1535 2152 1592 est,
2181 1521 2243 1578 de
2274 1524 2473 1596 Spiritu
2499 1535 2680 1581 sancto
2705 1537 2780 1580 est
2808 1544 2826 1581 :
2859 1525 3027 1597 pariét
3057 1537 3226 1582 autem
3265 1531 3452 1599 ﬁlium,
3485 1542 3531 1584 et
3553 1548 3644 1586 vo-

2053 1615 2195 1669 cabis
2218 1633 2401 1670 nomen
2433 1616 2544 1688 ejus
2572 1613 2749 1671 Jesum
2776 1657 2791 1684 ,
2823 1617 2931 1687 ipse
2959 1619 3096 1672 enim
3138 1619 3336 1674 salvum
3363 1621 3518 1691 faciet
3548 1640 3644 1692 po-

2053 1711 2228 1778 pulant
2259 1725 2405 1762 suum
2429 1726 2458 1761 α
2483 1703 2704 1779 peccatis
2728 1727 2903 1764 eorum
2928 1700 3144 1782 (Matth.
3174 1727 3213 1780 ι,
3241 1701 3366 1782 90)?
3390 1709 3487 1767 Cui
3519 1728 3646 1770 vero

2053 1801 2305 1853 convenit
2334 1800 2512 1854 dicere
2541 1820 2551 1853 :
2583 1801 2950 1856 Convertimini
2989 1799 3058 1856 ad
3095 1821 3194 1870 me,
3245 1814 3295 1858 et
3327 1805 3458 1860 salvi
3479 1807 3644 1871 eritis,

354 1891 472 1949 tate
501 1891 724 1954 noverit,
759 1905 857 1948 nec
885 1875 1146 1960 personas
1170 1887 1520 1955 confundere,
1555 1891 1653 1944 nec
1697 1887 1949 1944 substan-
1980 1879 2030 1961 ﬁ
2055 1891 2176 1959 quia
2204 1888 2266 1941 ab
2290 1900 2518 1944 extremo
2551 1901 2699 1945 terra:
2728 1910 2819 1963 ego
2849 1910 2963 1946 sum
2991 1891 3153 1958 Detts,
3186 1903 3234 1949 et
3263 1912 3363 1950 non
3397 1905 3473 1950 est
3513 1891 3648 1951 alius

355 1988 483 2042 tiam
512 1985 780 2054 separare.
833 1975 902 2036 Et
927 1969 1073 2036 illam
1101 1987 1264 2036 unam
1295 1980 1543 2035 naturam
1585 1981 1747 2034 unum
1778 1981 1947 2036 Deum

349 2073 619 2145 intelligit,
670 2073 726 2128 in
754 2085 857 2145 qua
880 2072 1237 2128 aeternitatem
1267 2083 1406 2127 vene
1447 2069 1739 2126 divinitatis
1781 2087 1949 2141 agno-

347 2169 451 2226 Scit
476 2188 489 2236 ;
510 2164 707 2224 dicitur
736 2167 878 2222 enim
910 2163 1269 2231 nobiszAudi,
1305 2161 1495 2232 Israel,
1530 2159 1792 2218 Dominus
1809 2163 1947 2219 Deus

348 2259 484 2329 tuus,
518 2257 774 2317 Dominus
796 2261 930 2314 unus
951 2263 1025 2314 est
1053 2253 1230 2329 (Deut.
1257 2271 1328 2320 vt,
1359 2256 1435 2329 4).
1461 2255 1596 2312 Item
1627 2249 1946 2336 :IDominum

345 2355 516 2411 Deum
563 2341 706 2408 tuum
751 2349 1014 2418 adorabis,
1050 2351 1106 2404 et
1138 2343 1216 2404 illi
1259 2339 1360 2404 soli
1387 2351 1574 2403 servies
1607 2337 1795 2420 (lbid.,
1832 2341 1943 2419 15).

346 2433 503 2514 Quod
533 2429 578 2502 si
607 2431 894 2501 Dominum
925 2431 1092 2499 Deum
1120 2442 1295 2497 Solam
1328 2428 1541 2497 Patrem
1579 2441 1828 2512 accipere
1854 2439 1948 2494 de-

251 2522 264 2536 ’
346 2538 559 2607 bemus,
609 2527 747 2593 Filio
776 2533 906 2605 ergo
947 2543 1050 2592 nec
1076 2541 1135 2591 ut
1157 2529 1279 2605 Deo
1324 2535 1642 2603 serviamus,
1675 2551 1776 2591 nec
1821 2541 1948 2591 eum

270 2694 274 2699 ,
345 2629 702 2708 adoremus,
744 2616 1001 2700 dilldqui'd
1049 2623 1194 2685 enim
1225 2613 1293 2683 ad
1336 2629 1592 2704 naturain
1614 2619 1826 2683 Domini
1851 2614 1954 2683 Dei-

347 2715 523 2778 solius
571 2733 680 2776 non
710 2709 948 2790 pertinet
971 2725 1030 2772 ut
1057 2717 1201 2774 Deus
1224 2733 1253 2772 a
1284 2715 1438 2772 nobis
1461 2717 1675 2773 aderari
1714 2719 1821 2773 nan
1853 2711 1947 2773 de-

344 2803 458 2871 bet.
489 2807 628 2881 Quid
657 2800 845 2868 autem‘
864 2801 1059 2867 dicturi
1087 2811 1272 2865 sumus
1293 2809 1361 2864 de
1385 2803 1542 2878 Filio,
1565 2811 1726 2880 quem
1755 2807 1808 2864 in
1837 2811 1947 2866 cae;

347 2895 416 2960 iis
437 2885 615 2975 angeli
655 2901 952 2978 omnesque
983 2897 1209 2970 virtutes
1232 2901 1464 2978 adorant
1502 2908 1716 2974 semper
1750 2909 1805 2958 et
1829 2901 1947 2958 lau-

348 2974 524 3065 dant,
553 2975 818 3052 intantum
849 3005 908 3050 ut
937 2997 1099 3051 etiam
1132 2991 1184 3050 i'n
1232 2974 1408 3049 l‘orma
1436 2991 1576 3050 servi
1607 2981 1862 3067 positum,
1892 3005 1949 3052 et

345 3086 572 3162 propter
628 3087 935 3159 passionem
982 3068 1188 3143 mortis‘
1219 3086 1380 3159 paulo
1424 3086 1600 3141 minus
1647 3085 1714 3141 ab
1744 3087 1947 3157 angelis

344 3181 699 3251 minoratum,
723 3179 949 3238 adorare
967 3177 1140 3249 angeli
1160 3177 1475 3250 iubeantur,
1496 3167 1677 3252 Moyse
1701 3177 1941 3235 dicente:
1977 3206 1980 3210 -

2057 1979 2210 2053 (Isai.
2239 2000 2359 2047 XLV,
2391 1977 2503 2053 “22),
2536 1983 2634 2038 nisi
2659 1973 2832 2039 Filio?
2861 1985 2927 2041 de
2954 2002 3060 2058 quo
3091 1977 3260 2042 David
3286 1987 3434 2054 dicit,
3464 1987 3647 2043 Remi-

2053 2069 2318 2125 niscentur
2359 2082 2407 2126 et
2449 2075 2805 2128 convertentur
2849 2075 2916 2128 ad
2945 2075 3225 2130 Dominum
3253 2079 3479 2132 universi
3515 2079 3648 2148 fines

2052 2169 2223 2226 teme,
2273 2171 2322 2216 et
2368 2161 2658 2218 adorabunt
2695 2167 2749 2218 in
2780 2175 3053 2237 conspectu
3094 2163 3203 2238 ejus
3253 2185 3426 2223 omnes
3463 2169 3648 2241 patritt

2051 2255 2279 2324 gentium
2323 2253 2496 2326 (Psal.
2540 2271 2650 2321 xxi,
2685 2254 2798 2328 58).
2848 2255 3005 2324 Quod
3046 2273 3174 2327 ergo
3217 2258 3463 2329 sequitur
3505 2258 3649 2314 :Per

2055 2350 2406 2418 memetipsum
2455 2347 2545 2419 (al.
2571 2348 2845 2420 meipsum)
2889 2367 3032 2420 jura,
3064 2351 3184 2420 quis
3214 2337 3321 2408 hoc
3348 2342 3648 2417 credendus

2052 2445 2136 2512 est
2162 2437 2363 2506 dicere,
2396 2437 2497 2493 nisi
2520 2440 2613 2509 qui
2642 2439 2745 2516 hoc
2773 2439 2935 2495 modo
2963 2437 3232 2497 invenitur
3261 2427 3492 2498 Abrahae
3521 2451 3646 2500 ante

2046 2527 2297 2600 jurasse?
2338 2527 2492 2585 l-lnne
2521 2539 2702 2584 autem
2734 2548 2843 2585 non
2872 2525 3106 2608 Patrem,
3155 2519 3248 2588 sed
3277 2529 3468 2588 Filium
3496 2551 3646 2590 asse-

2051 2619 2198 2684 ru'nt,
2224 2619 2314 2687 qui
2340 2619 2533 2674 Filium
2556 2639 2586 2674 a
2609 2617 2767 2675 Patre
2789 2619 3083 2677 secundum
3110 2615 3346 2679 divinam
3376 2621 3644 2694 naturam,

2051 2710 2318 2763 minorem
2366 2709 2661 2779 praedicare
2700 2709 3056 2768 contendunt.
3105 2708 3211 2769 Iste
3257 2725 3437 2770 autem
3483 2705 3644 2784 Deus,

2051 2801 2143 2871 Qui
2185 2816 2283 2872 per
2333 2802 2682 2872 semetipsum
2727 2802 2892 2873 jurat,
2944 2813 3123 2860 utrum
3167 2807 3426 2876 majorem
3461 2824 3518 2864 se
3549 2795 3643 2864 lia-

2048 2887 2197 2963 beat,
2230 2894 2425 2951 Paulus
2462 2895 2618 2951 nobis
2651 2897 2845 2953 beatus
2874 2899 3131 2966 ostendit,
3159 2895 3251 2970 qui
3279 2890 3345 2956 ad
3376 2883 3644 2959 liaebrceo's

2049 2987 2308 3054 scribens,
2335 2991 2410 3043 ait
2441 3007 2454 3043 :
2481 2988 2704 3045 Abrahae
2741 2985 2958 3064 namque
2980 2995 3281 3063 promittens
3304 2979 3466 3062 Deus,
3514 3013 3643 3066 quo-

2049 3083 2474 3157 niamneminem
2503 3069 2682 3135 habuit
2709 3099 2800 3153 per
2828 3099 2977 3154 quem
3017 3085 3223 3155 juraret
3254 3074 3521 3156 majorem,
3563 3087 3644 3157 ju-

2051 3155 2204 3226 ravit'
2230 3189 2321 3243 per
2358 3169 2707 3243 semetipsum,
2761 3171 2975 3228 dicens:
3010 3162 3131 3229 Nisi
3161 3175 3461 3232 benedicens
3491 3159 3643 3232 bene-

352 3271 658 3340 Lwtamini,
686 3275 818 3341 cteli,
841 3269 1016 3328 simul
1038 3291 1151 3327 cum
1196 3289 1275 3338 eo,
1295 3271 1351 3352 et
1379 3273 1595 3327 adorent
1624 3290 1738 3327 eum
1764 3289 1939 3328 omnes

2046 3261 2217 3352 dicam
2239 3271 2305 3327 te,
2327 3270 2375 3316 et
2403 3262 2754 3333 multiplicans
2777 3261 3131 3336 multiplicabo
3162 3275 3206 3319 te
3231 3255 3417 3336 (Hebr.
3437 3284 3508 3335 vt,
3530 3267 3640 3338 l5).

275 3397 284 3404 ›
347 3365 526 3439 angeli
552 3349 648 3422 Dei
679 3349 852 3439 (Psal.
884 3363 1026 3427 xm,
1075 3363 1152 3436 8).
1207 3374 1231 3402 ⁸
1262 3349 1772 3446 Hominesqubter
1815 3361 1954 3420 huic

343 3458 649 3514 adorationi
670 3455 838 3512 David
863 3455 1118 3531 divinitus
1148 3445 1459 3528 inspiralus,
1485 3445 1804 3525 adjnngens,
1831 3457 1936 3510 ait:

339 3535 651 3604 Xdombuiit
689 3555 803 3602 eum
833 3544 1007 3601 omnes
1036 3563 1182 3616 reges
1214 3541 1384 3620 terrm,
1415 3545 1592 3598 omnes
1625 3542 1798 3616 gentes
1826 3550 1939 3598 ser-

342 3641 490 3695 biant
538 3639 633 3713 (al.
688 3622 928 3715 servient)
991 3638 1037 3718 ei
1083 3625 1254 3708 (Psal.
1307 3641 1454 3718 ωωσῖίἰ
1500 3629 1610 3702 11).
1657 3629 1941 3700 QuomOdo

346 3743 473 3800 ergo
525 3738 578 3785 et
630 3727 696 3784 ab
743 3715 1050 3782 hominibus
1095 3731 1150 3781 et
1192 3725 1260 3780 ab
1307 3715 1511 3793 angelis
1558 3719 1848 3790 aduratur,
1897 3721 1940 3778 si
1968 3757 1986 3771 α

347 3821 415 3878 ab
443 3819 601 3877 unius
631 3819 727 3875 Dei
747 3819 1044 3874 substantia
1075 3817 1395 3887 separatur?
1422 3814 1703 3881 Quomodo
1728 3809 1805 3868 illi
1835 3823 1942 3870 s'er-

345 3914 571 3968 vitutem
604 3919 726 3981 qua:
755 3907 868 3968 Deo
908 3902 1118 3965 tantum
1147 3899 1372 3962 debetur
1409 3905 1668 3961 audemus
1720 3901 1940 3961 exhibe-

348 4003 426 4073 re,
477 4005 523 4060 si
554 4005 658 4059 una
690 4005 798 4058 non
829 4011 911 4057 est
938 3997 1015 4055 illi
1043 4001 1234 4056 natura
1265 4003 1386 4054 cum
1415 3993 1611 4052 Patre?
1653 3991 1784 4051 Nam
1812 3997 1937 4067 quia

349 4113 485 4152 unus
506 4105 592 4151 est
613 4096 772 4158 Deus,
803 4095 877 4148 ita
905 4093 1061 4148 nob'ls
1090 4094 1198 4162 66
1226 4091 1422 4145 dicitur
1451 4103 1547 4158 per
1574 4083 1894 4159 prophetam
1922 4105 1935 4140 :

346 4185 461 4260 Ego
504 4187 663 4253 Deus,
707 4195 756 4239 et
782 4202 885 4239 non
913 4194 989 4238 est
1016 4184 1150 4236 alius
1176 4191 1364 4251 praeter
1403 4199 1484 4234 me
1506 4197 1522 4234 :
1539 4181 1710 4251 justus
1739 4189 1788 4232 et
1826 4179 1938 4232 sal-

343 4286 493 4345 vam,
517 4285 572 4330 et
597 4285 702 4329 non
727 4283 806 4329 est
829 4276 970 4328 istius
995 4282 1184 4343 prtem-
1211 4286 1294 4326 me
1314 4287 1332 4324 :
1351 4271 1710 4326 convertimini
1737 4269 1804 4322 ad
1833 4283 1935 4337 me,

343 4378 391 4422 et
409 4368 543 4422 salvi
571 4367 735 4431 eritis,
761 4365 882 4437 quia
910 4365 975 4416 ab
997 4373 1224 4422 extremo
1255 4372 1404 4418 terra:
1425 4379 1518 4433 ego
1547 4378 1660 4414 sum
1692 4361 1850 4425 Deus,
1888 4368 1938 4413 et

343 4477 447 4514 non
472 4469 550 4513 est
596 4460 747 4512 alius.
783 4457 888 4511 Per
917 4457 1267 4525 memetipsum
1303 4456 1454 4525 jura,
1507 4453 1748 4525 alonim
1775 4445 1970 4512 exibit

347 4551 442 4620 (al.
474 4551 657 4621 exivit)
686 4567 751 4604 ea:
773 4565 995 4604 ore—meo
1015 4548 1242 4618 justitia,
1266 4556 1315 4601 et
1345 4541 1497 4601 verba
1527 4562 1638 4598 mea
1666 4563 1768 4599 non
1792 4562 1936 4599 aver-

2042 3341 2151 3408 Is'te
2176 3366 2305 3422 ergo
2335 3351 2494 3417 Deus,
2526 3351 2618 3423 qui
2649 3361 2746 3422 per
2803 3354 3154 3425 semetipsum
3191 3353 3339 3424 jurat
3388 3357 3642 3426 quoniam

2043 3445 2314 3502 neminem
2366 3437 2529 3501 habet
2577 3463 2676 3517 per
2715 3461 2878 3516 quem
2919 3446 3132 3516 juraret
3176 3449 3435 3517 majorem
3478 3450 3642 3519 :quid

2042 3532 2286 3610 sequitur
2335 3526 2609 3593 videamus
2651 3557 2664 3590 :
2712 3535 2972 3600 Quoniam
3008 3537 3185 3608 exibit,
3219 3540 3509 3608 inquines:
3554 3528 3643 3596 one

2044 3647 2154 3683 meo
2178 3630 2410 3700 justitia,
2445 3638 2494 3681 et
2523 3627 2676 3681 verba
2704 3645 2819 3682 mea
2859 3645 2963 3683 non
2989 3616 3284 3684 avertentur
3312 3647 3331 3686 :
3351 3633 3478 3686 milii
3503 3621 3641 3689 enim

2041 3705 2316 3773 inclinabit
2357 3717 2453 3792 (al.
2478 3719 2769 3788 inclinavit)
2816 3721 3124 3775 universitas
3165 3739 3318 3793 genu,
3348 3723 3640 3794 ‘et-jurabit

2045 3799 2140 3880 (al.
2161 3805 2383 3878 juravit)
2426 3805 2815 3878 omnisllingua
2850 3827 2942 3880 per
2968 3807 3132 3872 Deum
3171 3809 3327 3880 (Isai.
3361 3828 3490 3882 XLV,
3521 3812 3635 3884 25).

2043 3893 2120 3954 De
2159 3898 2312 3968 cujus
2353 3900 2448 3953 ore
2494 3914 2623 3968 ergo
2669 3899 2804 3955 exiit
2843 3899 3069 3969 justitia,
3117 3901 3219 3957 nisi
3263 3903 3379 3974 ejus
3421 3905 3489 3960 de
3527 3921 3637 3976 quo

2042 3985 2177 4044 dixit
2200 3989 2364 4044 Isaias
2391 4007 2404 4042 :
2429 3985 2741 4060 Egredietur
2770 3991 2919 4064 virga
2949 3992 3011 4046 de
3050 3994 3224 4048 radice
3255 3981 3419 4061 desse,
3467 4006 3517 4051 et
3537 3998 3634 4066 ﬂos

2043 4081 2105 4137 de
2134 4081 2310 4136 radice
2333 4084 2445 4154 ejus
2474 4083 2734 4150 ascendet,
2765 4093 2814 4138 et
2840 4087 3116 4156 requiescet
3149 4104 3302 4158 super
3325 4105 3439 4144 eum
3469 4092 3634 4161 ,8ρὶτὶ-

2043 4183 2122 4229 tus
2146 4172 2355 4230 Domini
2385 4173 2540 4245 (lsai.
2567 4191 2639 4240 χι,
2676 4165 2750 4244 1).
2784 4173 2855 4229 Ει·
2880 4186 3001 4246 post
3031 4179 3306 4247 paululum
3332 4199 3345 4234 :
3368 4165 3632 4235 Judicaln't

2039 4268 2325 4338 injustitiu
2350 4274 2623 4338 pauperes,
2673 4269 2722 4320 ‘et
2762 4271 2942 4340 arguet
2981 4271 3038 4324 in
3068 4264 3304 4341 wijzlilalé
3340 4275 3435 4344 pro
3478 4273 3632 4328 'man-

2040 4363 2198 4416 suetis
2226 4370 2417 4415 terram
2444 4361 2539 4431 (al.
2571 4363 2745 4432 terrae)
2779 4363 2968 4435 (lbid.,
2999 4364 3073 4437 4).
3108 4364 3364 4435 Sequitur
3391 4367 3584 4422 deinde
3609 4385 3622 4421 :

2042 4445 2153 4529 Isle
2175 4453 2344 4521 Deus,
2363 4461 2553 4525 praeter
2573 4473 2721 4527 queat
2748 4475 2851 4512 non
2879 4467 2956 4513 est
2980 4459 3134 4524 alius,
3167 4467 3223 4513 et
3263 4459 3389 4513 dicit
3415 4477 3426 4511 :
3462 4459 3632 4513 Verba

2039 4563 2152 4610 mea
2194 4563 2300 4600 non
2330 4540 2641 4601 avertentur.
2693 4548 2856 4617 Cujus
2895 4558 3076 4604 autem
3104 4550 3218 4605 hmo
3245 4550 3350 4620 67
3381 4565 3484 4606 vox
3524 4559 3625 4617 est,

346 4652 512 4695 tentur
533 4659 550 4696 :
571 4642 696 4699 mihi
739 4643 877 4696 enim
894 4640 1172 4720 inclinabit
1209 4640 1305 4710 (al.
1335 4640 1633 4720 inclinavit)
1677 4640 1933 4718 universid
1962 4637 2020 4699 Β
2039 4636 2142 4720 nisi
2164 4635 2306 4689 iilius
2325 4636 2419 4704 qui
2440 4637 2495 4690 in
2511 4635 2803 4706 Evangelia
2823 4637 3183 4705 dieit,Castam
3221 4649 3432 4720 θεῖεν-τα
3461 4648 3629 4693 trans-

342 4739 623 4806 tas‘genu,
674 4736 722 4788 et
763 4715 962 4804 jﬁl-abil
1006 4709 1122 4804 (al.
1145 4709 1360 4803 juvant)
1395 4733 1561 4785 omnis
1618 4711 1795 4802 linguai
1837 4735 1928 4802 μέν

341 4823 505 4881 Deum
533 4823 690 4894 (Isai.
728 4841 851 4888 xnv,
875 4822 964 4888 21,
992 4831 1039 4877 et
1064 4829 1218 4893 seq.).
1251 4821 1399 4876 Ecce
1420 4821 1580 4885 Deus,
1614 4821 1705 4890 qui
1747 4821 1801 4877 in
1823 4821 1928 4877 hoc

337 4913 457 4970 loco
487 4929 548 4968 se
579 4922 785 4967 tantum
826 4912 1014 4966 dicens
1045 4912 1232 4976 Deum,
1281 4915 1480 4980 praeter
1523 4924 1584 4963 se
1628 4907 1788 4963 aliuin
1817 4911 1927 4965 litin

337 5017 454 5058 esse
481 5009 731 5058 testatur.
763 5000 920 5067 Quod
949 5000 994 5055 si
1023 4999 1306 5069 quisquam
1335 5013 1552 5053 omnem
1581 4999 1668 5054 hie
1695 4999 1931 5054 noluerit

336 5092 654 5149 Trinitatem
679 5093 946 5163 accipere,
990 5099 1212 5159 cogetur
1239 5091 1381 5145 hanc
1426 5106 1614 5146 vocem
1644 5091 1747 5146 soli
1783 5089 1921 5146 Filio

335 5184 612 5253 deputare.
665 5181 796 5248 Quis
835 5183 978 5236 enim
1026 5179 1168 5235 Deus
1211 5187 1410 5254 praeter
1436 5194 1596 5250 quem
1628 5180 1764 5235 alius
1813 5195 1921 5234 non

332 5281 408 5327 est
437 5270 539 5326 nisi
583 5261 676 5327 ille
713 5271 800 5326 cui
841 5255 1006 5325 lsaias
1033 5259 1180 5324 dicit
1211 5286 1222 5321 :
1253 5257 1843 5340 Laboravit‘zﬁgyptus,
1876 5265 1930 5324 el

332 5368 587 5410 mercatus
613 5349 921 5426 Ethibpum
947 5363 998 5408 et
1033 5351 1263 5424 Sabaimi
1291 5352 1383 5424 (al.
1417 5350 1580 5422 Saba)
1609 5354 1704 5407 viri
1731 5355 1923 5408 excelsi

331 5449 394 5500 ad
428 5459 475 5501 te
499 5447 818 5515 transibunt,
859 5447 932 5500 tui
959 5453 1110 5504 erunt
1137 5447 1289 5510 servi,
1331 5455 1381 5498 et
1421 5453 1538 5516 post
1561 5453 1608 5499 te
1645 5434 1944 5519 sequentur"

327 5541 532 5612 atligati
559 5541 797 5605 vinculis,
828 5549 877 5593 et
899 5538 1188 5598 adorabunt
1221 5549 1287 5604 te,
1333 5547 1382 5594 st
1408 5539 1462 5592 in
1493 5549 1538 5592 te
1569 5539 1917 5608 deprecabun-

325 5639 425 5698 tur,
459 5633 706 5704 quoniam
727 5631 785 5685 in
815 5638 862 5686 te
884 5640 958 5686 est
987 5629 1146 5696 Deus,
1171 5640 1221 5685 et
1250 5647 1354 5686 non
1374 5641 1449 5700 est
1465 5630 1603 5689 Deus
1627 5634 1815 5702 prater
1837 5644 1912 5698 te;

325 5732 378 5776 tu
397 5725 536 5779 enim
563 5740 616 5780 es
654 5722 818 5790 Deus,
857 5730 906 5776 et
933 5720 1282 5776 nesciebamus
1303 5763 1318 5788 ,
1340 5721 1493 5780 Deus
1523 5719 1691 5775 Israel
1717 5720 1912 5778 Salva-

331 5914 365 5964 ‘_
395 5852 420 5879 "
451 5841 531 5897 ιιι
559 5855 662 5899 Im.
710 5843 780 5900 At
814 5841 902 5898 ed.
930 5837 1135 5896 habent
1163 5838 1449 5895 Hominum
1489 5851 1686 5910 quoque
1724 5839 1920 5896 “om-

351 5928 541 5964 sortem.

351 5928 541 5968 tonent.

2034 4717 2202 4790 ibunt;
2233 4722 2384 4779 verba
2427 4725 2600 4805 autem
2628 4733 2742 4781 mea
2770 4737 2873 4781 non
2913 4729 3204 4783 transibunt
3236 4709 3447 4798 (Matth.
3479 4744 3624 4796 xxxv,

2032 4816 2162 4888 55)?
2189 4815 2322 4872 Item
2381 4815 2637 4884 adjungit,
2669 4818 2812 4873 Deus
2853 4821 2953 4873 iste
2990 4828 3186 4888 praeter
3215 4835 3373 4887 quem
3403 4835 3512 4874 non
3542 4827 3626 4876 est

2031 4899 2188 4974 altus,
2229 4911 2285 4965 ει
2321 4907 2452 4962 dicit
2486 4907 2659 4963 :Milti
2695 4911 2832 4964 enim
2870 4908 3140 4962 inclinabit
3183 4909 3275 4977 (al.
3331 4911 3622 4981 inclinavit)

2024 5001 2334 5056 universitas
2363 5017 2515 5071 genu,
2549 5009 2598 5054 et
2620 5001 2822 5071 jurabit
2855 5000 2944 5072 (al.
2971 5000 3192 5070 juravit)
3239 5003 3408 5056 omnis
3443 5003 3624 5074 lingua

2029 5111 2122 5164 per
2150 5092 2336 5148 Deam.
2383 5090 2501 5155 Hoc
2529 5103 2708 5149 autem
2733 5095 2805 5150 de
2833 5110 2940 5162 quo
2978 5094 3204 5164 intelligi
3233 5095 3448 5168 debeat,
3484 5096 3621 5153 Pau-

2032 5185 2113 5238 lus
2154 5186 2341 5250 nobis,
2369 5185 2692 5260 (magisterio
2730 5183 2928 5240 Christi
2977 5183 3189 5260 doctus,
3229 5188 3485 5254 ostendit,
3528 5189 3619 5257 qui

2030 5265 2271 5329 scribens
2318 5257 2384 5328 ad
2426 5261 2704 5329 Romanos
2747 5272 2827 5330 sic
2873 5259 2992 5331 ait:
3023 5255 3193 5331 Nemo
3221 5277 3358 5330 enim
3388 5286 3619 5332 nostrum

2030 5358 2126 5419 sibi
2157 5365 2306 5430 vivit,
2358 5375 2406 5418 et
2454 5381 2602 5420 nemo
2627 5363 2727 5420 sibi
2750 5368 2988 5422 moritur.
3042 5367 3162 5422 Sive
3201 5369 3337 5421 enim
3381 5369 3616 5440 vivimus,

2025 5455 2252 5510 Domino
2297 5456 2512 5510 vivimus
2551 5472 2570 5510 :
2605 5457 2713 5511 sive
2758 5459 3026 5525 morimur,
3079 5455 3298 5513 Domino
3347 5461 3612 5516 marimar.

2027 5548 2148 5603 Sive
2171 5565 2291 5620 ergo
2322 5548 2553 5614 vivimus,
2587 5550 2690 5607 sive
2709 5551 2980 5615 morimur,
3003 5545 3214 5604 Domini
3235 5567 3407 5605 surptus
3431 5535 3609 5622 (Rom.

2024 5658 2133 5708 xxv,
2168 5642 2220 5707 7,
2250 5641 2328 5712 8).
2380 5641 2466 5708 Et,
2518 5651 2578 5697 ut
2604 5657 2663 5699 se
2694 5643 2763 5701 de
2793 5643 3012 5700 Christo
3036 5641 3239 5701 dixisse
3264 5653 3608 5714 monstraret,

2023 5733 2263 5803 adjunxit
2293 5751 2307 5786 :
2334 5732 2402 5788 In
2423 5735 2520 5790 hoc
2547 5737 2684 5790 enim
2709 5734 2966 5802 Christus,
2997 5745 3048 5792 et
3074 5733 3306 5793 marinus
3329 5732 3498 5802 ait,“
3524 5756 3602 5795 η·
3696 5795 3711 5804 ,

2100 5848 2127 5890 ι’
2159 5849 2255 5908 Ms.
2288 5851 2476 5920 Cori»,
2502 5852 2692 5921 accipe.
