4026 6336
385 340 487 402 Ξέὅ

1391 330 1449 386 S.
1485 325 1854 385 FULGENTII
1889 321 2188 381 EPISCOPI
2223 314 2600 380 RUSPENSIS

3554 317 3662 376 32b

385 451 649 520 surrexit,
686 459 744 507 ut
796 458 1116 505 mortuorum
1155 454 1205 499 et
1250 445 1475 498 vivorum
1522 440 1831 495 dominetur.
1876 434 1966 490 rTu
1991 437 2277 500 Aservies.
2327 434 2463 490 Huic
2488 433 2722 490 Domino
2764 435 2930 490 etiam
2964 433 3130 491 Isaias
3173 432 3440 504 propheta
3488 430 3661 488 dicit:

386 556 556 599 autem
579 543 704 612 quid
720 543 930 616 judicas
953 543 1166 612 fratrem
1189 533 1369 589 tuum?
1393 543 1482 586 aut
1502 541 1557 585 tu
1585 547 1742 603 quare
1767 530 1968 601 spernis

389 639 602 710 fratrem
624 635 804 689 tuum?
834 633 1024 687 Omnes
1044 629 1180 682 enim
1208 627 1456 681 stabimus
1485 633 1607 678 ante
1629 621 1854 677 tribunal
1869 619 1972 675 Dei

394 709 566 798 (Rom.
585 742 690 790 xxv,
706 718 1224 790 9,10)?,Statimque
1249 731 1348 770 ooc
1364 714 1737 785 propheticum
1758 709 1974 780 subjicit

397 815 774 877 testimonium,
824 810 1008 864 dicens
1050 825 1061 860 :
1097 806 1363 875 Scriptum
1391 813 1468 858 est
1493 804 1669 857 enim:
1704 801 1828 856 Vivo
1856 817 1969 872 ego,

399 907 512 967 dicit
542 906 812 965 Dominus,
857 902 1101 973 quoniam
1140 898 1264 952 mihi
1293 897 1526 965 ﬂectetur
1555 911 1704 949 omne
1742 909 1894 964 genu,
1925 900 1976 945 et

392 1000 554 1055 omnis
593 999 770 1067 lingua
818 992 1144 1065 conﬁtebitur
1181 989 1294 1044 Deo
1325 987 1482 1062 (Isai.
1513 1005 1638 1052 XLV,
1677 986 1790 1059 24).
1837 986 1976 1042 Ante

388 1089 625 1162 tribunal
646 1105 776 1144 vero
797 1087 996 1144 Christi
1025 1100 1125 1142 nos
1150 1093 1419 1138 astaturos
1439 1082 1532 1152 (ul.
1559 1079 1836 1149 astituros)
1862 1078 1978 1148 ipse

389 1163 566 1238 denuo
589 1188 837 1244 testatur,
869 1178 1056 1232 dicens
1089 1194 1102 1229 :
1137 1175 1331 1228 Omnes
1359 1173 1495 1226 enim
1532 1187 1628 1224 nos
1649 1167 1978 1240 manifestari

390 1282 589 1346 oportet
616 1280 737 1325 ante
771 1268 999 1324 tribunal
1027 1266 1240 1330 Christi,
1283 1275 1339 1318 ut
1377 1264 1594 1334 recipiat
1633 1261 1978 1334 unusquisque

391 1365 603 1438 propria
629 1363 880 1434 corporis,
905 1368 1059 1432 prout
1086 1357 1263 1430 gessit,
1294 1357 1398 1410 sive
1425 1355 1633 1419 bonum,
1658 1354 1761 1406 sive
1785 1351 1995 1406 mulum-

393 1454 482 1526 (Il
512 1453 632 1510 Cor.
672 1470 723 1519 v,
766 1451 873 1524 10).
906 1450 1011 1521 Ipsi
1035 1463 1252 1520 quoque
1282 1462 1443 1502 omne
1479 1460 1618 1516 genu
1656 1444 1978 1500 ﬂectendum

394 1547 536 1603 idem
579 1546 739 1601 d'ocet
785 1542 1082 1614 apostolus,
1134 1541 1362 1596 dicens:
1401 1538 1469 1594 Ut
1509 1540 1566 1592 in
1608 1537 1814 1592 nomine
1854 1533 1980 1589 Jesu

394 1655 545 1695 omne
574 1655 703 1709 genu
733 1638 989 1707 flectatur,
1021 1634 1322 1700 caelestium,
1355 1631 1689 1694 terrestrium,
1741 1639 1791 1683 et
1817 1629 1981 1699 infer-

396 1746 638 1790 narum:
671 1729 927 1783 et'omnis
974 1727 1155 1796 lingua
1201 1724 1508 1800 conﬁteatur
1551 1722 1672 1791 quia
1724 1719 1980 1774 Dominus

395 1819 548 1875 Iesus
575 1817 809 1873 Christus
847 1819 903 1871 in
928 1817 1095 1889 gloria
1116 1824 1194 1870 est
1222 1814 1318 1868 Dei
1348 1813 1527 1867 Patris
1550 1811 1768 1883 (Philip.
1802 1827 1858 1878 ιι,
1894 1809 1980 1873 10,

399 1910 514 1981 Η).
554 1909 672 1964 Iam
703 1924 846 1964 nunc
871 1907 1052 1963 omnia
1073 1921 1192 1975 qua:
1219 1904 1466 1975 superius
1489 1902 1633 1958 dicta
1659 1910 1782 1956 sunt
1804 1900 1985 1956 denuo

400 2000 828 2057 consideremus.
861 1998 998 2052 Dicit
1027 1997 1168 2052 Deus
1193 1994 1339 2066 :Ego
1361 1994 1523 2060 Deus,
1552 2003 1600 2046 et
1627 2009 1729 2046 non
1751 2002 1828 2046 est
1851 1991 1985 2046 alius

399 2103 589 2167 prater
615 2110 714 2148 me.
746 2091 815 2146 Et
853 2092 907 2146 in
931 2105 1163 2162 persona
1183 2087 1303 2143 Filii
1334 2088 1464 2142 dicit
1488 2085 1653 2140 Isaias
1678 2103 1690 2138 :
1729 2084 1989 2149 Quoniam

399 2187 456 2242 in
483 2194 534 2241 te
569 2194 646 2240 est
665 2184 828 2248 Deus,
853 2190 904 2239 et
930 2192 1120 2255 prwter
1161 2191 1209 2236 te
1236 2199 1339 2236 non
1369 2190 1445 2234 est
1479 2178 1654 2242 Deus;
1687 2188 1738 2231 tu
1766 2178 1903 2232 enim
1934 2194 1989 2230 es

400 2275 544 2332 Deus
568 2315 584 2340 ,
627 2285 677 2330 et
713 2274 1084 2330 nesciebamus.
1139 2273 1274 2327 Deus
1313 2269 1484 2326 Israel
1522 2269 1767 2325 Salvator
1819 2267 1985 2339 (Isai.

399 2383 528 2436 ην,
553 2365 662 2438 15).
689 2367 830 2423 Deus
852 2375 1022 2421 autem
1045 2365 1215 2420 Israel
1237 2364 1375 2418 Deus
1403 2380 1537 2417 unus
1558 2371 1654 2416 est.
1681 2360 1992 2430 Sequuntur

401 2469 582 2516 autem
615 2465 810 2515 caetera
839 2473 958 2528 qua:
982 2455 1301 2511 testimoniis
1341 2453 1660 2524 supradictis
1687 2451 1754 2506 ad
1795 2449 1990 2506 Filium

401 2549 739 2607 ostendimus
783 2548 1058 2619 pertinere
1095 2565 1108 2600 :
1157 2547 1272 2617 ipse
1315 2546 1458 2600 enim
1507 2560 1605 2616 per
1645 2543 1991 2613 semetipsum

401 2642 563 2714 iurat,
621 2640 894 2697 neminem
948 2639 1156 2696 habens
1203 2639 1503 2709 majorem;
1572 2637 1686 2708 ipse
1735 2637 1990 2708 populum

401 2750 558 2792 suum
587 2735 791 2797 salvat;
841 2734 957 2804 ipse
979 2732 1126 2802 juste
1162 2731 1400 2801 judicat;
1444 2731 1544 2801 ips:
1570 2727 1806 2785 ﬂectitur
1833 2742 1994 2785 omne

402 2839 564 2896 genu,
616 2823 936 2889 ccelestium,
986 2823 1338 2886 terrestrium,
1382 2829 1437 2876 et
1481 2821 1846 2884 internorum;
1892 2819 1992 2890 ipsi

405 2917 580 2974 omnis
598 2916 780 2986 lingua
800 2915 1103 2980 conﬁtetur,
1133 2929 1162 2967 τι
1185 2929 1292 2984 quo
1315 2921 1397 2968 est
1414 2913 1699 2967 retributio
1722 2911 1992 2966 reddenda

403 3007 691 3064 factorum.
740 3005 860 3076 [pse
888 3019 1039 3074 ergo,
1088 3003 1159 3058 de
1197 3018 1306 3072 quo
1343 3004 1458 3056 hzec
1497 3002 1676 3057 omnia
1723 3003 1988 3068 dicuntur,

351 3103 374 3127 ⁸⁵
404 3113 506 3171 per
530 3097 851 3168 prophetam
881 3095 1012 3150 dicit
1036 3111 1048 3147 :
1077 3092 1191 3165 Ego
1219 3093 1382 3161 Deus,
1405 3101 1456 3147 et
1483 3109 1587 3146 non
1608 3100 1685 3147 est
1713 3093 1848 3145 alius
1866 3109 1994 3162 pra:-

2071 531 2310 596 Domine,
2353 537 2542 600 prater
2569 536 2618 583 te
2656 528 2819 582 alium
2855 545 2959 583 non
2998 528 3252 592 novimus,
3301 540 3489 580 nomen
3517 532 3666 582 tuum

2072 625 2418 678 nominamus.
2448 619 2566 675 Hoc
2588 627 2768 674 autem
2792 634 2990 674 nomen
3009 617 3258 673 Salvator
3278 622 3465 672 noster
3485 621 3669 672 osten-

2072 717 2170 782 dit,
2200 715 2387 770 dicens
2409 708 2684 782 discipulis
2708 711 2819 766 suis
2849 726 2863 765 :
2899 709 2997 774 Ite,
3042 709 3221 764 docete
3249 723 3427 762 omnes
3467 718 3662 778 gentes,

2074 807 2396 880 baptizantes
2441 821 2526 859 eos
2556 804 2612 858 in
2640 803 2848 857 nomine
2891 800 3065 855 Patris
3112 807 3161 854 et
3201 797 3332 852 Filii
3353 805 3405 852 et
3434 798 3667 868 Spiritus

2073 901 2244 956 sancti
2273 897 2488 971 (Matth.
2517 911 2702 961 xxvm,
2733 893 2844 964 l9).
2894 891 3044 948 Istud
3072 900 3156 947 est
3201 880 3406 946 nomen
3428 889 3668 960 Domini,

2075 999 2272 1064 praeter
2311 1005 2472 1062 quem
2503 987 2667 1043 alium
2713 1001 2822 1042 non
2853 985 3122 1052 novimus,
3165 991 3224 1038 et
3268 982 3422 1053 cujus
3449 984 3675 1039 nomine

2076 1086 2373 1150 nominato,
2407 1099 2436 1139 a
2465 1091 2640 1140 morte
2667 1082 2983 1148 liberamur,
3026 1078 3094 1134 de
3117 1085 3388 1148 potestate
3414 1078 3676 1133 tenebra-

2078 1194 2199 1233 rum
2227 1179 2336 1249 68
2366 1177 2621 1241 eruimur,
2669 1181 2729 1230 ut
2757 1174 2810 1229 in
2844 1186 3070 1241 regnum
3094 1170 3215 1225 Filii
3260 1168 3671 1226 transferamur.

2078 1268 2138 1324 In
2161 1269 2319 1323 Patre
2349 1283 2477 1337 ergo
2505 1275 2560 1322 et
2579 1266 2717 1321 Filio
2743 1274 2798 1320 et
2817 1264 3020 1336 Spiritu
3040 1266 3230 1339 sancto
3257 1262 3520 1318 unitatem
3545 1263 3676 1319 sub-

2082 1360 2293 1416 stantia:
2309 1359 2621 1429 accipimus,
2638 1371 2898 1428 personas
2913 1353 3242 1411 confundere
3258 1369 3366 1409 non
3389 1354 3672 1410 audemus.

2082 1447 2278 1504 Beatus
2301 1449 2445 1504 enim
2462 1447 2698 1503 Joannes
2725 1445 3004 1517 apostolus
3024 1451 3272 1509 testatur,
3296 1441 3482 1500 dicens
3505 1462 3519 1497 :
3545 1443 3694 1501 Tres-

2084 1550 2204 1594 sunt
2248 1541 2335 1612 qui
2368 1539 2717 1594 testimonium
2745 1535 3012 1609 perhibent
3039 1536 3094 1589 in
3124 1535 3284 1602 cwla,
3321 1533 3504 1602 Pater,
3541 1535 3676 1590 Ver-

2085 1634 2222 1700 bum,
2264 1645 2314 1687 et
2343 1632 2571 1704 Spiritus
2599 1649 2617 1698 ;
2656 1641 2705 1686 et
2732 1622 2837 1686 tres
2865 1646 3025 1684 unum
3066 1639 3189 1684 sunt
3239 1627 3295 1700 (Ι
3321 1627 3480 1683 Joan.
3506 1644 3559 1694 v,
3593 1630 3673 1700 7).

2085 1725 2239 1792 Quod
2264 1725 2427 1779 etiam
2449 1723 2788 1779 beatissimus
2809 1729 3014 1793 martyr
3026 1721 3346 1793 Cyprianus,
3373 1722 3428 1776 in
3449 1722 3679 1793 epistola

2014 1807 2064 1867 B
2089 1817 2156 1873 de
2187 1816 2404 1871 Unitate
2442 1815 2699 1871 Ecclesia:
2736 1815 3043 1880 conﬁtetur,
3094 1813 3279 1869 dicens
3311 1831 3324 1866 :
3359 1811 3457 1878 Qui
3496 1830 3678 1884 pacem

2089 1907 2280 1964 Christi
2301 1917 2349 1962 et
2370 1907 2698 1962 concordiam
2727 1908 2940 1977 rumpit,
2971 1901 3215 1961 adversus
3238 1906 3494 1961 Christum
3513 1908 3678 1978 facit;

2088 2001 2174 2070 qui
2215 1998 2341 2053 alibi
2367 2006 2556 2070 prater
2581 1995 2868 2052 Ecclesiam
2911 1998 3129 2070 colligit,
3167 1995 3355 2051 Christi
3386 1996 3680 2052 Ecclesiam

2090 2091 2309 2162 spargit.
2353 2090 2528 2160 Atque
2574 2096 2633 2144 ut
2680 2105 2844 2143 unam
2888 2087 3187 2145 Ecclesiam
3235 2089 3392 2144 unius
3431 2088 3527 2144 Dei
3555 2105 3680 2146 esse

2089 2192 2442 2251 monstraret,
2495 2183 2609 2238 haec
2637 2181 2922 2238 confestim
2960 2181 3268 2237 testimonia
3295 2181 3364 2237 de
3390 2180 3683 2252 Scripturis

2089 2277 2332 2333 inseruit.
2363 2274 2507 2329 Dicit
2532 2273 2786 2329 Dominus
2816 2290 2833 2329 :
2857 2272 2970 2346 Ego
3010 2281 3060 2328 et
3103 2273 3265 2346 Pater
3291 2290 3451 2328 unum
3479 2291 3677 2330 sumus.

2091 2367 2162 2424 Et
2186 2369 2381 2425 iterum
2410 2386 2423 2422 :
2456 2367 2535 2422 De
2565 2366 2730 2421 Patre
2767 2376 2817 2420 et
2843 2365 2986 2420 Filio
3028 2375 3080 2420 et
3113 2365 3315 2436 Spiritu
3348 2375 3528 2421 sancto
3553 2368 3685 2421 scri-

2091 2472 2236 2536 ptum
2263 2472 2375 2518 est:
2398 2462 2468 2517 Et
2498 2471 2600 2516 tres
2620 2479 2780 2516 unum
2805 2471 2943 2530 sunt.
2976 2460 3110 2516 Nam
3139 2469 3194 2517 et
3225 2461 3278 2517 in
3306 2462 3445 2517 libro
3465 2463 3532 2518 de
3551 2463 3685 2520 Ora-
3723 2472 3731 2481 '
3791 2477 3804 2488 '

2092 2554 2242 2609 tione
2279 2553 2572 2623 dominica,
2602 2561 2662 2609 ut
2698 2553 3009 2610 ostenderet
3030 2553 3348 2615 Trinitatem
3381 2555 3536 2610 unius
3565 2555 3683 2611 dei-

2092 2645 2242 2711 tatis,
2270 2659 2391 2700 esse
2420 2653 2522 2700 nec
2561 2644 2703 2699 inter
2723 2660 2785 2700 se
2806 2645 3040 2715 aliquam
3068 2645 3433 2701 diversitatem
3461 2645 3683 2713 habere,

2093 2731 2374 2790 Danielem
2401 2742 2458 2790 et
2480 2741 2592 2789 tres
2619 2749 2818 2804 pueros
2839 2775 2855 2800 ,
2884 2742 3160 2790 ternarum
3187 2726 3443 2790 horarum
3471 2737 3687 2797 circulis

2093 2826 2376 2893 revolutis,
2425 2827 2727 2882 orationem
2753 2825 2974 2882 fundere
3002 2827 3189 2882 solitos
3216 2827 3554 2882 memoravit.
3586 2826 3686 2886 Ubi

2094 2923 2150 2970 et
2179 2915 2233 2970 in
2255 2916 2417 2970 trium
2446 2916 2702 2970 horarum
2726 2916 3016 2981 curriculo,
3065 2923 3121 2971 et
3165 2915 3221 2970 in
3250 2917 3407 2971 unius
3430 2918 3689 2976 orationis

2095 3008 2296 3076 oilicio,
2326 3022 2492 3062 unum
2506 3006 2680 3062 Deum
2709 3022 2828 3062 esse
2849 3007 3166 3062 Trinitatem
3199 3007 3478 3062 evidenter
3505 3015 3688 3062 osten-

2097 3100 2195 3156 dit.
2217 3099 2334 3154 Non
2351 3113 2481 3168 ergo
2503 3114 2573 3154 ex
2597 3099 2768 3154 tribus
2796 3099 3039 3170 partibus
3066 3114 3230 3152 unum
3251 3098 3478 3153 colimus
3494 3096 3690 3170 Deum,

409 3199 485 3244 ter
511 3205 608 3242 me.
640 3186 1012 3256 Nunquidnam
1045 3184 1211 3239 Deum
1238 3185 1417 3250 istum.
1444 3192 1642 3254 praeter
1672 3199 1834 3253 quem
1861 3184 1994 3240 alius
2023 3183 2070 3246 C
2099 3190 2196 3248 sed
2241 3189 2554 3260 apostolica:
2602 3188 2725 3244 fidei
2765 3189 3002 3258 regulam
3033 3189 3347 3254 retinentes,
3389 3186 3688 3258 perfectum

407 3296 514 3337 non
545 3288 644 3346 est,
696 3279 769 3332 ita
799 3277 972 3333 solum
1012 3276 1205 3330 Filium
1249 3275 1558 3346 accipimus,
1608 3284 1668 3330 ut
1695 3276 1762 3330 ab
1795 3291 1861 3331 eo
1891 3274 1994 3330 Pa-

409 3380 550 3426 trem
593 3377 651 3426 et
696 3369 950 3439 Spiritum
1000 3375 1247 3423 sanctum
1291 3369 1635 3437 separemus?
1665 3365 1816 3421 Absit
1849 3385 1860 3419 :
1889 3367 1994 3422 hoc

410 3465 550 3521 enim
577 3461 908 3534 impossibile
931 3470 1034 3519 est.
1062 3460 1192 3514 Nam
1219 3468 1413 3531 prmter
1433 3460 1600 3514 Deum
1618 3458 1827 3513 Patrem
1857 3457 1996 3514 Deus

415 3549 577 3607 Filius
605 3567 714 3606 non
755 3559 856 3617 est,
910 3549 1034 3620 quia
1083 3548 1150 3604 de
1177 3548 1337 3603 Patre
1384 3556 1484 3613 est,
1542 3556 1596 3603 et
1625 3549 1678 3602 in
1705 3547 1864 3603 Patre
1892 3556 1994 3604 est.

406 3639 614 3697 Praeter
641 3640 857 3696 Patrem
899 3649 954 3695 et
981 3637 1175 3695 Filium
1218 3639 1449 3710 Spiritus
1478 3647 1696 3695 sanctus
1742 3655 1850 3695 non
1880 3650 1992 3711 est,

413 3735 532 3805 quia
561 3733 735 3788 Patris
762 3741 816 3788 et
833 3731 952 3786 Eilii
973 3731 1202 3801 Spiritus
1225 3739 1327 3798 est,
1356 3738 1412 3786 et
1440 3731 1492 3784 in
1519 3729 1678 3786 Patre
1707 3740 1762 3787 et
1785 3733 1838 3787 in
1858 3732 1995 3789 Filio
2060 3726 2076 3738 ’

409 3830 512 3881 esi.
551 3825 700 3880 Unde
743 3823 1088 3893 cognoscitur
1123 3823 1376 3892 quoniam
1426 3822 1527 3875 ista
1575 3821 1811 3877 Trinitas
1857 3841 1994 3880 unus

408 3916 671 3973 Dominus
699 3915 841 3967 Deus
868 3921 968 3977 est,
1001 3912 1069 3967 de
1091 3927 1196 3982 quo
1220 3910 1413 3967 dicitur
1437 3929 1449 3964 :
1475 3912 1633 3979 Audi,
1666 3912 1853 3979 Israel,
1885 3913 1995 3968 Do-

412 4007 579 4059 minus
615 4001 748 4056 Deus
779 4012 912 4068 tuus,
961 4002 1207 4056 Dominus
1249 4003 1343 4073 (al.
1373 4001 1532 4070 Deus)
1562 4019 1695 4056 unus
1718 4013 1792 4056 est
1817 4004 1992 4074 (Deut.

409 4103 488 4165 Vt,
516 4095 592 4164 4).
625 4093 691 4148 Et
719 4113 730 4148 :
764 4093 1043 4148 Dominum
1069 4092 1232 4148 Deum
1264 4101 1406 4148 tuum
1434 4093 1695 4159 adorabis,
1723 4104 1774 4149 et
1801 4095 1878 4150 illi
1900 4097 2000 4153 soli

2098 3292 2155 3340 et
2175 3282 2666 3352 consempiternum
2689 3280 2895 3347 Filium,
2933 3280 3000 3336 de
3019 3279 3261 3350 perfecto
3283 3289 3338 3335 et
3358 3281 3691 3352 sempiterno

2100 3375 2278 3442 Patre,
2326 3375 2443 3430 sine
2488 3374 2641 3430 initio
2669 3373 2933 3441 genitum,
2982 3378 3038 3425 et
3065 3378 3334 3440 potestate
3380 3387 3490 3426 non
3517 3373 3691 3443 impa-

2099 3484 2235 3532 rem,
2283 3475 2339 3524 et
2366 3475 2557 3522 natura
2589 3464 2836 3527 fatemur
2862 3465 3142 3535 aequalem.
3191 3463 3446 3520 Sanctum
3475 3480 3692 3534 quoque

2099 3560 2360 3631 Spiritum
2390 3575 2499 3615 non
2526 3557 2670 3612 aliud
2713 3556 2944 3612 fatemur
2973 3571 3093 3611 esse
3131 3570 3292 3626 quam
3319 3555 3506 3622 Deum,
3537 3571 3637 3610 nec
3656 3572 3690 3613 a

2101 3651 2238 3707 Filio
2267 3667 2368 3707 nec
2394 3667 2426 3706 a
2455 3649 2615 3705 Patre
2635 3649 2926 3718 diversum,
2956 3664 3058 3704 nec
3085 3648 3139 3702 in
3168 3647 3305 3704 Filio
3331 3663 3430 3703 nec
3452 3648 3503 3702 in
3528 3647 3688 3705 Patre

2103 3743 2405 3801 confusum.
2440 3741 2591 3798 Unus
2629 3749 2713 3796 est
2751 3741 2892 3795 enim
2923 3747 3085 3809 atque
3128 3739 3273 3808 idem
3303 3739 3469 3794 l'atris
3491 3747 3546 3794 et
3565 3738 3691 3801 Filii

2101 3837 2356 3909 Spiritus,
2386 3843 2534 3892 totus
2556 3834 2623 3889 de
2652 3831 2814 3888 Patre
2843 3831 3167 3904 procedens,
3212 3840 3356 3888 totus
3377 3833 3431 3887 in
3459 3839 3693 3902 utroque

2102 3929 2425 3992 consistens,
2476 3941 2576 3982 nec
2605 3934 2688 3982 est
2716 3925 2920 3980 divisus
2949 3925 3004 3980 in
3031 3925 3271 3995 singulis,
3326 3925 3452 3994 quia
3478 3925 3692 3994 insepa-

2103 4019 2345 4078 rabiliter
2374 4027 2457 4075 est
2477 4019 2716 4088 utrisque
2746 4019 3068 4074 communis.

441 4235 3647 4287 Μ

1483 4399 1627 4508 S.

1755 4401 2615 4511 FULGENTII

589 4622 776 4738 AD
861 4578 1885 4738 TRASIMUNDUM
1966 4624 2438 4739 REGEM
2509 4623 3476 4801 VANDALORUM

1278 4900 1281 4901 ,
1738 4834 2006 4914 LIBRI
2077 4835 2360 4916 TRES.
2981 4872 2985 4875 ·

1608 5059 1949 5144 LIBER
2020 5061 2496 5148 PRIMUS.

524 5203 622 5255 οε
655 5201 1027 5255 ιιππιιιο
1061 5202 1514 5254 MEDIATOBIS
1549 5201 1848 5252 CHRISTI
1873 5202 1988 5251 Dm

2099 5205 2436 5258 NA’I'UBAS
2471 5206 2548 5258 IN
2586 5207 2733 5258 UNA
2760 5205 3094 5258 PERCONA
3129 5207 3584 5264 numnum.

426 5403 600 5484 Ελευτ
639 5419 858 5484 animis.
881 5402 1053 5484 _Libe_r
1102 5421 1134 5459 a
1156 5475 1167 5484 .
1189 5419 1306 5474 rege
1369 5404 1651 5484 destinatus
1694 5400 1992 5484 Fu‘lgentio.
2025 5410 2079 5472 D
2102 5414 2350 5476 tractum,
2381 5407 2524 5478 quod
2551 5422 2722 5480 nuper
2744 5407 2874 5463 mihi
2903 5406 3172 5479 quoddam
3200 5410 3473 5480 volumen,
3500 5413 3684 5484 bajulo

495 5474 1127 5548 ResporzsisFulgentiiex
1139 5473 1290 5548 jussu
1311 5475 1464 5548 regis.
1484 5473 1668 5548 Fidem
1696 5473 1832 5529 nolle
1851 5493 1992 5530 asse-

492 5543 624 5611 rere,
650 5552 725 5598 est
749 5543 913 5617 ﬁdem
925 5543 1515 5617 negare.‘Respondendi
1533 5547 1807 5600 necessitas
1826 5556 1903 5601 est
1929 5564 1993 5601 ex

493 5624 746 5684 prlecepto
775 5615 968 5670 divino.
994 5615 1007 5617 “
1419 5651 1424 5654 -

489 5706 602 5778 69
636 5703 1066 5776 Triumphalibus
1117 5707 1227 5764 tuis
1275 5706 1540 5772 sensibus,
1590 5708 1828 5779 piissime
1876 5725 1994 5779 rex,

435 5810 764 5871 nequaquam
783 5795 1102 5856 crediderim
1129 5798 1400 5857 oblivione
1432 5796 1527 5869 (al.
1557 5798 1834 5869 oblivioni)
1865 5799 1992 5857 sub-

2100 5501 2300 5568 Felice,
2321 5501 2641 5574 praeceperis
2663 5500 2940 5568 destinari,
2961 5499 3158 5570 jubens
3175 5517 3263 5558 me
3285 5503 3434 5560 illico
3453 5521 3684 5577 respon-

2095 5592 2244 5650 dere.
2277 5592 2462 5664 Cujus,
2481 5595 2604 5664 quia
2638 5601 2785 5647 tanta
2811 5592 2907 5647 fuit
2935 5594 3240 5664 prolixitas,
3281 5603 3340 5665 ut
3365 5606 3550 5666 egeret
3577 5598 3681 5653 ali-

2095 5702 2299 5767 quanto
2327 5694 2527 5750 diutius
2553 5694 2846 5761 recenseri,
2878 5703 2934 5751 et
2953 5695 3132 5752 diurni
3156 5696 3273 5752 linis
3293 5699 3500 5764 aderat,
3525 5705 3686 5754 nocte

2094 5797 2509 5869 propinquante,
2537 5795 2818 5865 curriculi,
2847 5797 2936 5855 vix
2964 5797 3206 5868 ejusdem
3231 5799 3516 5858 voluminis
3534 5800 3685 5876 prin-
