4072 6332
325 387 435 453 225

1567 379 1658 438 AD
1687 368 2176 437 TRASINUNDUM
2216 372 2343 429 LIB.
2382 371 2420 429 l.

3511 359 3622 426 126

326 510 471 580 cipia
498 507 680 563 citatas
705 495 952 560 delibans
976 499 1224 558 .ectionis
1255 513 1506 561 excursu,
1538 509 1916 567 poposceram,
1947 496 2000 556 Α
2023 491 2190 546 etiam
2233 487 2440 544 servitii
2495 484 2727 556 quadam
2750 495 3133 543 communione
3178 483 3496 556 perstringit
3517 483 3616 556 (at.

322 611 383 658 ιιι
413 600 481 655 ad
510 604 707 654 cuncta
735 595 908 666 plenas
928 591 1259 657 recensionis
1286 589 1381 660 (al.
1408 586 1803 656 recensitionis)
1828 600 1918 639 or-

322 693 451 749 dine
485 687 814 762 perlegenda
862 685 1038 740 noctis
1068 683 1225 737 unius
1270 681 1427 736 nobis
1456 679 1689 750 spatium
1733 677 1921 732 fuisset

323 785 623 848 indultum;
654 779 800 850 quod
827 786 1021 832 vestrae
1050 774 1478 830 mansuetudinis
1519 771 1769 826 voluntas
1799 784 1917 824 om-

319 880 454 933 nino
483 873 675 932 statuit
702 869 1074 939 abnegandum
1095 911 1110 936 ,
1143 867 1216 921 ita
1243 874 1304 921 ut
1343 880 1444 920 nec
1487 863 1677 919 saltem
1718 861 1787 916 ad
1812 877 1918 931 (re-

319 972 478 1027 sidua
507 962 834 1038 perlegenda
863 961 1155 1030 Scriptura:
1193 957 1350 1012 nobis
1375 955 1721 1026 praecepisses
1766 954 1922 1006 attri-

321 1062 438 1119 bui.
471 1060 584 1128 Ego
609 1071 758 1122 vero,
788 1068 910 1109 cum
940 1051 1115 1121 spatio
1143 1047 1498 1120 quorumdam
1537 1043 1745 1099 dierum
1768 1041 1921 1098 ordi-

322 1153 606 1207 nationem
631 1147 707 1202 tui
727 1142 976 1200 culminis
997 1141 1359 1212 praestolarer,
1382 1153 1446 1193 ac
1462 1137 1734 1206 deinceps,
1755 1136 1894 1189 inter
1911 1163 1924 1174 -

321 1240 624 1311 rogationis
652 1237 794 1292 illius
822 1244 1011 1290 tenore
1040 1233 1340 1296 subtracto,
1367 1229 1482 1284 sola
1505 1227 1694 1283 fuisset
1713 1241 1744 1280 a
1765 1225 1922 1280 nobis

322 1335 565 1402 ﬂagitata
591 1327 895 1399 responsio,
913 1340 1104 1396 pauca,
1129 1323 1344 1392 quibus,
1362 1320 1590 1376 Domino
1614 1317 1920 1386 adjuvante,

323 1434 500 1490 nostri
547 1429 784 1501 parritas
812 1424 1025 1498 sufficit
1053 1423 1276 1491 ingenii,
1303 1421 1371 1476 de
1400 1420 1588 1474 eadem
1616 1419 1912 1482 interroga-

322 1527 494 1590 tione,
547 1537 708 1592 quam
766 1535 833 1574 ex
863 1517 1128 1588 principio
1173 1515 1407 1569 tenuiter
1446 1511 1698 1580 cognovi,
1729 1516 1924 1568 vestra:

309 1601 716 1686 recensendam
744 1608 1146 1665 mansuetudini
1175 1605 1461 1669 destinavi,
1493 1618 1560 1656 ne
1581 1601 1804 1656 forsitan
1830 1608 1924 1653 aut
1960 1649 1961 1652 η

325 1711 540 1766 fastidio
568 1716 789 1779 putarer
817 1703 1076 1764 tumidus,
1105 1709 1198 1755 aut
1235 1685 1624 1754 taciturnitatis
1653 1694 1809 1762 culpa
1836 1693 1924 1761 ju-

324 1801 535 1856 dicarer
573 1797 886 1859 obstrictus,
919 1807 1080 1862 quem
1113 1797 1290 1844 vestra
1321 1786 1586 1843 celsitudo
1615 1785 1922 1854 suspicare-

2021 575 2322 649 pertingit),
2347 577 2560 632 dicente
2602 575 2832 632 Domino
2865 595 2876 630 :
2905 576 3108 643 Clama,
3141 591 3206 629 ne
3233 589 3420 641 cesses,
3469 572 3621 644 quasi

2026 669 2146 722 tuba
2175 672 2352 722 exaltu
2381 684 2554 723 vocem
2607 675 2750 721 tuam
2782 667 2937 740 (Isai.
2970 682 3117 732 LVIII,
3145 665 3220 738 l).
3269 663 3423 731 Quod
3472 663 3623 719 Isaiae

2023 775 2147 814 cum
2178 758 2372 814 dicitur
2401 759 2455 812 in
2486 773 2615 824 uno,
2656 757 2900 827 pluribus
2928 757 3258 827 imperatur;
3289 756 3407 824 ipso
3436 755 3616 822 unige

2022 852 2138 906 nito
2167 851 2279 906 Deo
2303 836 2578 920 discipulis
2605 851 2862 919 loquente
2893 868 2906 902 :
2943 847 3094 913 Quod
3116 849 3207 901 uni
3229 857 3452 901 vestrum
3484 846 3619 911 dico,
3711 915 3718 917 _

2023 944 2259 998 omnibus
2289 943 2403 998 dico
2445 941 2636 1015 (Marc.
2669 958 2783 1006 XIII,
2832 941 2945 1012 37).
2973 939 3272 1010 Propterea
3315 954 3413 994 nos
3459 939 3623 993 etiam

2023 1034 2214 1088 beatus
2241 1032 2434 1087 Petrus
2460 1031 2528 1086 ad
2557 1029 2991 1100 respondendum
3022 1036 3241 1098 paratos
3263 1042 3384 1082 esse
3424 1026 3626 1081 debere

2024 1133 2264 1195 paternas
2297 1126 2452 1194 jubet
2481 1123 2786 1178 dilectionis
2805 1123 3092 1177 instinctu:
3120 1119 3327 1184 Parati,
3353 1119 3624 1187 inquiens,

2024 1233 2226 1284 semper
2247 1215 2316 1268 ad
2346 1212 2760 1285 respondendum
2796 1214 2936 1266 omni
2976 1211 3209 1280 poscenti
3251 1225 3338 1262 vos
3370 1210 3624 1261 rationem

2025 1307 2091 1360 de
2119 1306 2224 1376 ﬁde
2253 1314 2303 1359 et
2336 1322 2423 1375 spe
2447 1320 2562 1375 qua:
2587 1306 2642 1357 in
2684 1302 2824 1356 vobis
2853 1309 2930 1354 est
2958 1299 3011 1371 (I
3042 1299 3188 1354 Petr.
3221 1314 3312 1364 III,
3348 1296 3457 1366 15).
3488 1295 3626 1351 Cum

2026 1396 2175 1450 omni
2204 1394 2448 1464 poscenti
2478 1393 2745 1446 rationem
2792 1389 2913 1444 fidei
2952 1389 3175 1459 speique
3202 1395 3402 1442 nostra:
3432 1385 3626 1456 praeci-

2024 1484 2206 1553 pimur
2233 1483 2479 1547 reddere,
2513 1487 2690 1536 cessat
2710 1493 2934 1548 prorsus
2963 1477 3226 1530 universae
3252 1483 3360 1528 tam
3390 1473 3624 1541 dignita-

2030 1575 2096 1628 tis
2123 1573 2375 1642 cxceptio
2408 1587 2570 1640 quam
2601 1584 2866 1641 personze.
2896 1566 2996 1622 Cui
3025 1566 3168 1621 enim
3217 1566 3460 1620 veritatis
3489 1565 3627 1619 insi-

2029 1667 2217 1720 nuatio
2265 1663 2580 1732 deneganda
2631 1662 2929 1732 putabitur,
2963 1675 3086 1715 cum
3131 1673 3190 1712 se
3244 1657 3483 1712 locutum
3510 1655 3629 1709 sino

2029 1743 2346 1815 confusione
2370 1772 2554 1812 coram
2584 1756 2800 1824 regibus
2830 1753 3099 1824 propheta
3129 1758 3380 1814 testatur,
3406 1748 3626 1802 dicens:
3663 1811 3668 1814 _

326 1901 438 1958 tur,
485 1899 578 1945 aut
620 1887 874 1959 superbia
916 1885 1324 1954 responsionem
1382 1896 1489 1935 non
1542 1878 1788 1941 reddere,
1831 1884 1925 1930 aut

2033 1851 2299 1922 Loquebar
2327 1851 2379 1902 in
2410 1848 2712 1902 testimoniis
2743 1849 2841 1901 tuis
2867 1847 2921 1900 in
2944 1852 3218 1916 conspectu
3237 1858 3435 1913 regum,
3458 1850 3629 1894 etnon

2045 1958 2048 1959 ,
2135 1944 2154 1959 ι·
2245 1940 2340 1959 1,L,
2411 1939 2560 1959 .n-_r
2618 1954 2771 1959 ___--__
2829 1935 2950 1959 h0\0

329 2001 474 2042 vera:
515 1983 636 2037 lidei
675 1977 972 2034 difﬁdentia
1019 1975 1272 2031 tacuisse.
1306 1971 1439 2026 Nam
1488 1969 1668 2025 studio
1721 1975 1923 2031 vestro,

328 2073 741 2133 clementissime
763 2084 878 2132 rex,
906 2073 1242 2137 compertum
1264 2079 1383 2118 esse
1408 2078 1518 2117 non
1539 2060 1751 2129 ambigo
1781 2057 1926 2127 apud

323 2185 420 2226 eos
447 2169 543 2240 qui
571 2164 890 2221 Christiana:
954 2161 1140 2230 gratiae
1189 2155 1607 2228 participatione
1658 2149 1925 2231 redempti

325 2237 481 2328 sunt,
495 2274 638 2331 pene
658 2257 715 2312 id
735 2271 876 2319 esse,
902 2253 1059 2308 fidem
1082 2251 1229 2306 nolle
1249 2263 1511 2313 asserere,
1535 2245 1680 2317 quod
1702 2237 1919 2312 negare.

324 2355 539 2424 Quippe
589 2365 710 2407 cum
759 2349 877 2418 ipse
925 2343 1231 2413 unigenitus
1277 2341 1418 2394 Deus
1462 2339 1681 2393 humani
1710 2335 1926 2405 generis

325 2443 578 2501 conditor
600 2450 657 2496 et
683 2439 1013 2507 redemptor,
1036 2434 1176 2489 sicut
1196 2447 1254 2487 se
1277 2425 1926 2507 confessuruchonliten-

328 2544 456 2598 tem,
508 2533 583 2586 ita
613 2544 673 2585 se
701 2504 1020 2596 negaturum
1053 2531 1361 2592 negantem,
1395 2529 1542 2574 certa
1574 2504 1795 2587 prorsus
1823 2515 1922 2569 de-

326 2623 670 2681 nuntiatione
700 2625 947 2680 testatur,
983 2615 1169 2670 dicens
1198 2632 1211 2666 :
1243 2612 1344 2675 Qui
1367 2627 1449 2664 me
1477 2608 1804 2677 conﬁtebitur
1831 2622 1922 2658 co-

327 2733 443 2771 ram
485 2711 801 2772 hominibus,
829 2705 1113 2777 conﬁtebor
1144 2713 1192 2758 et
1222 2721 1317 2774 ego
1366 2717 1481 2755 eum
1538 2714 1714 2752 coram
1760 2695 1925 2748 Patre

328 2826 460 2874 meo,
481 2808 570 2874 qui
592 2814 669 2860 est
700 2805 756 2857 in
789 2802 928 2856 caelis
955 2817 972 2854 :
1003 2800 1089 2871 qui
1134 2807 1306 2850 autem
1335 2793 1595 2865 negaverit
1621 2807 1702 2844 me
1748 2803 1925 2842 coram

331 2899 640 2962 hominibus,
672 2895 872 2967 negabo
914 2901 963 2947 et
987 2908 1080 2962 ego
1110 2906 1225 2943 eum
1277 2903 1452 2941 coram
1490 2886 1646 2946 l’atre
1673 2897 1804 2945 meo,
1836 2879 1924 2950 qui

331 2996 483 3050 estin
509 2992 651 3046 caelis
679 2987 895 3058 (Matth.
924 3003 976 3046 χ,
1005 2984 1092 3047 52,
1123 2983 1234 3052 55).
1268 2979 1344 3034 lta
1375 2979 1554 3034 denuo
1596 2975 1923 3031 erubescen-

332 3098 440 3143 tem
486 3101 547 3140 se
574 3097 812 3152 suosque
841 3092 1118 3134 sermones
1161 3077 1277 3145 ipse
1325 3075 1432 3144 70
1457 3085 1674 3141 quoque
1716 3069 1768 3122 in
1824 3082 1922 3120 sua

329 3176 620 3248 majestate
640 3174 862 3229 veniens
883 3169 1185 3225 erubescet.
1213 3165 1378 3235 Cujus
1398 3162 1529 3218 dicti
1552 3175 1796 3217 normam
1828 3157 1924 3212 tali

331 3267 510 3322 [neas
538 3265 800 3320 sententia
823 3261 1166 3331 cognoscitur
1186 3257 1450 3327 posuisse,
1485 3254 1575 3309 ubi
1607 3251 1764 3320 hujus
1792 3266 1922 3306 con-

332 3367 564 3424 fusionis
585 3365 662 3420 sic
687 3362 901 3419 exitiale
929 3359 1106 3414 lirmat
1133 3358 1365 3412 tacituro
1389 3354 1681 3419 silentium,
1714 3359 1772 3404 ut
1797 3365 1924 3405 eru-

329 3470 642 3527 bescentem
663 3461 953 3536 perditioni
981 3475 1090 3514 non
1119 3458 1276 3513 sileat
1305 3453 1720 3524 mancipandum
1745 3469 1759 3517 ;
1785 3451 1926 3505 inter

329 3565 435 3621 alia
456 3561 746 3617 Dominum
768 3559 884 3611 inec
911 3554 1112 3610 dixisse
1131 3561 1594 3608 commemorans:
1625 3543 1761 3609 Quid
1790 3544 1926 3598 enim

331 3659 538 3729 proﬁcit
585 3653 779 3708 homini
832 3649 947 3722 (al.
995 3647 1147 3700 homo
1177 3645 1229 3716 ),
1281 3644 1328 3696 si
1371 3641 1594 3694 lucretur
1631 3637 1927 3690 universum

332 3724 610 3809 mundum,
642 3760 698 3798 se
735 3755 903 3796 autem
947 3741 1114 3808 ipsum
1153 3733 1338 3804 perdat
1382 3739 1430 3784 et
1459 3729 1816 3782 detrimentum
1844 3724 1926 3777 sui

333 3841 494 3913 faciat
544 3835 697 3908 (Luc.
744 3849 818 3897 Ix,
851 3830 982 3900 9|)?
1027 3827 1367 3893 Causamque
1415 3821 1574 3889 hujus
1610 3816 1926 3888 perditionis

332 3911 614 3988 insinuans
651 3925 848 3996 adjecit
878 3921 1061 3976 :Nam
1089 3921 1177 3990 qui
1215 3934 1294 3971 me
1322 3914 1580 3969 erubuerit
1606 3911 1700 3977 (al.
1746 3912 1926 3966 erube-

337 4023 478 4093 scit),
504 4032 555 4077 et
583 4036 724 4075 meos
748 4031 1026 4077 sermones,
1053 4015 1187 4064 hunc
1210 4007 1381 4061 Filius
1405 4003 1624 4058 hominis
1642 4001 1922 4061 erubescet,

335 4131 446 4168 sum
469 4113 667 4168 venerit
704 4111 761 4163 in
785 4106 1058 4176 majestate
1090 4117 1204 4165 sua,
1241 4106 1290 4152 et
1321 4096 1518 4161 Patris,
1549 4103 1597 4147 et
1627 4101 1927 4147 sanctorum

335 4204 655 4275 angelorum.
688 4199 798 4255 Nec
822 4194 1090 4252 immerito
1122 4192 1241 4246 talis
1281 4204 1470 4244 servus
1513 4193 1569 4241 et
1598 4183 1847 4252 abjicitur
1870 4188 1928 4236 et

333 4299 576 4369 punitur,
603 4292 858 4364 quoniam
889 4303 997 4343 uno
1035 4283 1334 4352 eodemque
1371 4279 1585 4336 silentio
1630 4276 1807 4330 firmat
1833 4289 1925 4328 er-

333 4405 537 4452 rorem,
554 4385 894 4456 qui,terrore
913 4395 1009 4434 seu
1031 4385 1252 4446 torpore
1269 4373 1362 4445 (at.
1391 4372 1602 4441 tepore)
1625 4380 1922 4438 possessus,

334 4482 546 4540 silendo
593 4495 703 4536 non
745 4473 941 4530 astruit
987 4470 1288 4525 veritatem.
1329 4463 1660 4520 Dominicam
1707 4473 1926 4528 quoque

335 4557 564 4644 gloriam
601 4570 692 4639 qui
723 4583 830 4624 non
854 4563 1098 4627 ﬁrmarit,
1148 4566 1396 4625 cvacuat,
1427 4565 1482 4612 et
1529 4554 1763 4609 divinam
1793 4565 1924 4606 con-

341 4666 618 4722 tumeliam
647 4661 738 4731 qui
787 4674 894 4713 non
937 4653 1206 4720 refutarit,
1234 4649 1557 4706 accumulat.
1603 4645 1925 4713 Plerumque

337 4755 491 4811 miles
517 4756 743 4823 ignavus
769 4749 915 4816 regia
961 4753 1156 4811 castra,
1197 4740 1540 4799 somnolento
1586 4747 1804 4807 torpore
1830 4735 1925 4790 de-

339 4861 576 4918 pressus,
625 4838 1057 4914 oppugnantibus
1098 4835 1277 4902 tradit,
1323 4833 1450 4888 dum
1498 4828 1926 4899 competentibus

339 4937 582 4997 excubiis
633 4950 741 4991 non
793 4931 1051 4990 defendit.
1104 4927 1230 4983 Haec
1278 4925 1478 4981 idcirco
1526 4921 1710 4978 curavi
1762 4935 1926 4990 quam

339 5031 577 5087 maxime
603 5025 994 5099 praemittenda,
1028 5038 1098 5077 ne
1144 5019 1386 5090 superba:
1432 5013 1798 5087 responsionis
1825 5013 1924 5067 ali-

340 5132 610 5193 quatenus
639 5127 829 5174 notare
857 5125 949 5172 tua
971 5115 1142 5186 pietas
1161 5111 1311 5177 velit,
1334 5110 1420 5164 cui
1443 5109 1555 5178 ipsa
1571 5103 1931 5177 respondendi

343 5215 644 5270 necessitas
687 5210 925 5267 ofﬁcium
971 5206 1152 5260 libera:
1207 5200 1576 5272 responsionis
1637 5198 1866 5269 imponit
1915 5215 1928 5250 :

344 5321 467 5360 nam
496 5319 623 5360 cum
652 5301 720 5358 de
742 5301 852 5356 Deo
892 5313 981 5354 res
1009 5298 1204 5367 agitur,
1230 5309 1340 5350 non
1367 5292 1500 5347 levis
1528 5299 1712 5346 reatus
1739 5298 1842 5355 est,
1887 5290 1936 5344 si

344 5397 489 5468 quod
517 5395 585 5450 ad
613 5394 844 5450 salutem
871 5392 1108 5462 pertinet
1153 5375 1415 5443 taceatur.
1457 5383 1536 5438 lta
1575 5396 1806 5452 namque
1835 5395 1935 5438 nos

348 5498 564 5563 oportet
586 5487 741 5543 corde
769 5486 838 5540 ad
861 5485 1122 5556 justitiam
1150 5479 1401 5556 credere,
1432 5486 1492 5533 ut
1531 5478 1637 5532 oris
1681 5475 1937 5549 confessio

349 5584 440 5640 list
461 5583 666 5655 pariter
692 5579 763 5634 ad
787 5578 1006 5634 salutem
1033 5575 1210 5648 (Rom.
1242 5592 1297 5640 x,
1322 5572 1433 5644 l0);
1455 5572 1708 5641 quoniam
1733 5569 1939 5625 uerbum

351 5675 445 5733 Dei
470 5693 575 5733 non
603 5682 681 5730 est
703 5675 929 5729 vinctum
951 5667 1038 5739 (11
1059 5668 1200 5723 Tim.
1229 5683 1297 5733 II,
1322 5665 1398 5737 9).
1421 5665 1537 5720 Huc
1564 5663 1772 5742 accedit
1791 5662 1936 5733 quod

351 5768 477 5824 illud
506 5767 704 5823 divinas
740 5759 1120 5837 praeceptionis
1165 5759 1442 5816 oraculum
1470 5757 1647 5812 omnis
1673 5755 1933 5811 ecclesia-

355 5859 474 5916 stici
496 5856 868 5930 pI-aedicatoris
917 5866 1236 5938 personam.
1279 5864 1388 5908 non
1415 5857 1624 5911 tantum
1650 5846 1777 5906 ﬁdei
1793 5888 1811 5916 ,
1837 5846 1934 5904 sed

2029 1940 2384 2012 confundebar
2408 1939 2580 2008 (Psal.
2612 1954 2792 2003 cxvm,
2819 1935 2950 2008 46)?

2028 2050 2210 2106 Csrur
2264 2067 2322 2106 II.
2367 2051 2431 2104 In
2483 2050 2842 2120 respondendo
2883 2048 3126 2120 habenda!
3169 2056 3245 2101 est
3295 2047 3430 2120 ratio
3475 2044 3631 2114 regia

2100 2123 2391 2193 dignitatis.
2418 2115 2695 2193 Deus'glus
2739 2119 2994 2193 timendus
3019 2127 3069 2171 et
3096 2115 3441 2193 honorandus
3469 2128 3628 2193 quam

2098 2182 2540 2274 revetentporalis.
2577 2182 2716 2244 Laus
2747 2189 2958 2244 barbari
3000 2189 3135 2259 regis
3162 2195 3375 2257 prapter
3403 2182 3631 2238 studium

2098 2274 2389 2332 sapienttw.

2101 2373 2392 2441 Quocirca,
2423 2389 2546 2428 cum
2566 2389 2665 2444 pro
2682 2381 2866 2427 nostra
2889 2371 3012 2438 lide,
3038 2371 3094 2424 in
3117 2376 3377 2439 quantum
3407 2364 3630 2422 facultaa

2028 2474 2140 2520 tem
2185 2464 2442 2521 divinitus
2473 2465 2801 2534 accepimus,
2834 2463 3005 2518 libere
3045 2460 3458 2531 respondemus,
3489 2455 3630 2516 nulla

2027 2555 2384 2612 contumaciae
2410 2572 2507 2611 seu
2528 2555 2872 2611 contumeliae
2913 2553 3173 2609 debemus
3199 2550 3507 2621 suspicione
3535 2563 3630 2605 no-

2028 2647 2156 2714 tari,
2203 2663 2328 2702 cum
2365 2663 2467 2702 nec
2505 2657 2703 2702 nostra:
2731 2645 3072 2709 humilitatis,
3105 2659 3206 2698 nec
3251 2643 3412 2710 regia:
3453 2642 3625 2695 simus

2026 2738 2307 2806 dignitatis
2352 2739 2696 2794 immemores
2726 2781 2741 2805 ,
2793 2737 3139 2805 sciamusque
3187 2733 3300 2788 Deo
3352 2733 3628 2801 timorem,

2028 2829 2290 2882 honorem
2348 2829 2565 2896 regibus
2610 2827 3013 2894 exhibendum,
3059 2824 3355 2896 apostolica
3402 2824 3476 2877 ita
3532 2835 3631 2879 nos

2028 2931 2400 2992 praemonente
2447 2922 2694 2976 doctrina
2738 2940 2750 2974 :
2797 2920 3015 2975 Reddite
3072 2918 3308 2974 omnibus
3355 2917 3546 2982 debita,
3577 2923 3632 2972 et

2027 3016 2190 3086 paulo
2214 3023 2338 3086 post
2371 3034 2383 3068 :
2415 3014 2509 3068 Cui
2531 3013 2785 3079 timorem,
2813 3015 3086 3077 timorem;
3127 3013 3209 3065 cui
3235 3012 3501 3075 honorem,
3534 3009 3633 3064 Ita-

2028 3128 2209 3166 norem
2232 3110 2410 3182 (Rom.
2442 3126 2555 3177 xIII,
2591 3109 2664 3180 7).
2698 3108 2867 3178 Hujus
2889 3107 3100 3162 timoris
3130 3106 3462 3175 honorisque
3507 3118 3631 3160 ma-

1948 3232 2003 3294 c
2030 3199 2226 3255 nifesta
2257 3200 2413 3254 nobis
2439 3200 2630 3254 beatus
2671 3196 2864 3253 Petrus
2888 3197 3102 3267 aperuit
3141 3195 3466 3251 discretione
3493 3192 3633 3248 notia

2028 3292 2181 3353 tiam,
2213 3290 2402 3345 dicens
2433 3309 2446 3342 :
2484 3289 2632 3344 Sicut
2677 3290 2809 3343 servi
2841 3287 2943 3342 Dei
2971 3303 3150 3343 omnes
3198 3286 3471 3350 honorate,
3521 3284 3633 3354 fra-

2030 3380 2326 3434 ternitatem
2351 3379 2570 3449 diligite,
2604 3377 2770 3431 Deum
2802 3378 3005 3439 timete,
3030 3392 3202 3446 regem
3222 3384 3392 3428 autem
3420 3371 3634 3428 honori-

2029 3474 2184 3541 ﬁcate
2213 3470 2266 3542 (Ι
2295 3471 2439 3525 Petr.
2466 3487 2521 3534 II,
2559 3470 2670 3534 l7).
2700 3469 2818 3524 Non
2848 3475 3031 3522 autem
3086 3482 3274 3536 parum
3322 3463 3629 3519 clementiae

2028 3573 2138 3618 tuae
2165 3563 2471 3618 dilectionis
2500 3561 2721 3614 exhibet
2764 3559 2864 3628 7|
2898 3566 2956 3612 et
2982 3556 3223 3618 honoris,
3255 3554 3497 3624 quisquis
3542 3554 3630 3609 in-

2029 3651 2324 3720 terroganti
2353 3651 2448 3704 tibi
2477 3649 2583 3704 hoc
2611 3647 2904 3716 respondet
2934 3646 3081 3716 quod
3111 3645 3179 3700 ad
3203 3644 3363 3699 ﬁdem
3395 3643 3631 3714 pertinet

2028 3741 2293 3796 veritatis.
2331 3739 2661 3808 Competens
2690 3737 2854 3805 igitur
2882 3733 3282 3790 mansuetudini
3314 3741 3416 3787 tute
3434 3731 3628 3788 deferi-

2030 3849 2150 3888 mus
2181 3831 2406 3888 honoris
2429 3829 2774 3899 obsequium,
2805 3829 2890 3883 cui
2921 3827 3116 3896 regalis
3145 3827 3353 3896 apicem
3377 3824 3628 3882 culminis

2028 3923 2214 3978 divina
2234 3922 2505 3977 cernimus
2524 3920 2775 3990 largitate
2796 3919 3074 3974 collatum.
3101 3915 3212 3972 Nec
3242 3926 3418 3971 tamen
3445 3931 3629 3985 quem-

2029 4027 2194 4082 quam
2235 4011 2532 4080 sapientem
2574 4008 2709 4078 fugit
2744 4015 2948 4078 quanto
2993 4007 3354 4077 sempiternus
3392 4006 3484 4062 ille
3511 4006 3629 4064 Rex

2030 4115 2218 4170 regum
2250 4109 2305 4156 et
2335 4100 2595 4155 Dominus
2621 4098 3019 4155 dominantium
3049 4097 3242 4152 timore
3271 4097 3466 4152 debeat
3505 4111 3628 4153 sus-

2029 4192 2155 4263 pici,
2189 4192 2279 4262 qui
2335 4189 2660 4260 temporales
2689 4189 2856 4244 etiam
2885 4202 3043 4257 reges
3071 4188 3314 4258 prtecipit
3344 4187 3626 4244 honorari.

2030 4281 2187 4336 Hunc
2209 4283 2255 4335 si
2301 4281 2421 4350 quis
2451 4295 2639 4350 parum
2670 4279 2885 4348 metuit,
2905 4277 3069 4334 valde
3107 4279 3438 4343 contemnit;
3469 4277 3630 4346 hujus

2029 4373 2122 4443 qui
2146 4373 2379 4428 minorat
2408 4371 2503 4443 (at.
2539 4387 2646 4426 non
2688 4371 2988 4440 memorat)
3017 4369 3507 4432 honorificentiam,
3533 4381 3630 4421 au-

2029 4471 2120 4533 get
2149 4462 2431 4532 iujuriam;
2455 4477 2556 4518 nec
2586 4463 2781 4531 ingrati
2807 4461 3005 4530 refugit
3028 4460 3262 4530 culpam,
3294 4459 3386 4528 qui
3414 4459 3628 4512 creato-

2032 4558 2108 4613 ris
2157 4559 2573 4614 immensitatem
2621 4564 2939 4628 perpetuam
2968 4562 3026 4611 et
3064 4554 3483 4625 perpetuitatem
3519 4551 3624 4605 im-

1955 4621 2008 4681 D
2035 4663 2279 4706 mensam
2317 4621 2694 4704 creaturarum
2718 4621 2811 4720 (at.
2843 4621 3125 4716 creaturae)
3150 4621 3421 4716 putaverit
3447 4640 3626 4709 quali-

2034 4742 2235 4797 tatibus
2279 4740 2669 4796 aestimandam.
2703 4739 2820 4795 Hoc
2848 4739 3080 4808 benigna
3129 4731 3486 4790 mansuetudo
3532 4740 3626 4788 tua

2032 4831 2225 4904 procul
2243 4831 2407 4886 dubio
2437 4829 2715 4900 perspicit,
2745 4829 2852 4882 hoc
2892 4826 3093 4896 ingenii
3137 4822 3407 4891 studiique
3437 4819 3514 4875 tui
3533 4836 3626 4877 sa-

2035 4923 2240 4992 gacitas
2269 4920 2641 4990 recognoscit;
2691 4933 2854 4989 quam
2885 4931 3015 4972 vere
3043 4911 3344 4970 mirandam
3385 4912 3628 4982 quisquis

2038 5013 2188 5070 novit
2232 5007 2973 5082 considerare-pronuntiat,
3013 5021 3123 5061 non
3163 5001 3308 5074 quod
3353 5001 3629 5059 insolitum

2036 5107 2108 5162 sit
2134 5091 2410 5160 hominem
2436 5102 2833 5174 Scripturarum
2854 5097 3044 5154 studiis
3063 5095 3342 5174 insistere,
3366 5091 3462 5148 sed
3482 5089 3629 5162 quod

2037 5211 2222 5250 rarum
2251 5196 2515 5251 hactenus
2544 5171 2804 5249 habeatur
2831 5189 3047 5246 barbari
3087 5188 3231 5260 regis
3258 5171 3496 5243 animum
3527 5199 3628 5238 nu-

2037 5287 2266 5342 merosis
2310 5287 2463 5355 regni
2489 5285 2632 5340 curis
2665 5283 2869 5353 jugiter
2898 5290 3220 5353 occupatum
3259 5290 3368 5334 tam
3398 5275 3629 5336 ferventi

2038 5380 2425 5448 cognoscenda:
2471 5377 2750 5448 sapientiae
2795 5377 3154 5434 delectatione
3182 5355 3466 5435 ﬂammari,
3498 5383 3625 5424 cum

2039 5473 2410 5541 hujuscemodi
2440 5472 2536 5543 (at.
2569 5470 2896 5544 hujusmodi)
2920 5484 3132 5540 semper
3161 5461 3517 5532 infatigabiles
3542 5459 3626 5516 ni-

2039 5584 2132 5625 sus
2150 5583 2260 5623 non
2289 5567 2390 5622 nisi
2429 5565 2516 5621 vel
2542 5565 2750 5622 otiosus
2776 5565 2899 5635 quis
2925 5564 3129 5618 habere
3155 5557 3368 5623 soleat,
3399 5553 3489 5610 vel
3514 5551 3626 5609 Ro.

2039 5677 2250 5717 manus.
2299 5659 2402 5715 Pcr
2430 5669 2515 5725 te,
2546 5659 2964 5715 clementissime
2992 5671 3107 5722 rex,
3139 5668 3239 5736 [ger
3279 5661 3355 5718 te,
3384 5651 3626 5720 inquam,

2035 5753 2330 5814 disciplina
2353 5752 2529 5808 studia
2553 5753 2852 5808 moliuntur
2873 5750 2996 5819 jura
3022 5745 3319 5804 barbaricae
3346 5741 3521 5809 gentis
3541 5740 3626 5796 in-

2037 5853 2248 5918 vadere,
2278 5866 2398 5921 quae
2441 5852 2541 5906 sibi
2568 5853 2711 5934 velut
2750 5854 3036 5905 vernacula
3083 5851 3424 5919 proprietate
3478 5837 3604 5897 solo
