4072 6332
479 343 586 413 231

1508 339 1562 400 Β.
1595 341 1960 399 FULGENTﬂ
1997 339 2306 401 EPISCOPI
2341 336 2714 404 ιιυεΡΕΝειε

3664 343 3780 409 25!

482 464 690 536 cipiens
726 474 826 532 per
853 457 1010 531 "quod
1052 462 1336 514 sanaretur
1368 453 1634 524 infirmus)
1661 455 1740 510 sic
1779 455 1866 510 isti
1895 455 2078 511 nescio
2104 459 2157 519 Α
2181 469 2302 525 quae
2329 462 2512 512 tamen
2540 457 2597 511 in
2623 456 2886 528 sapientia
2913 455 3223 515 nullatenus
3248 456 3558 530 proficeret,
3600 462 3646 516 si
3674 477 3774 519 na-

484 571 590 627 qua
606 553 928 625 deceptione
951 550 1227 616 falluntur,
1242 554 1298 600 ut
1311 545 1568 617 quidquid
1590 546 1866 609 Dominus,
1881 561 2068 602 veram

483 645 670 702 formae
716 645 929 701 servilis
973 638 1366 710 susceptionem
1413 645 1742 704 monstrans,
1791 636 2069 692 humiliter

482 736 651 808 gessit
679 743 771 790 aut
809 733 964 796 dixit,
1010 737 1183 784 totum
1230 728 1295 782 ad
1341 729 1723 784 contumeliam
1771 727 2071 784 divinitatis

481 829 728 886 derivare
755 841 864 898 ιι,οη
901 828 1167 890 metuant,
1213 836 1375 890 quam
1424 821 1660 892 passioni
1696 821 2072 877 mutabilitatis

484 922 582 995 (al.
625 915 1098 988 mutabilitatique)
1135 914 1442 984 subjiciunt,
1487 914 1616 970 dum
1667 916 1945 985 utriusque
1971 930 2073 970 na-

485 1022 620 1068 turte
661 1009 944 1066 veritatem
999 1015 1106 1061 tam
1153 1005 1417 1068 dictorum
1445 1020 1609 1075 quam
1637 1021 1862 1076 operum
1899 1004 2073 1069 manie

479 1100 769 1157 testatione
797 1097 1094 1154 clarissima
1122 1095 1554 1167 resplendentem
1585 1096 1730 1150 nulla
1757 1095 2070 1151 considera-

477 1193 629 1249 tione
660 1192 992 1261 distinguunt
1018 1208 1031 1242 :
1055 1204 1163 1245 non
1184 1188 1524 1244 attendentes
1557 1188 1643 1242 ubi
1669 1189 2073 1243 demonstretur

480 1283 764 1339 infirmitas
795 1282 862 1336 ab
894 1279 1094 1336 invicta
1126 1287 1182 1336 et
1222 1279 1537 1350 impassibili
1563 1279 1762 1334 virtute
1802 1287 2072 1348 suscepta,

478 1374 572 1430 ubi
613 1389 710 1444 per
748 1372 1119 1428 infirmitatem
1168 1371 1549 1440 resplendeant
1597 1370 1808 1425 invicta:
1858 1371 2076 1427 virtutis

486 1466 927 1535 insigniazatque
956 1464 1028 1517 ita
1059 1463 1224 1518 divini
1253 1461 1496 1533 mysterii
1520 1461 1784 1516 frustrare
1809 1470 2076 1516 conantur

475 1556 750 1623 effectum,
779 1556 906 1626 quia
943 1569 1134 1610 revera
1183 1554 1347 1609 homo
1401 1553 1598 1608 salvari
1645 1568 1755 1607 non
1803 1554 1998 1622 potuit,
2029 1554 2077 1610 si

474 1651 562 1707 vel
580 1656 861 1720 susceptor
885 1646 1119 1702 hominis
1147 1644 1465 1701 naturaliter
1497 1661 1658 1701 verus
1670 1645 1810 1701 Deus
1824 1661 1932 1701 non
1955 1646 2073 1718 fuit,

474 1745 562 1802 vel
588 1746 645 1800 in
675 1744 771 1798 Dei
822 1741 936 1796 veri
981 1738 1326 1809 susceptione
1373 1737 1573 1807 aliquid
1621 1737 1857 1794 hominis
1884 1739 2073 1796 defuit.

2173 546 2402 602 turalem
2430 547 2836 617 intelligentiam
2867 549 3008 622 (qum
3033 549 3337 605 hominibus
3356 549 3585 606 rationis
3606 567 3772 611 causa

2170 651 2426 710 concessa
2457 641 2562 709 est)
2597 655 2704 695 non
2745 639 2989 706 haberet,
3023 656 3131 695 non
3171 641 3297 710 quia
3341 641 3447 697 hoc
3486 653 3775 714 susceptor

2171 728 2314 785 Deus
2333 730 2501 798 eguit,
2530 729 2628 786 sed
2651 731 2777 800 quia
2808 731 2912 786 hoc
2939 746 3038 801 pro
3068 731 3312 794 remedio
3341 739 3541 788 nostra:
3579 734 3776 793 salutis

2173 817 2393 876 effectus
2445 821 2548 891 piae
2595 821 2956 891 susceptionis
3004 823 3204 891 exegit,
3253 830 3314 877 ut
3357 821 3486 877 dum
3535 839 3667 880 caro
3713 831 3776 881 et

2174 911 2353 965 anima
2400 911 2742 966 rationalis-a
2784 911 2896 966 Deo
2943 913 3251 982 suscipitur,
3303 921 3532 983 utraque
3567 923 3778 985 pariter

2174 995 2512 1051 salvaretur:
2537 1011 2662 1050 nam
2684 1011 2786 1052 nec
2810 1012 2938 1052 caro
2970 997 3084 1068 ipsa
3114 995 3215 1052 fuit
3243 1011 3274 1051 a
3305 997 3400 1053 Dei
3424 997 3565 1054 Filio
3591 999 3773 1056 susci-

2173 1087 2505 1158 pienda,nisi
2539 1089 2718 1144 divina
2742 1088 2932 1144 fuisset
2945 1090 3291 1160 susceptione
3318 1089 3776 1158 salvanda.Quod

2175 1178 2222 1232 si
2251 1177 2392 1233 Deus
2411 1193 2574 1234 carne
2603 1193 2708 1234 non
2729 1179 2898 1248 eguit,
2927 1180 3024 1235 sed
3052 1187 3111 1235 ut
3131 1195 3251 1236 eam
3278 1180 3515 1237 salvaret
3538 1182 3772 1252 accepit,

2177 1268 2252 1323 ita
2280 1284 2382 1324 nec
2403 1271 2581 1325 anima
2610 1271 2862 1327 rationali
2892 1272 3036 1328 Deus
3064 1273 3230 1343 eguit,
3267 1273 3364 1330 sed
3407 1289 3529 1330 eam
3558 1276 3777 1331 salvan-

2178 1358 2302 1414 dam
2324 1376 2448 1415 cum
2468 1377 2634 1417 carne
2659 1364 2897 1434 suscepit
2923 1381 2935 1418 :
2968 1363 3121 1434 cujus
3149 1366 3344 1422 animae
3380 1367 3632 1422 humana:
3653 1383 3775 1424 sus-

2180 1451 2486 1520 ceptionem
2529 1455 2850 1524 prophetico
2894 1470 3044 1511 more
3073 1456 3244 1511 David
3289 1466 3509 1514 sanctus
3559 1459 3776 1518 intimat

2179 1540 2366 1596 dicens
2393 1559 2405 1595 :
2438 1541 2576 1598 Ecce
2604 1546 2742 1599 enim
2767 1543 2910 1600 Deus
2931 1547 3146 1618 adjuvat
3172 1564 3272 1612 me,
3297 1557 3348 1602 et
3379 1547 3632 1607 Dominus
3652 1555 3775 1614 sus-

2181 1640 2357 1702 ceptor
2382 1641 2460 1688 est
2498 1635 2691 1691 anima:
2721 1653 2852 1692 mea:
2880 1635 3053 1708 (Psal.
3087 1654 3198 1704 Llll,
3230 1639 3312 1709 6).
3341 1638 3556 1708 Adjuvit
3581 1640 3776 1711 utique

2181 1736 2345 1792 quam
2391 1727 2646 1798 suscepit,
2681 1744 2842 1798 quam
2873 1730 3058 1799 procul
3087 1729 3273 1798 dubio,
3316 1730 3420 1786 nisi
3446 1731 3768 1802 susciperet,

474 1834 658 1892 Carn'r
704 1850 817 1891 vin.
859 1831 1170 1902 Mediatoris
1197 1830 1389 1902 duplex
1437 1841 1629 1886 natura
1671 1850 1749 1902 ea
1781 1831 2069 1902 Scripturis
2100 1838 2148 1900 Β
2181 1829 2290 1872 non
2312 1816 2562 1887 Ῑιινίεεθῐο

544 1902 970 1961 demonstranda.
999 1901 1084 1956 Ea:
1111 1900 1277 1957 verbis
1305 1900 1465 1956 Isaia:
1493 1903 1598 1956 tria
1628 1903 1683 1956 in
1714 1900 1920 1958 Christo

545 1977 751 2041 bantur,
775 1990 919 2041 caro,
943 1973 1142 2038 anima,
1170 1980 1220 2026 et
1249 1970 1512 2026 divinitas.

544 2066 614 2122 Et
640 2075 700 2122 ut
727 2078 889 2121 omne
928 2063 1313 2120 submoveatur
1354 2061 1706 2117 dubitationis
1732 2061 2062 2129 ambiguum,

474 2159 532 2214 in
572 2171 680 2211 una
707 2153 1020 2210 Mediatoris
1059 2151 1158 2209 Dei
1199 2160 1256 2208 et
1293 2151 1576 2207 hominum
1603 2152 1834 2208 hominis
1861 2151 2066 2208 Christi

474 2261 708 2319 persona
764 2243 1026 2316 perfectio
1079 2242 1276 2298 divina:
1330 2242 1686 2311 humanmque
1753 2243 2067 2298 substantiae

475 2338 803 2412 propheticis
853 2344 938 2392 est
983 2335 1400 2406 apostolicisque
1467 2335 1791 2390 testimoniis
1841 2334 2068 2390 demon-

472 2431 712 2491 Stranda.
734 2429 914 2495 lsaias,
939 2429 1076 2485 sicut
1098 2443 1260 2499 supra
1284 2428 1720 2494 memoravimus,
1740 2425 1903 2483 dicit:
1937 2427 2069 2482 Ecce

482 2521 646 2597 Virgo
667 2525 723 2579 in
749 2532 894 2577 utero
921 2522 1192 2592 concipiet,
1223 2529 1272 2575 et
1316 2522 1483 2592 pariet
1510 2521 1698 2591 ﬁlium,
1729 2530 1778 2575 et
1804 2523 2070 2576 vocabitur

476 2615 589 2688 (al.
621 2614 868 2671 vocabitis
906 2613 994 2668 vel
1036 2612 1289 2681 vocabis)
1337 2604 1524 2666 nomen
1566 2615 1677 2690 ejus
1733 2611 2064 2668 Emmanuel.

475 2704 727 2778 Butyrum
751 2714 800 2759 et
829 2704 930 2758 mel
956 2702 1313 2769 manducabit,
1345 2703 1645 2774 priusquam
1673 2703 1804 2758 sciat
1825 2714 1914 2757 aut
1942 2721 2068 2774 pro-

475 2798 610 2870 ferat
653 2797 923 2867 maligna,
953 2793 1172 2848 mutabit
1217 2793 1441 2859 bonum;
1485 2795 1729 2866 quoniam
1769 2794 2069 2867 priusquam

473 2889 609 2944 sciat
637 2905 763 2960 puer
791 2892 981 2941 bonum
1020 2895 1109 2940 aut
1131 2886 1346 2950 malum,
1389 2901 1494 2939 non
1537 2885 1699 2939 credit
1745 2885 1984 2953 malitia,
2011 2894 2071 2940 ut

474 2979 637 3048 eligat
680 2976 815 3048 quod
864 2976 1052 3029 bonum
1078 2983 1175 3039 est,
1204 2983 1255 3029 et
1281 2974 1598 3044 relinquetur
1626 2983 1766 3029 terra
1789 2975 2066 3042 desolata;

477 3066 722 3137 quoniam
748 3064 1046 3135 priusquam
1073 3065 1204 3118 sciat
1246 3078 1372 3133 puer
1400 3079 1584 3118 vocare
1608 3072 1808 3132 patrem
1832 3074 1922 3120 aut
1951 3082 2066 3120 ma-

480 3166 630 3223 trem,
675 3155 892 3224 accipiet
937 3153 1174 3208 virtutem
1200 3152 1471 3220 Damasci,
1515 3164 1565 3208 et
1607 3155 1775 3225 spolia
1805 3152 2068 3212 δάηται-ἕω

479 3215 636 3320 (Isai.
659 3253 756 3312 Vn,
786 3215 998 3316 ἰι-ιϐ).
1029 3243 1088 3299 ln
1129 3245 1235 3301 hoc
1276 3215 1588 3301 testimonio
1615 3215 1731 3302 tota
1760 3248 2070 3304 continetur
2091 3215 2140 3280 θ’

476 3337 729 3394 salutaris
769 3335 1011 3407 mysterii
1043 3334 1364 3406 plenitudo:
1396 3351 1521 3390 nam
1563 3337 1974 3400 veritascarnis
2016 3342 2072 3397 in

477 3427 722 3498 virginali
769 3436 1038 3498 conceptu
1083 3427 1448 3497 cognoscitur,
1479 3435 1535 3483 et
1569 3429 1625 3483 in
1650 3429 1917 3486 electione
1944 3432 2074 3488 boni

483 3521 666 3578 anima
692 3519 1071 3576 intellectualis
1095 3520 1418 3590 ostenditur,
1445 3529 1503 3576 et
1540 3522 1596 3577 in
1622 3521 1942 3579 Emmanuel
1968 3540 2072 3582 no-

477 3613 624 3670 mine
650 3628 780 3670 vera
807 3612 1025 3669 deitatis
1051 3621 1244 3668 natura
1271 3620 1628 3681 monstratur;
1661 3630 1727 3672 ac
1753 3615 1832 3672 sic
1857 3617 1912 3672 in
1938 3633 2072 3676 vero

476 3706 614 3773 Deo,
633 3721 735 3763 nec
761 3705 891 3762 falsa
917 3705 1016 3762 fuit
1044 3705 1303 3774 hominis,
1334 3722 1435 3763 nec
1455 3708 1753 3779 semiplena
1773 3713 2067 3781 susceptio.

476 3799 708 3869 Dignum
749 3800 950 3855 etenim
975 3799 1076 3854 fuit
1113 3809 1172 3854 ut
1205 3801 1261 3855 in
1290 3810 1631 3858 sacramento
1676 3803 2070 3875 redemptionis

477 3894 748 3959 humanae,
782 3909 884 3949 nec
905 3894 1105 3948 veritas
1147 3893 1407 3949 defuisset
1437 3896 1776 3966 perfectioni,
1805 3913 1907 3954 nec
1935 3914 2065 3969 per-

476 3982 642 4039 fectio
668 3982 908 4042 veritati.
935 3981 1070 4037 Nam
1096 3983 1142 4038 si
1170 3998 1297 4038 vera
1325 3999 1454 4040 caro
1493 3986 1550 4040 in
1578 3986 1927 4046 Christonon
1946 3988 2065 4058 fuit,

477 4074 608 4143 quid
635 4074 689 4128 in
719 4081 874 4128 utero
901 4072 1066 4143 Virgo
1107 4076 1392 4146 concepit?
1420 4087 1475 4133 et
1500 4079 1546 4134 si
1586 4080 1765 4136 anima
1792 4082 1878 4136 vel
1905 4083 2069 4140 intel-

476 4161 652 4219 lectus
675 4170 880 4218 natura:
909 4164 962 4218 in
1004 4162 1218 4220 Christo
1257 4165 1490 4224 defuisse
1519 4170 1771 4226 credatur
1798 4173 2064 4238 humanae,

477 4253 608 4324 quid
638 4254 691 4308 in
732 4251 936 4310 infante
970 4253 1170 4310 bonum
1199 4255 1508 4327 malumque
1536 4259 1732 4316 dicitur
1758 4263 2068 4332 ignorasse?

477 4341 563 4402 Δῐι
588 4339 735 4399 illa'm
773 4344 1008 4400 divinam
1038 4345 1156 4401 Filii
1184 4346 1280 4402 Dei
1310 4356 1559 4406 naturam
1589 4353 1907 4420 ignorantiae
1939 4355 2068 4411 boni

476 4435 713 4505 malique
743 4435 1074 4506 subjicimus,
1100 4445 1160 4493 ut
1188 4438 1480 4495 humanam
1510 4443 1564 4497 in
1590 4442 1805 4500 Christo
1833 4446 2066 4502 animam

475 4528 846 4599 denegemus?
874 4530 1025 4587 Itane
1072 4532 1374 4590 credendus
1401 4541 1486 4590 est
1514 4536 1679 4592 homo
1724 4547 2007 4610 susceptus
2034 4557 2067 4597 a

477 4616 593 4676 Deo
632 4621 753 4690 qua:
789 4621 885 4677 Dei
925 4629 1053 4678 sunt
1085 4623 1425 4693 aliquatenus
1460 4627 1701 4696 potuisse
1745 4644 1936 4698 sapere
1958 4671 1975 4696 ,
2014 4632 2066 4688 in

476 4723 586 4782 quo
631 4711 746 4783 ipsa
773 4712 1036 4782 sapientia
1069 4715 1380 4784 cognitione
1421 4717 1550 4772 boni
1597 4719 1830 4788 malique
1869 4721 2070 4780 dicitur

477 4803 752 4862 caruisse?
781 4805 974 4861 Anima
1002 4805 1164 4876 igitur
1201 4807 1465 4875 humana,
1495 4824 1615 4878 quae
1644 4811 1871 4870 rationis
1897 4829 2068 4885 capax

477 4895 798 4952 naturaliter
824 4895 965 4953 facta
1003 4907 1106 4964 est,
1148 4899 1350 4954 bonum
1401 4901 1710 4971 malumque
1763 4905 1818 4959 in
1865 4905 2068 4965 infante

479 4982 697 5043 Christo
725 4988 962 5045 nescisse
989 4988 1203 5056 dicitur,
1233 5004 1353 5060 quae
1379 4991 1676 5046 secundum
1699 4995 2067 5064 evangelicam

477 5074 761 5129 veritatem
782 5077 836 5130 in
859 5093 1026 5146 puero
1053 5077 1181 5135 Jesu
1202 5079 1468 5150 sapientia
1495 5091 1552 5135 et
1577 5083 1750 5151 gratia
1769 5083 2067 5154 profecisse

479 5174 732 5223 narratur
763 5185 776 5220 :
804 5168 944 5224 sicut
985 5170 1160 5230 Lucas
1205 5174 1360 5245 ponit
1404 5181 1461 5230 et
1505 5175 1671 5230 dicit:
1703 5175 1846 5231 Puer
1895 5190 2068 5236 autem

477 5257 759 5324 crescebat,
789 5265 839 5312 et
868 5262 1278 5335 confortabatur,
1298 5265 1480 5337 plenus
1505 5268 1795 5338 sapientia,
1824 5277 1876 5324 et
1894 5273 2068 5341 gratia

480 5347 584 5408 Dei
612 5362 722 5406 erat
750 5353 806 5406 in
833 5353 926 5426 illo
958 5350 1106 5423 (Luc.
1140 5372 1195 5420 ιι,
1240 5357 1352 5428 40).
1402 5357 1471 5413 Ει
1516 5360 1677 5430 paulo
1723 5369 1884 5432 post:
1915 5362 2066 5420 Jesus

477 5442 782 5515 proﬁciebat
810 5443 918 5516 73
944 5443 1221 5515 sapientia,
1251 5457 1424 5518 etate,
1455 5461 1503 5505 et
1540 5453 1715 5522 gratia
1741 5455 1878 5526 apud
1897 5453 2066 5511 Deum

479 5545 533 5589 et
570 5537 801 5592 homines
853 5537 1042 5608 (Ibid.,
1085 5535 1194 5609 52).
1241 5539 1376 5602 Nam
1428 5544 1568 5602 sicut
1596 5546 1774 5602 carnis
1799 5557 1883 5604 est
1909 5557 2068 5604 {etate

479 5625 768 5699 proficere,
783 5629 863 5685 sic
880 5639 963 5687 est
990 5645 1182 5688 ammte
1202 5631 1465 5703 sapientia
1490 5645 1546 5692 et
1565 5638 1740 5708 gratia
1755 5639 2067 5711 profecisse,

556 5819 584 5851 ι
611 5809 711 5868 Ms.
736 5812 884 5870 addit
907 5816 984 5869 sic

1941 1920 2065 1974 "'0‘
2167 1926 2351 2003 Carm
2381 1947 2454 2003 tx_.
2499 1932 2622 1987 Ovis
2664 1951 2847 1989 errans
2881 1945 3123 2003 peccator
3149 1943 3228 1990 est
3263 1952 3297 1989 α
3333 1935 3447 1991 Deo
3488 1925 3768 1993 aberrans.

2249 2001 2361 2085 ῑξὶω
2408 2001 2622 2059 Domini
2663 2004 2817 2074 ﬁdes,
2869 2001 3098 2076 justitia,
3149 2007 3526 2072 misericordia,
3579 2019 3631 2062 et
3675 2024 3775 2063 ve-

2241 2083 2394 2128 ritas.

2241 2165 2616 2222 Necessarium
2672 2175 2856 2223 autem
2910 2179 3038 2224 rear
3087 2169 3382 2239 perfectam
3427 2169 3664 2226 hominis
3709 2171 3772 2233 in

2169 2256 2388 2314 Christo
2412 2259 2814 2330 susceptionem
2866 2262 3190 2331 evangelicae
3232 2276 3449 2332 quoque
3493 2262 3774 2341 parabolae

2168 2356 2489 2412 recensione
2511 2356 2938 2422 monstrandam,
2957 2357 3074 2414 ovis
3091 2357 3301 2415 scilicet
3324 2359 3587 2425 erraticte,
3602 2374 3769 2430 quam

2170 2447 2405 2517 propriis
2439 2447 2678 2503 humeris
2713 2448 3046 2504 subvectam“
3070 2450 3332 2507 Dominus
3361 2450 3659 2520 reportavit
3691 2447 3768 2504 ad

2169 2539 2420 2605 domum;
2465 2538 2616 2608 cujus
2643 2540 2948 2608 qumrendre
2975 2539 3143 2595 David
3166 2539 3279 2610 jam
3316 2540 3526 2611 pridem
3555 2537 3770 2610 ﬂagita-

2170 2628 2265 2684 bat
2292 2629 2630 2701 lacrymahili
2661 2632 3028 2701 postulatione
3055 2631 3373 2699 subsidium,
3405 2631 3628 2688 dicens:
3661 2630 3770 2687 Er-

2171 2721 2282 2775 ravi
2329 2722 2461 2774 sicut
2505 2721 2611 2776 ovis
2635 2718 2773 2795 ique
2817 2724 3066 2794 perierat,
3111 2724 3311 2794 require
3357 2739 3559 2778 servum
3615 2731 3761 2778 tuum

2173 2809 2346 2881 (Psal.
2373 2826 2554 2875 cxvm,
2589 2811 2736 2883 176).
2767 2809 2903 2867 Cum
2932 2827 3061 2881 ergo
3090 2819 3486 2868 tnurmnrarent
3509 2811 3768 2870 Pharisaei

2171 2908 2228 2956 et
2272 2899 2476 2957 Scriba:
2520 2901 2800 2959 dicentes:
2832 2902 2969 2968 Quia
3014 2904 3095 2959 hic
3141 2913 3438 2974 peccatores
3465 2906 3669 2976 recipit,
3711 2912 3769 2961 et

2169 2990 2452 3045 manducat
2496 3008 2612 3046 cum
2654 2992 2759 3048 illis
2809 2991 2962 3065 (Luc.
3014 3009 3105 3060 xv,
3131 2992 3212 3059 2),
3245 2993 3417 3050 refert
3443 2995 3772 3063 evangelista

2169 3081 2316 3152 quod
2344 3081 2485 3138 hanc
2513 3084 2592 3138 eis
2634 3084 2895 3140 Dominus
2925 3085 3244 3155 parabolam
3270 3085 3504 3142 dixerit:
3539 3084 3666 3151 Quis
3703 3100 3774 3141 es

2167 3172 2309 3228 vobis
2333 3173 2482 3228 homo
2503 3177 2589 3246 qui
2611 3173 2759 3230 habet
2781 3184 2983 3230 centum
3009 3192 3145 3241 oves,
3167 3185 3217 3230 et
3242 3177 3289 3230 si
3309 3177 3592 3248 perdiderit
3610 3192 3774 3231 unam

2174 3279 2240 3320 ea:
2267 3264 2393 3330 illis,
2440 3281 2614 3320 nonne
2639 3267 2852 3321 dimittit
2877 3267 2972 3338 (al.
3001 3266 3245 3341 dimittet)
3267 3274 3556 3339 nonaginta
3593 3283 3776 3324 novent

2173 3353 2229 3407 in
2255 3353 2480 3420 deserto,
2503 3364 2555 3409 et
2575 3356 2714 3410 vadit
2733 3356 2803 3409 ad
2826 3356 2977 3410 illam
3003 3372 3118 3423 qua:
3143 3357 3389 3428 perierat,
3437 3361 3603 3413 donec
3621 3359 3776 3412 inve-

2175 3449 2286 3502 niat
2315 3447 2505 3502 illam?
2531 3446 2602 3502 Et
2626 3463 2743 3502 cum
2768 3449 3018 3502 invenerit
3041 3463 3188 3517 eam,
3218 3449 3437 3517 imponit
3468 3450 3575 3518 (al.
3601 3451 3778 3520 impr).

2174 3538 2282 3608 net)
2314 3539 2369 3592 in
2413 3539 2651 3592 humeros
2697 3553 2816 3592 suos
2866 3537 3131 3609 gaudens;
3177 3546 3226 3592 et
3271 3539 3480 3592 veniens
3527 3539 3768 3606 domum,

2174 3637 2422 3684 convocat
2451 3629 2648 3684 amicos
2676 3637 2728 3682 et
2755 3629 2971 3696 vicinos,
3013 3628 3188 3683 dicens
3232 3629 3340 3683 itlis
3362 3639 3386 3682 :‘
3413 3627 3776 3700 Congratula-

2173 3720 2303 3796 mini
2330 3720 2480 3787 mihi,
2496 3721 2618 3792 quia
2644 3719 2818 3776 inveni
2845 3735 2988 3775 ovem
3004 3735 3173 3774 meam
3196 3735 3309 3792 qua:
3327 3720 3552 3790 perierat
3572 3719 3776 3788 (Ibid..

2173 3810 2242 3865 40
2268 3813 2402 3884 seq.)
2430 3849 2446 3866 .
2477 3809 2632 3868 Hanc
2660 3827 2841 3879 ovem,
2872 3813 2926 3867 in
2946 3826 3055 3881 qua
3085 3813 3381 3882 peccatoris
3404 3812 3639 3868 hominis
3668 3829 3769 3868 na-

2173 3908 2296 3956 tura
2337 3903 2605 3970 signatur,
2647 3903 2794 3973 quali
2823 3917 3010 3958 errore
3050 3897 3289 3958 dicemus
3317 3902 3559 3957 errasse?
3589 3902 3774 3960 cordis

2171 4008 2242 4048 an
2270 3995 2555 4064 corporis?
2581 4010 2769 4049 errore
2795 3995 2992 4064 pedum
3020 4009 3090 4049 an
3129 4011 3315 4051 errore
3360 3995 3609 4050 morum?
3646 3993 3774 4051 Non

2171 4086 2366 4155 opinor
2385 4099 2710 4156 quemquam
2729 4086 2808 4140 sic
2825 4085 3075 4140 humana:
3097 4086 3442 4154 cogitationis
3471 4093 3769 4154 exsortem,

2169 4181 2262 4250 qui
2292 4187 2446 4252 putet
2473 4179 2748 4234 hominem
2777 4177 3186 4248 quomodolibet
3233 4179 3332 4250 (at.
3384 4179 3702 4251 quemlibet)
3735 4195 3772 4237 τι

2169 4277 2283 4334 Deo
2324 4278 2716 4348 longinquitate
2763 4277 3111 4334 habitationis
3156 4286 3212 4333 et
3259 4294 3366 4334 non
3410 4283 3770 4350 perversitate

2169 4369 2514 4440 cogitationis
2559 4383 2762 4425 errare.
2796 4369 2856 4424 In
2883 4369 2968 4424 via
2997 4368 3094 4426 Dei
3124 4385 3231 4425 non
3272 4369 3459 4439 gresSu
3499 4372 3768 4443 corporis,

2169 4462 2264 4519 sed
2292 4462 2490 4518 mentis
2509 4461 2816 4518 ambulatur
2835 4463 3068 4518 incessu.
3089 4462 3190 4518 Via
3215 4463 3311 4519 Dei
3345 4464 3475 4520 fides
3491 4474 3573 4521 est
3593 4474 3765 4534 recta,

2168 4568 2290 4623 qua:
2319 4554 2373 4608 in
2413 4559 2626 4609 tantum
2655 4553 2743 4608 via
2772 4569 2994 4624 prorsus
3022 4554 3345 4622 ostenditur,
3394 4564 3454 4609 ut
3481 4557 3533 4611 in
3571 4572 3635 4612 ea
3665 4572 3769 4613 nos

2171 4645 2465 4716 Apostolus
2492 4646 2769 4702 ambulare
2815 4653 3078 4702 testatur:
3111 4645 3217 4700 Per
3265 4645 3422 4716 ﬁdem
3464 4647 3765 4720 (inquiens)

2171 4733 2518 4801 ambulamus,
2559 4752 2666 4790 non
2693 4752 2784 4807 per
2806 4737 3030 4807 speciem
3060 4735 3152 4809 (II
3181 4735 3300 4791 Cor.
3329 4753 3380 4801 v,
3422 4736 3496 4808 7).
3527 4737 3625 4793 Via
3658 4740 3769 4795 Do-

2169 4826 2302 4881 mini
2326 4826 2535 4897 justitia
2563 4836 2667 4895 est,
2686 4842 2782 4898 per
2801 4841 2962 4898 quam
2981 4843 3041 4882 se
3058 4827 3250 4882 beatus
3276 4827 3444 4882 David
3474 4825 3768 4885 deductum

2167 4931 2290 4974 esse
2309 4926 2719 4982 commemorat,
2750 4917 2973 4974 dicens:
3009 4917 3180 4988 Super
3224 4935 3412 4990 aquam
3462 4921 3767 4990 refectionis

2167 5009 2404 5064 educavit
2432 5026 2534 5078 me,
2562 5011 2794 5064 animum
2819 5027 2987 5066 meam
3016 5010 3301 5066 convertit:
3331 5011 3548 5065 deduxit
3578 5028 3657 5064 me
3676 5027 3769 5065 su-

2175 5115 2267 5169 per
2294 5099 2503 5153 semitas
2526 5095 2752 5170 justitice
2780 5109 2990 5172 propter
3016 5117 3201 5154 nomen
3229 5117 3378 5155 suum
3410 5100 3582 5171 (Psal.
3629 5117 3766 5170 χιιι,

2172 5187 2252 5260 2).
2292 5188 2405 5244 γεω
2442 5189 2609 5245 etiam
2653 5190 2868 5246 Domini
2896 5190 3252 5245 misericordia
3279 5200 3329 5245 et
3357 5193 3546 5246 veritas
3587 5190 3767 5262 (Psal.

2174 5295 2320 5345 xxiv,
2353 5279 2466 5351 10),
2509 5296 2608 5350 per
2634 5295 2768 5351 quas
2796 5280 2981 5350 utique
3011 5295 3116 5334 non
3155 5283 3401 5351 corporis
3427 5294 3639 5350 gressu,
3670 5281 3768 5337 sed

2173 5369 2365 5424 animae
2392 5372 2563 5440 magis
2583 5372 2888 5427 ambulatur
2925 5368 3143 5426 aﬂ'ectu.
3192 5369 3345 5428 Hanc
3391 5373 3546 5428 nobis
3569 5373 3767 5428 ambu-

2173 5459 2319 5514 landi
2347 5460 2646 5517 doctrinam
2683 5461 2872 5516 beatus
2899 5460 3135 5517 Joannes
3163 5462 3377 5518 intimat
3404 5463 3628 5520 dicens:
3659 5463 3765 5528 Qui

2176 5548 2301 5604 dicit
2328 5567 2386 5606 se
2413 5553 2470 5606 in
2509 5551 2718 5607 Christo
2761 5567 2992 5620 manere,
3039 5552 3188 5608 debet
3215 5555 3648 5624 quemadmodum
3673 5555 3768 5613 ille

2177 5644 2478 5712 ambulavit,
2497 5653 2588 5715 {et
2610 5646 2721 5716 ipse
2749 5644 3014 5702 ambulare
3043 5647 3114 5719 (1
3136 5645 3294 5705 Joan.
3327 5663 3392 5718 ιι,
3417 5647 3497 5721 6).
3528 5647 3647 5732 Qua
3673 5647 3767 5706 via
