4072 6332
1501 278 1565 292 σι-

246 379 353 445 2‘55

1472 382 1564 439 AD
1601 379 2102 442 TRASIMUNDUM
2140 382 2316 444 LIBJ.

3430 396 3541 455 εει

245 514 301 556 se
325 493 577 568 praecipit
602 493 850 552 Christus
893 493 1010 566 ipse
1029 495 1386 566 sequendum,
1415 493 1600 552 dicens
1625 515 1637 549 :
1672 496 1734 552 Si
1761 497 1836 551 vis
1865 497 1919 559 Α
1941 496 2138 552 Christi
2164 497 2437 567 loquentis
2461 499 2576 554 lucc
2603 498 2734 555 dicit
2761 515 2776 554 :
2806 500 3050 558 Gaudens
3079 503 3314 576 gaudebo
3349 506 3406 560 in
3431 504 3540 563 θοι»

243 593 500 663 perfectus
522 605 654 654 esse,
684 588 828 654 uade,
861 589 1020 644 vende
1041 591 1217 644 omnia
1236 606 1351 662 qua:
1371 591 1474 661 77
1495 590 1673 655 habes,
1697 599 1748 644 et
1766 591 1836 643 da

243 679 589 751 pauperibus;
613 687 665 733 et
692 677 902 734 habebis
931 680 1231 736 thesaurum
1259 683 1312 736 in
1341 680 1498 747 caele;
1529 690 1578 736 et
1598 682 1733 747 veni,
1755 699 1835 736 se-

240 790 385 848 quere
413 789 501 826 me
530 771 748 844 (Matth.
776 787 887 835 xix,
919 771 1031 841 2t).
1063 772 1181 828 Non
1210 788 1340 843 ergo
1358 773 1625 844 corporali
1647 789 1834 842 gressu

237 867 349 924 solo
374 867 669 937 quisquam
697 865 947 934 sequitur
974 865 1268 940 Christum,
1309 874 1401 920 aut
1451 875 1597 922 errat
1621 882 1654 920 a
1678 866 1835 922 Chri-

238 967 337 1014 sto.
369 966 395 994 ι
435 955 703 1027 Equidem
751 955 951 1011 erroris
1005 956 1165 1024 hujus
1211 958 1528 1026 qualitatem
1574 958 1834 1015 Dominus

239 1049 346 1118 ipse
371 1047 739 1114 Salvatorque
767 1055 972 1112 noster,
995 1047 1124 1103 dum
1152 1047 1478 1104 Sadducteos
1505 1048 1832 1120 increparet,

239 1138 495 1203 ostendit,
507 1138 696 1194 dicens
721 1156 734 1190 :
764 1136 997 1208 Erratis,
1021 1140 1306 1195 nescientes
1327 1141 1648 1211 Scripturas,
1671 1157 1833 1213 neque

238 1231 473 1285 virtutem
493 1229 594 1284 Dei
624 1229 840 1301 (Matth.
873 1247 1003 1297 ιλιι,
1034 1230 1148 1300 29).
1178 1230 1473 1302 Propterea
1504 1233 1690 1301 utique
1729 1232 1833 1287 mi-L

242 1322 547 1378 terabiliter
571 1322 848 1387 errabant,
891 1321 1018 1392 quia
1068 1322 1240 1389 illum,
1279 1323 1372 1393 qui
1400 1322 1495 1377 Dei
1523 1322 1694 1378 virtus
1721 1330 1829 1391 est,

242 1414 572 1471 nesciebant.
603 1412 754 1468 Sicut
789 1425 919 1481 ergo
949 1413 1162 1468 virtutis
1191 1413 1285 1469 Dei
1310 1415 1538 1469 scientia
1560 1421 1722 1468 tenax
1744 1421 1832 1469 est

242 1503 469 1558 caelestis
499 1503 731 1568 itineris,
761 1503 841 1559 sic
865 1511 948 1559 est
976 1503 1189 1560 inscitia
1226 1512 1401 1559 mater
1427 1505 1646 1561 erroris.
1669 1503 1828 1570 Quod

242 1595 395 1651 etiam
426 1595 620 1648 beatus
648 1593 819 1648 David
842 1594 1098 1658 ostendit,
1131 1595 1315 1651 dicens
1354 1596 1422 1651 de
1465 1596 1784 1665 quibusdam
1809 1613 1822 1650 :

244 1684 569 1752 Nescierat“,
602 1701 763 1757 neque
801 1685 1186 1754 intellexerunt,
1216 1687 1271 1741 in
1299 1686 1542 1746 tenebris.
1563 1686 1827 1742 ambulant

243 1776 411 1848 (Psal.
444 1793 669 1843 cxxxm,
698 1773 775 1847 1).
809 1775 904 1833 His
940 1786 1104 1847 atque
1151 1778 1457 1848 hujusmodi
1504 1779 1827 1834 testimoniis

1938 591 2101 654 mino,
2129 597 2178 642 et
2202 590 2481 644 exsultabit
2511 592 2686 644 anima
2714 591 2844 659 fmea
2883 595 2935 646 in
2985 593 3097 650 Deo
3133 596 3228 666 (al.
3261 596 3366 652 Dee
3398 595 3538 669 meo)

1938 678 2026 749 qui
2058 678 2150 748 (al.
2183 679 2326 749 quia)
2353 680 2523 733 induit
2568 698 2648 734 me
2683 683 3038 738 vestimentum
3069 687 3272 749 salutis,
3307 695 3354 740 et
3383 687 3536 744 induc

1937 777 2164 822 mentum
2186 769 2408 840 justitia:
2431 771 2769 826 circumdedit
2802 789 2902 838 me,
2934 775 3082 843 quasi
3108 792 3352 846 sponsum
3381 776 3538 833 deco-

1936 870 2108 926 ratum
2137 878 2350 930 corona,
2389 871 2438 916 et
2468 864 2614 934 quasi
2650 880 2895 934 sponsam
2937 865 3232 920 decoratum
3259 867 3536 923 monilibus

1935 953 2046 1007 suis
2068 952 2223 1024 (Isai.
2259 970 2369 1021 ιιι,
2400 953 2510 1026 10).
2542 953 2682 1012 Ecce
2720 972 2861 1018 unus
2899 967 2983 1012 est
3019 973 3272 1028 sponsus,
3299 958 3326 996 ά
3358 968 3442 1014 est
3477 967 3535 1014 et

1936 1060 2154 1115 sponsa,
2184 1045 2277 1114 qui
2303 1060 2363 1101 se
2389 1046 2554 1101 etiam
2586 1047 2820 1102 animam
2848 1047 3050 1104 habere
3074 1057 3299 1105 testatur
3323 1069 3336 1103 :
3368 1065 3532 1120 quam

1936 1144 1998 1192 ut
2043 1138 2360 1194 ostenderet
2406 1155 2515 1199 non
2561 1141 2680 1196 sine
2728 1141 3001 1198 intellectu
3049 1152 3390 1216 susceptam,
3436 1161 3533 1200 cor

1937 1229 2105 1298 (quod
2131 1230 2410 1302 proprium
2437 1238 2523 1287 est
2559 1232 2750 1286 anima:
2793 1233 3062 1305 humanae)
3093 1237 3202 1306 78
3223 1235 3383 1290 simul
3408 1251 3532 1291 cum

1935 1333 2100 1374 carne
2149 1319 2204 1373 in
2247 1319 2359 1374 Deo
2398 1320 2699 1376 exsultasse
2741 1336 2808 1375 ex
2855 1337 3088 1390 persona
3133 1323 3366 1380 hominis
3411 1341 3529 1380 sus-

1933 1410 2077 1479 cepti
2104 1411 2427 1465 monstravit
2457 1410 2642 1466 dicens
2670 1429 2683 1464 :
2709 1410 2812 1478 Cor
2837 1429 3000 1466 meum
3049 1422 3098 1468 et
3127 1431 3248 1468 caro
3275 1432 3390 1469 mea
3430 1433 3526 1470 ex-

1931 1502 2253 1555 sultaverunt
2300 1503 2354 1555 in
2394 1502 2566 1558 Deum
2614 1505 2777 1557 vivum
2807 1503 2978 1574 (Psal.
3023 1521 3249 1570 Lxxxm,
3279 1505 3357 1575 2).
3392 1505 3528 1573 Quia

1930 1606 2062 1647 vero
2103 1598 2308 1646 natura:
2355 1593 2620 1663 primitias
2647 1595 2944 1664 suscipiens
2983 1595 3260 1658 Dominus,
3306 1596 3447 1651 sicut
3472 1599 3527 1654 in

1930 1697 2032 1738 suo
2059 1697 2290 1753 corpore
2328 1693 2645 1747 cunctorum
2686 1685 2921 1740 ﬁdelium
2967 1701 3185 1756 corpus,
3228 1686 3306 1741 sic
3335 1687 3386 1742 in
3429 1703 3526 1743 sua

1931 1775 2110 1829 anima
2139 1777 2514 1830 universorum
2554 1773 3022 1834 ﬁdeliumanimas
3051 1793 3148 1847 per
3171 1786 3378 1833 natura:
3407 1780 3526 1834 uni-

242 1867 642 1923 evidentissime
666 1866 1075 1924 demonstratur
1102 1869 1220 1926 ovis
1247 1870 1392 1926 illius
1412 1885 1687 1937 errorem,
1710 1887 1820 1928 non
1850 1867 1900 1928 B
1927 1871 2096 1921 latent
2139 1874 2197 1921 et
2241 1867 2470 1935 gratiam
2515 1866 2911 1935 justiﬁeationis
2955 1870 3165 1938 accepit
3197 1888 3209 1922 :
3242 1885 3341 1939 per
3385 1870 3525 1926 hanc

240 1961 418 2018 solum
449 1962 676 2031 corpori,
707 1960 804 2018 sed
847 1962 1010 2017 etiam
1057 1962 1250 2016 anima;
1297 1961 1699 2032 deputandum;
1731 1963 1825 2019 illa

242 2053 440 2110 scilicet
466 2053 694 2118 ratione,
725 2054 982 2123 quoniam
1005 2054 1106 2110 etsi
1134 2055 1216 2134 ab‘
1230 2054 1450 2128 homine
1469 2055 1826 2126 corporaliter

244 2142 484 2198 videatur
512 2143 729 2215 aliquod
756 2143 966 2199 admitti
995 2153 1295 2214 peccatum,
1344 2160 1414 2200 ex
1453 2144 1621 2201 corde
1659 2145 1826 2202 sumit

244 2235 541 2301 exordium,
572 2251 675 2292 nec
703 2237 1040 2293 extrinsecus
1079 2237 1373 2308 quidquam
1401 2237 1696 2308 perﬁcitur,
1719 2238 1823 2294 nisi

245 2326 342 2382 hoc
381 2328 705 2384 intrinsecus
731 2329 1070 2398 cogitationis
1089 2329 1290 2400 judicio
1313 2331 1638 2401 porrigatur.
1657 2331 1824 2401 Cujus

245 2419 318 2475 rei
343 2421 630 2477 veritatem
658 2421 870 2477 Veritas
897 2422 1054 2477 nobis
1084 2423 1198 2492 ipsa
1227 2423 1566 2490 monstravit,
1612 2425 1686 2479 ita
1713 2425 1824 2480 dis-

245 2512 428 2582 cipulis
459 2516 723 2583 loquens:
753 2514 842 2569 .De
868 2514 1022 2570 corde
1067 2515 1206 2569 enim
1251 2524 1442 2569 exeunt
1487 2516 1823 2587 cogitationes

243 2609 412 2674 male,
440 2609 743 2676 homicidia,
767 2607 1045 2672 adulteria,
1070 2607 1458 2679 fornicationes,
1491 2609 1651 2678 furta,
1673 2608 1824 2678 gfalsa

245 2701 548 2764 testimonia,
578 2698 926 2767 blasphemus.
951 2695 1082 2752 Ηωσ
1111 2705 1360 2766 suntquae
1385 2695 1824 2766 coinquinantho-

243 2790 424 2844 minem
447 2787 666 2859 (Matth.
691 2803 779 2853 xv,
807 2787 917 2857 19).
942 2785 1002 2840 In
1029 2785 1138 2842 hoc
1161 2785 1324 2855 igitur
1351 2786 1717 2856 unusquisque
1736 2801 1824 2841 er-

243 2889 343 2946 rat,
373 2880 426 2935 in
452 2896 562 2951 quo
590 2881 940 2951 semetipsum
961 2877 1117 2934 malae
1143 2877 1490 2949 cogitationis
1509 2879 1824 2936 assensione

241 2972 615 3027 commaculat.

240 3080 416 3156 Caru'r
445 3101 501 3139 x.
534 3082 619 3156 E35
655 3083 904 3154 parabola
951 3087 1057 3140 ovis
1094 3093 1369 3156 reportata:
1401 3086 1648 3156 probatur
1690 3093 1824 3139 totus

307 3154 458 3208 homo
499 3171 545 3226 ε
580 3152 780 3226 Christo
826 3165 1116 3226 susceptus.
1152 3152 1410 3210 'Christus'
1459 3173 1550 3226 per
1595 3156 1825 3209 animam

1930 1970 2147 2012 omnem
2174 1955 2471 2012 Ecclesiam
2493 1957 2546 2011 in
2573 1956 2881 2027 coniugium
2907 1959 3006 2013 sibi
3034 1967 3310 2028 perpetuae
3339 1960 3523 2015 incor-

1926 2047 2298 2118 ruptibilitatis
2326 2048 2535 2113 ascivit,
2575 2048 2731 2118 cujus
2757 2049 3136 2118 desponsionis
3163 2049 3408 2105 mirabile
3436 2065 3522 2105 sa-

1927 2147 2263 2194 cramentum
2287 2139 2366 2196 sic
2393 2138 2565 2195 ﬁdelis
2590 2141 2773 2211 sponsi
2797 2156 2984 2197 servus
3011 2141 3112 2211 ipsi
3139 2157 3351 2211 sponsa:
3375 2158 3522 2197 com-

1926 2231 2167 2295 mendat,
2202 2238 2263 2286 ut
2288 2231 2486 2286 mentis
2510 2232 2842 2300 intelligatur
2859 2233 3032 2302 magis
3059 2247 3180 2288 esse
3209 2248 3370 2303 quam
3399 2249 3522 2288 cor-

1922 2321 2091 2391 poris,
2121 2321 2346 2378 dicens:
2379 2313 2646 2392 Despondi
2689 2325 2826 2378 enim
2867 2341 2953 2380 ros
2996 2326 3088 2379 uni
3120 2327 3249 2390 riro,
3273 2325 3522 2396 virginem

1925 2421 2124 2465 castam
2145 2412 2388 2467 exhibere
2407 2411 2630 2467 Christo.
2660 2413 2833 2469 Timeo
2858 2422 3029 2469 autem
3059 2431 3124 2469 ne
3150 2415 3281 2469 sicut
3309 2431 3521 2486 serpens

1923 2500 2092 2556 Evam
2135 2503 2340 2558 seduxit
2385 2504 2579 2558 astutia
2624 2520 2741 2568 sua,
2784 2505 2859 2558 ita
2905 2513 3303 2575 corrumpantur
3339 2521 3523 2561 sensus

1923 2595 2097 2658 uestri,
2124 2603 2173 2647 et
2207 2594 2453 2648 excidant
2497 2609 2530 2646 α
2568 2594 2916 2664 simplicitate,
2956 2611 3072 2665 quo:
3098 2604 3174 2648 est
3215 2596 3268 2648 in
3312 2594 3520 2652 Christo

1925 2682 2016 2754 (II
2043 2683 2162 2738 Cor.
2195 2699 2271 2750 XI,
2301 2682 2354 2749 2,
2389 2682 2465 2752 5).
2497 2682 2575 2738 lbi
2598 2697 2729 2751 ergo
2757 2683 3012 2752 spiritalis
3035 2684 3249 2739 adulter
3274 2698 3520 2741 corrum-

1922 2788 2056 2844 pere
2082 2774 2274 2843 quaerit
2319 2773 2625 2828 castitatem
2675 2774 2952 2842 virginalis
3005 2774 3370 2838 matrimonii,
3425 2774 3518 2830 ubi

1923 2866 2095 2921 cernit
2125 2865 2329 2922 caelesti
2354 2879 2554 2935 sponso
2581 2863 2738 2920 ﬁdem
2765 2865 3020 2921 connubii
3051 2865 3247 2921 debere
3285 2867 3514 2922 servari.

1924 2957 2164 3013 lnaniter
2194 2965 2376 3013 autem
2413 2957 2605 3012 animae
2645 2957 2953 3013 castitatem
2989 2957 3247 3013 custodiri
3296 2958 3518 3013 mandat

1925 3047 2232 3118 Apostolus,
2260 3048 2306 3102 si
2334 3047 2494 3117 hujus
2519 3047 2784 3119 primitias
2823 3047 3217 3118 conjunctionis
3243 3047 3297 3102 in
3323 3063 3382 3103 se
3406 3065 3519 3106 non

1923 3140 2115 3196 habuit
2141 3141 2302 3195 homo
2329 3154 2362 3194 a
2397 3139 2509 3194 Deo
2536 3149 2854 3210 susceptus;
2885 3139 3187 3210 prtesertim
3210 3155 3334 3195 cum
3353 3148 3520 3211 caput

305 3222 782 3302 suam_Ecrlesiam
813 3225 870 3279 in
899 3222 1196 3302 conjugium
1223 3226 1432 3296 recepit.
1459 3222 1697 3280 Christus
1723 3241 1817 3280 ca-
1847 3231 1894 3298 ο
1923 3239 1980 3288 et
2013 3246 2210 3302 corpus
2239 3231 2511 3287 Christum
2542 3231 2948 3300 Ecclesiamque
2987 3231 3180 3287 doctor
3214 3231 3355 3287 idem
3382 3245 3518 3299 gen-

307 3302 424 3362 put,
454 3291 682 3348 Ecclesia
703 3311 887 3363 corpus
915 3291 1277 3350 recte'dicitnr.

199 3457 209 3466 .
306 3383 670 3455 Quapropter,
699 3402 821 3442 cum
850 3403 1006 3444 error
1032 3388 1136 3444 iste
1159 3389 1349 3444 anima:
1372 3389 1531 3444 simul
1560 3389 1826 3458 intelliga-

235 3485 321 3529 tur
344 3481 402 3530 et
430 3477 696 3546 corporis,
725 3477 769 3532 si
801 3477 899 3533 Dei
945 3477 1109 3535 Filius
1136 3479 1338 3551 absque
1366 3481 1543 3535 anima
1571 3479 1824 3536 rationali

237 3565 262 3604 ι’
284 3567 456 3622 solam
485 3568 697 3638 accepit
722 3569 956 3625 hominis
984 3574 1233 3639 carnem,
1276 3570 1584 3627 inferiorem
1612 3580 1823 3642 partem

237 3659 376 3715 illius
406 3660 524 3716 ovis
551 3660 771 3716 domum
798 3662 1000 3728 retulit,
1024 3652 1305 3718 m'eliorem
1323 3677 1454 3718 vero
1475 3662 1642 3732 (quod
1661 3661 1822 3732 absit)

235 3753 406 3808 errori
457 3761 724 3824 perpetuo
777 3753 1066 3825 dereliquit
1109 3773 1123 3808 :
1175 3770 1299 3809 nam
1346 3754 1689 3810 manifestum
1739 3761 1825 3811 est

233 3844 486 3910 quoniam
518 3844 626 3901 hoc
662 3847 955 3914 revocavit,
997 3845 1144 3916 quod
1183 3846 1415 3917 propriis
1455 3845 1693 3902 humeris
1731 3860 1822 3902 re-

227 3935 484 4005 portavit.
535 3935 595 3992 Si
641 3945 823 3994 autem
869 3939 985 4010 ipse
1029 3947 1198 3994 totam
1237 3952 1299 3993 se
1335 3935 1620 4008 proﬁtetur
1665 3951 1823 3993 ovem

230 4029 465 4100 propriis
492 4030 733 4087 humeris
753 4033 1060 4104 impositam
1082 4043 1104 4074 α
1134 4039 1462 4104 reportasse,
1488 4038 1631 4087 totus
1659 4032 1820 4088 homo

228 4129 592 4192 cognoscatur
619 4122 675 4177 in
708 4121 946 4180 Christo.
985 4122 1252 4191 Quoniam
1293 4131 1421 4179 tunc
1457 4132 1544 4178 est
1588 4121 1823 4177 hominis

227 4211 506 4269 credenda
540 4213 842 4286 redemptio
870 4216 916 4271 si
944 4215 1000 4270 in
1034 4215 1172 4271 Filio
1211 4215 1308 4271 Dei
1345 4213 1698 4286 susceptionis
1726 4213 1824 4268 hu-

226 4315 426 4371 mana,
462 4304 517 4359 id
553 4311 638 4360 est
657 4305 782 4377 ovis
809 4307 952 4362 illius
988 4314 1294 4378 reportatm,
1325 4323 1434 4362 non
1462 4305 1632 4361 defuit
1656 4303 1824 4377 pleni-

225 4394 376 4450 tudo.
413 4392 533 4451 Hoc
561 4397 704 4452 enim
726 4396 866 4453 Deus
887 4398 940 4452 in
969 4398 1125 4454 nobis
1149 4398 1393 4466 salvavit,
1425 4397 1570 4467 quod
1596 4412 1696 4468 pro
1718 4411 1820 4452 no-

221 4483 310 4541 bis
350 4488 600 4557 accepit;
641 4494 697 4542 et
725 4488 872 4544 illam
903 4489 1042 4544 Deus
1086 4487 1185 4544 Dei
1225 4489 1391 4544 Filius
1418 4497 1666 4544 naturam
1695 4485 1823 4541 fecit

1929 3322 2063 3376 tium
2107 3318 2401 3391 praedicare
2430 3335 2542 3376 non
2577 3328 2780 3388 cesset,
2808 3319 3033 3376 dicens:
3067 3320 3364 3376 Secundum
3390 3338 3518 3391 opeb

1927 3413 2184 3468 rationem
2221 3414 2464 3483 potentias
2501 3414 2700 3468 virtutis
2737 3413 2851 3483 ejus
2895 3430 3050 3484 quam
3085 3422 3325 3483 operatus
3356 3423 3432 3468 est
3455 3415 3518 3468 in

1929 3504 2133 3560 Christo
2159 3505 2303 3571 Iesu,
2332 3505 2589 3559 suscitans
2625 3505 2771 3560 illum
2799 3521 2831 3558 a
2865 3506 3100 3568 mortuis,
3124 3515 3176 3557 et
3200 3506 3518 3559 constituens

1927 3597 1997 3650 ad
2027 3596 2294 3650 dexteram
2317 3611 2466 3649 suam
2486 3595 2542 3647 in
2582 3593 2864 3648 ctelestibus
2898 3610 3056 3663 supra
3083 3609 3286 3647 omnem
3313 3594 3516 3662 princi-

1925 3695 2124 3758 patum,
2164 3694 2215 3740 et
2248 3694 2570 3756 potestatem,
2611 3694 2662 3739 et
2696 3684 2952 3749 virtutem,
2999 3691 3048 3737 et
3084 3683 3514 3752 dominationem,

1924 3785 1974 3832 et
2002 3791 2152 3832 omne
2171 3791 2357 3831 nomen
2385 3774 2520 3846 quod
2545 3775 2860 3840 nominatur,
2894 3789 2998 3828 non
3019 3773 3187 3828 solum
3208 3775 3263 3827 in
3294 3773 3387 3828 hoc
3411 3789 3514 3828 ste-

1923 3869 2060 3936 culo,
2085 3868 2175 3923 sed
2195 3869 2351 3923 etiam
2377 3867 2433 3920 in
2466 3868 2640 3937 futuro
2664 3882 2682 3921 :
2712 3874 2762 3920 et
2789 3866 2964 3920 omnia
2994 3865 3210 3937 subjecit
3241 3865 3333 3918 sub
3364 3866 3515 3935 pedi-

1925 3961 2017 4016 bus
2059 3961 2190 4032 ejus,
2221 3969 2271 4015 et
2313 3962 2483 4031 ipsum
2527 3958 2669 4013 dedit
2715 3967 2869 4028 caput
2912 3957 3070 4028 supra
3099 3972 3302 4011 omnem
3331 3955 3515 4010 Eccle-

1923 4055 2076 4119 siam,
2126 4068 2239 4124 qute
2285 4060 2362 4105 est
2405 4067 2590 4120 corpus
2638 4051 2830 4120 ipsius,
2882 4048 3146 4119 plenitudo
3197 4047 3331 4116 ejus,
3365 4058 3387 4084 ο
3427 4047 3517 4117 qui

1924 4148 2096 4202 omnia
2138 4146 2195 4200 in
2240 4142 2475 4199 omnibus
2519 4136 2765 4214 adimplet
2803 4140 3018 4213 (Ephes.
3060 4157 3098 4207 ι,
3129 4139 3334 4211 20-22).
3397 4139 3519 4196 Alio

1926 4248 2143 4304 quoque
2181 4233 2301 4289 loco
2327 4231 2524 4287 dicitur
2554 4230 2649 4303 (at.
2680 4228 2831 4300 dicit)
2863 4246 2876 4282 :
2917 4228 3012 4282 Vir
3051 4235 3204 4299 caput
3237 4238 3312 4284 est
3341 4229 3518 4283 mulie-

1922 4327 2018 4390 ris,
2049 4325 2182 4380 sicut
2221 4324 2456 4378 Christus
2503 4331 2657 4394 caput
2695 4329 2773 4376 est
2819 4319 3088 4386 Ecclesia,
3137 4322 3247 4389 ipse
3276 4319 3518 4375 Salvator

1927 4417 2159 4485 corporis
2189 4415 2404 4486 (Ephes.
2434 4430 2488 4479 ν,
2513 4412 2625 4483 25).
2655 4413 2938 4479 Quomodo
2976 4425 3107 4479 ergo
3128 4411 3307 4465 anima
3331 4410 3518 4466 Eccle-

1924 4505 2018 4561 siae
2065 4505 2267 4576 poterit
2308 4503 2526 4568 salvari,
2572 4504 2616 4558 si
2653 4502 2824 4558 defuit
2862 4503 3040 4557 anima
3085 4501 3394 4556 Salvatori?
3431 4501 3518 4557 vel

221 4579 549 4648 participem
589 4579 778 4637 salutis
813 4587 1046 4646 aeternae,
1095 4594 1256 4648 quam
1306 4579 1406 4635 sibi
1441 4579 1720 4649 conjunxit
1767 4580 1821 4635 in

1927 4595 2102 4665 qualis
2138 4593 2358 4650 eﬁ‘ectus
2404 4593 2738 4648 liberationis
2779 4592 3029 4648 credetur
3059 4592 3153 4662 (at.
3185 4593 3519 4660 crederetur)

222 4669 442 4723 unitate
469 4685 711 4740 personae
745 4688 757 4723 :
791 4670 936 4725 illam
992 4670 1047 4724 in
1094 4671 1314 4727 caeleste
1356 4671 1612 4741 palatium
1649 4671 1824 4727 intro-

220 4760 407 4826 duxit,
439 4776 565 4815 cum
592 4776 700 4831 qua
727 4775 959 4830 sponsus
989 4760 1058 4816 de
1095 4761 1334 4816 thalamo
1374 4761 1512 4814 uteri
1551 4760 1824 4826 virginalis

219 4851 437 4921 exivit_:
467 4852 578 4921 ipse
603 4852 772 4919 enim,
791 4861 1038 4923 tanquam
1065 4868 1284 4923 sponsus
1312 4850 1590 4920 procedens
1619 4849 1681 4903 de
1704 4853 1822 4904 tha-

215 4945 364 4999 lamo
413 4960 534 5011 suo,
579 4945 857 5000 exsultavit
901 4953 958 4998 ut
1010 4947 1156 5016 gigas
1207 4944 1276 4996 ad
1327 4942 1634 4996 currendam
1688 4943 1822 4996 viam

219 5033 400 5100 (Ps'al.
433 5051 584 5101 xvm,
613 5036 668 5103 6,
698 5035 776 5106 7).
809 5034 938 5102 Quis
967 5043 1148 5092 autem
1175 5033 1428 5088 moliatur
1449 5033 1628 5090 dicere
1659 5030 1821 5088 Verbi

212 5128 313 5184 Dei
344 5145 608 5200 sponsam
637 5144 855 5184 carnem
881 5131 1064 5196 fuisse,
1095 5145 1204 5184 non
1233 5129 1502 5183 animam?
1523 5130 1610 5184 cui
1631 5129 1824 5190 animae

209 5219 326 5288 jam
346 5221 563 5291 pridem
576 5221 780 5277 dictum
793 5229 874 5277 est
889 5223 957 5277 ab
975 5222 1088 5292 ipso
1101 5219 1328 5276 Domino
1356 5234 1454 5288 per
1468 5220 1786 5289 prophetam
1807 5237 1819 5274 :

205 5312 286 5366 Et
325 5313 662 5384 desponsabo
711 5323 760 5368 te
799 5315 923 5368 mihi
963 5315 1018 5368 in
1058 5323 1308 5368 teternum
1330 5327 1347 5376 ;
1390 5317 1441 5364 et
1479 5309 1732 5379 sponsabo
1776 5318 1825 5364 te

208 5405 347 5458 mihi
380 5405 454 5459 ad
475 5405 740 5476 justitiam
766 5400 868 5479 (ζει.
900 5407 954 5459 in
972 5406 1181 5476 justitia
1205 5405 1222 5476 )
1243 5445 1258 5470 ,
1288 5410 1336 5456 et
1374 5404 1427 5456 in
1451 5401 1668 5472 judicio,
1699 5409 1746 5456 et
1766 5402 1822 5456 in

206 5497 604 5564 misericordia,
651 5506 700 5556 et
738 5499 926 5568 pietate
955 5495 1127 5569 (Osca:
1163 5513 1220 5561 ιι,
1254 5494 1363 5565 i9).
1394 5494 1559 5564 Cujus
1585 5493 1824 5566 mysterii

205 5599 391 5658 Isaias
435 5613 659 5670 quoque
685 5598 840 5655 testis
877 5598 1050 5654 ﬁdelis
1095 5597 1320 5660 exstitit,
1351 5595 1442 5665 qui
1483 5611 1549 5651 ex
1589 5610 1820 5665 persona

283 5753 312 5778 ⁸
343 5739 453 5795 Ms.
485 5738 679 5806 Corb.,
707 5738 778 5792 Et
800 5739 1023 5808 quidem.

282 5811 317 5851 δ
344 5809 452 5864 Ms.
478 5811 667 5873 Corb.,
692 5810 876 5863 solum.

280 5895 308 5924 ε
346 5879 525 5937 Abest
555 5897 587 5934 a
615 5895 715 5934 ms.
747 5879 908 5935 Corb.
941 5879 1056 5935 haec
1084 5877 1188 5935 vox
1213 5881 1520 5954 impositam.

511 5979 787 6042 Ρηιοι..
825 5974 1021 6038 LXV.

1909 4695 2212 4742 secuturus
2239 4685 2292 4739 in
2319 4700 2565 4754 corpore,
2592 4685 2685 4753 qui
2731 4700 2838 4739 non
2881 4683 3158 4752 prmcessit
3204 4683 3258 4737 in
3299 4682 3519 4750 capite!

1907 4774 2062 4829 Nam
2099 4773 2240 4829 sicut
2277 4775 2391 4828 suis
2429 4772 2672 4827 ﬁdelibus
2700 4771 2829 4826 dicit
2858 4788 2870 4823 :
2905 4771 2967 4825 Si
3006 4787 3094 4824 vos
3124 4769 3293 4823 Filius
3322 4769 3516 4822 libera-

1922 4864 2074 4930 verit,
2096 4872 2216 4916 tunc
2243 4879 2358 4917 uere
2385 4863 2532 4916 liberi
2559 4862 2704 4914 eritis
2735 4858 2916 4930 (Joan.
2947 4874 3057 4923 vui,
3088 4857 3202 4926 56),
3235 4857 3307 4911 ita
3347 4856 3415 4913 de
3455 4875 3518 4914 se

1925 4969 2142 5025 quoque
2182 4953 2533 5025 pronuntiat:
2561 4949 2696 5015 Quia
2748 4951 2915 5021 [actus
2953 4955 3028 5002 est
3053 4949 3185 5001 sicut
3225 4948 3377 5002 homo
3407 4950 3520 5003 sine

1929 5043 2190 5116 adjutorio
2213 5044 2348 5099 inter
2374 5052 2602 5098 mortuos
2631 5041 2760 5095 liber
2791 5038 2964 5108 (Psal.
2994 5053 3231 5102 Lxxxvu,
3262 5036 3337 5106 5).
3367 5039 3522 5104 Quod

1929 5149 2061 5204 ergo
2081 5144 2244 5206 caput
2268 5135 2498 5196 liberum
2520 5133 2645 5188 fecit
2672 5133 2724 5187 in
2745 5144 2827 5196 se,
2855 5129 2961 5185 hoc
3000 5129 3163 5184 etiam
3194 5129 3439 5184 liberavit
3467 5131 3521 5185 in

1929 5241 2183 5298 corpore,
2214 5226 2340 5296 quia
2391 5207 2599 5278 intrans
2645 5222 2699 5275 in
2739 5219 2960 5275 domum
3009 5218 3184 5282 fortis,
3215 5226 3378 5286 atque
3405 5217 3522 5270 alli-

1927 5335 2062 5390 gans
2103 5319 2298 5374 fortem
2331 5315 2545 5386 (Matth.
2580 5327 2674 5376 xu,
2703 5309 2818 5380 29),
2847 5311 2952 5366 hoc
2981 5309 3053 5365 ibi
3081 5324 3112 5363 a
3142 5307 3361 5363 servitio
3387 5305 3524 5360 libe-

1929 5410 2087 5474 ravit,
2120 5409 2263 5478 quod
2302 5406 2549 5478 primitus
2586 5405 2641 5459 in
2682 5417 2742 5458 se
2780 5417 2880 5473 pro
2916 5416 3074 5458 servo
3113 5397 3376 5466 suscepit;
3419 5410 3522 5452 nec

1931 5500 2073 5556 aliud
2102 5507 2185 5555 est
2232 5499 2285 5553 in
2331 5510 2561 5566 corpore
2594 5492 2613 5533 ί
2649 5502 3013 5562 regnaturum,
3067 5503 3228 5559 quam
3276 5486 3420 5564 quod
3463 5487 3520 5542 in

1930 5595 2105 5665 capite
2134 5589 2403 5663 praecessit
2431 5589 2526 5662 (al.
2555 5586 2840 5660 processit)
2875 5585 2943 5641 ad
2980 5578 3404 5649 mlum..Cujus
3438 5579 3517 5636 rei

1998 5735 2026 5773 ιι
2055 5735 2113 5790 In
2136 5752 2236 5790 ms.
2269 5733 2432 5788 Corb.
2462 5731 2616 5788 deest
2644 5741 2741 5786 est.

2005 5818 2026 5843 ι’
2056 5806 2153 5876 Ms.
2184 5803 2370 5876 Corb.,
2400 5804 2520 5876 quia
2549 5802 2817 5876 omniain
2834 5798 3067 5854 omnibus
3091 5796 3421 5876 adimpletur.

2005 5876 2022 5916 ί
2049 5875 2128 5933 Ita
2155 5890 2256 5932 ms.
2289 5869 2451 5932 Corb.
2481 5873 2546 5928 At
2574 5872 2704 5932 editi
2733 5871 2933 5929 habent
2953 5869 3297 5941 regnantium.

3003 5963 3044 6059 β
