4026 6336
551 352 659 414 255

1601 350 1661 408 S.
1699 348 2061 412 FULGENTII
2100 349 2406 409 EPlSCOPl
2444 349 2814 412 RUSPENSIS

552 467 927 528 credulitatem
971 467 1200 526 ﬁdeliter
1244 481 1307 522 ac
1347 464 1665 522 ﬁducialiter
1702 481 1896 536 gerens
1937 456 2136 524 Paulus
2159 467 2216 529 Α
2311 476 2389 546 set
2425 468 2681 539 pontifex,
2719 469 2919 540 integer
2957 476 3016 524 ut
3048 477 3182 526 esset
3226 469 3403 541 homo,
3449 485 3516 527 etc
3550 473 3663 546 lege
3704 482 3860 535 tene.

505 591 530 605 -
551 561 805 628 exsultat,
837 567 893 617 et
919 559 1048 616 dicit
1079 577 1092 611 :
1124 554 1326 612 Nostra
1353 566 1524 611 autem
1562 560 1878 614 conversatio
1917 559 1972 613 in
1999 560 2140 614 cretis

551 663 629 708 est
657 651 878 723 (Philip.
908 666 985 716 ιιι,
1015 646 1126 719 20).
1155 647 1232 703 lbi
1281 649 1462 719 itaque
1484 647 1579 720 (al.
1606 649 1813 722 utique)
1845 666 1996 706 suam
2025 649 2143 706 ani-

552 757 694 797 mam
722 737 1028 797 conversari
1056 752 1168 794 non
1196 738 1435 807 ambigit,
1470 737 1561 793 ubi
1585 737 1877 794 humanam
1905 740 2142 796 animam

551 832 605 886 in
633 829 846 886 Christo
870 839 1098 898 regnare
1126 827 1348 884 conlidit
1379 845 1393 881 :
1424 836 1647 898 propter
1671 829 1821 898 quod
1850 831 2014 885 etiam
2035 830 2144 887 C0-

549 921 819 976 lossenses
861 917 1237 988 hujuscemodi
1267 918 1362 989 (at.
1395 917 1722 988 hujusmodi)
1749 919 2144 989 praedicationis

548 1011 798 1066 hortatur
835 1008 1051 1082 eloquio
1081 1010 1303 1066 dicens:
1337 1009 1398 1066 Si
1440 1013 1835 1067 eonsurrexistis
1865 1011 1974 1083 (al.
2017 1027 2143 1068 con-

549 1099 889 1173 surrexistis)
917 1116 1032 1155 cum
1075 1100 1281 1156 Christo
1303 1140 1319 1166 ,
1349 1117 1461 1172 qua:
1497 1116 1702 1156 sursum
1740 1111 1862 1156 sunt
1897 1104 2140 1174 quwritev,

549 1190 637 1246 ubi
658 1189 893 1246 Christus
918 1200 996 1247 est
1014 1192 1070 1246 in
1112 1191 1324 1246 dextera
1353 1190 1452 1245 Dei
1473 1191 1673 1247 sedens.

895 1321 1076 1380 (λιιι-ι·
1108 1339 1180 1378 χι.
1207 1323 1329 1377 Alia
1358 1324 1492 1379 ratio
1520 1341 1586 1380 ea:
1615 1324 1794 1382 Petro.

621 1433 730 1488 Nec
769 1433 901 1490 illud
928 1441 1012 1490 est
1048 1435 1387 1504 aliquatenus
1423 1435 1802 1504 omittendum,
1842 1436 1992 1506 quod
2017 1452 2144 1500 cum

475 1573 480 1576 .
550 1540 749 1594 magno
780 1525 1178 1596 prmdicationis
1211 1526 1472 1583 miraculo
1499 1525 1692 1584 Petrus
1719 1527 2062 1584 commendat
2085 1528 2143 1582 in

547 1615 786 1683 Christo,
813 1617 938 1686 quia
962 1625 1228 1686 peccatum
1257 1633 1361 1672 non
1389 1617 1498 1688 79
1521 1618 1666 1688 fecit,
1695 1633 1788 1672 nec
1812 1619 2042 1674 inventus
2065 1623 2144 1672 est

547 1707 700 1761 dolus
727 1708 783 1764 in
812 1722 902 1762 ore
939 1706 1071 1776 ejus.
1109 1704 1198 1760 Sic
1234 1707 1376 1760 enim
1408 1705 1542 1766 dicit
1573 1723 1588 1760 :
1615 1705 1848 1762 Christus
1873 1724 1967 1778 pro
1995 1706 2143 1762 nobis

2319 537 2492 593 batur.

2318 636 2414 692 Est
2441 637 2601 706 igitur
2627 636 2722 692 Dei
2748 637 2914 694 Filius
2934 639 3234 694 animarum
3265 647 3575 696 nostrarum
3595 643 3857 704 uisitator

2247 739 2302 784 et
2322 736 2530 798 pastor,
2551 728 2676 797 quia
2706 727 2822 784 ﬁeri
2850 728 3100 796 dignatus
3125 736 3209 783 est
3227 730 3420 787 animm
3449 730 3696 788 humana:
3723 752 3857 794 sus-

2247 816 2460 890 ceptor,
2490 819 2578 875 cui
2604 835 2674 875 ex
2699 834 2932 890 persona
2980 818 3172 874 futui-.13
3209 821 3570 890 susceptionis
3596 823 3854 884 humana

2247 909 2446 965 dicitur
2497 910 2550 964 in
2605 909 2817 979 psalmo
2861 928 2874 962 :
2918 908 3136 980 Suscipe
3184 926 3265 964 me
3312 912 3592 986 secundum
3639 914 3851 972 verbum

2249 1009 2412 1065 tuum,
2443 1009 2492 1053 et
2517 999 2684 1054 ninam
2715 997 2891 1072 (Psol.
2921 1013 3104 1065 cxvm,
3143 998 3290 1068 116).
3322 997 3570 1057 Christus
3592 1017 3724 1073 ergo
3748 1021 3850 1076 pa-

2244 1101 2364 1148 stor
2387 1101 2572 1150 noster
2597 1101 2699 1160 est,
2723 1093 2888 1162 cujus
2905 1107 3010 1147 nos
3037 1107 3170 1148 oves
3196 1108 3318 1149 esse
3345 1095 3644 1165 apostolica
3673 1106 3846 1155 testa—

2246 1189 2338 1238 tur
2365 1184 2700 1250 auctoritas;
2729 1183 2823 1253 qui
2851 1191 3051 1247 tameu,
3099 1190 3160 1238 ut
3186 1183 3346 1252 plene
3385 1194 3758 1256 susceptorem
3783 1204 3849 1246 ae

2245 1283 2445 1330 nostrae
2481 1281 2690 1329 naturae
2729 1273 3042 1344 dignaretur
3079 1273 3387 1339 ostendere,
3417 1290 3525 1331 non
3552 1277 3726 1334 solum
3757 1293 3847 1349 pa-

2245 1373 2471 1432 stor,
2501 1365 2598 1420 sed
2643 1374 2703 1420 et
2739 1379 2898 1420 ovem
2935 1379 2997 1420 se
3034 1380 3144 1420 non
3191 1366 3512 1436 dedignatus
3541 1379 3625 1425 est
3651 1373 3846 1442 appej-

2245 1455 2361 1511 lam
2391 1455 2484 1527 (at.
2529 1454 2835 1525 appellari),
2867 1462 2929 1510 ut
2966 1462 3097 1524 pote
3141 1457 3210 1510 de
3251 1470 3383 1526 quo,
3424 1467 3611 1516 sancto
3638 1458 3846 1530 Spiritu

2247 1554 2403 1602 actus
2428 1547 2527 1618 (al.
2571 1547 2810 1616 tactus),
2843 1539 3366 1616 propheta‘teslatur
3387 1566 3406 1605 :
3439 1549 3591 1607 Sicut
3625 1553 3734 1608 ovis
3771 1552 3846 1612 ad

2246 1639 2504 1694 victimam
2531 1638 2789 1693 adductus
2813 1644 2910 1702 est,
2951 1645 3001 1692 et
3030 1638 3168 1693 sicut
3203 1655 3371 1710 agnus
3401 1657 3580 1699 coram
3605 1643 3847 1700 tondente

2243 1731 2360 1785 sine
2387 1747 2525 1796 uoce,
2567 1731 2642 1784 sic
2669 1745 2776 1785 non
2803 1730 3007 1800 operuit
3045 1746 3108 1786 es
3145 1745 3295 1786 sum
3325 1731 3482 1802 (Issi.
3519 1749 3636 1800 LIII,
3658 1735 3724 1805 7)
3746 1751 3774 1801 ι
3793 1741 3848 1792 et

549 1799 646 1868 (at.
681 1798 854 1906 vobis)
897 1808 1131 1915 mcum
1150 1807 1249 1903 fu.
1274 1796 1414 1903 υοδξδ
1441 1797 1736 1915 τειίηξιιιιηε
1755 1799 2062 1915 em???va
2081 1807 2144 1858 ⁸⁸³
2169 1851 2218 1915 Β
2245 1822 2364 1892 ipse
2391 1836 2489 1892 per
2511 1821 2607 1893 (at.
2637 1821 2819 1877 deum
2837 1796 2976 1891 per)
3005 1818 3296 1878 Jeremiam
3329 1796 3344 1876 ξ
3374 1821 3490 1896 Ego
3516 1796 3648 1880 sicut
3675 1796 3847 1896 «'9'...

547 1893 834 1963 sequamini
861 1893 1077 1964 vestigia
1114 1891 1259 1962 ejus;
1300 1891 1386 1962 qui
1416 1897 1683 1961 peccatum
1715 1906 1822 1944 non
1861 1892 2003 1962 fecit,
2043 1908 2139 1946 nec

545 1986 782 2040 inventus
807 1995 886 2040 est
912 1986 1060 2040 dolus
1086 1988 1142 2040 in
1183 2002 1270 2040 ore
1287 1985 1399 2056 ejus
1421 1984 1478 2057 (1
1507 1984 1652 2040 Petr.
1691 2002 1748 2052 ιι,
1787 1984 1899 2057 22).
1929 1985 2064 2042 Nam
2092 1987 2140 2046 si

547 2076 646 2131 Dei
674 2076 841 2132 Filius
884 2078 1120 2133 animam
1155 2077 1444 2132 humanam
1489 2076 1543 2132 in
1581 2077 1762 2133 carnis
1797 2080 2140 2149 susceptione

547 2185 656 2225 non
678 2170 886 2235 habuit,
913 2178 972 2226 et
998 2169 1102 2226 hoc
1127 2169 1319 2225 beatus
1344 2167 1536 2224 Petrus
1562 2168 1631 2226 de
1657 2169 1774 2238 ejus
1797 2169 2034 2225 creditur
2053 2170 2140 2226 di-

544 2263 771 2319 vinitate
797 2263 1018 2330 dixisse,
1043 2263 1174 2333 quid
1201 2270 1286 2318 est
1311 2261 1458 2332 quod
1484 2277 1584 2333 pro
1612 2259 1808 2332 magno
1836 2264 1891 2318 in
1920 2263 2136 2320 laudem

543 2352 745 2409 dicitur
765 2353 985 2419 Christi,
1010 2354 1136 2422 quia
1162 2353 1416 2409 divinitas
1451 2353 1570 2422 ejus
1611 2354 1864 2410 immunis
1887 2369 2009 2410 esse
2035 2370 2140 2424 po-

541 2447 648 2500 tuit
674 2459 705 2500 a
735 2446 858 2501 labe
883 2447 1122 2516 peccati,
1145 2461 1266 2502 cum
1293 2444 1390 2501 Dei
1415 2445 1487 2501 sit
1507 2446 1806 2516 proprium,
1828 2462 1936 2502 non
1958 2448 2136 2503 solum

542 2552 653 2592 non
679 2551 928 2608 peccare,
964 2537 1063 2594 sed
1100 2538 1264 2594 etiam
1290 2553 1321 2593 a
1348 2545 1573 2609 peccato
1599 2538 1812 2592 salvare
1842 2556 1854 2591 :
1885 2539 1979 2608 qui
2007 2554 2136 2608 pro-

537 2635 730 2698 pterea
757 2628 906 2683 solus
932 2634 1114 2699 potest
1147 2626 1354 2683 donare
1389 2626 1796 2696 indulgentiam,
1827 2628 1953 2696 quia
1985 2629 2136 2684 solus

503 2733 506 2744 '
540 2718 830 2775 admittere
867 2733 978 2775 non
1008 2725 1192 2789 potest
1217 2719 1432 2788 culpam
1462 2735 1478 2784 ;
1509 2719 1634 2773 ideo
1661 2718 1809 2773 solus
1835 2726 1919 2773 est
1945 2718 2136 2774 vulne-

539 2818 785 2866 ratorum
813 2810 1077 2873 medicus,
1103 2809 1230 2878 quia
1259 2809 1438 2864 divina
1463 2817 1655 2864 natura
1685 2823 1957 2878 nunquam
1989 2809 2043 2864 in
2069 2823 2134 2866 se

527 2899 734 2968 recipit
751 2898 990 2953 vulnus?
1027 2897 1084 2954 Si
1110 2906 1292 2954 autem
1318 2899 1423 2954 hoc
1449 2899 1517 2953 ad
1544 2897 1743 2953 Christi
1767 2913 1983 2954 carnem
2011 2914 2134 2955 cre-

537 2988 686 3044 ditur
711 2987 1077 3054 referendum,
1101 2989 1376 3058 quomodo
1401 2989 1469 3044 ab
1493 2988 1777 3044 animabus
1805 2988 2004 3044 nostris
2021 3003 2135 3044 ser-

533 3080 653 3135 vari
694 3079 903 3150 justitia
951 3080 1188 3149 poterit,
1235 3079 1430 3150 quibus
1478 3078 1785 3148 exemplum
1831 3076 2133 3148 apostoliee

535 3179 894 3228 memoratum
913 3172 1186 3242 susceptio
1204 3170 1406 3227 Christi
1426 3185 1536 3226 non
1553 3170 1726 3226 dedit?
1744 3169 1852 3226 Sed
1872 3179 1931 3226 ut
1948 3179 2130 3228 esten-

2241 1914 2488 1967 inuocem
2527 1911 2782 1966 adducta
2819 1927 2936 1966 sum
2983 1919 3043 1964 ut
3089 1911 3405 1978 inunotsrer,
3445 1923 3499 1968 et
3521 1917 3720 1972 nesciui
3740 1933 3760 1970 :
3791 1917 3848 1970 in

2239 2019 2322 2056 me
2348 2003 2700 2072 cogitaverunt
2721 2003 3089 2074 cogitationem
3111 2002 3308 2058 manu
3334 2003 3558 2062 dicentes
3579 2021 3597 2058 :
3636 2004 3847 2075 Venite,

2240 2095 2508 2148 mittamus
2533 2095 2732 2165 lignum
2769 2093 2826 2148 in
2857 2109 3048 2164 partem
3075 2093 3189 2164 ejus
3222 2093 3354 2166 (Jer.
3384 2111 3458 2162 xl,
3486 2095 3606 2168 i9);
3635 2095 3708 2151 de
3733 2111 3848 2166 quo

2241 2187 2407 2242 etiam
2440 2177 2677 2242 Joannes
2700 2184 2943 2255 Baptista
2976 2184 3280 2255 proclamat
3305 2203 3319 2239 :
3348 2183 3484 2242 Ecce
3510 2187 3689 2258 Agnus
3719 2185 3847 2256 Dei,

2239 2292 2356 2338 ec‘ce
2398 2285 2486 2355 qui
2517 2283 2653 2339 tollit
2685 2290 2908 2355 peccet.
2937 2282 3032 2354 (al.
3064 2279 3369 2352 penem)
3395 2280 3573 2338 mundi
3595 2281 3781 2350 (Joau.
3803 2295 3846 2349 ι,

2241 2376 2354 2445 29).
2383 2375 2503 2431 Non
2553 2374 2836 2431 dissimilia
2876 2373 2946 2430 de
2995 2371 3214 2429 Christo
3238 2371 3330 2441 (at.
3380 2371 3450 2427 de
3479 2372 3616 2441 quo)
3643 2369 3845 2429 Petrus

2231 2482 2458 2538 quoque
2495 2468 2649 2538 ponit
2689 2467 2970 2537 apostolus
3223 2482 3242 2520 ;
3293 2464 3528 2520 Scientes
3554 2464 3690 2535 quod
3735 2481 3844 2519 non

2239 2556 2654 2628 corruptibilibu
2673 2558 2785 2628 so
2812 2544 3047 2627 argento,
3074 2554 3156 2610 uel
3181 2571 3313 2610 auro
3353 2555 3601 2624 redempti
3622 2555 3747 2609 estis
3771 2556 3843 2610 de

2237 2663 2373 2701 vana
2391 2657 2560 2701 vestra
2585 2647 2972 2702 conuersatione
2995 2655 3230 2718 paternae
3255 2647 3572 2713 traditionis,
3599 2647 3691 2700 sed
3720 2663 3843 2717 pre-

2236 2744 2370 2796 tioso
2399 2743 2680 2812 sanguine,
2710 2742 2860 2814 quasi
2897 2742 3018 2812 agni
3053 2739 3456 2798 incontaminati
3493 2747 3545 2792 et
3587 2740 3841 2812 imaeue

2233 2831 2332 2885 lati
2361 2830 2492 2885 Iesu
2541 2830 2734 2886 Christi
2763 2830 2818 2902 (1
2868 2829 3016 2885 Petr.
3075 2846 3113 2895 ι,
3166 2829 3252 2892 is,
3309 2827 3419 2900 19).
3479 2827 3629 2884 Unus
3676 2829 3841 2898 igitur

2239 2922 2499 2992 idemque
2530 2923 2796 2980 mediator
2841 2921 2936 2977 Dei
2963 2931 3021 2977 et
3057 2921 3362 2991 hominum,
3395 2921 3561 2978 homo
3595 2920 3840 2984 Christus

2235 3013 2412 3080 Jesus,
2440 3015 2555 3085 ipse
2606 3024 2792 3084 pastor
2830 3021 2887 3069 et
2937 3013 3072 3079 ovis,
3113 3013 3230 3082 ipse
3275 3025 3506 3082 sponsus
3529 3020 3581 3067 et
3609 3027 3834 3082 sponsa,

2235 3106 2354 3176 ipse
2401 3105 2654 3162 sacerdos
2691 3113 2748 3161 et
2787 3105 3024 3170 victima,
3059 3096 3217 3162 unus
3243 3103 3491 3172 idemque
3536 3111 3595 3159 et
3617 3103 3838 3160 oblator

2235 3199 2477 3255 muneris
2497 3206 2552 3253 et
2571 3213 2764 3254 munus
2791 3195 2962 3253 factus
2990 3204 3072 3252 est
3095 3195 3377 3261 oblatoris,
3405 3202 3468 3249 ut
3487 3209 3593 3250 nec
3615 3195 3836 3252 oblator

1074 3233 1091 3242 -
2235 3233 2477 3255 ιιηιιιςιιδ
2497 3233 2552 3253 ο.
2572 3233 2764 3254 manus
2791 3233 2962 3253 ...νων
2990 3233 3072 3252 υ...
3096 3233 3377 3261 unum”,
3491 3233 3593 3250 ..νυ
3616 3233 3827 3252 ...η-..η

535 3263 691 3358 (Ξένῳ
720 3264 921 3358 Pw“
961 3264 1242 3358 99"“3‘
1271 3264 1332 3358 Αίίῗ
1371 3264 1553 3318 mima
1593 3263 1846 3358 Simul}?
1881 3265 1935 3358 ίῗ¹
1965 3279 2130 3321 came
2158 3233 2206 3298 Ο
2235 3306 2269 3345 a
2290 3289 2527 3344 muneris
2555 3287 2814 3358 qualitate
2843 3285 3186 3352 descisceret,
3219 3299 3322 3340 nec
3348 3299 3541 3339 munus
3570 3281 3638 3338 ab
3675 3284 3834 3340 obla-

531 3353 734 3411 Christi
771 3355 1113 3426 praecessisse
1153 3355 1437 3425 justitiam,
1485 3370 1645 3426 quam
1689 3355 1848 3410 nobis
1898 3355 2131 3426 imperat

529 3443 867 3511 imitandam,
895 3451 1114 3501 secutus
1133 3444 1416 3514 adjunxit:
1443 3441 1546 3508 Qui
1571 3461 1688 3499 cum
1712 3445 2124 3511 malediceretur,

2234 3380 2370 3436 toris
2400 3379 2594 3434 merito
2621 3377 2971 3449 discreparet.
3021 3376 3124 3445 Qui
3169 3377 3214 3432 si
3266 3375 3441 3431 minus
3484 3375 3684 3447 aliquid
3729 3376 3844 3432 ha-.

2232 3470 2350 3526 buit
2377 3472 2624 3526 humanae
2654 3476 2878 3537 naturas,
2921 3483 3022 3524 nec
3059 3480 3345 3538 personam
3382 3482 3594 3522 sumere
3638 3468 3830 3538 ponti-

529 3551 638 3620 non
667 3536 1063 3592 remaledicebat
1085 3536 1182 3604 (al.
1215 3536 1614 3607 maledic-eoat);
1643 3536 1790 3607 quod
1817 3537 2034 3608 proprie
2057 3538 2127 3593 ad

2234 3559 2368 3625 ﬁcis,
2401 3575 2504 3616 nec
2531 3558 2712 3616 offerri
2761 3536 3077 3630 potuit,pro
3123 3559 3359 3628 peccatis
3391 3576 3404 3610 :
3435 3558 3489 3613 in
3525 3536 3656 3627 lege
3674 3558 3833 3614 enim

527 3626 726 3682 animm
751 3627 1068 3698 patientiam
1093 3627 1362 3696 pertinet;
1385 3634 1611 3697 propter
1627 3626 1773 3696 quod
1801 3632 1857 3682 et
1877 3627 1984 3682 alio
2005 3627 2126 3684 loco

2234 3650 2535 3706 sacerdotio
2563 3649 2710 3718 fungi
2751 3626 2859 3705 non
2893 3626 3142 3719 poterat,
3183 3648 3229 3704 si
3260 3649 3380 3718 quis
3406 3649 3564 3703 homo
3587 3626 3682 3719 (al.
3714 3647 3830 3705 bo-

531 3716 663 3773 dicit
693 3735 707 3771 :
741 3716 866 3774 Non
912 3717 1184 3773 addentes
1219 3717 1417 3776 malum
1466 3733 1560 3787 pro
1600 3717 1760 3783 male,
1791 3719 1870 3774 vel
1908 3719 2128 3774 maledi-

2234 3739 2454 3812 minum)
2478 3716 2884 3809 minus—aliquid
2899 3716 3189 3794 habuisset
3225 3716 3383 3805 inse,
3413 3752 3512 3795 nec
3535 3716 3824 3806 vitiosum,

527 3813 667 3860 dum
716 3823 811 3873 pro
851 3807 1129 3863 maledicto
1145 3846 1162 3873 ,
1207 3806 1302 3862 sed
1339 3823 1368 3862 e
1411 3807 1680 3862 contrario
1721 3806 2074 3866 benedicentes
2101 3826 2123 3864 :

2234 3830 2316 3886 vel
2343 3806 2711 3901 imperfectum
2736 3806 2907 3900 pecus
2949 3827 3018 3883 ad
3053 3828 3374 3886 sacrificium
3412 3828 3661 3900 cuiquam
3689 3829 3829 3886 lice-

530 3897 650 3966 quia
687 3896 745 3948 in
783 3897 878 3951 hoc
903 3895 1246 3962 uocatiestis,
1277 3905 1337 3950 ut
1364 3895 1770 3952 Medionem
1803 3897 2124 3958 hatreditatis

2234 3921 2322 3975 bat
2367 3895 2602 3976 oti’erre:
2636 3895 2945 3991 pontiﬁcem
2989 3933 3123 3976 vero
3171 3927 3412 3978 nostrum
3449 3895 3631 3974 Sesum
3660 3916 3827 3976 Chri-

529 3986 842 4057 possideatis
874 3985 931 4058 (Ι
957 3985 1105 4041 Petr.
1121 4003 1198 4053 ιιι,
1218 3985 1297 4058 9).
1323 3985 1494 4056 Cujus
1520 3986 1915 4044 benedictionis
1941 3987 2129 4046 Salva-

2234 4019 2368 4066 stum
2397 4026 2516 4067 esse
2544 3985 2663 4081 quis
2691 4012 2945 4081 ambigat,
2992 4027 3154 4083 quem
3193 4012 3294 4068 sub
3329 4013 3438 4069 hac
3479 4011 3678 4068 Paulus
3702 4011 3826 4068 evi-

529 4085 620 4131 tor
646 4085 834 4131 noster
871 4092 941 4132 ex
981 4077 1148 4133 corde
1189 4077 1411 4148 prodire
1455 4077 1802 4134 eamme-adat
1839 4080 2122 4142 exordium

2234 4101 2416 4157 denter
2467 4077 2861 4173 appellatione
2884 4077 3225 4160 commendat
3263 4122 3283 4158 :
3333 4103 3600 4160 Habentes
3642 4114 3824 4160 autem

523 4163 716 4219 dicens
742 4183 754 4217 :
785 4164 960 4220 Homo
990 4165 1149 4222 bonus
1177 4168 1242 4222 de
1269 4166 1400 4223 bono
1429 4167 1670 4226 thesauro
1693 4169 1865 4225 cordis
1892 4171 1972 4225 sui
1997 4189 2123 4242 pro-

2234 4163 2870 4265 [inquiensjd’ontiﬁcem
2912 4211 3176 4268 magnum,
3213 4198 3299 4269 qui
3325 4197 3608 4268 penetravit
3634 4197 3818 4263 emtas,

529 4255 631 4356 {ert
653 4255 746 4326 (at.
779 4255 1038 4328 proferet)
1059 4257 1202 4312 bona
1229 4258 1446 4330 (κιαι.
1472 4275 1568 4324 ιιι,
1594 4259 1711 4331 '55).
1739 4259 1966 4317 Constat
1990 4276 2120 4332 ergo

2234 4282 2400 4339 Iesum
2428 4283 2625 4341 Filium
2654 4285 2772 4352 Dei,
2807 4295 3066 4341 teneamus
3098 4288 3492 4359 confessionem.
3521 4285 3645 4342 Non
3672 4289 3821 4343 enim

528 4349 581 4399 in
609 4349 789 4402 anima
828 4349 1260 4406 benevolentiam
1301 4366 1459 4418 ese,
1487 4353 1634 4408 unde
1681 4353 2120 4414 benedictionem

527 4438 794 4504 possimus
819 4438 1263 4497 maledicentibus
1288 4442 1594 4498 redhibere.
1629 4442 1700 4500 Ut
1727 4452 1908 4501 autem
1927 4446 2118 4505 beatus

527 4526 738 4595 Petrus,
768 4539 825 4586 et
845 4531 1046 4586 animas
1067 4534 1246 4601 nobis,
1276 4542 1334 4589 et
1355 4535 1537 4590 carnis
1561 4535 1616 4589 in
1645 4535 1860 4593 Christo
1887 4537 2128 4596 demur

525 4627 724 4674 straret
765 4621 1090 4691 exemplum,
1143 4639 1268 4680 cum
1308 4624 1578 4680 dixisset:
1611 4613 1712 4690 Qui
1755 4642 1871 4682 cum
1893 4631 2118 4685 maledi-

525 4718 742 4775 ceretur,
794 4727 898 4766 non
929 4713 1323 4769 remalediccbat
1359 4716 1453 4786 (al.
1485 4717 1872 4789 muledicebat),
1899 4730 2117 4778 secans

521 4803 766 4871 adjunxit
793 4823 807 4858 :
839 4804 969 4860 Cum
1009 4817 1307 4878 pateretur,
1350 4825 1457 4865 non
1494 4811 1922 4866 comminabatur.
1953 4811 2112 4867 Cone

522 4895 798 4948 mendabat
828 4906 995 4950 autem
1035 4898 1297 4968 iudicanti
1328 4907 1356 4938 ⁸
1375 4903 1550 4967 juste;
1579 4902 1667 4969 qui
1691 4911 1904 4968 peccata
1933 4912 2114 4958 nostra

522 4984 727 5049 pertulit
755 4986 811 5039 in
835 5003 1167 5058 corpore-suo
1191 5004 1344 5058 super
1372 4989 1572 5059 liquam
1595 5029 1611 5054 ,
1639 4998 1749 5042 uta
1773 4993 1996 5059 peccatis
2017 5009 2114 5047 uo-

520 5072 641 5124 stris
679 5078 926 5142 separati,
965 5094 1080 5132 cum
1107 5080 1312 5150 justitia
1339 5080 1589 5146 vivamus,
1631 5079 1784 5149 cusz
1835 5083 1992 5136 livore
2021 5101 2112 5138 sa-

521 5165 632 5215 nati
670 5165 790 5216 estis
814 5165 906 5233 (al.
937 5171 1158 5239 sumus).
1209 5168 1310 5234 Qui
1355 5171 1486 5224 sicut
1533 5187 1649 5224 oves
1691 5173 1984 5238 errabatis;
2015 5174 2108 5227 sed

2224 4374 2465 4430 habemus
2511 4375 2808 4446 pontiﬁcem
2855 4376 2940 4448 qui
2987 4393 3089 4432 non
3127 4379 3290 4448 possit
3329 4378 3552 4447 compati
3589 4374 3822 4446 inﬁrmi-

2223 4469 2409 4524 tatibus
2434 4471 2656 4536 nostris;
2697 4479 2945 4525 tentatum
2982 4479 3152 4525 autem
3189 4487 3282 4540 per
3309 4470 3482 4524 omnia
3509 4485 3602 4540 pro
3625 4469 3819 4522 simili-

2223 4560 2396 4614 tudine
2423 4559 2610 4632 absque
2638 4569 2868 4632 peccato.
2894 4561 3156 4615 Adeamus
3193 4577 3312 4632 ergo
3351 4575 3464 4613 cum
3504 4559 3697 4630 ﬁducia
3741 4558 3817 4612 ad

2220 4652 2459 4707 thronum
2513 4654 2714 4725 gratiae,
2763 4662 2818 4707 ut
2861 4653 3270 4710 misericordiam
3323 4667 3711 4723 consequamur,
3760 4661 3818 4708 et

2217 4744 2440 4813 gratiam
2493 4745 2811 4797 inveniamus
2852 4745 2907 4798 in
2961 4744 3158 4799 auxilio
3196 4752 3482 4814 opportuno
3505 4741 3692 4813 (Hebr.
3727 4758 3805 4808 tr,

2220 4832 2305 4898 14,
2339 4830 2425 4900 15,
2457 4832 2567 4906 l6).
2603 4830 2674 4888 Ut
2700 4841 2879 4890 autem
2917 4835 3165 4890 humana:
3211 4836 3415 4890 natura:
3455 4835 3562 4890 hoc
3587 4834 3816 4904 pontiﬁ~

2214 4933 2366 4979 catus
2405 4922 2637 4980 cilicium
2663 4923 3077 4994 demonstraret,
3107 4927 3338 4998 adjecit:
3367 4923 3554 4981 Omnis
3582 4943 3815 5000 namque

2214 5017 2448 5086 pontifex
2475 5033 2539 5070 ea:
2567 5017 2858 5073 hominibus
2888 5031 3199 5089 assumptus,
3235 5035 3328 5090 pro
3369 5018 3658 5073 hominibus
3677 5034 3814 5073 con-

2212 5108 2440 5162 stituitur
2461 5109 2516 5163 in
2543 5109 2622 5164 his
2651 5127 2764 5182 quae
2792 5121 2911 5166 sunt
2939 5110 3008 5164 ad
3042 5109 3230 5178 Deum,
3265 5119 3322 5164 ut
3349 5109 3535 5180 oﬁ'erat
3584 5111 3725 5164 dona
3753 5119 3812 5164 et

2209 5201 2472 5272 sacriﬁcia
2515 5220 2610 5273 pro
2648 5205 2903 5274 peccatis;
2943 5204 3032 5268 qui
3071 5203 3344 5259 condolere
3389 5205 3552 5274 possit
3590 5203 3668 5257 his
3715 5204 3811 5275 qui

519 5267 656 5306 nunc
685 5256 1038 5309 convertimini
1073 5261 1143 5312 ad
1184 5269 1543 5330 pastorem..et
1569 5263 1884 5321 visitaturus
1901 5267 2108 5320 aninm-

519 5359 624 5366 φφ,
973 5346 1024 5366 ι.
1063 5348 1101 5366 ,ι
1140 5360 1152 5366 -
1320 5354 1387 5366 ρ.-
1420 5352 1503 5366 μιν.

2234 5300 2452 5362 gnorant
2577 5256 2779 5357 eriant,
2818 5294 3060 5362 quoniam
3106 5303 3155 5347 et
3195 5296 3308 5366 ipse
3347 5256 3693 5349 circumdatus
3721 5256 3811 5348 res!

497 5359 631 5398 rum
660 5356 946 5401 vestrarum
970 5346 1024 5417 (1
1053 5348 1199 5404 Petr.
1231 5367 1290 5419 ιι,
1317 5352 1530 5424 23-25).

518 5476 698 5558 Car-ur
730 5495 823 5536 nl.
848 5478 1089 5558 Christus
1125 5491 1264 5558 ,recte
1292 5495 1340 5558 et
1363 5495 1575 5558 pastor,
1607 5497 1657 5558 et
1695 5488 1800 5542 ovis
1839 5505 1900 5541 ac
1939 5506 2105 5558 agnus
2135 5502 2142 5509 '

589 5549 942 5607 dicitur.‘Alia
972 5554 1105 5610 ratio
1125 5549 1191 5608 ea:
1211 5549 1450 5622 Levitico,
1481 5559 1601 5627 quia
1620 5556 1854 5612 Christus
1877 5549 1997 5612 cuni
2019 5578 2102 5615 es-

2209 5383 2528 5452 inﬁrmitate.
2577 5383 2648 5438 Et
2698 5393 2968 5455 propterea
3022 5385 3169 5440 debet
3216 5388 3644 5460 quemadmodum
3699 5403 3807 5458 pro

2208 5475 2415 5545 populo,
2447 5476 2521 5529 ita
2548 5476 2702 5558 etiam
2739 5492 2832 5547 pro
2871 5477 3143 5547 semetipso
3181 5477 3372 5547 offerre
3411 5495 3504 5548 pro
3546 5477 3802 5547 peccatis.

2211 5565 2324 5619 Nec
2347 5567 2610 5639 quisquam
2649 5566 2802 5620 sumit
2828 5565 2925 5621 sibi
2956 5569 3218 5634 honorem,
3261 5568 3352 5622 sed
3380 5569 3471 5639 qui
3507 5576 3724 5622 uocatur
3760 5582 3805 5620 α

1047 5689 1528 5774 mss‘.‘Corbei_ense
1573 5691 1873 5774 ethictor._
1897 5692 2096 5774 habent
2202 5699 2412 5774 injuste.
2458 5699 2555 5756 Ms.
2598 5699 2769 5766 Port.,
2807 5701 3199 5758 commendabat
3227 5713 3397 5759 autem
3439 5721 3510 5759 se-
3526 5702 3803 5774 ῥαδίωιηί

513 5746 778 5827 iudicanti
813 5770 867 5807 se
899 5758 1114 5827 injuste.
1140 5760 1343 5816 Verum
1389 5759 1463 5815 in
1485 5777 1582 5815 ms.
1615 5746 1775 5818 Corb.
1808 5746 1989 5816 addita
2013 5746 2097 5818 est

518 5819 730 5891 (eadem
745 5821 891 5884 ibrte
909 5819 1094 5898 manu)
1115 5831 1373 5903 particula
1399 5848 1456 5888 se
1475 5841 1530 5886 et
1549 5833 1695 5901 prior
1715 5832 1917 5904 syllsba
1942 5834 2093 5891 vocis

2204 5770 2411 5841 injuste.
