4072 6332
219 413 318 470 337

1459 414 1550 471 AD
1589 413 2090 478 TRASMJNDUH
2129 418 2256 482 UB.
2295 419 2339 475 ι.

219 525 344 588 Deo,
376 530 629 594 tum
660 521 858 597 Aaron.
888 519 986 576 Sic
1005 528 1058 578 et
1079 519 1320 581 Cliniam
1343 541 1453 583 non
1482 529 1808 598 semetipsum
1835 533 1890 594 Α
1913 530 2062 598 eguit
2088 531 2394 589 liberatoris
2419 533 2641 593 auxilio.
2669 534 2727 592 Si
2749 546 2930 603 autem
2952 539 3341 608 mandauit
3363 495 3501 609 lihel-

215 617 522 687 doriﬁcauit
553 623 618 671 nt
649 615 892 686 pontifex
933 613 1102 684 ﬁeret,
1144 616 1244 672 sed
1278 619 1365 690 qui
1401 618 1599 674 locutus
1634 631 1712 674 est
1737 621 1810 676 ad

219 727 325 765 eam
345 725 365 763 :
391 707 568 762 Filius
608 723 752 763 mena
786 722 846 760 es
889 714 963 771 tu,
988 723 1084 778 ego
1103 708 1257 764 hodie
1291 712 1441 780 genui
1463 720 1513 764 te
1541 710 1726 781 (Hebr.
1750 728 1804 780 ν,

219 808 242 859 t
275 806 346 874 5).
381 803 562 872 Que
607 812 792 860 tamen
845 802 1153 874 pontiﬁcem
1203 804 1334 860 dicit
1369 821 1466 874 per
1500 806 1680 860 omnia
1706 821 1808 876 pro

211 894 568 953 similitudine
631 895 836 964 absque
885 902 1114 964 peccato
1175 903 1460 954 tantatanti.
1529 896 1636 956 Per
1685 913 1806 968 qua

211 996 391 1043 autem
448 985 629 1041 omnia
683 993 924 1040 tentatus
983 985 1143 1042 fuerit
1166 1028 1182 1053 ,
1237 987 1483 1056 superius
1529 988 1808 1050 evidenter

219 1078 455 1136 ostendit
481 1077 665 1135 dicens
693 1095 707 1130 :
739 1076 1014 1150 Nusquam
1039 1080 1177 1133 enim
1203 1078 1412 1149 angelos
1441 1079 1801 1148 apprehendit.

211 1170 299 1224 aed
317 1184 502 1222 sem
540 1166 764 1228 Abrahae
797 1167 1160 1237 apprehendit.
1203 1167 1352 1221 Unde
1381 1167 1556 1222 debuit
1579 1185 1670 1238 per
1691 1185 1804 1225 amv-

222 1261 299 1313 nia
327 1258 584 1329 fratribus
613 1257 867 1322 uinitori,
914 1266 970 1310 ut
1021 1259 1312 1313 miserimus
1341 1259 1512 1328 ﬁeret,
1551 1266 1602 1312 et
1630 1259 1802 1328 ﬁdeli;

222 1353 446 1421 pontifex
479 1351 558 1404 ad
590 1349 776 1415 Deum,
805 1359 862 1403 ut
899 1351 1256 1420 repropiliaret
1291 1350 1480 1405 delicta
1503 1351 1696 1420 populi.
1733 1349 1802 1408 In

211 1458 272 1497 eo
293 1442 430 1495 enim
457 1458 558 1512 quo
616 1440 715 1511 (tl.
765 1441 930 1511 quod)
965 1457 1152 1511 passus
1197 1450 1274 1496 est
1309 1442 1420 1511 ipse
1449 1442 1508 1496 et
1553 1449 1795 1507 tentatus,

221 1544 386 1602 potens
425 1543 505 1588 est
543 1535 631 1588 .Itis
660 1534 747 1604 qui
773 1542 1049 1588 tentantur
1086 1532 1335 1592 auxiliari
1383 1531 1567 1600 (Hebr.
1610 1548 1665 1595 ιι.
1694 1533 1797 1591 16-

223 1624 327 1693 is).

211 1713 390 1769 Carus
421 1729 534 1769 nu.
565 1714 686 1770 Alia
725 1715 860 1795 ratio
898 1713 1213 1795 ex._Poulo,_
1241 1714 1360 1795 quia
1382 1713 1625 1795 Clu-irtus
1663 1723 1712 1768 et
1739 1714 1797 1776 in

563 1800 720 1837 carne
745 1792 796 1837 et
825 1792 878 1837 in
903 1792 1080 1837 anima
1109 1793 1332 1838 tentatus
1359 1793 1452 1838 est.

282 1873 336 1927 Si
359 1887 491 1942 ergo
529 1874 582 1928 iu
606 1888 671 1927 eo
712 1888 820 1942 quo
871 1871 964 1945 (al.
998 1873 1160 1942 quod)
1193 1880 1428 1930 tentatus
1467 1879 1550 1928 est
1575 1874 1795 1930 tentatis

221 1963 472 2017 auxilium
512 1963 668 2018 donat
701 2002 715 2027 ,
745 1962 990 2032 profecto
1035 1963 1090 2017 in
1129 1977 1237 2032 quo
1281 1971 1516 2020 tentatus
1560 1980 1668 2019 non
1710 1973 1794 2021 est

221 2055 427 2108 teutatis
455 2053 714 2107 auxilium
761 2068 870 2108 non
914 2052 1201 2108 ministrat.
1243 2051 1361 2119 Quo
1409 2052 1691 2108 conﬁcitur
1733 2063 1795 2110 ut

219 2143 266 2198 hi
292 2145 377 2214 qui
404 2143 623 2202 Christo
651 2144 820 2198 solam
851 2157 1066 2198 carnem
1098 2144 1388 2200 humanam
1417 2146 1706 2214 assignant,
1738 2155 1795 2202 et

219 2233 435 2287 animam
464 2233 753 2300 denegant,
804 2234 858 2287 in
915 2233 1030 2287 sola
1068 2248 1229 2288 carne
1269 2243 1507 2304 quaerant
1536 2237 1791 2296 auxilium

219 2322 416 2398 Christi,
469 2325 524 2378 in
567 2324 743 2377 anima
793 2338 922 2378 vero
966 2332 1278 2378 remaneant
1325 2325 1792 2382 destitutizFilius

218 2411 298 2468 Dei
339 2428 578 2482 namque
606 2413 708 2468 hoc
747 2412 964 2481 adjuvat
1011 2412 1065 2466 in
1120 2413 1353 2477 homine,
1387 2413 1528 2483 quod
1557 2415 1792 2484 suscepit

218 2517 302 2572 pro
329 2504 567 2558 homine.
616 2501 770 2568 Quod
823 2503 868 2556 si
916 2509 974 2556 et
1014 2501 1067 2555 in
1106 2502 1281 2560 anima
1308 2503 1444 2562 et‘in
1471 2519 1632 2558 carne
1658 2519 1789 2574 pro-

215 2597 394 2651 mereri
431 2594 631 2652 Christi
677 2594 1015 2650 delectantur
1061 2593 1350 2656 auxilium,
1389 2593 1791 2649 fateanturne—

215 2703 349 2742 cessa
373 2696 456 2742 est
487 2687 650 2759 (sicut
678 2687 877 2742 veritas
916 2685 1098 2755 habet)
1130 2693 1186 2740 et
1225 2686 1274 2738 in
1306 2685 1478 2739 anima
1503 2685 1705 2753 pariter
1733 2692 1791 2740 et

214 2778 260 2831 in
279 2792 432 2831 carne
463 2784 752 2831 tentatum.
787 2773 855 2829 Et
895 2774 1072 2828 anima
1102 2773 1264 2846 igitur
1291 2773 1545 2836 humana,
1576 2780 1630 2828 et
1660 2787 1788 2827 caro

213 2866 357 2922 simul
385 2875 466 2924 est
504 2867 558 2921 in
585 2864 803 2927 Christo
855 2873 1076 2934 tentata.
1125 2864 1276 2934 Quod
1315 2865 1359 2919 si
1407 2865 1562 2920 simul
1600 2872 1688 2924 est.
1732 2865 1788 2919 in

210 2957 410 3016 Christo
438 2968 492 3015 et
531 2960 706 3014 anima
750 2967 806 3013 et
843 2973 968 3013 caro
1006 2965 1234 3025 tentata,
1285 2957 1440 3016 simul
1487 2965 1569 3012 est
1607 2957 1674 3011 ab
1720 2972 1787 3015 eo

212 3058 421 3118 utraque
465 3056 756 3118 suscepta;
785 3055 841 3103 et
869 3049 914 3103 si
959 3056 1241 3118 utramque
1280 3047 1529 3116 dignatus
1559 3049 1663 3118 81
1704 3055 1789 3102 est

208 3140 488 3208 suscipere,
539 3149 821 3208 utramque
871 3138 1119 3210 dignatus
1163 3145 1244 3191 est
1291 3137 1407 3191 sine
1452 3137 1786 3192 dubitatione

207 3231 427 3285 salvare.
456 3231 683 3298 Dignum
709 3246 946 3300 namque
989 3229 1105 3297 fuit,
1139 3238 1442 3302 nostrmque
1470 3231 1627 3285 saluti
1650 3246 1856 3332 con-Ic

209 3319 444 3381 veniens,
478 3327 544 3373 ut
564 3319 698 3375 Deus
721 3335 884 3375 verus
915 3336 982 3374 ex
1000 3334 1132 3374 vero
1163 3318 1322 3376 Patre
1365 3320 1512 3374 solus
1538 3311 1804 3374 substan-I‘

209 3411 403 3467 tialiter
447 3419 604 3465 natus
653 3427 838 3467 veram
883 3411 1118 3467 hominis
1152 3426 1312 3481 quam
1356 3411 1470 3482 ipse
1520 3412 1644 3468 fecit
1671 3413 1784 3467 ani-

209 3514 333 3552 mam
355 3515 683 3570 carnemque
705 3501 1022 3570 susciperet,
1050 3502 1102 3554 in
1131 3511 1353 3569 utraque
1374 3517 1493 3556 cum
1517 3509 1788 3557 tentatore

207 3597 478 3658 pugnaret,
521 3591 577 3644 in
607 3600 832 3659 utraque
860 3591 1123 3653 vinceret,
1163 3605 1226 3644 ac
1264 3590 1514 3660 deinceps
1556 3591 1608 3645 in
1639 3600 1786 3647 utra-

208 3695 299 3748 que
329 3682 552 3737 tentatis
599 3682 1029 3736 subministraret
1076 3681 1354 3747 auxilium,
1391 3698 1512 3736 cum
1552 3683 1606 3736 in
1637 3693 1787 3737 utra-

207 3784 301 3838 que
341 3770 571 3825 inlirmis
620 3786 684 3826 ac
727 3771 1002 3827 morituris
1038 3771 1276 3827 victoria:
1309 3773 1572 3842 prmberet
1602 3789 1786 3827 exem-

205 3858 357 3928 plum.
389 3859 486 3915 Illa
518 3877 736 3932 quoque
761 3863 1030 3918 sententia
1057 3873 1450 3919 sacramentum
1480 3853 1789 3920 Mediatoris

205 3951 481 4009 manifesto
503 3951 840 4008 demonstrat
867 3953 1082 4020 indicio,
1115 3970 1275 4024 quam
1303 3957 1415 4026 ipsa
1439 3956 1635 4010 veritas
1660 3972 1786 4026 pro-

203 4041 333 4106 tulit,
361 4042 589 4100 dicens:
631 4043 784 4098 Venit
833 4047 973 4099 enim
1020 4045 1192 4101 Filius
1231 4048 1445 4102 hominis
1477 4049 1670 4102 salvum
1698 4051 1784 4119 fa-

201 4147 303 4186 cere
330 4141 380 4188 et
401 4151 636 4204 querere
667 4136 804 4208 quod
837 4136 1061 4207 perierat
1085 4137 1234 4209 (Luc.
1259 4127 1369 4204 xix,
1395 4139 1504 4210 10).
1529 4140 1785 4195 Attenda-

201 4236 309 4276 mus
346 4224 516 4294 igitur
560 4225 688 4296 quid
723 4227 943 4296 perierit
990 4228 1189 4282 terreni
1227 4229 1474 4301 hominis
1519 4229 1693 4298 lapsu,
1730 4237 1788 4286 et

201 4326 552 4382 agnoscamus
579 4317 707 4386 quid
738 4318 1019 4386 qumSitum
1067 4317 1227 4374 fuerit
1273 4320 1504 4375 hominis
1550 4321 1785 4376 coelestia

201 4406 448 4462 adventu.
471 4405 888 4463 Consideremus
911 4409 1039 4478 quid
1063 4409 1115 4464 in
1146 4425 1205 4464 se
1240 4409 1510 4479 peccando
1534 4411 1627 4479 (al.
1657 4425 1785 4480 pec-

199 4500 335 4571 cato)
359 4500 663 4556 vendiderit
679 4517 886 4569 servus,
918 4511 973 4556 et
999 4502 1277 4572 apparebit
1298 4501 1422 4571 quid
1441 4501 1783 4570 suscipiendo

197 4590 487 4647 redemerit
517 4592 810 4647 Dominus.
860 4593 1211 4648 Attendamus
1258 4593 1384 4663 quid
1432 4593 1653 4686 latroin
1688 4595 1863 4686 ho-D

193 4681 354 4736 minis
391 4682 705 4738 seductione
751 4683 1131 4749 vulneraverit,
1175 4691 1232 4737 ut
1277 4683 1477 4738 clareat
1506 4682 1633 4752 quid
1671 4697 1787 4736 me-

194 4772 338 4829 dicus
388 4775 446 4830 in
473 4776 727 4832 “hominis
779 4777 1120 4846 susceptione
1167 4775 1458 4830 sanaverit.
1498 4775 1686 4829 Nonne
1715 4789 1784 4830 ex

193 4876 353 4920 carne
407 4865 571 4920 simul
617 4867 905 4935 animaque
941 4866 1270 4935 compositus
1311 4873 1636 4934 praeceptum
1686 4865 1784 4921 Dei

189 4956 348 5012 homo
374 4958 588 5029 primus
620 4956 876 5028 accepit?
921 4955 1074 5023 Quod
1115 4957 1160 5010 si
1201 4957 1254 5009 in
1293 4963 1516 5023 utraque
1545 4968 1782 5024 praecep-

189 5059 296 5106 tum
335 5054 438 5109 Dei
485 5053 829 5122 cognoscitur
874 5052 1173 5121 accepisse,
1225 5051 1278 5104 in
1325 5057 1551 5118 utraque
1597 5047 1782 5103 debuit

186 5143 553 5200 obedientiam
583 5143 834 5214 praecepti
873 5157 1108 5198 servare.
1140 5140 1196 5196 Si
1245 5149 1420 5195 autem
1462 5141 1516 5194 in
1553 5148 1780 5220 utraque

184 5235 278 5291 fuit
329 5237 636 5308 parendum
683 5245 977 5306 praecepto,
1025 5235 1093 5290 ab
1145 5241 1371 5300 utraque
1420 5230 1650 5286 admissa
1697 5239 1781 5286 est

180 5307 546 5395 transgressio
581 5345 594 5379 :
636 5307 889 5395 quoniam
931 5326 1070 5380 sicut
1108 5331 1191 5378 est
1230 5321 1536 5376 inchoatum
1587 5321 1779 5374 anima:

179 5420 480 5488 cupiditate
508 5425 810 5489 peccatum,
843 5417 922 5472 sic
947 5423 1031 5471 est
1073 5413 1273 5470 carnali
1303 5410 1634 5467 comestione
1662 5425 1779 5480 per-

179 5509 380 5564 lectum
415 5528 427 5561 :
461 5515 516 5563 et
565 5509 730 5572 ideo,
756 5507 901 5576 quod
955 5513 1097 5560 totus
1145 5504 1306 5556 homo
1349 5507 1552 5553 reatum
1601 5507 1777 5552 trans-

177 5601 481 5665 gressionis
526 5597 770 5662 admisit,
824 5603 996 5651 totum
1037 5593 1135 5649 sibi
1177 5591 1422 5646 diabolus
1465 5589 1774 5659 captivavit.

173 5687 331 5755 Quod
374 5693 421 5746 si
461 5698 610 5744 totus
661 5689 942 5742 tenebatur
990 5683 1317 5754 captivitatis
1356 5681 1588 5748 vinculo,
1632 5687 1777 5734 totus

244 5814 268 5875 ὲ
294 5803 408 5875 ξιξ.
443 5801 632 5875 Co_rb._,
665 5810 802 5875 toto.
825 5800 960 5875 forte
1002 5815 1100 5870 pro
1145 5799 1254 5851 loti.
1307 5797 1504 5873 Supplc
1537 5796 1754 5875 homini.

241 5873 265 5910 ⁵
289 5871 401 5928 Ed.
436 5873 562 5929 cod.
600 5872 758 5927 Basil.
791 5872 972 5939 habet,
1011 5885 1210 5923 necesse
1246 5881 1355 5925 erat
1389 5871 1446 5931 in
1474 5871 1751 6052 iijterveni-

1917 637 2039 676 rare
2067 623 2256 691 pietas,
2287 631 2459 680 totum
2500 625 2686 682 debuit
2709 629 3194 700 suscipesediainn
3216 632 3501 704 maiestas,

1916 716 2103 771 Totius
2141 731 2269 786 ergo
2305 717 2403 772 fuit
2435 719 2668 775 hominis
2696 736 2724 774 a
2755 724 2866 777 Deo
2905 724 3238 794 suscipienda
3286 735 3500 796 natura,

1912 809 2167 877 quoniam
2196 809 2248 864 in
2280 817 2395 866 toto
2429 811 2530 868 fuit.
2554 813 2833 882 captivitas
2859 816 3196 894 captivauda,
3238 827 3299 882 ut
3328 830 3352 858 ⁸
3384 827 3503 894 tot.

1912 898 2068 953 simul
2097 899 2464 968 acquireretur
2488 902 2556 960 de
2581 905 2855 974 .captivata
2887 908 3198 976 captivitate
3224 911 3447 972 victoria
3473 895 3498 971 ':

1903 996 1966 1043 et
1997 988 2092 1059 (al.
2128 991 2205 1060 ut)
2225 1031 2241 1057 ,
2280 991 2573 1048 secundum
2603 994 2998 1064 prmdicationis
3037 999 3355 1066 apostolica
3375 1015 3500 1060 sen-

1897 1079 2136 1134 tentiam
2161 1119 2176 1143 ,
2221 1083 2483 1152 captivam
2531 1083 2736 1140 ducens
2778 1087 3142 1155 captitum
3174 1088 3387 1161 (Epiros.
3412 1107 3497 1162 ιη

1896 1169 1976 1238 ς8)
1993 1213 2007 1237 ,
2059 1171 2390 1242 principatus
2429 1182 2492 1230 et
2511 1225 2514 1228 λ
2532 1181 2830 1244 potestates
2865 1176 3182 1252 traduceret
3217 1181 3498 1246 conlident-

1896 1266 2011 1326 ser,
2031 1262 2218 1333 palam
2241 1264 2586 1336 triumphans
2609 1264 2738 1325 illos
2774 1264 2828 1326 in
2845 1268 3150 1339 semetipso
3182 1268 3404 1348 (Colore.
3423 1288 3496 1341 ι,

1909 1351 2033 1423 15).
2282 1422 2286 1423 ν
2441 1383 2494 1390 --

1903 1465 2087 1520 CAPUT
2109 1483 2214 1521 XIV.
2240 1467 2359 1521 Alia
2380 1469 2513 1521 ratio
2543 1485 2574 1521 α
2601 1467 2855 1524 divisione
2879 1480 2971 1539 per
2997 1478 3219 1542 quatuor
3233 1472 3491 1529 membra.

1870 1602 1875 1607 -
1977 1575 2056 1629 Ad
2083 1585 2383 1631 extremum
2411 1577 2618 1633 dicatur
2658 1594 2756 1634 cur
2780 1580 2848 1634 ab
2887 1581 2980 1635 illa
3001 1568 3261 1655 ineffabili
3301 1581 3493 1640 divini-

1905 1674 2018 1720 tate
2049 1683 2154 1720 non
2202 1668 2364 1722 fuerit
2397 1669 2588 1724 anima:
2616 1679 2808 1725 natura
2856 1681 3108 1742 suscepta
3139 1688 3260 1728 cum
3279 1673 3492 1730 carne?

1905 1766 2084 1812 utrum
2114 1773 2144 1811 a
2168 1757 2278 1814 Deo
2310 1775 2416 1813 non
2449 1758 2608 1814 fuerit
2629 1760 2808 1816 facta?
2831 1761 2921 1815 An
2941 1769 3165 1833 peccato
3186 1779 3304 1838 non
3331 1763 3492 1821 fuerit

1901 1846 2126 1901 vitiata?
2151 1862 2220 1901 an
2257 1863 2421 1903 carne
2449 1849 2692 1904 viliorem
2744 1845 3365 1907 unive'réalistdicina
3389 1853 3492 1908 de-

1902 1941 2081 2010 spexit
2110 1940 2224 2011 (al.
2255 1939 2641 2011 despexerit)?
2671 1942 2750 1996 An
2774 1941 2984 2012 peccati
3014 1927 3234 1998 vulnere
3277 1944 3488 2000 saucia;

1898 2039 2009 2085 tam
2036 2031 2378 2100 omnipotens
2399 2045 2590 2086 curare
2617 2031 2856 2100 nequivit
2878 2031 2974 2102 (al.
2999 2033 3318 2102 neqmverit)
3336 2033 3489 2090 iSed

1897 2121 2092 2176 horum
2120 2121 2350 2190 primum
2395 2129 2833 2191 postremumque
2877 2124 2968 2192 qui
3011 2123 3272 2191 sentiunt,
3309 2130 3364 2178 et
3388 2114 3488 2180 ad-

1896 2228 2085 2268 versus
2111 2213 2360 2267 virtutem
2382 2213 2664 2279 creatoris,
2713 2223 2770 2269 et
2798 2221 2988 2269 contra
3037 2215 3336 2284 potentiam
3362 2213 3491 2271 Sal-

1896 2306 2101 2360 vatoris
2149 2300 2379 2360 rebelles
2422 2305 2678 2372 existunt,
2725 2306 2769 2361 si
2790 2307 2876 2361 vel
2905 2305 3140 2377 aliquam
3180 2314 3487 2366 creaturam

1897 2405 2087 2467 putant
2116 2412 2148 2452 a
2177 2383 2288 2451 Deo
2311 2412 2417 2451 non
2446 2396 2664 2462 factam,
2695 2397 2779 2451 vel
2802 2396 2869 2451 ad
2892 2397 3120 2452 salutem
3137 2397 3328 2452 anima:
3349 2413 3488 2454 con-

1897 2487 2169 2542 ferendam
2198 2494 2521 2556 potestatem
2549 2487 2735 2564 dicunt
2755 2487 3141 2558 omnipotentis
3171 2487 3483 2544 invalidam.

1896 2575 2119 2632 Duobus
2146 2591 2278 2632 vero
2307 2576 2516 2640 mediis,
2550 2591 2651 2632 nec
2698 2585 2980 2646 peccatum
3011 2576 3357 2632 considerant
3394 2592 3485 2631 ra-

1895 2667 2115 2721 tionalis
2150 2675 2439 2731 creatum,
2491 2681 2594 2722 nec
2633 2667 2914 2733 meritum;
2961 2683 3070 2721 non
3120 2667 3484 2735 intelligemus

1893 2775 2058 2818 carne
2083 2775 2180 2817 sua
2206 2760 2452 2816 viliorem
2479 2775 2598 2816 esse
2629 2775 2738 2816 non
2767 2777 2929 2833 posse
2953 2774 3074 2831 quae
3101 2761 3268 2817 vitam
3289 2763 3481 2819 tribuit

1892 2851 2061 2917 carni,
2094 2859 2149 2906 et
2177 2852 2322 2906 illam
2368 2851 2582 2920 gravius
2606 2853 2966 2921 vulneratam,
2995 2867 3116 2922 quae
3142 2869 3240 2924 per
3276 2853 3482 2910 intelli-

1879 2945 2128 3012 gentiam
2172 2945 2341 3013 magis
2389 2945 2564 3014 potuit
2599 2945 2855 3001 resistere
2893 2945 3166 3002 tentatori.
3195 2945 3293 3000 illa
3322 2945 3482 3015 igitur

1894 3034 2236 3104 omnipotens
2282 3034 2472 3101 virtus,
2515 3041 2572 3091 et
2616 3036 2706 3106 pia
2748 3036 3044 3105 sapientia,
3095 3050 3197 3092 nec
3233 3036 3495 3108 despexit

1891 3125 2040 3178 velut
2079 3133 2389 3180 extraneam
2432 3142 2593 3197 quam
2632 3142 2671 3199 a
2720 3141 2780 3182 sc
2826 3134 3054 3182 noverat
3099 3126 3347 3193 factam,
3379 3143 3485 3188 nec

1893 3217 2096 3283 sprevit
2124 3218 2415 3272 sanandam
2445 3233 2607 3288 quam
2633 3219 2836 3274 sciebat
2869 3220 3082 3287 gravius
3107 3220 3480 3288 vulneratam.

1893 3319 1994 3358 nec
2029 3319 2150 3358 eam
2179 3320 2342 3375 quam
2371 3321 2535 3362 carne
2561 3308 2839 3379 potiorem
2869 3307 2999 3364 fecit
3027 3324 3058 3362 a
3101 3310 3342 3365 remedio
3388 3325 3484 3366 sa-

1893 3393 2017 3447 lutis
2038 3395 2265 3448 exclusit
2317 3413 2329 3448 :
2377 3395 2475 3450 sed
2511 3397 2655 3452 sicut
2708 3406 2879 3452 totum
2919 3399 3191 3454 hominem
3230 3399 3481 3456 diabolus

1888 3483 2206 3552 decipienda
2231 3486 2517 3554 percussit,
2541 3486 2614 3540 ita
2641 3488 2781 3541 Deus
2809 3495 2979 3542 totum
3009 3489 3348 3558 suscipiendo
3371 3486 3481 3544 sal-

1890 3575 2036 3627 vavit
2077 3593 2088 3626 :
2140 3577 2247 3645 82
2297 3583 2358 3630 ut
2403 3586 2789 3646 agnosceretur
2823 3577 2962 3631 idem
3004 3586 3263 3632 creatura:
3310 3579 3479 3636 toti-us

1887 3664 2138 3720 conditor
2157 3678 2213 3720 et
2236 3665 2596 3737 Redemptor,
2625 3668 2715 3738 qui
2740 3668 2918 3736 potuit
2941 3681 2997 3721 et
3023 3668 3165 3736 quod
3211 3683 3316 3724 non
3357 3679 3478 3727 erat

1889 3755 2086 3819 facere,
2118 3763 2174 3811 et
2200 3757 2640 3828 quoddilapsum
2659 3757 2837 3813 "fuerat
2862 3773 3136 3828 reparare.

1888 3867 2071 3922 Caru'r
2111 3884 2200 3924 xv.
2243 3869 2363 3923 Alia
2383 3860 2539 3934 ratio,
2581 3887 2647 3924 ea:
2677 3872 2884 3925 nomine
2909 3870 3220 3926 Mediatoris
3239 3870 3263 3936 ,'
3295 3882 3348 3926 ut
3376 3873 3474 3925 Im-

2317 3938 2434 3993 beat
2461 3941 2514 3993 in
2536 3957 2592 3994 se
2617 3948 2774 3995 totam
2802 3950 3061 3995 naturam.

1957 4027 2194 4085 Cunctos
2221 4037 2482 4100 prmterea
2511 4031 2605 4102 qui
2649 4033 2838 4088 salutis
2866 4048 2984 4088 esse
3013 4033 3234 4104 cupiunt
3257 4039 3474 4090 eterna

1889 4124 2178 4194 participes
2218 4131 2435 4194 oportet
2475 4138 2768 4193 agnoscere
2803 4126 3016 4194 pariter
3038 4133 3093 4180 et
3134 4134 3320 4181 tenore
3361 4141 3473 4183 non

1889 4215 2157 4272 incassum
2188 4217 2460 4271 hominem
2481 4215 2672 4272 ‘Jesum
2695 4215 2968 4272 Christum
2983 4218 3471 4274 i-MediatoremLDei

1885 4314 1942 4361 et
1971 4307 2246 4361 hominum
2269 4313 2654 4376 nuncupatum,
2687 4308 2789 4362 nisi
2815 4309 2938 4378 quia
2970 4308 3108 4363 idem
3140 4309 3278 4362 Deus
3303 4317 3472 4366 totum

1887 4396 1942 4449 in
1969 4412 2027 4452 se
2055 4405 2302 4452 naturam
2323 4397 2568 4467 suscepit
2580 4397 2830 4462 hominis,
2854 4397 3078 4454 et-idem
3109 4399 3272 4452 homo
3303 4405 3470 4453 totam

1889 4489 1939 4542 in
1961 4490 2205 4544 se‘habet
2230 4489 2586 4544 substantiam
2607 4489 2822 4543 deitatis
2845 4488 2938 4560 (al.
2959 4487 3470 4558 divinitatis).lNam

1887 4579 2012 4648 quia
2039 4587 2444 4650 per-peccatum
2466 4579 2628 4633 horno
2664 4578 2762 4633 fuit
2797 4578 3294 4648 separatusa-Deo,
3329 4580 3471 4636 inter

1888 4672 2056 4728 Deum
2086 4673 2406 4727 irascentem
2434 4672 2816 4739 hominemque
2846 4679 3159 4741 peccantem
3199 4672 3320 4726 talis
3363 4671 3468 4725 uti-

1887 4777 1992 4834 que
2011 4760 2328 4816 Mediatoris
2347 4761 2374 4799 δ
2401 4760 2589 4817 debuit
2610 4761 2938 4816 intervenire
2965 4777 3216 4831 persona,
3249 4775 3370 4828 qua:
3399 4759 3466 4816 ad

1886 4851 2283 4924 propitiandum
2323 4852 2490 4906 Deum
2520 4851 2724 4905 homini
2767 4859 2936 4906 totum
2988 4866 3278 4919 verumque
3322 4852 3374 4905 in
3405 4867 3466 4908 se

1885 4945 2054 4999 Deum
2083 4943 2152 4998 de
2178 4942 2291 4997 Deo
2320 4949 2503 4997 natum
2529 4941 2786 5008 haberet,
2815 4951 2874 4997 et
2901 4941 2970 4997 ad
3006 4933 3464 4997 reconciliandum

1884 5035 2157 5091 hominem
2210 5033 2320 5089 Deo
2365 5041 2540 5089 totum
2585 5047 2882 5102 verumque
2932 5033 2984 5087 in
3037 5047 3098 5087 se
3135 5032 3203 5087 de
3243 5033 3465 5097 homine

1885 5134 2070 5180 natum
2090 5125 2363 5181 hominem
2392 5125 2721 5186 contineret,
2759 5131 2920 5192 atque
2955 5125 3031 5179 ita
3058 5139 3123 5179 ex
3153 5132 3381 5193 utroque
3408 5127 3462 5184 in

1886 5227 2116 5287 utroque
2146 5232 2281 5271 unus
2319 5215 2574 5271 Christus
2618 5223 2782 5282 esset,
2832 5223 2892 5270 ut
2928 5216 3210 5285 plenitudo
3248 5215 3464 5274 deitatis

1885 5316 2195 5378 susceptum
2227 5323 2333 5362 non
2383 5312 2747 5373 consumeret,
2790 5305 2884 5361 sed
2927 5307 3252 5376 proveheret
3291 5307 3462 5364 homi~

1885 5416 2030 5468 nem,
2058 5407 2113 5454 et
2142 5398 2416 5468 plenitudo
2452 5395 2798 5452 humanitatis
2839 5412 2942 5454 nec
2978 5400 3274 5453 minoraret
3306 5410 3325 5438 τ
3357 5399 3460 5453 im-

1886 5506 2145 5555 mensam,
2173 5505 2274 5545 nec
2299 5497 2536 5544 mutaret
2560 5489 2941 5560 impassibllem
2970 5490 3225 5546 deitatem
3260 5507 3282 5542 :-
3299 5505 3363 5546 ae
3379 5493 3459 5548 sic

1885 5583 2119 5640 hominis
2146 5591 2354 5647 natura,
2386 5595 2506 5651 qua:
2532 5588 2737 5637 mutata
2780 5580 2955 5638 ﬁxerat
2993 5581 3331 5648 in-deterius,
3361 5599 3457 5652 per

1887 5677 2036 5730 illum
2092 5681 2202 5730 tota
2252 5671 2724 5742 redintegraretur,
2773 5688 2889 5745 quo
2935 5673 3066 5729 nihil
3111 5682 3196 5730 est
3237 5675 3452 5730 melius.

1873 5800 1949 5848 ret
1974 5810 1987 5856 ;
2013 5790 2209 5853 cancri,
2234 5785 2422 5843 debuit.

1938 5873 1959 5900 ο
2003 5861 2140 5915 Editi
2171 5860 2365 5914 habent
2397 5860 2717 5918 immensum.
2751 5858 2851 5917 Ms.
2896 5858 3084 5926 Corb.,
3123 5859 3446 5918 immensum.
