4026 6336
578 415 686 487 usa

1603 413 1658 470 S.
1699 403 2064 467 FULGENTll
2103 402 2409 464 EPISCUPI
2449 401 2821 462 RUSPENSIS

3765 403 3877 459 2‘0

575 524 896 606 Propterea
929 547 988 588 se
1039 528 1300 586 Mediator
1352 523 1448 579 Dei
1497 518 1552 579 et
1604 517 1882 576 hominum
1919 517 2155 589 plenum
2185 519 2240 580 Α
2263 517 2384 588 quia
2415 516 2584 570 Mater
2604 517 2926 606 Sionodicel.‘
2948 513 3147 585 Homo,
3167 515 3388 572 ethomo
3411 515 3583 589 factus
3606 518 3767 570 estin
3787 532 3876 582 ea,

577 627 752 683 Deum
806 611 1439 695 menumquerignatus
1494 623 1579 670 est
1625 613 1909 668 hominem
1945 611 2174 666 demou-

578 724 779 774 otrare.
839 729 845 736 '

579 827 764 884 CAPUT
803 817 919 880 xvr.‘
963 823 1095 877 Alite
1144 837 1342 892 quoque
1381 819 1611 944 r‘ationes
1654 834 1718 870 ex
1762 815 1976 871 diversis
2023 813 2174 868 Scri-

579 911 588 943 :
1212 900 1378 944 oturte
1417 906 1546 943 om.

577 911 588 943 :
1211 900 1378 961 pturte
1397 900 1546 944 tocts.

572 1010 604 1031 ν.
654 985 809 1053 Quod
835 985 881 1039 si
911 985 1033 1054 quis
1053 981 1276 1051 ambigit
1303 989 1397 1034 aut
1417 974 1638 1034 omnino
1660 992 1768 1033 nou
1795 973 2178 1044 credit,'eligat

581 1071 892 1134 utrum'sibi
940 1075 1180 1130 nomine
1205 1087 1273 1126 an
1321 1085 1486 1140 opere
1525 1069 1657 1124 velit
1700 1066 1844 1138 quod
1885 1066 2176 1120 asserimus

573 1165 944 1225 demonstrari
983 1176 1018 1217 :'
1047 1178 1225 1232 neque
1263 1161 1408 1216 enim
1447 1160 1726 1230 Scriptura
1755 1165 1939 1213 sancta
1982 1157 2038 1210 in
2067 1170 2177 1210 uno

583 1249 887 1326 eodemque
915 1254 1154 1320 Christo,
1202 1263 1296 1306 aut
1322 1251 1420 1308 Dei
1446 1250 1770 1306 vocabulum
1811 1246 2176 1319 prtetermisit,

587 1359 682 1406 aut
704 1349 958 1411 hominis,
1000 1344 1329 1413 evangelista
1371 1343 1583 1398 dicente
1618 1359 1630 1394 :
1664 1341 1731 1395 In
1777 1341 2034 1410 principio
2065 1344 2178 1392 erat

580 1441 837 1504 .Verbum,
869 1449 920 1493 et
955 1436 1178 1498 Verbum
1213 1444 1327 1489 erat
1369 1434 1509 1505 apud
1558 1432 1744 1498 Deum,
1784 1440 1834 1486 et
1880 1430 2022 1484 Deus
2067 1437 2180 1483 erat

576 1533 821 1598 ,Verbum
851 1546 868 1582 :
899 1529 994 1582 hoc
1021 1514 1134 1582 erat
1155 1527 1208 1579 in
1233 1524 1488 1594 principio
1511 1522 1650 1593 apud
1672 1521 1872 1584 Deum;
1897 1519 2072 1573 omnia
2091 1533 2181 1587 per

583 1625 754 1694 ipsum
783 1625 922 1693 facta
952 1629 1092 1683 sunt,
1121 1627 1170 1671 et
1210 1617 1322 1670 sine
1363 1617 1474 1685 ipso
1498 1616 1692 1682 factum
1714 1621 1790 1665 est
1820 1610 1949 1664 nihil
1983 1609 2178 1678 (Joan.

587 1731 628 1784 ι,
656 1717 708 1783 l,
731 1715 808 1783 ‘2).
841 1713 909 1766 Et
943 1711 1107 1782 paulo
1141 1717 1264 1778 post
1297 1724 1310 1758 :
1364 1704 1586 1759 Verbum
1619 1719 1742 1756 caro
1767 1704 1964 1772 factum
1993 1706 2099 1762 est,
2132 1705 2183 1751 et

588 1807 838 1862 habitavit
866 1807 920 1858 in
967 1800 1162 1874 nobis'(
1186 1797 1349 1864 Ibid.,
1383 1795 1450 1849 14
1545 1795 1682 1849 Illud
1729 1793 1915 1861 utique
1943 1791 2181 1845 Verbum

2279 607 2529 664 eumdem
2556 623 2742 662 verum
2767 601 2946 662 Deum
2975 607 3149 663 credit
3185 616 3241 662 et
3264 607 3540 678 praedicat,
3587 609 3719 679 quia
3768 612 3882 681 ipse

2279 699 2514 771 fundavit
2541 717 2655 752 eam
2682 700 2995 754 Altissimus.
3041 699 3212 766 Quem
3239 714 3427 754 verum
3464 701 3750 755 hominem
3781 717 3886 755 no-

2276 791 2355 845 vit
2382 789 2638 856 Joannes,
2663 791 2886 845 audiens
2913 805 3038 844 eum
3067 788 3338 844 dicentem
3363 808 3377 843 :
3404 788 3654 854 Qucritis
3686 809 3772 846 me
3795 809 3885 845 occ

2277 883 2468 952 cidere,
2488 883 2764 947 hominm,
2780 884 2865 954 qui
2887 883 3152 936 veritatem
3171 881 3369 936 locutus
3392 898 3506 936 sum
3525 881 3667 938 vobis
3689 882 3881 952 (locst.

2277 989 2392 1037 vni,
2425 973 2538 1043 1.0),
2580 973 2830 1028 eumdem
2867 987 3056 1027 verum
3094 972 3267 1028 Deum
3303 981 3604 1040 monstrat,
3646 974 3840 1030 dicens
3862 993 3879 1028 :

2277 1065 2384 1120 Hic
2409 1075 2488 1119 est
2531 1082 2678 1119 verus
2705 1064 2864 1132 Deus,
2894 1074 2942 1119 et
2968 1066 3072 1119 vita
3110 1073 3325 1119 wterna.
3359 1063 3558 1118 Verum
3595 1064 3883 1120 hominem

2277 1155 2552 1212 Christum
2582 1155 2941 1223 recognoscit,
2984 1156 3110 1226 quia
3149 1154 3372 1209 Verbum
3400 1169 3524 1208 caro
3555 1156 3755 1226 factum
3779 1165 3882 1222 est,

2279 1259 2330 1304 et
2353 1249 2603 1302 habitavit
2623 1250 2676 1302 in
2703 1248 2871 1313 nobis,
2887 1247 3244 1317 eumdemque
3262 1255 3289 1284 ι
3303 1262 3493 1302 verum
3509 1247 3683 1303 Deum
3700 1258 3883 1304 osteu~

2279 1340 2378 1407 dit,
2419 1342 2544 1410 quia
2581 1342 2637 1393 in
2674 1340 2930 1411 principio
2958 1349 3070 1393 erat
3108 1338 3353 1403 Verbum,
3405 1348 3455 1392 et
3501 1339 3727 1394 Verbum
3765 1349 3884 1396 erat

2281 1433 2423 1504 apud
2444 1432 2628 1497 Deum,
2653 1440 2702 1486 et
2725 1431 2865 1485 Deus
2895 1441 3008 1486 erat
3046 1430 3288 1484 Verbum.
3321 1429 3492 1497 Quem
3519 1447 3712 1487 verum
3741 1435 3883 1490 scie-

2282 1523 2376 1578 bat
2402 1524 2674 1578 hominem
2706 1521 2923 1591 Paulus,
2967 1523 3096 1592 quia
3121 1523 3427 1578 voluntaria
3467 1524 3675 1594 pietate
3701 1525 3881 1581 lactus

2285 1622 2369 1670 est
2405 1630 2471 1670 ex
2505 1615 2731 1670 muliere
2763 1615 3020 1670 Dominus
3050 1615 3311 1680 hominis,
3353 1624 3410 1670 et
3445 1615 3618 1672 tactus
3656 1628 3743 1672 est
3778 1619 3879 1673 sub

2285 1709 2404 1776 lege
2432 1708 2688 1762 Dominus
2718 1707 2850 1776 legis
2872 1705 3073 1777 (Colat.
3097 1724 3171 1775 tv,
3197 1707 3253 1778 4)
3287 1707 3450 1776 (sicut
3477 1709 3592 1778 ipse
3617 1719 3878 1764 testatur:

2285 1797 2421 1865 Quia
2466 1799 2609 1852 misit
2658 1797 2798 1851 Deus
2835 1795 3036 1851 Filium
3073 1813 3240 1863 suum,
3299 1790 3495 1868 factum
3531 1815 3597 1851 eo:
3643 1799 3881 1863 muliere,

587 1916 807 1958 carnem
848 1898 1049 1954 factum
1081 1893 1308 1962 asserit,
1356 1889 1502 1960 quod
1546 1889 1714 1942 Deum
1767 1899 1887 1940 esse
1933 1881 2180 1953 superius
2210 1909 2259 1970 Β
2285 1895 2482 1965 factum
2509 1891 2601 1944 sub
2641 1890 2781 1962 tege;
2821 1897 2878 1944 ει
2904 1889 3030 1960 quia
3068 1890 3235 1959 facta;
3264 1901 3342 1941 εει
3381 1905 3447 1942 επ
3490 1891 3686 1943 semine
3717 1889 3885 1942 om]

584 1991 928 2056 memoravit,
975 1997 1034 2044 ut
1059 1984 1369 2060 ostenderet
1407 1981 1654 2047 eumdem
1675 1993 1864 2034 verum
1902 1975 2075 2058 Deum.
2110 1988 2182 2028 ex

588 2079 772 2145 Patre,
804 2079 896 2148 qui
925 2085 1006 2133 est
1038 2078 1199 2131 homo
1225 2088 1386 2129 verus
1410 2086 1476 2126 ex
1505 2069 1742 2126 homine.
1776 2065 2026 2124 Ostendit
2053 2079 2183 2135 prae-

589 2180 739 2228 terea
768 2171 822 2225 in
850 2184 958 2240 quo
993 2165 1314 2222 naturaliter
1356 2162 1745 2231 sempiternum
1788 2157 2070 2214 credamus
2113 2171 2182 2210 ex

587 2263 704 2324 Deo
731 2263 912 2326 Patre,
939 2268 995 2316 et
1018 2260 1072 2314 in
1093 2273 1202 2328 quo
1228 2254 1602 2326 temporaliter
1629 2267 1697 2308 ex
1724 2251 1944 2306 homine
1977 2249 2182 2304 factum

582 2354 872 2414 hominem
899 2351 1190 2406 debeamus
1212 2345 1478 2416 accipere,
1510 2342 1652 2398 aliud
1683 2342 1737 2396 in
1765 2340 2012 2404 exordio,
2037 2337 2185 2393 aliud

592 2445 652 2501 in
680 2440 1131 2512 subsequentibus
1172 2445 1500 2493 monstrans.
1541 2430 1842 2487 Aiternitas
1872 2429 2034 2500 igitur
2063 2428 2185 2483 Filii

585 2536 690 2594 Dei
715 2537 1009 2599 asseritur,
1055 2534 1183 2589 dum
1211 2531 1450 2588 Verbum
1480 2528 1622 2584 Deus
1651 2528 1707 2583 in
1754 2526 2020 2598 principio
2050 2540 2188 2594 prte-

591 2629 820 2705 dicatur.
855 2626 931 2682 lbi
962 2625 1198 2680 Verbum
1216 2638 1327 2678 nou
1353 2621 1485 2677 dicit
1509 2619 1733 2685 factum,
1756 2617 1902 2688 quod
1929 2633 2000 2670 ex
2030 2617 2189 2672 Patre

593 2730 825 2778 noverat
850 2721 1122 2790 genitum;
1153 2717 1228 2772 ibi
1274 2732 1383 2772 non
1404 2722 1497 2770 .est
1545 2711 1809 2782 temporis
1845 2724 2066 2774 nomen,
2096 2707 2188 2762 ubi

592 2811 1016 2882 sempiternitas,
1045 2825 1148 2865 nec
1175 2807 1384 2862 initium
1414 2812 1595 2876 potest
1615 2803 1839 2866 habere,
1873 2815 1976 2856 nec
1999 2799 2186 2855 ﬁnem.

597 2901 732 2958 Cum
763 2911 943 2956 autem
967 2903 1181 2956 venitur
1218 2898 1286 2952 ad
1313 2897 1492 2952 carnis
1512 2893 1854 2959 vocabulum,
1899 2900 2029 2946 tunc
2051 2890 2190 2946 Ver-

596 2992 727 3048 bum
759 3007 886 3046 caro
927 2990 1126 3046 dicitur
1154 2986 1352 3043 factum
1375 3027 1390 3054 ,
1441 2993 1502 3040 ut
1550 2999 1906 3054 agnoscamus
1935 2997 2062 3037 eum
2099 2980 2192 3050 qui

584 3082 776 3159 tactus
796 3097 904 3136 non
933 3088 1072 3148 erat,
1103 3079 1198 3136 sed
1222 3085 1380 3134 natus
1398 3077 1466 3133 de
1487 3075 1648 3131 Patre
1674 3090 1889 3146 semper
1907 3081 2050 3140 lerat,
2065 3081 2194 3127 tunc

603 3169 1228 3243 ﬁerivoluisse,quando
1253 3168 1630 3241 quodlecerat,
1656 3166 1828 3223 factus
1857 3181 1994 3236 opus
2013 3179 2189 3230 suum,

589 3247 855 3336 Idignatus
896 3274 978 3321 est
1018 3279 1292 3335 reparare.
1326 3262 1386 3317 ln
1414 3262 1520 3317 hoc
1559 3260 1703 3316 facto
1743 3260 1936 3315 beatus
1978 3271 2194 3326 quoque

603 3356 820 3421 Paulus,
845 3356 982 3410 sicut
1005 3353 1288 3410 veritatem
1303 3351 1558 3418 hominis,
1576 3350 1654 3405 sic
1679 3350 1962 3404 veritatem
1989 3345 2198 3401 curavit

585 3449 866 3519 temporis
894 3447 1155 3518 proliteri,
1186 3444 1398 3500 dicens:
1424 3442 1552 3498 Cum
1573 3450 1745 3497 autem
1770 3441 1904 3495 venit
1931 3437 2198 3509 plenitudo

606 3543 714 3613 33
743 3541 1010 3611 temporis,
1033 3539 1176 3593 misit
1203 3536 1345 3592 Deus
1373 3535 1571 3590 Filium
1600 3549 1748 3588 suum
1780 3533 1974 3603 factum
1993 3548 2059 3584 ea:
2087 3545 2200 3584 mu-

607 3634 758 3701 liere,
786 3635 980 3705 factum
1009 3629 1106 3685 sub
1135 3630 1264 3701 lege,
1308 3637 1365 3680 ut
1407 3645 1494 3682 eos
1523 3627 1609 3698 qui
1641 3625 1733 3679 sub
1777 3624 1887 3694 lege
1925 3631 2075 3677 erant
2113 3637 2200 3676 re-

610 3726 843 3788 dimeret,
890 3732 944 3775 ut
974 3723 1304 3790 adoptionem
1329 3720 1559 3790 ﬁliorum
1587 3718 1926 3785 reciperemus
1951 3712 2092 3786 (Gal.
2127 3728 2198 3777 tv,

611 3817 665 3880 4,
695 3815 772 3882 5).
806 3812 920 3867 lloc
955 3813 1150 3881 ipsum,
1184 3812 1383 3880 ubique
1409 3809 1690 3880 prophetis
1721 3809 1816 3879 (al.
1847 3804 2200 3876 propheticis)

610 3915 933 3970 congruens,
975 3901 1272 3970 apostolica
1321 3909 1506 3955 servat
1533 3898 1844 3963 auctoritas,
1896 3904 1957 3949 ut
2001 3895 2203 3950 factum

587 3993 912 4066 ,ptazdicans
940 3991 1232 4060 Christum,
1255 4001 1315 4049 et
1333 3991 1464 4062 quid
1481 3991 1654 4046 factus
1682 3991 1772 4057 sit,
1789 3995 1846 4044 et
1872 3985 2013 4042 unde
2031 3985 2205 4042 factus

615 4087 687 4142 sit
724 4085 1000 4141 evidenter
1049 4085 1298 4140 ostendat
1345 4101 1359 4137 :
1400 4092 1461 4138 ut
1500 4083 1823 4152 agnoscatur
1869 4094 2050 4134 rerum
2083 4092 2203 4134 om-

619 4179 769 4234 nium
796 4177 1079 4232 Dominum
1122 4177 1202 4234 sic
1239 4176 1470 4233 formam
1496 4173 1800 4244 suscepisse
1826 4169 2074 4227 servilem
2098 4209 2116 4236 ,
2146 4176 2208 4224 ut

620 4284 727 4324 non
751 4266 990 4337 aliunde,
1037 4267 1135 4323 sed
1163 4283 1232 4324 ex
1259 4267 1476 4323 homine
1516 4280 1698 4321 veram
1745 4261 2044 4333 susceperit
2088 4276 2208 4317 car-

620 4377 764 4418 nem.
811 4359 954 4416 Dicit
991 4361 1156 4430 igitur
1177 4359 1346 4416 David
1377 4377 1393 4412 ;
1421 4357 1593 4413 Mater
1622 4355 1756 4413 Sion
1796 4356 1932 4410 dicet
1961 4370 1980 4409 ε
2010 4352 2203 4418 Homo,

619 4465 669 4508 et
698 4455 850 4509 homo
879 4457 1048 4526 factus
1076 4463 1156 4510 est
1181 4455 1236 4509 in
1265 4470 1349 4516 ea,
1381 4461 1430 4506 et
1458 4453 1566 4524 ipse
1595 4449 1830 4522 fundavit
1857 4465 1973 4503 eam
1997 4449 2206 4503 Altissi-

620 4560 734 4600 mus
763 4545 936 4616 (Psal.
959 4558 1179 4612 ιιιινι,
1197 4543 1274 4616 5).
1299 4543 1440 4600 Ecce
1465 4544 1518 4598 in
1550 4558 1657 4599 uno
1679 4541 1914 4608 Christo,
1944 4541 2082 4598 sicut
2103 4555 2205 4595 una

2283 1983 2562 2040 secundum
2592 1999 2832 2048 carnem;
2861 1988 2918 2036 et
2948 1981 3178 2046 Quorum
3205 1988 3403 2046 patres,
3432 1996 3496 2034 ex
3522 1980 3709 2050 quibus
3737 1980 3884 2034 Chri‘

2283 2085 2392 2130 stus
2422 2074 2703 2130 secundum
2725 2072 2978 2144 carnem),
3018 2071 3268 2126 eumdem
3295 2084 3476 2124 verum
3506 2069 3675 2123 Deum
3703 2069 3884 2124 conﬁ-

2283 2167 2388 2222 teri
2417 2182 2526 2222 non
2553 2173 2752 2231 cessat,
2783 2164 2969 2219 dicens
2993 2180 3006 2216 :
3034 2160 3134 2226 Qui
3154 2171 3230 2216 est
3255 2177 3408 2223 super
3434 2162 3605 2216 omnia
3625 2158 3776 2215 Deus
3797 2160 3884 2214 be-

2285 2257 2517 2312 nedictus
2545 2259 2600 2312 in
2625 2256 2842 2311 saecula.

2283 2371 2468 2428 CAPUT
2499 2387 2626 2426 xvu.
2669 2369 2925 2442 Objectio,

2357 2460 2478 2513 ergo
2509 2443 2696 2512 animi;
2734 2442 2920 2513 caruit.

2358 2512 2454 2583 pro
2482 2522 2587 2566 toto
2617 2512 2844 2566 homine.

2358 2614 2544 2691 Neque
2575 2635 2703 2676 vero
2724 2619 2854 2675 illud
2869 2634 2938 2675 ex
2955 2617 3183 2674 adverso
3200 2616 3469 2671 nescimus
3489 2615 3711 2684 opponi.
3730 2613 3885 2679 Quod

2288 2731 2411 2770 cum
2436 2713 2658 2768 Verbum
2687 2729 2810 2767 caro
2840 2714 3034 2783 factum
3054 2708 3270 2776 dicitur,
3295 2714 3352 2763 et
3379 2707 3574 2762 Factus
3602 2718 3678 2762 est
3706 2725 3773 2761 ea:
3799 2725 3885 2762 se-

2289 2810 2428 2862 mine
2458 2807 2630 2862 David
2673 2803 2955 2860 secundum
2996 2819 3224 2869 carnem,
3263 2810 3319 2858 et
3349 2799 3580 2868 Quorum
3617 2812 3794 2874 patres
3819 2820 3885 2857 es

2290 2899 2471 2972 quibus
2498 2898 2732 2952 Christus
2759 2895 3038 2951 secundum
3064 2911 3290 2962 carnem,
3324 2893 3377 2948 in
3399 2893 3724 2965 supradictis
3753 2894 3885 2950 loc'B

2290 2990 2366 3046 ita
2396 2988 2746 3061 quorumdam
2769 2986 2997 3042 carnalis
3023 3000 3212 3042 sensus
3253 2985 3431 3040 carnis
3472 2985 3689 3041 nomine
3710 2992 3886 3040 tenes.

2294 3091 2401 3147 tur,
2431 3089 2509 3145 ut,
2541 3086 2789 3149 suscepta
2818 3093 2999 3144 carne,
3032 3091 3140 3132 non
3167 3075 3420 3131 credatur
3445 3073 3693 3131 Christus
3721 3077 3888 3131 etiam

2293 3173 2613 3229 rationalem
2649 3171 2885 3226 animam
2922 3169 3241 3239 suscepisse.
3273 3166 3382 3223 Sed
3413 3167 3504 3238 qui
3534 3167 3612 3223 sic
3648 3168 3891 3223 sentiunt

2999 2368 3100 2422 uod
3137 2365 3374 2421 Christus
3411 2375 3487 2420 est
3523 2381 3644 2420 caro
3686 2368 3881 2436 factus,

3001 2439 3105 2494 ξατο
3144 2455 3240 2508 pro
3279 2446 3385 2491 toto
3433 2436 3657 2490 homine.
3691 2435 3884 2489 Anima

2212 3249 2270 3339 ὀ
2302 3267 2479 3323 minus
2505 3264 2788 3321 attendunt
2811 3263 2862 3318 id
2882 3277 3003 3318 esse
3030 3261 3318 3316 locutionis
3336 3259 3606 3326 humanae,
3629 3275 3739 3330 qua
3762 3276 3892 3316 non-

2301 3373 2575 3429 nunquam
2600 3362 2775 3412 totum
2802 3353 3133 3425 signiﬁcatur
3159 3368 3189 3407 a
3215 3360 3390 3423 parte.
3429 3350 3686 3407 Noverint
3727 3352 3894 3422 igitur

2301 3453 2357 3507 in
2398 3449 2688 3522 Scripturis
2725 3447 2926 3504 sanctis
2974 3445 3260 3516 aliquando
3297 3445 3474 3500 carnis
3517 3444 3896 3500 tantummodo

2300 3545 2541 3610 nomine,
2573 3555 2957 3609 nonnunquam
2985 3539 3178 3593 animas
3206 3537 3372 3593 solius
3395 3537 3681 3604 vocabulo,
3712 3544 3894 3595 totum

2302 3637 2574 3693 hominem
2601 3631 2994 3697 demonstrari;
3026 3630 3180 3700 cujus
3219 3631 3297 3686 rei
3330 3631 3629 3695 veritatem,
3658 3644 3773 3684 non
3803 3644 3896 3684 so-

2303 3730 2414 3785 lum
2451 3745 2517 3784 ex
2562 3727 2758 3783 Vetere
2795 3724 3176 3790 Testamento,
3219 3737 3404 3778 verum
3440 3722 3597 3777 etiam
3635 3735 3705 3776 ex
3735 3720 3900 3777 Novo

2303 3821 2416 3893 84
2453 3819 2609 3874 facile
2653 3816 2980 3888 perdocebo.
3029 3814 3198 3870 David
3243 3814 3421 3870 carnis
3448 3813 3666 3870 nomine
3717 3821 3900 3870 totum

2307 3910 2575 3980 signiﬁcat
2602 3908 2896 3972 hominem,
2920 3906 3106 3962 dicens
3133 3924 3144 3959 :
3167 3905 3398 3971 Exaudi,
3421 3905 3576 3970 Deus,
3604 3907 3901 3960 orationem

2305 4018 2498 4068 meam,
2514 3999 2584 4052 ad
2601 4009 2646 4052 te
2659 4000 2826 4053 omnis
2850 4014 2971 4052 caro
2991 3997 3156 4052 ueniet
3184 3996 3356 4067 (Psal.
3384 4013 3526 4062 utv,
3549 3995 3625 4064 5).
3652 3995 3794 4062 Quid
3816 4004 3902 4052 est

2307 4097 2488 4145 autem
2518 4087 2695 4144 omnis
2723 4103 2874 4154 caro,
2923 4087 3024 4142 nisi
3064 4087 3240 4142 omnis
3279 4087 3482 4142 homo?
3532 4085 3792 4141 Similiter
3831 4087 3901 4141 ab

2307 4180 2499 4238 eodem
2527 4179 2582 4233 in
2627 4179 2733 4234 alio
2760 4178 2968 4248 psalmo
2997 4178 3192 4232 dicitur
3217 4195 3229 4230 :
3257 4175 3321 4230 In
3349 4177 3460 4232 Deo
3508 4177 3743 4248 sperabo,
3795 4195 3901 4232 non

2309 4270 2495 4327 timebo
2521 4269 2644 4342 quid
2673 4272 2832 4343 faciat
2860 4269 2986 4324 mihi
3005 4285 3127 4323 caro
3151 4269 3324 4339 (Psal:
3343 4285 3428 4335 Lv,
3448 4269 3523 4338 5).
3555 4268 3623 4322 Et
3642 4276 3702 4334 ut
3721 4279 3903 4324 osten-

2309 4365 2462 4421 deret
2489 4363 2636 4434 quod
2665 4363 2843 4418 carnis
2869 4362 3087 4417 nomine
3117 4369 3288 4416 totum
3329 4361 3600 4417 hominem
3644 4361 3902 4430 designa-

2310 4464 2413 4525 ret,
2440 4456 2602 4527 paulo
2627 4463 2750 4526 post
2778 4454 3066 4510 identidem
3098 4454 3227 4510 dicit
3257 4473 3268 4506 :
3303 4453 3370 4509 In
3400 4453 3508 4510 Deo
3537 4455 3758 4510 laudabo
3787 4473 3904 4510 ver-

2311 4546 2449 4614 bum,
2479 4549 2535 4602 in
2557 4545 2667 4601 Deo
2700 4547 2792 4616 (al.
2827 4546 3070 4616 Dontino)
3112 4544 3333 4600 laudabo
3365 4549 3676 4612 sermonem,
3701 4548 3755 4600 in
3786 4545 3904 4602 Deo

622 4651 856 4706 persona
881 4635 1249 4692 indubitanter
1277 4634 1557 4701 asseritur,
1585 4635 1663 4691 sic
1690 4634 1891 4688 veritas
1911 4632 2008 4687 Dei
2045 4641 2207 4702 atque
2234 4657 2288 4717 Ι)
2310 4641 2545 4710 sperabo,
2572 4639 2675 4693 non
2697 4638 2882 4693 timebo
2909 4639 3031 4709 quid
3053 4639 3214 4711 faciat
3238 4638 3363 4693 mihi
3392 4639 3542 4694 homo
3569 4637 3761 4711 (Ibid.,
3790 4639 3902 4708 ll).

623 4728 857 4784 hominis
878 4727 1160 4784 inconfusa
1185 4735 1516 4784 monstratur
1545 4745 1557 4780 :
1582 4725 1676 4797 qui
1701 4727 1843 4781 enim
1867 4725 2018 4782 homo
2040 4729 2208 4798 factus

623 4828 700 4876 est
723 4820 778 4874 in
806 4835 888 4884 ea,
918 4820 1029 4889 ipse
1058 4818 1295 4890 fundavit
1326 4834 1441 4874 eam
1466 4817 1784 4872 Altissimus.
1816 4815 1954 4871 Huic
1979 4817 2122 4871 dicto
2143 4815 2210 4870 il-

626 4910 717 4965 lud
743 4901 1099 4980 apostolicum
1124 4923 1346 4978 prorsus
1373 4916 1457 4962 est
1482 4907 1906 4978 comparandum
1943 4925 1958 4961 :
1984 4906 2211 4972 Quorum

629 5009 820 5068 patres,
852 5016 917 5056 ea:
939 4998 1122 5072 quibus
1160 4999 1394 5053 Christus
1431 4998 1707 5059 secundum
1735 5013 1960 5062 carnem,
2010 5000 2097 5068 qui
2137 5007 2214 5054 est

629 5106 784 5160 super
807 5094 983 5145 omnia
1009 5091 1150 5146 Deus
1192 5089 1486 5146 benedictus
1509 5090 1566 5143 in
1595 5088 1787 5143 sarcula
1817 5087 1993 5158 (Rom.
2026 5104 2100 5153 Ix,
2130 5089 2210 5159 5).

631 5179 790 5248 Quod
818 5181 983 5235 David
1010 5181 1138 5237 dicit
1163 5181 1264 5236 :Et
1290 5182 1441 5238 homo
1472 5182 1640 5253 factus
1664 5187 1740 5234 est
1768 5180 1824 5234 in
1841 5195 1922 5244 ea,
1947 5179 2054 5235 hoc
2073 5178 2214 5236 Pau-
2249 5217 2254 5220 -

632 5275 717 5330 lus
743 5273 919 5328 ﬁrmat
945 5273 1132 5330 dicens
1160 5294 1172 5329 :
1203 5275 1431 5340 Quorum
1459 5283 1653 5346 patres,
1693 5273 1758 5327 ea:
1781 5271 1962 5344 quibus
1982 5271 2213 5328 Christus

631 5366 915 5423 secundum
951 5381 1188 5431 carnem;
1230 5366 1375 5436 quod
1419 5375 1600 5423 autem
1628 5364 1798 5419 David
1825 5365 2016 5420 asserit
2048 5383 2061 5418 :
2095 5363 2218 5434 Ipse

635 5459 872 5531 {undavit
898 5473 1015 5512 eam
1041 5456 1358 5523 Altissimus,
1386 5458 1492 5514 hoc
1506 5457 1705 5513 Paulus
1723 5457 1982 5526 sequitur,
1999 5456 2213 5512 dicens:

635 5548 737 5615 Qui
761 5560 840 5605 est
856 5566 1010 5618 super
1037 5549 1211 5605 omnia
1239 5547 1379 5602 Deus
1403 5547 1697 5604 benedictus
1720 5551 1776 5603 in
1800 5548 2011 5604 sarcula.
2037 5547 2220 5604 Testa-

637 5649 875 5700 mentum
899 5643 1062 5700 Vetus
1089 5638 1327 5698 concinit
1363 5637 1540 5705 Novo;
1570 5638 1738 5694 David
1762 5637 1955 5694 Joanni
1990 5653 2215 5694 concor-

634 5731 728 5787 dat
771 5740 827 5789 et
871 5732 1057 5790 Paulo.
1107 5733 1278 5799 Quem
1314 5745 1500 5785 verum
1546 5730 1816 5785 hominem
1860 5730 1989 5784 dicit
2019 5729 2208 5800 David,

708 5903 733 5933 ⁸
751 5890 897 5953 Editi
921 5893 1121 5952 habent
1158 5894 1396 5953 Verbum.
1419 5894 1518 5956 Ms.
1548 5893 1737 5967 Corb.,
1764 5912 1955 5954 verum~

2315 4735 2409 4791 liis
2439 4733 2598 4790 dictis
2623 4732 2772 4788 Isaia:
2792 4747 3006 4803 quoque
3027 4731 3169 4786 dicta
3191 4731 3542 4796 concordant,
3569 4746 3692 4786 cum
3719 4731 3907 4787 Salva-

2318 4829 2452 4885 toris
2483 4826 2652 4883 nostri
2688 4825 2981 4880 adventum
3018 4825 3074 4879 in
3110 4839 3274 4880 carne
3310 4824 3683 4896 pronuntians,
3724 4824 3904 4882 dicit:

2316 4919 2485 4974 Erunt
2516 4935 2676 4990 prava
2724 4918 2777 4970 in
2808 4916 3028 4984 directa,
3067 4925 3115 4970 et
3144 4933 3328 4988 aspera
3363 4918 3418 4970 in
3458 4917 3564 4972 vias
3605 4917 3819 4988 planas,
3857 4927 3910 4975 et

2315 5011 2500 5065 videbit
2519 5009 2689 5063 omnis
2717 5025 2838 5064 caro
2862 5009 3090 5064 salutare
3120 5008 3219 5063 Dei
3250 5008 3403 5080 (Isai.
3439 5025 3527 5075 XL,
3555 5007 3608 5075 4,
3654 5007 3729 5077 5).
3763 5008 3907 5076 Quid

2317 5111 2402 5156 est
2430 5109 2611 5156 autem
2641 5101 2816 5156 omnis
2843 5116 2990 5167 caro,
3022 5101 3124 5156 nisi
3153 5102 3327 5157 omnis
3346 5101 3544 5157 homo?
3572 5101 3653 5155 An
3675 5101 3909 5157 forsitan

2317 5192 2622 5248 exanimem
2643 5192 2722 5249 sic
2741 5193 3068 5249 elevabimus
3093 5209 3331 5259 carnem,
3361 5203 3420 5248 ut
3446 5194 3521 5249 illi
3551 5209 3658 5249 non
3685 5193 3909 5250 dubite-

2316 5299 2435 5339 mus
2479 5284 2715 5340 divinam
2763 5284 2997 5339 tribuere
3046 5285 3340 5342 visionem?
3386 5286 3444 5342 ln
3491 5285 3643 5341 Novo
3685 5301 3912 5357 quoque

2319 5375 2670 5432 Testamento
2700 5376 2816 5447 ipse
2839 5375 3058 5430 humani
3085 5379 3298 5445 generis
3317 5387 3530 5434 creator
3567 5385 3622 5432 et
3647 5377 3913 5434 Dominus

2317 5468 2496 5524 carnis
2519 5468 2736 5524 nomine
2760 5476 2930 5523 totum
2957 5470 3224 5539 reperitur
3248 5471 3520 5526 hominem
3543 5460 3912 5539 nuncupasse,

2316 5557 2441 5614 dum
2488 5558 2846 5614 tribulationis
2889 5567 3144 5616 extrema:
3179 5563 3543 5632 pnnnuutians
3565 5561 3908 5631 qualitatem,

2319 5651 2430 5706 hinc
2485 5649 2760 5720 discipulis
2811 5650 3046 5719 loquitur
3085 5669 3098 5706 :
3133 5653 3248 5706 Erit
3285 5655 3421 5708 enim
3475 5663 3591 5707 tunc
3639 5651 3911 5708 tribulatio

2321 5760 2526 5816 magna,
2577 5743 2744 5817 qualis
2790 5762 2894 5801 non
2940 5747 3035 5818 fuit
3065 5748 3128 5800 ab
3161 5749 3307 5811 initio
3336 5749 3512 5811 mundi
3540 5764 3698 5820 usque
3724 5749 3908 5818 modo,
