4026 6336
119 356 228 414 2M

1362 347 1452 404 AD
1487 339 1984 404 TRASIMUNDUM
2021 339 2147 400 ΜΒ.
2188 341 2231 398 1.

3316 351 3421 411 Si!

120 484 302 526 neque
327 467 421 537 [iet
447 482 464 520 :
495 474 548 521 et
571 465 670 521 nisi
700 461 914 520 breviati
943 465 1160 536 fuissent
1193 460 1301 517 dies
1325 463 1422 530 illi,
1453 481 1555 518 non
1586 463 1735 534 ﬁeret
1762 473 1813 530 Α
1839 462 2010 532 gratia
2031 461 2180 530 ﬂecto
2208 474 2372 531 genua
2401 473 2517 513 mea
2540 460 2607 512 ad
2637 457 2849 514 Patrem
2875 455 3085 518 Domini
3115 467 3278 521 nostri
3291 465 3432 524 lesu'

116 561 276 615 salva
309 559 479 613 omnis
505 575 668 624 caro;
700 559 790 612 sed
810 568 1019 629 propter
1037 556 1222 611 electos
1246 555 1604 610 breviabuntur
1624 557 1733 611 dies

116 653 204 706 illi
236 650 464 722 (Matth.
488 664 636 717 xxiv,
659 649 748 712 20,
772 648 860 713 21,
879 649 991 719 22).
1012 648 1218 705 Anima:
1237 663 1454 718 quoque
1474 648 1734 703 vocabulo

119 752 315 798 totum
346 742 642 812 signiﬁcari
684 743 956 798 hominem
990 741 1198 796 Veteris
1241 741 1316 795 ita
1343 750 1370 778 ι
1397 741 1735 796 demonstrat

121 837 303 892 series
338 835 695 901 Testamenti,
746 851 868 890 cum
918 835 1113 890 dicitur
1149 821 1357 888 :Erant
1402 841 1573 888 autem
1612 834 1735 888 uni-

122 941 295 980 versa:
335 926 527 980 animus
552 926 615 978 de
642 923 806 979 Jacob
835 925 1053 996 quinque
1078 933 1127 979 et
1167 925 1496 996 septuaginta
1519 921 1730 994 (Cenes.

127 1033 278 1084 xm,
297 1016 630 1086 27).Rursus
645 1017 698 1070 in
709 1015 900 1071 eodem
912 1016 1260 1072 Testamento
1277 1017 1485 1070 :Anima
1497 1032 1734 1088 quacun-

124 1125 223 1179 que
260 1109 543 1179 deliquerit
572 1117 694 1162 ante
721 1107 1004 1163 Dominum
1025 1110 1225 1172 nolens,
1256 1110 1310 1163 in
1340 1107 1576 1164 omnibus
1602 1124 1734 1177 prte-

128 1201 291 1266 ceptis
317 1198 537 1253 Domini
565 1215 679 1268 qua:
703 1215 807 1252 non
836 1206 1038 1270 oportet
1067 1201 1266 1269 facere,
1289 1207 1339 1252 et
1367 1200 1544 1268 fecerit
1572 1213 1732 1253 unum

131 1290 194 1342 de
217 1290 304 1343 his
333 1308 350 1343 :
372 1291 422 1343 si
456 1291 662 1359 quidem
709 1292 948 1360 princeps
988 1290 1248 1357 sacerdos,
1289 1291 1374 1361 qui
1411 1298 1596 1345 unctus
1629 1299 1731 1362 est,

138 1381 438 1449 deliquerit,
473 1397 538 1434 ne
567 1381 662 1449 (al.
693 1385 809 1450 nec)
833 1381 907 1434 sic
927 1379 1068 1450 plebs
1097 1381 1280 1451 faciat,
1307 1379 1492 1449 offerat
1523 1380 1617 1451 (al.
1645 1383 1731 1451 of-

137 1469 285 1540 feret)
310 1487 408 1540 pro
431 1471 618 1525 delicto
641 1487 755 1533 suo,
785 1472 841 1524 in
869 1487 967 1539 quo
990 1471 1224 1541 deliquit,
1251 1471 1463 1524 vitulum
1487 1487 1552 1525 ea:
1572 1471 1731 1527 bobus

137 1562 533 1614 immaculatum
575 1560 801 1615 Domino
850 1560 1036 1631 (Leuit.
1066 1577 1137 1624 IV,
1168 1561 1223 1626 2,
1249 1560 1325 1633 ὅ).
1376 1559 1517 1616 Ecce
1552 1565 1731 1618 anima

138 1649 348 1715 dicitur,
396 1661 455 1706 et
481 1651 728 1706 sacerdos
754 1660 937 1706 unctus
971 1651 1227 1723 deinceps
1270 1661 1630 1722 nuncupatur,
1670 1661 1732 1708 ut

140 1756 258 1794 cum
286 1741 526 1794 animam
557 1741 822 1807 audimus,
847 1748 1016 1796 totum
1045 1742 1204 1796 simul
1231 1742 1504 1797 hominem
1528 1755 1733 1810 cogno-

1838 553 2052 616 Christi,
2092 570 2158 607 ea:
2195 569 2292 624 quo
2322 555 2489 606 omnis
2527 555 2816 624 paternitas
2843 556 2895 609 in
2935 557 3074 612 caelis
3109 567 3159 612 et
3197 560 3250 612 in
3283 569 3422 615 terra

1838 645 2174 698 nominatur:
2196 644 2356 696 utdel
2380 643 2518 698 vobis
2548 645 2824 699 secundum
2847 647 3054 702 divitias
3083 650 3263 720 gloria:
3290 649 3434 720 sine,

1835 736 2020 788 virtute
2061 734 2386 790 corroborari
2413 752 2505 805 per
2539 736 2776 806 spiritum
2819 738 2930 808 ejus
2957 741 3011 792 in
3053 743 3299 798 interiore
3327 745 3424 800 ho-

1837 832 1975 885 mine
1994 827 2022 867 (ι
2053 829 2286 884 habitare
2316 828 2576 884 Christum
2599 846 2691 902 per
2716 830 2872 901 ﬁdem
2900 833 2954 885 in
2979 833 3216 889 cordibus
3239 840 3422 892 vestris

1839 920 2058 992 (Ephes.
2092 937 2168 987 ιιι,
2204 920 2289 988 14,
2324 919 2435 992 15).
2468 920 2606 977 Ecce
2629 929 2686 976 et
2711 922 2944 977 animam
2968 925 3227 990 nominat,
3253 935 3309 980 et
3326 943 3423 981 cor

1836 1013 2094 1082 appellat,
2141 1012 2231 1067 ubi
2259 1011 2532 1069 Christum
2569 1013 2815 1070 habitare
2839 1014 3140 1070 conﬁrmat.
3177 1015 3326 1071 Unde
3353 1017 3422 1072 ιι-

1836 1102 2000 1173 quido
2048 1104 2390 1173 cognoscitur
2435 1102 2666 1159 Verbum
2712 1105 2879 1160 Deum
2924 1116 3096 1162 totum
3145 1109 3422 1164 hominem

1835 1195 2139 1266 suscepisse
2161 1236 2177 1264 ,
2209 1210 2331 1250 cum
2359 1195 2619 1266 probetur
2663 1196 3049 1252 habitationem
3078 1193 3196 1252 Filii
3228 1199 3319 1254 Dei
3364 1199 3421 1253 in

1836 1285 2017 1340 anima
2045 1286 2215 1354 magis
2241 1301 2403 1356 quam
2449 1286 2503 1340 in
2531 1300 2695 1340 carne
2733 1289 3038 1342 monstrari.
3084 1288 3252 1358 llujus
3278 1289 3421 1344 inse-

1834 1376 2091 1447 parabilis
2114 1376 2314 1431 veritas
2333 1377 2676 1442 sacramenti,
2691 1391 2798 1445 quo
2823 1385 2994 1432 totum
3015 1378 3289 1433 hominem
3309 1394 3422 1436 sus-

1836 1468 2019 1538 cipere
2053 1467 2302 1537 dignatus
2345 1475 2428 1522 est
2455 1465 2599 1522 Deus
2623 1509 2636 1532 ,
2671 1476 2726 1522 et
2755 1475 2901 1524 totus
2928 1468 2982 1521 in
3010 1467 3121 1523 Deo
3148 1478 3418 1524 monstra-

1836 1570 1926 1616 tur
1959 1562 2124 1617 bomo
2159 1574 2382 1615 manere
2409 1569 2710 1630 susceptus,
2758 1569 2815 1616 et
2860 1560 2913 1616 id
2939 1561 3084 1629 quod
3109 1560 3175 1615 de
3203 1562 3424 1616 homine

1834 1651 2156 1707 naturaliter
2184 1659 2267 1707 est
2294 1650 2488 1706 Filium
2519 1651 2649 1717 Dei,
2685 1659 2738 1706 et
2767 1651 2819 1706 id
2856 1651 2999 1722 quod
3027 1651 3094 1707 de
3121 1651 3231 1707 Deo
3260 1650 3422 1707 Patre

1836 1742 2155 1797 naturaliter
2199 1749 2284 1797 est
2322 1741 2527 1805 Filium
2570 1740 2696 1796 fecit
2733 1741 2965 1796 hominis
3014 1741 3304 1812 appellari,
3332 1741 3420 1796 di-

139 1848 371 1886 scamus.
405 1831 518 1886 Nec
539 1834 592 1887 in
621 1833 772 1888 Novo
803 1832 1151 1888 Testamento
1181 1833 1341 1902 hujus
1381 1835 1731 1904 signiticatio-
1764 1851 1813 1910 Β
1839 1845 1996 1891 cente
2023 1836 2215 1906 angelo
2243 1833 2311 1889 ad
2339 1834 2560 1889 Mariam
2584 1852 2597 1888 :
2623 1833 2851 1905 Spiritus
2873 1842 3082 1888 sanctus
3100 1835 3422 1904 superveniet

142 1921 221 1975 nis
241 1922 424 1990 potuit
451 1922 638 1977 deesse
665 1923 867 1986 locutio
897 1941 911 1976 :
944 1923 991 1978 si
1019 1923 1235 1993 quidem
1257 1939 1380 1979 cum
1404 1925 1577 1980 sancti
1609 1923 1733 1995 Spi-

144 2013 277 2066 ritus
324 2013 559 2068 adventu
608 2013 802 2070 ﬁrmati
851 2013 1125 2084 discipuli,
1175 2015 1373 2085 rejecta
1423 2017 1729 2084 formidine,

95 2168 98 2169 ν
145 2103 365 2170 publica
414 2105 811 2174 praedicationis
857 2107 1265 2176 auspicarentur
1291 2105 1547 2174 cilicium,
1593 2125 1730 2165 con-

147 2206 408 2249 summato
441 2195 589 2251 Petri
617 2213 886 2263 sermone,
917 2198 1053 2253 liber
1082 2198 1310 2254 Actuum
1338 2201 1728 2270 apostolorum,

148 2284 281 2340 Luca
309 2300 590 2354 narrante,
623 2291 702 2344 sic
727 2289 1008 2345 continet:
1034 2290 1135 2355 Qui
1154 2308 1276 2362 ergo
1301 2299 1599 2362 receperunt
1621 2309 1732 2346 ser-

149 2395 340 2433 monem
374 2381 510 2450 ejus,
556 2381 805 2448 baptizati
841 2389 992 2446 sunt;
1031 2391 1081 2436 et
1110 2382 1358 2452 apposita:
1399 2390 1522 2436 sunt
1555 2384 1612 2436 in
1647 2382 1734 2436 die

151 2470 231 2522 illa
259 2472 454 2524 animle
490 2472 696 2525 circiter
723 2473 826 2525 tria
864 2473 1029 2526 millia
1073 2472 1207 2541 (Act.
1240 2488 1296 2537 ιι,
1327 2470 1440 2542 41).
1478 2470 1730 2540 Quisquis

152 2557 230 2612 hic
273 2559 576 2612 animarum
617 2559 834 2614 nomine
871 2557 1200 2628 signiﬁcatos
1247 2560 1493 2628 homines
1542 2560 1731 2614 nititur

151 2645 406 2715 denegare
428 2688 445 2713 ,
474 2648 727 2704 ostendat
753 2663 977 2705 necesse
1002 2659 1085 2705 est
1123 2649 1354 2720 qualiter
1381 2649 1448 2704 ab
1472 2649 1730 2718 apostolis

151 2740 258 2793 sine
299 2740 624 2810 corporibus
653 2741 845 2794 anima:
891 2739 1178 2796 credantur
1211 2747 1606 2795 sacramentum
1633 2739 1750 2803 bay

151 2830 402 2898 ptismatis
435 2830 730 2900 accepisse.
753 2830 941 2885 Simile
968 2831 1094 2885 huic
1115 2829 1237 2884 loco
1266 2828 1518 2898 quiddam
1536 2829 1731 2884 beatus

152 2933 353 2988 quoque
381 2919 580 2975 Petrus
606 2920 686 2975 sic
728 2921 780 2974 in
822 2935 919 2975 sua
957 2921 1110 2990 ponit
1147 2918 1384 2988 Epistola
1417 2936 1431 2971 :
1462 2917 1529 2972 In
1552 2918 1730 2972 diebus

152 3007 277 3077 Noe,
308 3011 580 3079 inquiens,
609 3026 726 3064 cum
753 3008 1096 3081 fabricantur
1115 3024 1261 3073 arca,
1282 3009 1337 3062 in
1359 3023 1461 3078 qua
1481 3009 1652 3078 pauci,
1674 3007 1730 3062 id

152 3113 216 3156 est
242 3111 352 3157 octo
391 3102 586 3156 animle
610 3101 769 3155 salva
797 3103 953 3172 [σεται
989 3088 1108 3154 suist
1145 3114 1238 3170 per
1279 3114 1464 3170 aquam
1495 3095 1550 3167 (Ι
1582 3097 1726 3153 Petr.

153 3206 220 3256 ιιι,
233 3189 349 3261 30).
373 3189 510 3246 Cum
529 3191 600 3246 sit
621 3191 784 3260 igitur
802 3188 1146 3245 manifestum
1161 3186 1556 3258 Scripturarum
1577 3201 1730 3242 more
1756 3185 1810 3289 α’

153 3290 320 3336 ιοιιιω
345 3282 640 3348 hominem,
674 3280 964 3351 aliquando
993 3279 1190 3345 carnis,
1239 3277 1528 3348 aliquando
1563 3277 1732 3342 solius

154 3375 336 3428 anima:
393 3374 670 3438 vocabulo,
721 3359 1022 3442 designari,
1084 3370 1328 3442 profecto
1376 3378 1728 3436 monstratur,

154 3480 260 3520 cum
288 3466 618 3534 evangelista
645 3463 779 3519 dicit
807 3482 820 3518 :
861 3462 1084 3518 Verbum
1111 3477 1234 3517 caro
1262 3464 1457 3534 factum
1478 3471 1582 3526 est,
1607 3459 1634 3498 δ
1657 3461 1734 3516 ni-

158 3555 221 3610 hil
246 3557 388 3611 aliud
419 3556 650 3624 intelligi
674 3556 872 3610 debere
901 3555 1008 3610 nisi
1038 3553 1276 3609 Verbum
1315 3553 1478 3608 homo
1507 3551 1728 3608 factum.

159 3643 319 3704 ΕΔΡῦτ
348 3663 503 3702 XVIII.
547 3646 809 3701 Mediator
833 3647 994 3716 igitur
1015 3645 1250 3716 Christus
1286 3653 1446 3698 totum
1473 3644 1733 3716 hominem

219 3720 455 3789 suscepit.
502 3717 722 3788 Propter
758 3714 884 3770 duas
923 3718 978 3769 in
1013 3714 1219 3796 Christo
1261 3723 1475 3768 naturas
1505 3722 1554 3766 et
1579 3714 1732 3774 homo

219 3785 380 3836 Filius
411 3787 514 3836 Dei
561 3797 608 3836 et
644 3787 783 3836 Deus
830 3785 1001 3836 Filius
1023 3787 1248 3836 homims
1297 3783 1610 3836 appellatur.
1663 3781 1730 3836 In

217 3785 380 3842 Filius
410 3787 514 3841 Dei
561 3785 617 3841 et
644 3787 783 3840 Deus
830 3785 1001 3840 Filius
1023 3787 1248 3839 hominis
1297 3785 1610 3855 appellatur.

215 3856 410 3912 Christo
442 3873 564 3912 vera
591 3873 713 3912 caro
741 3866 790 3910 et
818 3873 937 3911 vera
967 3857 1182 3910 anima..

215 3949 315 4019 85
345 3947 647 4018 Propterea
691 3947 877 4016 utique
920 3945 1186 4001 Mediator
1226 3943 1325 3999 Dei
1373 3952 1422 3998 et
1467 3942 1733 3998 hominum

161 4041 293 4096 homo
322 4040 560 4095 Christus
598 4039 752 4095 Iesus
802 4039 870 4093 ab
899 4039 1160 4109 Apostolo
1204 4036 1556 4111 praedi-catur;
1606 4049 1733 4089 nam

162 4135 269 4202 quia
299 4133 438 4188 Deus
468 4141 583 4188 erat
619 4131 856 4198 Verbum,
888 4131 944 4186 in
981 4147 1048 4187 eo
1075 4129 1223 4201 quod
1251 4130 1392 4185 Deus
1431 4136 1604 4184 totum
1633 4126 1735 4183 ho-

165 4225 342 4281 minem
371 4225 612 4296 suscepit
637 4241 737 4296 pro
765 4225 923 4280 nobis
950 4221 1170 4278 Verbum
1189 4239 1312 4277 caro
1341 4224 1536 4293 factum
1560 4228 1657 4284 est,
1683 4226 1736 4274 et

166 4316 390 4373 habitavit
416 4322 477 4373 in
505 4318 677 4373 nobis.
721 4317 940 4372 Verbum
966 4317 1152 4387 utique
1179 4332 1301 4370 caro
1339 4317 1534 4386 factum
1562 4322 1639 4368 est
1675 4313 1732 4367 in

166 4419 219 4460 eo
239 4410 382 4479 quod
410 4418 497 4464 est
517 4424 626 4463 una
654 4409 711 4464 in
736 4407 950 4464 Christo
979 4407 1074 4462 Dei
1102 4405 1439 4474 hominisque
1458 4419 1690 4474 persona
1714 4420 1728 4456 :

167 4499 413 4556 Habitavit
435 4512 610 4556 autem
636 4505 690 4557 in
718 4501 886 4567 nobis,
935 4501 1062 4570 quia
1091 4499 1146 4553 in
1172 4497 1386 4552 Christo
1415 4511 1543 4551 vera
1591 4503 1734 4550 tota-

1836 1928 1892 1981 in
1935 1936 2002 1992 te,
2050 1935 2101 1980 et
2143 1927 2306 1980 virtus
2339 1925 2593 1979 Altissimi
2634 1925 2956 1979 obumbrabit
2985 1923 3116 1978 tibi:
3141 1925 3258 1978 ideo
3280 1923 3420 1995 quod

1837 2026 2080 2072 nascetur
2118 2033 2185 2072 ex
2212 2025 2262 2071 te
2297 2026 2532 2070 sanctum
2569 2014 2832 2069 vocabitur
2859 2012 3031 2068 Filius
3058 2011 3156 2068 Dei
3192 2011 3343 2084 (Luc.
3369 2029 3418 2078 I,

1837 2106 1957 2179 ‘55).
1985 2107 2152 2164 Marci
2178 2123 2395 2178 quoque
2421 2122 2530 2162 non
2558 2105 2829 2162 discordat
2860 2104 3110 2170 assertio,
3140 2104 3246 2159 tale
3272 2103 3446 2163 scili-.

1836 2207 1923 2255 cet
1961 2197 2250 2268 Evangelia
2295 2213 2394 2254 suo
2422 2197 2673 2268 ponentis
2715 2197 2996 2253 exordium
3039 2193 3426 2266 :Evangelium

1833 2291 1962 2348 Iesu
1990 2270 2182 2348 carius
2201 2291 2331 2347 rus
2363 2290 2461 2346 os
2491 2289 2681 2364 (Marc.
2707 2306 2745 2356 ι,
2775 2291 2851 2360 ι).
2882 2288 3180 2345 Nathanael
3205 2301 3426 2358 quoque

1836 2384 1906 2440 de
1961 2400 2071 2454 quo
2117 2383 2328 2438 dixerat
2371 2400 2384 2436 :
2424 2382 2469 2436 Α
2527 2379 2795 2435 Nazareth
2838 2388 3006 2451 potest
3050 2377 3247 2449 aliquid
3298 2374 3425 2432 boui

1835 2490 1948 2529 esse
1996 2474 2176 2544 (Joan.
2227 2490 2266 2539 ι,
2315 2472 2444 2544 46)ἳ
2495 2487 2604 2527 non
2642 2479 2928 2527 cunctatur
2973 2470 3069 2526 Dei
3104 2469 3296 2524 Filium
3332 2483 3426 2538 ap-

1835 2563 2040 2634 pellare
2070 2583 2084 2618 :
2117 2563 2304 2629 Rabbi,
2326 2563 2598 2632 inquiens,
2629 2572 2681 2616 tu
2708 2579 2763 2618 es
2789 2561 2959 2617 Filius
2987 2561 3107 2626 Dei,
3139 2571 3192 2614 tu
3221 2579 3277 2616 es
3305 2559 3423 2617 Ras

1840 2651 2012 2708 Israel
2039 2653 2228 2725 (ibid.,
2260 2653 2373 2724 49).
2407 2651 2508 2708 Ubi
2533 2651 2708 2719 Jesus,
2739 2661 2800 2707 ut
2827 2653 3043 2722 plenum
3067 2651 3282 2722 pietatis
3310 2665 3422 2708 sum

1835 2749 2148 2820 mysterium
2169 2747 2584 2813 demonstraret,
2605 2760 2715 2801 non
2740 2746 2914 2801 solum
2933 2744 2988 2800 id
3007 2744 3151 2815 quod
3169 2743 3240 2798 de
3260 2741 3424 2799 Patre

1835 2838 2152 2894 naturaliter
2197 2852 2410 2908 semper
2455 2845 2540 2893 est
2577 2837 2806 2892 libenter
2840 2836 3078 2905 audivit,
3121 2835 3218 2892 sed
3255 2835 3450 2891 etiam.

1835 2930 1984 3000 quod
2023 2945 2095 2986 ex
2119 2929 2342 2985 muliere
2370 2927 2789 2985 misericorditer
2815 2928 2988 2986 iactus
3015 2936 3100 2983 est
3125 2925 3420 2984 evidentis-
3447 2967 3453 2976 .

1819 3021 1973 3077 .sime
1996 3020 2326 3090 pradicavit,
2375 3019 2562 3075 dicens
2596 3038 2609 3072 :
2632 3019 2815 3085 Amen,
2839 3034 2994 3073 amen
3020 3018 3137 3075 dico
3164 3018 3324 3085 vobis,
3353 3020 3450 3073 υίι.

1835 3109 2021 3166 debitis
2045 3111 2226 3166 calum
2263 3120 2519 3180 apertum,
2561 3118 2612 3164 et
2647 3109 2862 3181 angelos
2889 3107 2988 3164 Dei
3013 3109 3352 3164 ascendentes
3369 3114 3450 3163 et.

1837 3204 2368 3273 descendentesjsuper
2385 3200 2584 3256 Filium
2606 3201 2830 3256 hominis
2845 3198 2898 3272 (1
2903 3201 3034 3268 bid.,
3057 3197 3170 3264 5i).
3193 3197 3425 3270 Propter
3445 3241 3454 3248 .

1836 3294 1978 3348 hanc
1998 3294 2053 3347 in
2077 3291 2292 3347 Christo
2319 3293 2580 3346 unitatem
2605 3306 2870 3362 personae,
2901 3299 2957 3346 et
2983 3288 3316 3347 inconfusam
3334 3305 3452 3347 von

1834 3384 2049 3439 ritatem
2074 3383 2267 3438 divinze
2289 3382 2643 3452 humanasque
2663 3383 2994 3449 substantiae,
3014 3398 3152 3438 unus
3170 3383 3422 3454 idemque
3447 3419 3454 3429 ο

1837 3473 2102 3539 Christus,
2139 3481 2195 3528 et
2232 3471 2374 3528 Puer
2399 3474 2466 3528 ab
2493 3473 2629 3527 lsaia
2659 3473 2872 3539 dicitur,
2906 3482 2963 3528 et
2984 3473 3151 3529 Filius
3187 3489 3250 3528 ac
3277 3473 3421 3529 Deus

1834 3568 2036 3638 pariter
2061 3565 2401 3635 praedicatur,
2421 3565 2560 3619 sicut
2583 3566 2754 3634 inquit
2780 3583 2793 3617 :
2818 3565 2960 3618 Puer
2978 3576 3131 3619 natus
3151 3573 3228 3619 est
3248 3565 3417 3631 nobis,
3447 3589 3452 3604 ι

1835 3658 1975 3728 ﬁliui
2003 3657 2154 3710 datus
2176 3665 2252 3709 est
2280 3655 2458 3718 nobis;
2486 3655 2632 3724 cujus
2661 3654 2971 3725 principium
2995 3671 3148 3724 super
3179 3656 3420 3710 humeros
3447 3681 3453 3690 -

1833 3747 1967 3817 ejus,
2007 3755 2055 3799 et
2079 3744 2340 3800 vocabitur
2378 3760 2563 3798 nomen
2598 3743 2733 3814 ejus,
2761 3743 3115 3810 Admirabilis,
3161 3743 3418 3798 Consilia-

1834 3839 1964 3905 rius,
1998 3846 2021 3874 °
2052 3835 2212 3900 Deus,
2243 3837 2352 3907 86
2376 3834 2554 3890 Fortis
2577 3835 2732 3907 (Isai.
2765 3851 2839 3901 lx,
2868 3834 2942 3905 6).
2975 3837 3035 3890 ιιι
3064 3851 3170 3891 uno
3197 3836 3422 3892 Christo
3447 3869 3450 3874 -

1834 3945 1944 3984 non
1972 3937 2094 3984 sunt
2119 3929 2237 3984 dua:
2265 3943 2527 3999 personaa,
2577 3935 2636 3980 ut
2662 3926 2799 3981 alius
2825 3942 2979 3997 puer,
3030 3936 3086 3982 et
3112 3927 3250 3981 alius
3276 3923 3420 3982 Deus
3447 3947 3454 3972 :

1833 4017 1994 4074 fuerit
2023 4029 2391 4090 nuncupatus;
2423 4017 2520 4072 sed
2548 4018 2602 4072 in
2644 4032 2752 4071 una
2778 4032 3008 4086 persona
3033 4026 3117 4074 est
3143 4017 3284 4072 Deus
3311 4017 3449 4088 ple»

1834 4128 1954 4179 nus,
1987 4121 2043 4167 et
2090 4112 2253 4167 homo
2299 4111 2586 4182 perfectus,
2635 4113 2760 4181 quia
2805 4111 3232 4168 substantialiter
3273 4110 3420 4166 aliud

1834 4223 1988 4278 puer,
2011 4215 2068 4262 et
2087 4205 2232 4261 aliud
2257 4206 2430 4272 Deus,
2463 4221 2584 4261 cum
2607 4214 2787 4261 tamen
2831 4204 3188 4276 personaliter
3213 4217 3324 4258 non
3351 4202 3424 4258 sit
3446 4239 3454 4248 .

1835 4298 1972 4353 alius
1998 4313 2150 4368 puer,
2182 4306 2238 4352 et
2265 4297 2399 4352 alius
2427 4297 2589 4352 Deus.
2623 4295 2773 4352 Unus
2803 4297 2946 4352 enim
2985 4294 3152 4350 Filius
3178 4302 3235 4349 et
3261 4309 3421 4365 puer,

1835 4395 1892 4442 et
1918 4387 2080 4455 Deus,
2103 4387 2226 4456 quia
2255 4404 2398 4457 puer,
2423 4388 2508 4458 qui
2540 4396 2692 4440 natus
2716 4396 2792 4441 est
2813 4387 2981 4451 nobis,
3029 4395 3079 4440 et
3106 4385 3247 4440 idem
3273 4385 3420 4454 ﬁlius

1835 4477 1928 4546 qui
1955 4477 2108 4530 datus
2137 4485 2212 4530 est
2241 4477 2404 4542 nobis,
2430 4485 2654 4530 vocatur
2692 4491 2876 4529 nomen
2919 4476 3031 4546 ejus
3057 4473 3417 4540 Admirabilis,
3441 4511 3447 4520 .

167 4605 253 4658 que
277 4601 566 4662 permanet
589 4592 769 4647 divina
792 4565 1134 4658 humanaque
1153 4586 1470 4642 substantia.
1498 4583 1734 4638 Verbum
1761 4590 1816 4650 Ι)
1837 4566 2199 4631 εοηδίίίατίειεν
2229 4566 2391 4662 Deus,
2424 4567 2622 4622 Fortis.
2655 4565 2755 4662 Hic
2776 4575 2963 4662 tamen
2987 4581 3142 4662 puer,
3165 4565 3305 4620 sicut

167 4686 291 4739 extim
317 4686 574 4741 habitans
603 4685 655 4740 in
680 4683 919 4749 homine,
950 4696 1058 4737 non
1085 4691 1169 4735 est
1187 4686 1452 4733 mutatum
1482 4677 1535 4730 in
1565 4676 1740 4730 homi-

167 4791 290 4832 nem.
343 4777 447 4834 Ubi
495 4787 678 4833 autem
713 4776 948 4831 maxime
976 4773 1210 4829 Verbum
1249 4772 1425 4843 potuit
1471 4771 1734 4837 habitare,

167 4883 307 4937 quam
337 4871 394 4925 in
423 4871 517 4925 illa
541 4868 841 4926 substantia
869 4881 1031 4936 quam
1062 4865 1146 4932 ad;
1165 4879 1317 4920 suam
1345 4861 1632 4929 imaginem
1659 4859 1739 4914 ie-

168 4961 242 5030 cit,
269 4963 376 5019 hoc
400 4972 505 5028 est,
537 4965 594 5018 in
614 4963 792 5018 anima
818 4960 962 5015 illius
984 4956 1216 5014 hominis
1237 4969 1398 5025 quem
1426 4953 1519 5024 (al.
1549 4950 1732 5020 quam)

168 5055 419 5124 διεθερίιῖ
449 5053 608 5120 Quod
635 5052 948 5124 prophetico
968 5050 1064 5122 (al.
1095 5046 1434 5119 prophetica)
1466 5060 1562 5116 per
1591 5042 1740 5098 Saio-

167 5158 367 5200 mooem
392 5145 624 5216 spiritali
651 5145 822 5213 gratia
847 5142 1120 5200 cernimus
1142 5139 1464 5201 intimatum,
1495 5151 1618 5190 cum
1656 5135 1740 5190 di-

168 5235 288 5292 citur
317 5256 333 5292 :
365 5238 560 5292 Anima
581 5237 711 5306 justi
735 5247 757 5275 ο
785 5235 930 5290 sedes
955 5219 1032 5288 est
1051 5227 1490 5302 sapientia:(Sap.
1509 5223 1739 5296 vn,'.2'i).

167 5325 302 5398 Nam,
355 5339 418 5386 ut
468 5329 787 5386 ostendatur
827 5327 1074 5383 Christus
1101 5325 1158 5379 in
1208 5321 1401 5376 anima:
1444 5316 1741 5372 substantia

167 5423 461 5489 specialiter
490 5423 752 5485 habitare,
789 5418 988 5475 Paulus
1011 5417 1171 5475 nobis
1197 5413 1438 5486 porrigat
1464 5424 1574 5466 sua:
1599 5416 1742 5464 atte-

167 5514 407 5570 stationis
437 5514 496 5568 in
520 5513 752 5569 veritate
789 5508 1107 5576 subsidium,
1156 5505 1248 5578 qui
1275 5502 1405 5559 dicit
1435 5517 1450 5554 :
1480 5498 1652 5570 Hujus
1667 5499 1743 5552 rei

225 5655 247 5716 ξ
275 5645 356 5701 Ita
387 5647 538 5716 editi,
570 5658 626 5704 at
670 5664 771 5704 ms.
799 5648 962 5705 Corb.
990 5647 1155 5704 habet
1178 5645 1556 5716 demonstratur
1581 5638 1739 5695 serie.

229 5715 253 5754 δ
277 5712 620 5774 Αὺει-ειιιιίιι)
641 5721 797 5775 editis
820 5721 933 5774 hzec
961 5718 1123 5774 verba
1155 5731 1322 5786 usque
1351 5714 1433 5786 ad
1449 5712 1609 5765 linem
1650 5721 1741 5762 ca-

174 5784 312 5855 pitis;
344 5790 443 5844 sed
474 5792 720 5845 restituta
742 5799 869 5845 sunt
897 5805 963 5844 ex
993 5805 1093 5842 ms.
1125 5783 1456 5855 Corheiensi.

234 5869 253 5897 ε
279 5850 544 5926 Antuerp.
577 5871 634 5918 et
659 5860 874 5922 Colon.
905 5859 1048 5916 sedes
1072 5875 1200 5915 esse.
1248 5854 1435 5919 Basil.,
1459 5850 1608 5910 sedes
1644 5853 1742 5910 est.

1840 4674 1956 4714 ram
1983 4673 2220 4724 carnem,
2261 4660 2346 4714 sic
2386 4669 2442 4713 et
2483 4674 2669 4713 veram
2705 4658 2892 4713 habuit
2929 4658 3180 4723 animam,
3229 4664 3290 4710 ut
3325 4654 3450 4708 illa.

1841 4765 1970 4806 vera
1995 4749 2246 4805 divinitas
2272 4758 2439 4804 totam
2470 4749 2698 4803 hominis
2725 4758 2782 4803 et
2804 4749 3165 4804 renovandam
3187 4747 3420 4814 suscipe-

1841 4850 1946 4907 ret,
1999 4849 2056 4896 et
2101 4849 2404 4909 susceptam
2452 4847 2636 4909 posset
2662 4854 2923 4894 renovare
2966 4847 3230 4901 naturam,
3279 4837 3420 4893 sicut

1843 4932 2089 5002 superius
2117 4940 2218 5000 est,
2250 4930 2392 4986 Luca
2409 4937 2661 4998 testante,
2690 4937 3041 4986 monstratum
3070 4946 3083 4981 :
3111 4925 3244 4990 Quia
3270 4943 3416 4996 puer,
3439 4965 3444 4970 .

1845 5025 1898 5080 id
1934 5034 2018 5081 est
2056 5025 2230 5091 Jesus,
2266 5024 2567 5097 proﬁciebat
2603 5034 2753 5079 celate
2787 5034 2834 5079 et
2870 5024 3126 5094 sapientia
3160 5031 3210 5076 et
3245 5024 3419 5093 gratia

1846 5115 1984 5185 apud
2011 5115 2177 5171 Deum
2204 5127 2254 5170 et
2277 5118 2508 5170 homines
2543 5115 2694 5185 (Luc.
2728 5132 2782 5180 ιι,
2815 5113 2924 5186 51).
2959 5114 3247 5184 Proptenea
3280 5115 3331 5168 in
3361 5129 3422 5168 se

1844 5224 1944 5263 nec
1967 5211 2145 5264 carnis
2171 5225 2387 5272 nomen,
2422 5224 2520 5263 nec
2548 5209 2758 5271 animm,
2781 5207 3034 5261 Dominus
3062 5207 3176 5277 ipse
3205 5215 3417 5276 printer-

1844 5309 1988 5364 misit
2032 5307 2337 5376 ostendere,
2388 5324 2603 5363 carnem
2632 5306 2851 5375 quidem
2889 5322 2948 5361 se
2977 5306 3172 5362 habere
3200 5305 3417 5360 verissi-

1844 5424 1987 5463 mam
2015 5417 2338 5473 monstrans,
2367 5423 2486 5462 cum
2517 5406 2644 5460 dicit
2669 5423 2681 5458 :
2705 5404 2856 5469 Quod
2883 5408 3110 5459 nascitur
3143 5404 3206 5457 de
3239 5419 3418 5469 carne,

1847 5513 1968 5552 caro
2003 5505 2078 5552 est
2125 5498 2302 5558 (Joan.
2334 5512 2410 5561 ιιι,
2439 5495 2516 5564 6).
2556 5495 2721 5566 Cujus
2747 5496 2904 5568 plena
2951 5494 3148 5550 veritas
3193 5507 3416 5562 operum

1848 5636 1944 5694 Ms.
1976 5636 2158 5701 Corb.,
2183 5636 2327 5689 sedes
2355 5636 2638 5704 sapientior.

1917 5707 1943 5746 ’1
1977 5706 2159 5770 Basil.,
2189 5715 2235 5758 et
2265 5704 2512 5758 habitare.

1926 5787 1949 5814 ο
1979 5778 2099 5829 Αηι.
2134 5783 2188 5828 ct
2216 5791 2312 5831 ms.
2345 5775 2528 5842 Corb.,
2558 5773 2720 5840 Deus.
2742 5770 3410 5841 Fortis.Colon.etBasil.,

1851 5846 1990 5906 Deus
2024 5847 2186 5905 rortis.
2357 5856 2360 5858 ‘
