4026 6336
253 460 2078 502 _—,————————————_——

1440 367 1530 420 AD
1557 363 2056 421 TBASMUNDUM
2096 364 2224 421 LIB.
2267 363 2336 422 il.

3443 359 3558 430 ω

2083 449 3544 485 ————-———————_.~—a——-———I—

1357 522 1701 604 LIBER
1774 520 2429 604 SECUNDUS.

1152 665 1252 716 III
1287 661 1796 715 ιιιιικοηιπ
1831 660 2277 735 mynm'ans
2311 661 2487 712 ινιιιιι
2528 660 2680 714 DEI.

254 819 331 876 CA
341 841 448 880 nrt'l'
469 837 693 878 ramum.
727 819 912 876 Incom
978 816 1331 873 ehensibilitas
1358 817 1629 884 Trinitatis
1650 814 1859 869 divinat.
1885 815 1941 875 Α
1965 813 2217 883 exemplo
2245 814 2328 868 vel
2355 816 2556 872 auxilio
2600 817 2881 874 caruisset.
2932 819 3283 890 inquirendas
3307 835 3437 894 ergo
3461 795 3563 884 fuit

337 891 581 944 Essentia
615 891 846 944 inﬁnita.
880 836 1082 944 Immo.
1113 905 1230 943 cum
1269 887 1416 944 plene
1443 887 1579 944 auod
1613 887 1667 940 in
1696 902 1752 940 se
1781 891 1857 938 est
1964 919 2102 944 .mm
2142 903 2294 944 ρηίηο
2331 915 2468 944 μευ..
2515 907 2854 944 ..οι-οηηωηιη
2909 927 3131 944 mnum,
3222 913 3559 944 “imm”..-

337 891 581 946 Essentia
615 891 846 961 inﬁnita.
880 887 1082 955 Homo,
1113 905 1230 943 cum
1267 887 1416 961 plene
1443 887 1579 961 quod
1613 887 1667 940 in
1696 902 1752 940 se
1775 891 1857 945 est

332 979 440 1019 non
457 957 756 1034 cognoscat,
788 958 956 1016 Deum
986 975 1138 1031 super
1176 973 1232 1013 ac
1266 957 1427 1013 multo
1455 957 1626 1012 minus
1668 971 1858 1028 cogno-

327 1051 475 1089 scere
494 1039 683 1103 potest.

336 1123 567 1191 Quoties
612 1121 864 1176 humanae
910 1117 1240 1174 conditionis
1281 1114 1567 1172 inﬁrmitas
1593 1116 1858 1186 semetip—

257 1231 379 1270 sam
411 1214 658 1284 protinus
684 1213 967 1281 cognitum
991 1211 1125 1266 lines
1143 1211 1372 1266 molitur
1391 1211 1729 1282 aliquatenus
1747 1222 1860 1264 sum

258 1308 552 1379 parvitatis
589 1306 888 1372 διαϐᾶσα,
927 1307 1125 1376 atque,
1167 1303 1406 1361 caelestis
1449 1301 1859 1358 illuminationis

252 1408 540 1470 pnegnata
587 1406 874 1467 conceptu,
905 1395 1212 1453 Conditoris
1239 1396 1323 1452 sui
1365 1410 1431 1451 ac
1477 1393 1858 1465 Redemptoris

251 1492 669 1561 inquisitionem
722 1488 951 1558 eruperit
995 1489 1286 1559 parturire,
1339 1487 1455 1542 sola
1509 1486 1621 1556 (at.
1652 1482 1810 1554 solo)
1836 1519 1853 1547 ,

253 1588 525 1651 quantum
555 1580 810 1644 arbitror,
836 1579 1186 1634 immutabilis
1208 1578 1298 1634 illa
1324 1575 1724 1647 sempiternitas
1743 1573 1860 1628 Tri-

255 1675 449 1729 nitatis
487 1672 795 1743 reperietur
837 1669 1453 1741 incomprehensibilitas
1499 1668 1659 1737 digna
1691 1667 1857 1720 mira-

254 1764 410 1829 culo,
439 1779 560 1833 quis
579 1763 890 1820 sic-excedit
917 1778 1080 1818 omne
1107 1763 1251 1832 quod
1279 1760 1520 1830 cogitare
1549 1759 1634 1814 vel
1661 1769 1856 1827 sapere

253 1871 568 1926 possumus,
596 1856 736 1911 sicut
763 1865 984 1925 superat
1011 1869 1174 1910 omne
1213 1855 1358 1923 quod
1377 1867 1582 1908 sumus.
1615 1850 1732 1906 Hoc
1757 1866 1857 1906 no—

253 1946 341 2002 bis
367 1945 671 2000 divinon
691 1947 860 2001 series
879 1946 1215 2000 voluminum
1236 1943 1470 2000 veridica
1497 1948 1852 2013 protestetur,

253 2034 394 2091 Isaia
416 2035 632 2092 dicente
670 2053 683 2089 :
717 2033 844 2091 Non
881 2037 1022 2090 eatis»
1049 2038 1389 2108 cogitationes
1414 2049 1543 2090 mete
1577 2034 1855 2105 cogitatio-

253 2140 346 2180 aes
369 2135 574 2191 mire,
599 2143 761 2198 neque
788 2129 884 2181 circ
909 2143 1040 2182 mea:
1067 2128 1163 2181 uite
1189 2133 1390 2190 vestra,
1417 2126 1549 2181 dicit
1570 2124 1848 2179 Dominus.

254 2214 392 2280 Quia
417 2220 551 2272 sicut
571 2219 873 2272 excitatior
891 2218 1008 2272 cati
1025 2234 1060 2271 a
1075 2226 1236 2282 terra,
1257 2220 1335 2272 sic
1352 2217 1599 2272 exultatio
1617 2225 1735 2270 sunt
1754 2217 1853 2270 eia:

253 2325 382 2364 uteie
403 2325 437 2362 a
465 2309 560 2364 niis
586 2309 784 2375 uestris,
807 2318 858 2363 et
885 2310 1223 2381 cogitationes
1247 2325 1378 2364 mea:
1406 2323 1439 2362 a
1458 2306 1853 2379 cogitationibus

254 2403 439 2455 reatris
468 2399 626 2473 (lui.
656 2416 742 2467 ιν,
770 2400 828 2468 8,
856 2398 941 2471 9).
967 2400 1099 2467 Quze
1124 2415 1255 2470 ergo
1276 2401 1523 2455 humana:
1559 2398 1854 2469 disciplina:

253 2491 476 2562 peritia?
485 2505 607 2561 qua:
619 2490 878 2547 vivacitas
889 2491 1081 2546 animi?
1090 2505 1210 2559 quae
1221 2490 1402 2546 cordis
1410 2492 1696 2559 sagacitas,
1712 2490 1853 2546 illius

253 2578 593 2650 essentiatﬁd
611 2587 696 2636 est
715 2578 1011 2644 Trinitatis,
1035 2594 1156 2648 qua:
1179 2595 1319 2636 unus
1349 2595 1508 2634 verus
1529 2586 1584 2634 et
1599 2579 1747 2634 solus
1767 2587 1853 2634 est

255 2669 420 2742 Deus)
444 2673 787 2743 contingeret
811 2673 1104 2729 arcanum?
1127 2687 1249 2742 qua:
1269 2687 1372 2728 nec
1392 2673 1558 2742 coepit
1585 2686 1725 2735 esse,
1751 2685 1852 2726 nec

256 2763 489 2831 desinit;
520 2765 578 2819 in
603 2766 762 2832 cujus
785 2763 1089 2820 substantia
1125 2763 1261 2819 nihil
1287 2771 1372 2818 est
1418 2763 1564 2832 quod
1592 2778 1702 2817 non
1729 2762 1848 2828 fuit,

255 2855 388 2910 uitii
412 2864 598 2926 potest
615 2871 732 2912 non
754 2870 880 2914 esse
897 2856 1046 2925 quod
1070 2854 1204 2922 fuit;
1234 2855 1390 2925 cujus
1416 2854 1551 2910 nihil
1571 2855 1694 2911 loco
1715 2871 1850 2911 con-

257 2946 510 3014 cluditur,
541 2947 672 3016 quia
701 2953 876 3003 totum
915 2947 1271 3013 immensum;
1303 2945 1437 3001 nihil
1465 2946 1620 3001 initio
1645 2959 1854 3016 praeve-

256 3039 422 3103 nitur,
454 3039 586 3107 quia
610 3045 786 3093 totum!
813 3047 899 3093 est
916 3037 1333 3107 sempiternum;
1363 3045 1484 3106 quae
1507 3051 1566 3092 se
1593 3036 1700 3092 hoc
1723 3051 1854 3106 pne-

255 3128 448 3183 sertim
499 3128 702 3185 indicio
747 3126 1154 3198 sempiternam,
1183 3128 1514 3194 'increatam,
1542 3127 1852 3183 immutabi-

255 3215 476 3286 lemque
500 3218 844 3282 monstravit,
871 3233 997 3274 cum
1017 3233 1087 3273 ex
1113 3219 1304 3283 nihilo,
1337 3218 1391 3273 id
1410 3224 1494 3274 est
1521 3231 1590 3273 ex
1616 3232 1684 3272 eo
1706 3217 1852 3287 quod

254 3322 376 3364 non
406 3316 548 3364 esset
573 3322 762 3365 creare
788 3308 963 3379 potuit
989 3309 1138 3378 quod
1165 3307 1384 3373 fuisset;
1428 3321 1657 3377 quaeque
1684 3309 1854 3362 ratio-

254 3396 444 3453 ralem
473 3406 734 3454 creatura:
761 3414 870 3454 sua:
897 3406 1108 3470 partem
1137 3399 1240 3456 hoc
1268 3413 1378 3470 pra:
1418 3401 1628 3455 exteris
1666 3400 1854 3468 gratia:

252 3488 545 3559 privilegio
577 3489 915 3558 sublinavit,
937 3497 1001 3544 ut
1025 3503 1253 3548 munere
1299 3491 1402 3545 sibi
1428 3491 1746 3546 aeternitatis
1795 3497 1851 3544 et

1964 919 2102 960 unus
2142 903 2295 974 cujus
2331 915 2476 961 esset
2515 907 2856 964 reformanda
2908 927 3132 968 munere
3155 953 3170 981 ,
3221 913 3564 974 infamanda

1963 995 2189 1064 lumine,
2219 998 2582 1052 conlirmanda
2628 1000 2854 1066 virtute,
2904 1010 2963 1056 ut
2992 1003 3098 1070 (al.
3139 1001 3254 1071 aut)
3281 1006 3561 1074 mqualitas

1961 1095 2162 1143 aeterna
2206 1087 2527 1156 justilicaret
2577 1090 2814 1160 impiam,
2865 1093 3158 1150 instrueret
3205 1096 3426 1151 insciam
3469 1111 3561 1152 ve-

1961 1177 2110 1245 ritas,
2158 1178 2329 1234 virtus
2379 1179 2615 1234 lirmaret
2668 1183 2974 1240 invalidam.
3023 1183 3131 1240 Sed
3175 1186 3282 1242 hoc
3320 1187 3561 1256 nunquid

1962 1279 2144 1340 posset
2170 1269 2334 1326 homo
2372 1286 2467 1340 per
2505 1271 2680 1326 solum
2729 1273 3024 1338 hominem,
3062 1284 3156 1330 aut
3191 1276 3246 1330 in
3275 1277 3394 1331 solo
3421 1291 3561 1346 quo»
3631 1299 3641 1303 ’
3729 1289 3743 1301 ⁸

1960 1362 2093 1417 libet
2119 1361 2335 1418 homine
2365 1363 2640 1432 reperire?
2667 1363 2826 1418 Nullo
2851 1365 3034 1421 modo.
3067 1366 3198 1433 Quis
3217 1368 3362 1422 enim
3391 1368 3558 1424 homo

1960 1461 2143 1521 posset
2170 1453 2402 1509 existere
2424 1453 2662 1509 medicus
2687 1455 2907 1511 humani
2931 1456 3187 1526 vulneris,
3217 1474 3338 1514 cum
3365 1474 3556 1514 omnes

1959 1542 2014 1595 in
2062 1542 2243 1598 radice
2273 1543 2457 1598 vitiata
2507 1545 2815 1600 communio
2867 1546 3401 1616 circumplecteretur
3437 1550 3556 1605 vitii

1959 1631 2254 1686 naturalis?
2296 1633 2384 1687 vel
2412 1633 2643 1702 qualiter
2669 1645 2852 1704 posset
2878 1651 2978 1706 per
3003 1652 3064 1692 se
3083 1638 3263 1692 solum
3288 1640 3557 1695 medelam

1959 1721 2250 1777 vulneratis
2293 1722 2507 1790 aliene,
2537 1723 2690 1793 cujus
2717 1735 2870 1781 ortus
2899 1734 3179 1783 teneretur
3204 1728 3260 1783 in
3286 1728 3511 1785 vulnere
3533 1732 3557 1785 ι

1957 1826 2136 1880 quove
2161 1813 2325 1868 modo
2354 1813 2723 1871 beneﬁcentia:
2761 1817 2984 1885 largitor
3009 1819 3328 1875 universalis
3352 1821 3556 1876 existeo

1956 1913 2062 1968 ret,
2090 1919 2251 1974 quem
2279 1906 2470 1961 alienae
2513 1908 2633 1977 opis
2679 1907 2918 1976 indigum
2967 1920 3158 1965 natura
3188 1913 3553 1967 monstraret?

1958 1995 2112 2051 Vera:
2139 1995 2300 2064 igitur
2327 1996 2512 2052 salutis
2540 1998 2836 2055 exhaustus
2879 2000 3044 2056 homo
3083 2000 3315 2071 divitiis,
3356 2010 3412 2057 et
3456 2018 3554 2072 pe.

1955 2087 2111 2142 renni
2135 2087 2402 2143 bonorum
2447 2090 2790 2157 possessione
2827 2092 3086 2160 privatus,
3126 2091 3353 2148 forsitan
3381 2108 3552 2165 ange-

1882 2186 1933 2248 Β
1957 2179 2061 2236 lico
2088 2178 2188 2234 fuit
2227 2180 2504 2248 juvamine
2543 2182 2939 2252 sublevandos;
2989 2193 3050 2240 ut
3098 2185 3189 2240 ille
3234 2186 3327 2254 qui
3355 2188 3551 2243 domus

1960 2272 2120 2328 lutea:
2171 2272 2484 2328 faeculentus
2533 2275 2806 2342 ergastulo
2843 2276 2913 2330 ad
2957 2277 3264 2332 facultatem
3316 2279 3552 2348 purioris

1959 2363 2084 2418 vita:
2121 2363 2452 2432 nequivisset
2490 2365 2827 2434 aliquatenus
2871 2366 3150 2436 aspirare,
3198 2369 3369 2436 gratia
3392 2367 3553 2438 juva-

1960 2462 2110 2509 retur
2131 2454 2497 2523 opitulationis
2523 2457 2794 2523 angelicae,
2836 2471 2942 2525 qua
2971 2457 3210 2526 pristinae
3236 2457 3550 2515 offensionis

1959 2541 2300 2610 deposuisset
2326 2543 2584 2609 illuviem,
2628 2552 2684 2599 et
2720 2546 2928 2600 amissae
2955 2545 3156 2600 dudum
3183 2548 3436 2617 puritatis
3462 2563 3553 2602 re~
3622 2557 3624 2559 ’

1959 2638 2199 2685 sumeret
2226 2631 2560 2698 dignitatem.
2602 2619 2990 2690 Verumtamen
3027 2651 3130 2692 nec
3175 2638 3420 2706 angelico
3445 2653 3551 2708 po-

1960 2728 2103 2776 terat
2129 2722 2233 2777 hoc
2258 2725 2616 2792 reparationis
2657 2741 2853 2782 munus
2898 2728 3121 2799 adipisci
3147 2729 3406 2786 subsidio.
3438 2731 3550 2787 Au-

1959 2812 2129 2881 gelica
2150 2813 2348 2882 quippe
2382 2823 2572 2870 natura
2608 2824 2736 2872 tunc
2769 2818 2976 2876 homini
3012 2821 3314 2891 reparando
3337 2823 3546 2893 aliqua-

1959 2911 2118 2958 tenus
2145 2913 2289 2960 esset
2317 2904 2530 2970 idonea,
2571 2907 2617 2962 si
2656 2907 2884 2964 cadendi
2923 2911 3224 2968 mobilitate
3272 2929 3544 2985 nunquam

1959 2995 2280 3050 naturaliter
2308 2995 2497 3052 fuisset
2536 2998 2794 3056 obstricta
2825 3020 2839 3056 :
2869 3017 2995 3058 cum
3017 3019 3148 3060 vero
3177 3020 3237 3061 se
3258 3005 3552 3075 juvaminit

1959 3101 2188 3156 egenam
2227 3091 2697 3150 consubstantialis
2733 3095 2902 3151 ruinae
2937 3096 3262 3155 documento
3295 3107 3546 3168 testetur,

1959 3177 2203 3249 profecto
2231 3183 2574 3249 cognoscitur
2598 3185 2770 3242 multo
2800 3187 2977 3244 minus
3010 3189 3080 3244 ad
3106 3189 3354 3246 humanm
3390 3200 3552 3262 posse

1943 3267 2431 3340 ‘redintegrationis
2483 3274 2778 3355 emcaciam
2823 3272 3127 3336 redundare
3147 3319 3162 3348 ,
3211 3297 3333 3352 qua:
3363 3292 3390 3322 ι
3418 3299 3550 3354 pro-

1959 3359 2090 3427 pria;
2116 3371 2352 3430 nequeat
2377 3364 2656 3421 ambilitati
2699 3367 2968 3426 suﬂicere.
2997 3370 3121 3426 Suis
3148 3381 3329 3428 autem
3357 3375 3426 3430 ad
3452 3391 3551 3431 cu-

1959 3451 2193 3506 stodiam
2220 3454 2322 3510 sibi
2349 3464 2434 3510 sat
2455 3471 2573 3512 esse
2600 3457 2804 3515 viribus
2830 3476 2938 3516 non
2977 3463 3274 3532 incongrue
3299 3465 3550 3522 credere-

507 3544 737 3648 indulto,
755 3583 869 3653 80
893 3544 1247 3650 bincwliquido
1276 3544 1360 3636 sul
1380 3544 1642 3637 creatoris
1666 3544 1847 3636 acre-
1878 3559 1926 3623 ο
2113 3544 2498 3653 5[_"_"”‘i‘,Pm
2525 3548 2642 3650 95"“
2767 3552 3009 3653 9°“me
3035 3553 3326 3653 “betam”
3359 3554 3550 3613 unm”

255 3671 530 3741 paraturis
557 3671 845 3732 essentiam
867 3673 988 3728 sine
1016 3673 1171 3728 initio
1192 3687 1416 3742 prorsus
1437 3687 1558 3728 esse
1586 3689 1694 3728 non
1738 3687 1849 3727 am-

254 3761 494 3833 inheret,
515 3777 640 3818 cum
657 3777 740 3830 se,
757 3766 1003 3833 quamvis
1023 3779 1131 3820 non
1153 3766 1269 3820 sine
1290 3764 1443 3821 initio
1466 3764 1682 3832 factam,
1706 3780 1846 3821 nutr-

253 3868 419 3923 quam
472 3863 653 3913 tamen
701 3858 1016 3914 omnimoda
1075 3857 1495 3913 consumendam
1549 3856 1844 3913 abolitione

251 3942 511 4016 deinceps
536 3948 898 4018 cognovisset.
927 3947 1066 4005 Hinc
1093 3948 1257 4004 etiam
1299 3948 1546 4019 protinus
1587 3961 1842 4004 monere.-
1893 4003 1895 4005 .

250 4041 342 4090 tu
391 4048 596 4106 quanto
647 4038 926 4096 inﬁnitatis
990 4049 1154 4111 atque
1227 4037 1842 4111 incomprehensibilia-

250 4126 322 4181 tis
350 4127 586 4185 (numine
611 4131 845 4187 creatrix
871 4133 1110 4187 omnium
1139 4133 1311 4188 virtus
1333 4141 1392 4188 et
1423 4133 1686 4204 sapientia
1714 4149 1838 4190 mo-

247 4216 380 4271 dum
408 4227 670 4277 creatum
700 4221 1104 4293 ,intellectualis
1150 4223 1466 4286 excederet,
1500 4240 1621 4280 cum
1665 4226 1842 4296 ipsam

246 4309 569 4366 rationalem
594 4320 898 4370 creaturam
918 4315 1078 4385 plena
1104 4330 1214 4370 sua:
1241 4318 1840 4387 comprehensibilitatis

241 4400 452 4470 agnitio
470 4439 487 4466 ,
513 4404 756 4461 creatori
805 4405 1021 4475 quidem
1049 4409 1552 4478 comprehensibilis
1579 4417 1634 4466 et
1663 4408 1832 4478 ﬁnita,

239 4491 349 4547 sibi
372 4500 557 4549 tamen
583 4495 1142 4567 incomprehensibilis
1194 4508 1358 4572 atque
1409 4500 1638 4568 inﬁnita,
1670 4504 1838 4558 lassa-

238 4591 369 4638 ret:
399 4591 464 4639 ut
488 4600 611 4642 cum
655 4596 867 4645 natura:
891 4605 1005 4646 sua:
1029 4592 1513 4663 investigationem,
1537 4609 1655 4667 qua:
1680 4605 1836 4651 extra

233 4685 302 4726 se
325 4685 443 4728 non
471 4681 578 4744 est,
594 4682 653 4735 et
676 4676 924 4735 intimam
949 4679 1053 4735 ibi
1079 4691 1328 4739 cerneret
1355 4692 1413 4740 et
1435 4686 1723 4753 occultam,
1757 4686 1834 4742 ita

238 4772 305 4818 ut
323 4780 451 4821 cum
472 4780 636 4840 supra
684 4783 748 4828 se
790 4787 902 4828 non
928 4773 1020 4841 sit,
1051 4777 1294 4845 atquein
1320 4785 1382 4833 se
1425 4778 1516 4846 sit,
1547 4786 1717 4834 totam
1742 4793 1832 4835 se-

229 4854 382 4911 sicut
405 4863 516 4922 est,
546 4859 814 4931 vestigare
852 4879 964 4920 non
1000 4866 1203 4936 possit,
1233 4871 1318 4938 eo:
1329 4870 1500 4938 magis
1532 4883 1863 4939 pavescens.

229 4947 627 5020 admiransque
645 4927 895 5025 superna
933 4927 1210 5016 infinitatis
1238 4927 1684 5030 magniiudinem,
1714 4977 1836 5018 om-
1853 4927 1918 4995 Β

225 5054 338 5094 nes
388 5041 756 5113 intelligentiae
797 5049 1060 5108 terminos
1110 5052 1489 5118 excedentem,
1523 5053 1677 5124 cujus
1723 5069 1835 5126 pas:

222 5127 404 5198 (sicut
419 5129 622 5190 Paulus
645 5134 797 5207 dicit)
827 5151 1040 5210 supcrat
1083 5157 1287 5196 omnem
1313 5144 1626 5200 intellectum
1656 5143 1829 5219 (Phi.

215 5220 326 5290 lip.
355 5236 431 5286 tv,
454 5222 551 5293 7),
578 5226 734 5296 cujus
761 5229 928 5286 etiam
965 5232 1174 5303 judicia
1201 5232 1418 5306 abyssus
1456 5236 1620 5291 multa
1650 5237 1828 5310 (Paul.

213 5325 400 5379 xxxv,
433 5311 529 5384 Ἰ),
573 5316 693 5372 solo
715 5333 780 5374 se
807 5319 878 5374 ad
903 5323 1266 5392 cognitionem
1305 5323 1565 5381 Altissimi
1607 5327 1828 5385 humili-

212 5403 360 5457 tatis
389 5418 615 5464 ascensu
636 5411 933 5481 respiceret
956 5416 1204 5485 provehi,
1232 5431 1264 5472 a
1293 5433 1403 5489 quo
1447 5419 1695 5492 superbae
1731 5436 1828 5479 co-

205 5493 513 5560 gitationis
537 5513 673 5555 casu
699 5503 977 5573 quondam
1005 5508 1200 5563 meruit
1219 5510 1511 5580 segregari.

200 5581 413 5650 ﬁunt
441 5601 502 5643 tt.
531 5586 664 5646 Non
688 5595 945 5669 punisset
964 5600 1199 5669 angelica
1225 5609 1412 5656 natura
1443 5602 1700 5660 hominem
1737 5621 1826 5662 re-

618 5678 827 5732 parare,
857 5666 980 5738 quia
1006 5666 1057 5720 et
1082 5669 1197 5739 ipsa
1226 5671 1427 5727 cecidit.

281 5746 407 5803 Sed
435 5750 538 5806 hoc
575 5725 848 5823 nunquam
869 5725 882 5738 ’
904 5725 1124 5825 prorsus
1179 5725 1640 5836 aggredi
1665 5765 1713 5824 si
1739 5765 1827 5824 vel

263 5887 296 5918 ο
328 5877 438 5932 ηε,
493 5860 718 5936 Victor.,
742 5864 961 5939 propria
979 5865 1282 5931 stabilitate.
1377 5919 1380 5922 .

1956 3633 2102 3688 enim
2149 3637 2426 3703 naturalis,
2467 3639 2871 3696 universitatem
2926 3643 3289 3715 circumplexa
3338 3656 3549 3704 natura:

1953 3727 2229 3796 angelicat,
2261 3736 2374 3784 tota
2405 3733 2594 3800 procul
2630 3733 2794 3788 dubio
2825 3743 3068 3792 maneret
3105 3738 3549 3809 impassibilitatis

1953 3814 2292 3875 ﬁrmamento
2335 3821 2596 3889 subnixa,
2649 3824 2694 3880 si
2749 3827 2986 3895 passioni
3034 3843 3142 3883 non
3189 3845 3309 3886 esse
3362 3844 3548 3902 posset

1951 3907 2185 3966 obnoxia
2214 3949 2230 3978 ,
2286 3926 2387 3968 nec
2433 3929 2670 3984 unquam
2719 3926 2994 3987 pateretur
3044 3920 3099 3974 in
3144 3922 3354 3992 reliquo
3399 3923 3546 3995 quod

1949 4001 2164 4070 perpeti
2189 4016 2296 4057 non
2326 4011 2510 4073 posset
2535 4004 2591 4060 in
2621 4013 2758 4062 toto.
2798 4008 2935 4064 Cum
2972 4024 3102 4068 vero
3147 4011 3392 4080 quadam
3419 4029 3546 4084 pars

1949 4088 2069 4158 ejus
2116 4092 2226 4163 90
2268 4091 2337 4148 de
2380 4094 2586 4152 caelesti
2624 4096 2971 4157 beatitudinis
3015 4102 3250 4158 culmine
3287 4104 3341 4159 in
3380 4105 3545 4166 itnam

1948 4192 2376 4257 perpetuamque
2429 4189 2666 4246 cernitur
2719 4191 2971 4249 devoluta
3021 4195 3329 4266 miseriam,
3379 4199 3544 4255 beate

1950 4274 2112 4333 Petro
2162 4278 2376 4336 dicente
2406 4298 2418 4334 :
2449 4282 2575 4350 quia
2623 4281 2763 4338 Deus
2811 4285 3013 4357 angelis
3059 4287 3387 4357 peccantibus
3434 4303 3542 4345 non

1942 4370 2190 4438 pepercit,
2247 4371 2337 4425 sed
2365 4373 2672 4433 carceribus
2711 4375 2946 4446 caliginis
2980 4378 3176 4448 inferni
3207 4380 3440 4448 tradidit,
3481 4381 3541 4434 in

1934 4461 2139 4531 judicio
2176 4464 2462 4530 puniendos
2489 4467 2739 4522 reservari
2767 4465 2856 4539 (11
2894 4467 3039 4524 Patr.
3078 4485 3136 4532 tt,
3176 4468 3254 4536 4),
3294 4468 3540 4538 profecto
3567 4467 3583 4481 ’

1941 4552 2287 4620 cognoscitur
2315 4553 2566 4620 uniformi
2587 4565 2811 4614 cunctos
2837 4559 3068 4630 opprimi
3096 4559 3338 4629 potuisse
3365 4560 3538 4615 ruina

1943 4643 2245 4714 consortio,
2297 4646 2401 4702 nisi
2435 4662 2575 4717 quos
2616 4650 2782 4714 vellet
2816 4667 2849 4707 a
2889 4667 3018 4708 casu
3053 4653 3334 4723 pravitatis
3365 4654 3536 4706 virtus

1926 4732 2494 4822 ,illadefenderetiat.
2538 4738 2872 4812 defendere),
2915 4757 3036 4812 quae
3073 4741 3190 4798 sola
3217 4741 3536 4798 naturaliter

1942 4823 2139 4878 mutari
2159 4822 2511 4894 depravarive
2537 4844 2648 4884 non
2673 4839 2880 4899 posset.

1941 4910 2124 4970 Caper
2152 4929 2227 4969 lli.
2248 4984 2258 4992 _
2278 4915 2408 4972 Sola
2448 4918 2608 4992 virtus
2634 4920 2819 4992 dicina
2863 4931 2915 4976 et
2949 4923 3209 4977 hominem
3247 4924 3530 4992 reparavit,
3637 4948 3646 4954 -

2015 4993 2065 5064 et
2106 4984 2681 5064 angelumcustodivit.
2729 4989 2985 5064 Christus.
3004 4994 3162 5047 virtus
3202 4984 3532 5064 etcapientie

2013 5053 2215 5130 Patris.
2249 5054 2482 5112 Christus
2509 5069 2585 5113 est
2615 5062 2921 5116 naturaliter
2948 5060 3107 5129 Deus,
3136 5053 3436 5130 immensus,
3460 5064 3530 5120 ul-

2013 5126 2260 5198 tissimus,
2293 5131 2651 5198 sempiternus.
2704 5130 2793 5186 Sic
2833 5130 2994 5186 Pater
3033 5126 3109 5187 est
3142 5135 3198 5187 in
3235 5133 3372 5189 Filio
3397 5126 3530 5188 sicut

2013 5193 2189 5251 Filius
2214 5198 2269 5251 in
2301 5193 2478 5253 Patre.

2011 5288 2134 5364 Ipsa
2159 5290 2322 5360 igitur
2345 5291 2508 5347 etiam
2532 5292 2734 5347 homini
2760 5296 3058 5364 reparando
3081 5295 3182 5352 fuit
3202 5295 3526 5362 necessaria,

1939 5369 2067 5449 quia
2095 5395 2204 5436 non
2232 5381 2334 5436 alia
2363 5390 2593 5438 stantem
2617 5383 2864 5452 angelum
2902 5403 2934 5442 a
2958 5388 3110 5443 ruina
3141 5387 3317 5457 potuit
3342 5393 3524 5442 custo-

1934 5472 2080 5542 dire,
2109 5473 2212 5528 nisi
2247 5473 2339 5527 illa
2361 5489 2481 5543 quae
2506 5474 2715 5545 lapsum
2740 5477 3012 5540 hominem
3040 5486 3164 5548 post
3189 5479 3400 5532 ruinam
3424 5493 3526 5548 po.

1934 5565 2042 5620 tuit
2081 5579 2351 5634 reparare.
2394 5563 2511 5620 Una
2550 5573 2633 5621 est
2679 5567 2734 5622 in
2775 5577 3003 5638 utroque
3048 5569 3218 5637 gratia
3257 5575 3549 5637 cperata;'

1933 5655 1994 5713 in
2045 5655 2150 5711 hoc
2195 5663 2254 5710 ut
2293 5666 2566 5727 surgeret,
2606 5659 2659 5713 in
2690 5659 2780 5714 illo
2820 5676 2888 5721 ne
2927 5659 3196 5726 caderet;
3221 5659 3278 5714 in
3321 5659 3416 5716 illo
3452 5673 3524 5714 na

1935 5747 2338 5816 vulneraretur,
2373 5750 2425 5806 in
2465 5751 2569 5808 isto
2596 5760 2659 5810 ut
2679 5759 2982 5811 saluaretur.
3022 5752 3104 5810 Ab
3139 5753 3244 5811 hoc
3287 5749 3520 5814 intimii-
