4072 6332
463 329 560 385 ΞΠ

1497 318 1552 371 S.
1594 309 1958 370 FULGENTII
2000 306 2300 365 EPISCOPI
2339 305 2708 363 RUSPENSIS

3622 306 3728 366 268

465 453 628 500 tatem
659 441 872 512 repulit,
915 437 1063 494 illum
1105 432 1362 512 inﬁrmari
1397 446 1504 485 non
1543 430 1696 496 sivit;
1729 428 1868 482 illius
1894 441 2040 493 esca,
2070 430 2123 489 Α
2146 423 2392 492 exclusit,
2415 438 2484 490 ne
2508 438 2650 486 eum,
2681 436 2840 491 quem
2868 435 2989 475 cum
3019 416 3179 475 Patre
3208 434 3373 476 unum
3401 418 3730 493 audiremus,

465 535 620 590 istius
646 531 931 587 medicina.
975 527 1127 581 llunc
1161 532 1342 578 autem
1391 519 1633 590 quisquis
1673 533 1862 572 sanum
1887 517 2046 587 sapit,

465 625 661 680 Filium
682 622 778 678 Dei
807 635 926 677 esse
949 633 1058 674 non
1085 613 1325 684 ambigit,
1348 613 1440 682 qui
1476 619 1560 669 est
1582 610 1741 664 virtus
1765 617 1816 662 et
1847 609 2052 679 sapien-

467 720 544 802 tia
596 714 772 770 Patris
794 730 813 768 :
843 709 1105 781 sapientia
1152 676 1271 776 quae
1312 676 1520 761 cuncta
1562 701 1842 772 disposuit,
1882 676 2055 755 virtus
2091 676 2109 696 ’

468 791 590 878 quas
619 805 800 861 omnia
826 800 1060 866 creavit;
1101 796 1366 869 sapientia
1403 808 1524 864 qua:
1551 793 1857 858 illuminat,
1885 791 2055 846 virtus

470 913 594 972 quae
619 895 940 966 adjutorium
990 899 1238 964 praestat;
1276 888 1560 960 sapientia,
1597 887 1723 956 quia
1751 882 2058 940 immutabi-

473 989 574 1055 lis;
604 987 797 1055 virtus,
848 985 976 1055 quia
1020 981 1414 1053 insuperabilis.
1455 979 1558 1047 Qui
1605 980 1749 1034 omni
1797 985 2058 1034 creaturae

472 1093 584 1136 sine
605 1092 702 1148 per
729 1073 996 1131 inﬁnitam
1023 1073 1322 1145 potentiam
1372 1071 1670 1127 naturalem
1717 1083 1929 1140 semper
1963 1067 2060 1122 ad-

474 1177 580 1237 est,
608 1178 665 1224 et
691 1169 986 1222 immensus
1033 1179 1304 1234 nunquam
1353 1162 1545 1229 deest;
1575 1161 1669 1230 qui
1705 1161 1810 1215 hoc
1845 1166 2061 1213 natura-

476 1260 600 1316 liter
621 1260 677 1314 in
705 1273 766 1313 se
791 1259 954 1313 habet
986 1271 1104 1313 esse
1131 1255 1278 1324 quod
1315 1253 1478 1308 Pater
1515 1259 1621 1320 est,
1650 1257 1708 1306 et
1735 1249 1858 1305 ideo
1886 1247 2064 1320 potuit

477 1359 535 1406 et
561 1349 813 1419 angelum
841 1349 896 1403 in
925 1345 1294 1417 superioribus
1331 1342 1591 1406 stabilire,
1635 1348 1692 1396 et
1717 1355 1817 1411 pro
1844 1351 2065 1408 repara-

479 1443 628 1498 tione
665 1441 802 1511 lapsi
844 1438 1078 1494 hominis
1122 1435 1190 1490 ad
1234 1432 1487 1489 inferiora
1533 1428 1882 1498 descendere,
1929 1428 2068 1483 sicut

429 1586 431 1588 .
480 1533 598 1602 ipse
643 1537 891 1594 testatur,
923 1528 1107 1582 dicens
1139 1542 1152 1578 :
1179 1523 1436 1578 Descendi
1480 1522 1544 1576 de
1580 1521 1744 1589 caelis,
1774 1535 1878 1573 non
1905 1528 1962 1572 ut
1986 1519 2070 1589 fa-

482 1622 618 1675 ciam
655 1620 964 1674 voluntatem
1005 1631 1202 1683 meam,
1235 1612 1325 1667 sed
1371 1611 1685 1666 voluntatem
1724 1609 1836 1680 ejus
1877 1608 1963 1680 qui
1989 1622 2071 1661 me

481 1711 626 1765 misit
656 1719 682 1747 ι
713 1707 890 1762 Patris
915 1704 1093 1776 (Joan.
1136 1719 1211 1772 v1,
1241 1701 1356 1772 58).
1388 1700 1542 1756 Hunc
1577 1697 1797 1768 quidam
1823 1697 1920 1766 (al.
1951 1693 2072 1764 qui-

2151 522 2334 569 natum
2356 513 2576 568 minime
2591 503 2959 568 crederemus.
2977 511 3052 566 Dc
3071 510 3184 566 Deo
3200 511 3342 567 Deus
3363 513 3542 583 potuit
3563 517 3734 585 nasci,

2152 607 2248 665 sed
2269 608 2563 663 immensus
2581 607 2651 660 ab
2665 605 2929 662 immenso
2945 621 3052 660 non
3068 605 3245 675 potuit
3266 608 3557 678 segregari.
3571 607 3741 665 Natus

2153 702 2299 758 enim
2327 701 2552 766 exstitit,
2600 713 2711 755 non
2738 698 2996 754 abscessit
3028 715 3041 751 :
3074 697 3197 754 talis
3241 706 3324 755 est
3359 701 3502 755 enim
3547 702 3636 756 illa
3665 703 3745 758 di-

2152 794 2280 850 vina
2303 790 2780 860 inenarrabilisque
2806 789 3078 854 nativitas,
3107 799 3168 846 ut
3185 803 3348 861 quem
3377 789 3537 848 Pater
3557 796 3744 864 genuit

2158 890 2227 941 eX
2251 886 2337 953 se',
2367 885 2593 940 haberet
2619 883 2674 938 in
2705 897 2783 939 se.
2815 881 2968 939 Hanc
2995 881 3120 938 fidei
3147 883 3390 954 regulam
3418 901 3517 956 per
3549 885 3742 942 Isaiam

2161 975 2318 1032 nobis
2344 976 2524 1031 unitas
2551 975 2718 1045 ipsius
2743 988 2885 1030 vera:
2914 973 3208 1031 divinitatis
3254 976 3510 1045 ostendit,
3537 994 3746 1035 memo-

2159 1075 2281 1124 rato
2320 1067 2584 1138 propheta
2613 1065 2830 1122 dicente
2861 1084 2877 1119 :
2905 1064 3164 1131 Quoniam
3207 1067 3266 1122 in
3293 1077 3343 1123 te
3377 1079 3455 1124 est
3497 1069 3658 1137 Deus,
3697 1081 3748 1126 et

2161 1177 2267 1216 non
2288 1167 2363 1215 est
2381 1159 2523 1214 Deus
2549 1168 2737 1229 praeter
2763 1167 2833 1214 te.
2859 1158 2942 1213 'I'u
2968 1162 3105 1215 enim
3134 1177 3189 1216 es
3217 1159 3379 1229 Deus,
3408 1171 3460 1217 et
3483 1166 3750 1219 nescieba-

2163 1267 2310 1316 mus,
2344 1249 2484 1304 Deus
2511 1247 2684 1304 Israel
2727 1248 2989 1306 Salvator.
3041 1249 3356 1308 Erubescent
3393 1262 3442 1309 et
3485 1256 3750 1326 pudebunt

2166 1355 2341 1396 omnes
2381 1341 2470 1418 qui
2525 1340 2864 1396 adversantur
2903 1342 2972 1408 ei,
3017 1350 3068 1396 et
3103 1342 3249 1398 ibunt
3293 1359 3410 1399 cum
3448 1349 3752 1418 confusione

2169 1431 2327 1505 (Isai.
2351 1431 2581 1500 XLv,l6,
2614 1431 2722 1504 l7).
2753 1431 2852 1498 Qui
2883 1439 3062 1489 autem
3084 1433 3222 1490 Filio
3247 1427 3344 1492 Dei
3375 1437 3749 1510 adversantur,

2170 1523 2272 1578 nisi
2295 1523 2386 1592 qui
2413 1522 2631 1578 Patrem
2674 1523 2731 1578 iu
2757 1524 2892 1593 ipso,
2923 1531 2979 1579 et
3005 1525 3178 1594 ipsum
3212 1527 3266 1581 in
3305 1526 3486 1600 Patre,
3507 1546 3605 1601 per
3628 1534 3752 1588 uni-

2170 1624 2336 1671 tatem
2363 1615 2664 1671 naturalem
2687 1616 2954 1684 denegant
2990 1632 3129 1684 esse,
3157 1626 3320 1687 atque
3347 1619 3561 1677 Patrem
3591 1631 3646 1678 et
3663 1622 3754 1679 Fi-

2172 1706 2304 1761 lium
2331 1721 2430 1776 per
2465 1705 2766 1760 naturalem
2799 1705 3164 1762 diversitatem
3193 1709 3394 1765 audent
3427 1711 3645 1781 perﬁda:
3673 1715 3755 1768 in-

483 1800 652 1869 dem).
688 1813 809 1853 cum
849 1795 1074 1860 audiunt
1107 1791 1466 1856 descendisse.
1515 1787 1918 1845 descensionem
1956 1786 2074 1855 eius
2102 1798 2152 1858 B
2176 1798 2446 1854 ﬁdelitatis
2472 1797 2604 1853 vitio
2634 1800 2931 1868 separare?
2955 1797 3048 1854 Sic
3073 1807 3159 1854 est
3183 1800 3327 1856 enim
3357 1800 3518 1859 Pater
3535 1806 3589 1860 iu
3618 1805 3758 1860 Filio

486 1887 756 1945 afﬁrmare
794 1888 1038 1942 nituntur
1074 1883 1324 1950 localem,
1364 1881 1491 1951 quia
1519 1881 1765 1936 nesciunt
1792 1878 1907 1944 Dei,
1936 1877 2078 1933 sicut

489 1988 733 2052 oportet,
763 1975 1112 2034 considerare
1138 1974 1420 2039 virtutem,
1449 1986 1552 2027 nec
1575 1970 1758 2041 valent
1784 1981 2077 2038 agnoscere

479 2074 571 2128 'sic
595 2086 695 2142 pro
724 2070 940 2126 homine
976 2067 1147 2122 Deum
1179 2065 1453 2122 hominem
1490 2062 1711 2128 factum,
1746 2069 1807 2115 ut
1855 2068 2078 2129 accepta

493 2163 727 2218 hominis
768 2161 942 2216 forma
975 2165 1222 2213 maneret
1259 2155 1609 2213 immutabilis
1632 2154 1811 2209 divina
1832 2153 2080 2208 substan-

417 2281 424 2287 -
493 2254 570 2308 tia
595 2271 610 2320 ;
639 2267 740 2307 nec
767 2252 847 2306 sic
874 2249 1180 2318 intelligunt
1216 2246 1586 2318 temporaliter
1611 2253 1819 2310 natum,
1859 2251 1920 2298 ut
1939 2257 2082 2298 sem-

494 2359 592 2415 per
621 2344 783 2398 fuisse
822 2349 1042 2398 teneant
1089 2339 1495 2410 sempiternum.
1535 2336 1602 2391 Hi
1646 2343 1771 2400 sunt
1797 2336 1889 2405 qui
1915 2335 2080 2390 etiam

496 2435 842 2491 considerare
882 2437 1235 2489 contemnunt
1275 2430 1510 2499 qualiter
1547 2428 1920 2495 descenderit,
1959 2441 2082 2482 cum

497 2532 874 2597 perseveraret
915 2524 1228 2602 immensus,
1267 2518 1354 2574 vel
1389 2518 1622 2588 qualiter
1657 2517 1966 2573 humiliatus
1990 2515 2082 2584 sit,

497 2618 592 2687 qui
619 2623 864 2670 maneret
890 2613 1199 2668 altissimus.
1230 2608 1288 2664 Si
1315 2611 1458 2666 enim
1495 2609 1611 2679 ejus
1654 2616 1845 2662 natura
1875 2621 2086 2676 quaera-

497 2697 606 2773 tur,
651 2715 731 2762 est
787 2704 1143 2762 essentialiter
1175 2701 1348 2768 Deus,
1378 2700 1504 2770 quia
1557 2699 1625 2754 In
1671 2699 1926 2769 principio
1971 2705 2086 2752 erat

507 2799 751 2869 Verbum,
779 2809 830 2854 et
866 2798 1088 2853 Verbum
1137 2807 1250 2853 erat
1295 2796 1435 2868 apud
1477 2794 1664 2861 Deum,
1709 2803 1760 2848 et
1805 2793 1945 2848 Deus
1973 2801 2086 2847 erat

508 2889 748 2946 Verbum.
803 2889 896 2945 Est
940 2891 1102 2945 etiam
1150 2889 1506 2958 sempiternus
1525 2925 1542 2952 ,
1596 2885 1722 2955 quia
1776 2885 2086 2954 sempiterna

500 2981 604 3038 Dei
631 2984 787 3036 virtus
816 2990 916 3046 est,
950 2991 1102 3052 atque
1137 2980 1384 3035 divinitas
1413 2975 1592 3048 (Rom.
1632 2992 1680 3042 ι,
1713 2974 1828 3044 20).
1858 2974 1954 3030 Est
1982 2975 2085 3029 im-

500 3088 750 3139 mensus,
765 3073 891 3142 quia
917 3073 984 3127 de
1029 3073 1148 3142 ipso
1182 3069 1444 3126 Jeremias
1465 3070 1592 3125 dicit
1623 3067 1884 3140 :Magnus
1912 3077 2008 3133 est,
2037 3075 2088 3122 et

2177 1891 2316 1946 sicut
2351 1896 2436 1943 est
2481 1887 2648 1943 Filius
2683 1887 2740 1941 in
2783 1886 2976 1954 Patre;
3025 1889 3203 1945 unitas
3255 1891 3328 1946 ibi
3378 1895 3637 1950 naturalis
3680 1897 3760 1952 sic

2178 1980 2440 2051 aequalem
2478 1979 2815 2035 demonstrat
2859 1989 3165 2051 utrumque,
3216 1989 3275 2038 ut
3327 1983 3619 2042 immensus
3657 1988 3762 2042 im-

2181 2085 2426 2128 mensum
2451 2069 2726 2139 gigneret,
2754 2076 2812 2123 et
2845 2069 3139 2128 immensus
3165 2086 3234 2128 ex
3259 2074 3520 2133 immenso
3545 2079 3762 2149 genitus

2181 2161 2557 2218 immensitatis
2582 2169 2820 2232 paternae
2844 2161 2978 2218 nihil
3003 2165 3181 2220 minus
3206 2165 3449 2224 haberet.

2380 2253 2562 2310 CAPUT
2592 2271 2665 2310 tv.
2693 2254 2858 2310 Pater
2882 2273 2974 2328 per
2999 2255 3049 2310 F
3050 2259 3196 2313 ilium
3222 2262 3400 2315 omnia
3419 2263 3559 2334 fecit.

2255 2347 2468 2415 Qumso,
2497 2354 2753 2425 regnator
2775 2348 2992 2420 inclyte,
3041 2365 3112 2407 ne
3157 2351 3260 2408 ista
3301 2368 3421 2422 quae
3439 2348 3516 2411 de
3545 2357 3656 2413 Deo
3684 2359 3764 2415 lo~

2185 2440 2400 2510 quimur
2431 2439 2788 2510 corporaliter
2833 2441 3114 2498 existimes
3163 2445 3465 2516 cogitanda.
3511 2435 3766 2521 Superat,

2186 2527 2280 2598 qui
2302 2526 2448 2592 fecit,
2479 2534 2673 2582 cuncta
2701 2543 2820 2598 qua
2863 2528 3007 2585 fecit.
3039 2529 3204 2601 Cujus
3234 2541 3319 2588 est
3348 2535 3768 2595 substantialiter

2187 2617 2306 2673 sine
2331 2616 2486 2672 initio
2524 2631 2674 2684 esse,
2706 2618 2874 2675 solius
2895 2629 2980 2674 est
3005 2620 3432 2681 substantialiter
3458 2627 3575 2684 sine
3612 2630 3768 2688 initio

2188 2705 2436 2776 genuisse
2467 2721 2482 2771 ;
2521 2705 2673 2775 cujus
2717 2715 2802 2763 est
2837 2723 2937 2779 per
2984 2709 3308 2769 inell'abilem
3353 2716 3768 2776 immensitatem

2193 2803 2364 2850 totum
2392 2795 2616 2866 implere
2641 2796 2785 2866 quod
2821 2795 2976 2868 fecit,
3001 2799 3120 2869 ejus
3143 2810 3228 2857 est
3260 2817 3360 2873 per
3383 2806 3642 2863 unitatem
3672 2823 3770 2864 na-

2191 2894 2324 2940 tura:
2353 2893 2526 2942 totum
2549 2884 2686 2942 Filio
2709 2888 2902 2954 inesse,
2942 2895 3000 2944 et
3027 2897 3201 2945 totum
3237 2890 3432 2948 Filium
3461 2895 3514 2949 in
3544 2910 3604 2952 se
3623 2911 3770 2952 sem-

2190 2993 2290 3049 per
2317 2977 2538 3043 habere,
2579 2991 2742 3047 quem
2769 2979 2970 3048 genuit.
3021 2977 3078 3034 Si
3117 2995 3225 3037 non
3252 2983 3430 3038 omnia
3458 2983 3622 3041 Filius
3649 3003 3772 3045 cum

2195 3065 2358 3123 Patre
2384 3067 2668 3138 disposuit,
2700 3081 2809 3123 non
2857 3077 2940 3125 est
2983 3069 3268 3140 sapientia,
3309 3087 3430 3142 quae
3450 3075 3614 3132 dicit:
3644 3075 3772 3134 Cum

502 3181 609 3220 non
632 3164 782 3218 habet
810 3164 986 3234 ﬁnem,
1009 3163 1240 3217 excelsus
1277 3169 1329 3215 et
1360 3161 1642 3215 immensus
1673 3158 1823 3230 (Bar.
1863 3174 1938 3224 ιιι,
1967 3157 2086 3230 25).
2118 3177 2165 3241 C
2197 3168 2407 3228 pararet
2428 3160 2630 3226 emtum,
2654 3158 2865 3214 aderam
2904 3160 3003 3227 illi,
3032 3171 3082 3216 et
3109 3179 3226 3216 cum
3263 3166 3567 3237 segregabat
3601 3169 3775 3225 sedem

503 3253 575 3312 Et
595 3255 754 3326 paulo
783 3263 926 3325 post,
959 3263 1019 3309 ut
1047 3254 1164 3310 haec
1184 3253 1252 3309 de
1275 3252 1413 3308 Filio
1433 3268 1494 3309 se
1523 3252 1722 3308 dixisse
1747 3251 2089 3307 demonstra-

505 3356 614 3417 ret,
657 3347 899 3417 adjecit:
931 3347 1036 3402 Hic
1073 3346 1219 3402 Deus
1264 3353 1476 3413 noster,
1521 3355 1572 3400 et
1613 3360 1718 3398 non
1753 3343 2094 3399 wstimabitur

506 3441 643 3496 alius
667 3440 736 3492 ad
763 3456 901 3493 eum.
940 3439 1217 3494 Adinvenit
1268 3453 1471 3492 omnem
1521 3438 1657 3491 uiam
1693 3436 2002 3504 disciplinae,
2042 3441 2093 3488 et

507 3531 651 3586 dedit
672 3546 787 3585 eam
807 3528 973 3584 Iacob
997 3545 1155 3600 puero
1179 3544 1294 3595 suo,
1324 3536 1373 3582 et
1397 3526 1568 3582 Israel
1587 3527 1772 3581 dilecto
1791 3542 1902 3580 suo.
1926 3523 2097 3580 l*Post

510 3620 619 3676 hcc
645 3621 714 3679 in,
737 3621 889 3674 terris
932 3620 1070 3674 uisus
1103 3625 1203 3684 est,
1233 3627 1284 3672 et
1311 3633 1429 3671 cum
1454 3615 1743 3671 hominibus
1769 3624 2097 3670 conversatus

511 3724 586 3770 est
631 3713 819 3788 (Ibid.,
863 3713 954 3781 36,
983 3712 1074 3782 57,
1105 3713 1216 3784 58).
1267 3711 1598 3768 Altissimum
1651 3726 1782 3766 vero
1828 3711 1948 3781 quis
1998 3725 2100 3764 au-

513 3807 638 3861 deat
658 3805 754 3858 Dei
782 3804 974 3859 Filium
1001 3803 1313 3871 denegare?
1351 3801 1418 3856 de
1445 3817 1554 3871 quo
1582 3800 1751 3856 David
1775 3801 1906 3856 dicit
1930 3817 1946 3854 :
1976 3799 2098 3855 Ma-

515 3905 592 3950 ter
620 3896 751 3950 Sion
785 3905 808 3933 ε
840 3895 974 3948 dicet
1001 3910 1020 3946 :
1047 3893 1240 3958 Homo,
1277 3901 1328 3946 et
1356 3893 1504 3947 homo
1534 3894 1703 3964 factus
1731 3901 1808 3946 est
1834 3893 1891 3946 in
1928 3907 2014 3959 ea,
2049 3901 2102 3946 et

515 3990 626 4058 ipse
655 3987 1019 4058 fundauitjeam
1036 3986 1330 4039 Altissimus
1352 3984 1522 4054 (Psal.
1543 4001 1755 4052 ιχιινι,
1789 3982 1864 4055 5).
1894 3983 1973 4040 De
1991 3997 2100 4054 quo
2129 4007 2138 4017 ·

518 4077 684 4134 etiam
705 4075 1016 4143 Zacharias,
1042 4083 1300 4131 nascente
1344 4075 1571 4140 Joanne,
1601 4075 1678 4131 sic
1701 4074 1954 4145 praedicat
1986 4091 2000 4128 :
2032 4071 2102 4128 Et

521 4180 604 4234 tu,
637 4185 781 4240 puer,
813 4167 1061 4239 propheta
1097 4168 1352 4222 Altissimi
1383 4167 1670 4233 vocaberis,
1713 4166 1920 4237 prteibis
1964 4169 2103 4221 enim

522 4269 641 4316 ante
667 4261 852 4332 faciem
871 4258 1103 4326 Domini,
1127 4257 1154 4297 ἀ
1182 4277 1371 4330 parare
1396 4261 1506 4316 uias
1527 4261 1638 4331 ejus
1662 4259 1810 4330 (Luc.
1843 4275 1880 4323 ι,
1905 4257 2014 4328 76).
2043 4256 2103 4313 Si

522 4366 651 4422 ergo
673 4352 896 4408 docetur
913 4365 1032 4407 esse
1058 4351 1372 4406 naturaliter
1398 4351 1561 4416 Deus,
1583 4351 1628 4405 si
1657 4351 1966 4415 immensus,
1991 4349 2098 4419 91

488 4447 569 4502 ‘si
610 4445 919 4511 altissimus,
949 4446 996 4500 si
1025 4453 1109 4499 est
1143 4445 1306 4499 etiam
1333 4445 1711 4514 sempiternus,
1739 4442 1948 4497 dicatur
1974 4439 2103 4510 quid

2193 3270 2342 3308 suam
2369 3269 2521 3324 super
2534 3263 2710 3308 ventos
2731 3270 2750 3309 :
2771 3256 2978 3327 quando
3014 3259 3176 3328 fortes
3197 3260 3422 3330 faciebat
3446 3278 3650 3319 sursum
3678 3281 3775 3318 nu-

2195 3343 2302 3410 bes,
2342 3352 2391 3399 et
2427 3360 2541 3398 eum
2579 3343 2789 3398 stabiles
2825 3345 3046 3414 ponebat
3086 3349 3252 3417 fontes
3299 3350 3391 3402 sub
3435 3353 3562 3407 creto
3590 3353 3771 3424 (Prov.

2193 3442 2305 3501 vin,
2336 3433 2429 3503 28,
2457 3432 2549 3505 29)
2575 3451 2589 3500 ;
2619 3442 2675 3489 et
2702 3433 2921 3489 inferius
2947 3451 2962 3488 :
2986 3431 3206 3499 Quando
3231 3439 3387 3508 fortia
3407 3441 3628 3509 faciebat
3652 3446 3778 3514 [ειη-

2197 3525 2442 3580 damento
2481 3534 2658 3592 terrae,
2700 3541 2842 3579 eram
2865 3526 3017 3595 apud
3051 3543 3169 3581 eum
3206 3528 3502 3599 disponens.
3542 3533 3696 3599 Quod
3725 3537 3774 3590 si

2196 3617 2458 3688 sapientia
2486 3616 2632 3672 Patri
2671 3626 2940 3674 coaeterna
2978 3634 3088 3674 non
3135 3619 3398 3688 creditur,
3438 3638 3656 3681 necesse
3690 3637 3780 3684 est

2199 3718 2259 3766 ut
2284 3712 2446 3766 etiam
2475 3711 2618 3766 Deus
2645 3711 2700 3765 in
2733 3709 3089 3781 dispositione
3137 3721 3312 3784 cepta
3339 3715 3611 3772 mutabilis
3637 3734 3780 3788 pra:-

2200 3805 2427 3866 dieetur.
2459 3803 2518 3859 Si
2547 3818 2656 3859 non
2680 3813 2874 3860 cuncta
2901 3805 3030 3860 fecit
3053 3803 3240 3870 Filius,
3269 3820 3369 3862 nec
3395 3807 3566 3864 virtus
3585 3810 3781 3867 debeat

2202 3897 2493 3968 appellari,
2523 3912 2625 3952 nec
2651 3911 2861 3951 manus.
2901 3894 2970 3949 Et
3015 3895 3108 3952 ubi
3125 3896 3220 3953 est
3249 3897 3396 3967 quod
3421 3913 3520 3969 per
3545 3903 3781 3972 prophe-

2203 3998 2314 4044 tam
2339 3990 2531 4044 dicitur
2562 3987 2792 4041 :Cwlum
2817 3986 2946 4040 mihi
2985 3987 3130 4041 sedes
3164 3999 3262 4052 est,
3293 3997 3434 4044 terra
3471 3999 3639 4045 autem
3664 4009 3781 4046 sca-

2204 4081 2390 4135 bellum
2440 4079 2626 4149 pedum
2671 4093 2900 4131 meorum
2931 4092 2950 4130 :
2994 4092 3150 4148 quam
3201 4077 3410 4132 domum
3456 4083 3783 4152 wdiﬁcabitis

2204 4171 2330 4224 mihi
2367 4169 2491 4224 dicit
2539 4166 2834 4222 Dominus?
2859 4175 2950 4220 aut
2989 4167 3102 4238 quis
3147 4176 3226 4222 est
3278 4169 3420 4230 locus
3455 4175 3783 4243 requietionis

2204 4260 2368 4315 mete?
2388 4257 2580 4312 Nonne
2606 4273 2790 4312 manus
2816 4273 2929 4310 mea
2956 4258 3075 4327 fecit
3099 4257 3209 4312 lucc
3245 4261 3420 4313 omnia
3448 4259 3603 4331 (Isai.
3635 4280 3784 4334 val,

2205 4349 2257 4417 1,
2287 4348 2382 4420 2)?
2429 4347 2564 4406 Nam
2608 4356 2664 4404 et
2696 4347 3024 4417 evangelista
3066 4344 3197 4403 dicit
3227 4366 3240 4400 :
3276 4346 3464 4404 Omnia
3497 4367 3590 4421 per
3614 4355 3786 4424 ipsum

2207 4445 2350 4514 facta
2372 4449 2511 4508 sunt,
2540 4450 2592 4496 et
2617 4442 2729 4496 sine
2766 4441 2879 4510 ipso
2919 4441 3113 4510 factum
3151 4448 3228 4494 est
3267 4441 3398 4496 nihil
3421 4443 3600 4515 (Joan.
3629 4462 3667 4512 ι,
3699 4447 3780 4519 5).

523 4538 714 4592 melius
742 4538 874 4605 Deo,
904 4537 1034 4608 quid
1060 4537 1234 4607 majus
1261 4538 1556 4606 immenso,
1577 4536 1707 4605 quid
1743 4535 1990 4606 superius
2025 4533 2105 4588 al-
2127 4547 2186 4610 1)
2207 4532 2265 4589 Si
2294 4542 2317 4572 ο
2346 4531 2541 4588 alicubi
2586 4530 2736 4586 deest
2771 4529 2953 4594 Filius,
2992 4530 3282 4585 immensus
3320 4546 3428 4586 non
3465 4541 3576 4599 est;
3601 4535 3646 4590 si
3677 4551 3788 4592 non

524 4628 751 4692 tissime,
781 4628 910 4698 quid
945 4629 1183 4684 anterius
1220 4628 1595 4698 sempiterno?
1622 4626 1764 4682 Deus
1804 4625 1966 4694 igitur
1992 4639 2102 4680 non

503 4709 798 4788 discrepat
823 4733 854 4771 a
882 4715 1061 4783 Patre,
1091 4717 1382 4773 immensus
1407 4732 1516 4772 non
1544 4723 1695 4772 caret
1731 4712 1906 4770 Patris
1931 4727 2106 4790 aequa-

526 4808 700 4876 litate,
752 4823 855 4863 nec
901 4807 1216 4862 celsitudine
1259 4807 1501 4876 privatur
1539 4805 1848 4872 altissimus,
1897 4818 2000 4860 nec
2023 4810 2106 4858 est

526 4898 736 4977 origine
762 4899 1033 4968 posterior
1064 4899 1440 4968 sempiternus.
1471 4896 1604 4952 Nam
1628 4896 1754 4964 quia
1782 4895 1839 4949 in
1861 4894 1973 4949 Deo
1999 4893 2103 4949 Pa-

527 4995 612 5042 tre
633 4988 765 5042 nihil
792 4997 972 5058 potest
995 5004 1112 5045 esse
1131 4987 1404 5053 mutabile,
1427 5001 1496 5042 eX
1515 4987 1627 5040 Deo
1649 4994 1806 5040 natus
1825 4990 1909 5039 est
1928 4983 2100 5050 Deus;

528 5077 654 5148 quia
687 5078 817 5131 nihil
845 5078 1037 5148 locale,
1083 5096 1152 5136 eX
1196 5079 1456 5134 immenso
1493 5077 1756 5146 processit
1785 5075 2107 5141 immensus;

528 5168 657 5238 quia
687 5169 741 5222 in
771 5168 882 5224 Deo
907 5170 1107 5224 humile
1149 5169 1349 5238 aliquid
1385 5184 1494 5224 non
1543 5174 1645 5232 est,
1679 5165 1994 5220 altissimum
2022 5177 2109 5234 ge-

487 5290 497 5298 ε
528 5261 740 5316 neravit
768 5261 1084 5327 altissimus;
1114 5271 1168 5316 et
1191 5263 1315 5330 quia
1344 5261 1606 5317 initiatum
1634 5258 1765 5314 nihil
1795 5257 1847 5312 in
1875 5258 1986 5312 Deo
2015 5273 2109 5328 po-

531 5351 659 5408 terit
704 5352 966 5422 reperiri,
1022 5351 1404 5421 sempiternum
1457 5350 1680 5422 protulit
1729 5349 2103 5419 sempiternus.

531 5438 821 5498 Generatio
849 5444 939 5498 illa
959 5458 1070 5498 non
1097 5442 1326 5511 aliquam
1348 5444 1442 5514 (at.
1473 5442 1694 5514 nullam)
1715 5441 2107 5510 separationem

531 5526 708 5588 Patris
745 5532 968 5602 Filiique
1004 5534 1339 5596 monstravit,
1375 5532 1470 5588 sed
1507 5547 1746 5590 errorem
1779 5530 2106 5588 confusionis

603 5659 633 5690 ιι
663 5650 761 5705 Ms.
785 5651 971 5714 Corb.,
995 5649 1175 5704 Pater.
1263 5657 1266 5664 ‘

601 5719 631 5760 δ
651 5719 811 5784 Editi,
835 5719 1027 5776 Colon.
1054 5728 1111 5774 et
1138 5721 1284 5782 Ant.,
1318 5717 1561 5774 Post/iac.

610 5800 631 5832 ε
657 5789 851 5848 Colon.
878 5799 935 5845 et
960 5789 1144 5858 Basil.,
1173 5789 1315 5842 dicit.

2209 4643 2330 4684 eum
2359 4627 2468 4697 92
2504 4623 2664 4679 Pater
2700 4621 2865 4678 corde
2902 4623 3151 4688 ructavit,
3190 4621 3422 4679 Verbum
3469 4641 3579 4682 non
3625 4627 3791 4684 debet

2209 4719 2316 4775 dici
2338 4736 2355 4786 ;
2381 4719 2427 4774 si
2452 4717 2521 4773 de
2547 4725 2704 4772 utero
2724 4712 2919 4780 Patris,
2947 4713 3052 4770 hoc
3075 4722 3157 4770 est
3179 4714 3248 4771 de
3274 4716 3569 4773 substantia
3589 4718 3788 4790 Patris,

2209 4825 2321 4865 non
2363 4817 2448 4866 est
2489 4808 2721 4878 genitus,
2770 4804 2904 4862 falso
2933 4803 3100 4877 (quod
3138 4805 3300 4876 absit)
3356 4807 3573 4862 nomine
3598 4802 3789 4867 'verus

2212 4899 2356 4956 Deus
2381 4899 2605 4963 dicitur,
2644 4896 2712 4952 de
2755 4911 2862 4966 quo
2912 4901 3142 4951 testatur
3177 4893 3408 4952 Joannes
3433 4898 3556 4966 quia
3593 4899 3675 4952 hic
3712 4909 3793 4953 est

2211 5005 2359 5044 verus
2385 4988 2548 5057 Deus,
2581 4997 2632 5042 et
2666 4989 2770 5042 vita
2807 4995 2999 5042 (eterna
3029 4985 3083 5057 (1
3107 4985 3266 5041 Joan.
3297 5003 3352 5055 v,
3389 4987 3501 5057 20).
3543 4987 3609 5043 In
3638 4993 3793 5062 priu-

2211 5080 2344 5146 cipio
2398 5093 2613 5148 quoque
2661 5085 2771 5132 erat
2830 5075 3080 5142 Verbum,
3131 5083 3182 5128 et
3227 5074 3448 5131 Verbum
3492 5089 3604 5132 erat
3650 5081 3792 5150 apud

2209 5167 2396 5231 Deum,
2427 5177 2477 5222 et
2498 5167 2638 5222 Deus
2658 5175 2769 5222 erat
2798 5165 3041 5221 Verbum.
3067 5161 3169 5220 Hic
3188 5168 3582 5237 sempiternitas
3608 5177 3791 5226 osten-

2209 5260 2374 5328 ditur,
2416 5260 2506 5316 hic
2547 5251 3213 5334 immensitasginvenitur,
3239 5253 3326 5314 hic
3349 5255 3660 5316 "essentialis
3692 5279 3791 5318 na-

2213 5355 2702 5409 tura‘monstratur.
2732 5352 2866 5407 Nam
2902 5351 3045 5420 quod
3083 5352 3140 5404 in
3165 5353 3442 5423 “principio
3474 5366 3606 5422 erat,
3655 5371 3793 5412 nun-

2213 5458 2376 5513 quam
2418 5460 2526 5500 non
2571 5453 2724 5509 erat,
2753 5442 2878 5512 quia
2904 5456 3118 5512 semper
3144 5451 3292 5509 erat;
3320 5445 3462 5513 quod
3495 5460 3624 5500 vero
3653 5448 3794 5518 apud

2213 5531 2381 5589 Deum
2423 5543 2556 5594 erat.
2607 5534 2781 5590 locale
2823 5549 2929 5589 non
2971 5540 3108 5600 erat,
3152 5533 3248 5590 sed
3289 5534 3605 5593 immensum
3651 5545 3789 5605 erat,

2281 5651 2308 5690 ά
2334 5652 2432 5708 Ms.
2464 5651 2649 5718 Corb.,
2679 5666 2992 5722 praeparare.

2287 5731 2310 5760 ε
2339 5722 2476 5781 Editi
2527 5723 2704 5779 alicui.
