  <div class='ocr_page' id='page_1' title='image "/cluster/home/n/w/nwhite01/storage/ocr_20150623/65/hvd.32044054128558/130.png"; bbox 0 0 4026 6336; ppageno 0'>
   <div class='ocr_carea' id='block_1_1' title="bbox 245 331 361 392">
    <p class='ocr_par' dir='ltr' id='par_1_1' title="bbox 245 331 361 392">
     <span class='ocr_line' id='line_1_1' title="bbox 245 331 361 392; baseline 0 0"><span class='ocrx_word' id='word_1_1' title='bbox 245 331 361 392; x_wconf 64' lang='grc'><strong>249</strong></span> 
     </span>
    </p>
   </div>
   <div class='ocr_carea' id='block_1_2' title="bbox 1425 290 2307 397">
    <p class='ocr_par' dir='ltr' id='par_1_2' title="bbox 1425 290 2307 397">
     <span class='ocr_line' id='line_1_2' title="bbox 1425 290 2307 397; baseline 0.007 -6"><span class='ocrx_word' id='word_1_2' title='bbox 1425 339 1512 392; x_wconf 78' lang='lat' dir='ltr'><strong>AD</strong></span> <span class='ocrx_word' id='word_1_3' title='bbox 1549 290 2207 396; x_wconf 41' lang='lat' dir='ltr'><strong>TRASIMUNDUM‘LIB.</strong></span> <span class='ocrx_word' id='word_1_4' title='bbox 2247 341 2307 397; x_wconf 80' lang='grc' dir='ltr'><strong>ιι.</strong></span> 
     </span>
    </p>
   </div>
   <div class='ocr_carea' id='block_1_3' title="bbox 3409 340 3512 403">
    <p class='ocr_par' dir='ltr' id='par_1_3' title="bbox 3409 340 3512 403">
     <span class='ocr_line' id='line_1_3' title="bbox 3409 340 3512 403; baseline 0.01 -1"><span class='ocrx_word' id='word_1_5' title='bbox 3409 340 3512 403; x_wconf 70' lang='grc'><strong>250</strong></span> 
     </span>
    </p>
   </div>
   <div class='ocr_carea' id='block_1_4' title="bbox 240 445 3511 528">
    <p class='ocr_par' dir='ltr' id='par_1_4' title="bbox 240 445 3511 528">
     <span class='ocr_line' id='line_1_4' title="bbox 240 445 3511 528; baseline 0.003 -26"><span class='ocrx_word' id='word_1_6' title='bbox 240 449 378 518; x_wconf 83' lang='lat' dir='ltr'><strong>quia</strong></span> <span class='ocrx_word' id='word_1_7' title='bbox 406 460 534 502; x_wconf 89' lang='lat' dir='ltr'><strong>cum</strong></span> <span class='ocrx_word' id='word_1_8' title='bbox 558 445 702 503; x_wconf 87' lang='lat' dir='ltr'><strong>Deus</strong></span> <span class='ocrx_word' id='word_1_9' title='bbox 738 445 926 503; x_wconf 89' lang='lat' dir='ltr'><strong>localis</strong></span> <span class='ocrx_word' id='word_1_10' title='bbox 953 461 1060 503; x_wconf 92' lang='lat' dir='ltr'><strong>non</strong></span> <span class='ocrx_word' id='word_1_11' title='bbox 1095 446 1181 514; x_wconf 92' lang='lat' dir='ltr'><strong>sit,</strong></span> <span class='ocrx_word' id='word_1_12' title='bbox 1229 448 1481 516; x_wconf 80' lang='lat' dir='ltr'><strong>Verbum,</strong></span> <span class='ocrx_word' id='word_1_13' title='bbox 1514 452 1659 520; x_wconf 83' lang='lat' dir='ltr'><strong>quod</strong></span> <span class='ocrx_word' id='word_1_14' title='bbox 1692 454 1832 524; x_wconf 86' lang='lat' dir='ltr'><strong>apud</strong></span> <span class='ocrx_word' id='word_1_15' title='bbox 1860 464 1910 520; x_wconf 79' lang='grc' dir='ltr'>Α</span> <span class='ocrx_word' id='word_1_16' title='bbox 1933 463 2022 524; x_wconf 84' lang='lat' dir='ltr'><strong>get</strong></span> <span class='ocrx_word' id='word_1_17' title='bbox 2041 465 2314 521; x_wconf 65' lang='lat' dir='ltr'><strong>aeternam,</strong></span> <span class='ocrx_word' id='word_1_18' title='bbox 2344 457 2586 526; x_wconf 79' lang='lat' dir='ltr'><strong>quisquis</strong></span> <span class='ocrx_word' id='word_1_19' title='bbox 2612 457 2801 512; x_wconf 76' lang='lat' dir='ltr'><strong>asserit</strong></span> <span class='ocrx_word' id='word_1_20' title='bbox 2825 456 3144 512; x_wconf 73' lang='lat' dir='ltr'><strong>defuturam.</strong></span> <span class='ocrx_word' id='word_1_21' title='bbox 3177 457 3244 511; x_wconf 76' lang='lat' dir='ltr'><strong>At</strong></span> <span class='ocrx_word' id='word_1_22' title='bbox 3282 459 3393 528; x_wconf 88' lang='lat' dir='ltr'><strong>ipse</strong></span> <span class='ocrx_word' id='word_1_23' title='bbox 3418 461 3511 528; x_wconf 86' lang='lat' dir='ltr'><strong>qui</strong></span> 
     </span>
    </p>
   </div>
   <div class='ocr_carea' id='block_1_5' title="bbox 243 537 1837 609">
    <p class='ocr_par' dir='ltr' id='par_1_5' title="bbox 243 537 1837 609">
     <span class='ocr_line' id='line_1_5' title="bbox 243 537 1837 609; baseline 0.003 -17"><span class='ocrx_word' id='word_1_24' title='bbox 243 537 418 592; x_wconf 74' lang='lat' dir='ltr'><strong>Deum</strong></span> <span class='ocrx_word' id='word_1_25' title='bbox 446 548 580 604; x_wconf 87' lang='lat' dir='ltr'><strong>erat,</strong></span> <span class='ocrx_word' id='word_1_26' title='bbox 625 539 680 591; x_wconf 93' lang='lat' dir='ltr'><strong>in</strong></span> <span class='ocrx_word' id='word_1_27' title='bbox 728 537 850 592; x_wconf 89' lang='lat' dir='ltr'><strong>loco</strong></span> <span class='ocrx_word' id='word_1_28' title='bbox 880 554 990 593; x_wconf 92' lang='lat' dir='ltr'><strong>non</strong></span> <span class='ocrx_word' id='word_1_29' title='bbox 1018 547 1164 606; x_wconf 86' lang='lat' dir='ltr'><strong>erat;</strong></span> <span class='ocrx_word' id='word_1_30' title='bbox 1205 540 1366 609; x_wconf 65' lang='lat' dir='ltr'><strong>quod&quot;</strong></span> <span class='ocrx_word' id='word_1_31' title='bbox 1396 549 1574 596; x_wconf 89' lang='lat' dir='ltr'><strong>autem</strong></span> <span class='ocrx_word' id='word_1_32' title='bbox 1602 541 1837 597; x_wconf 81' lang='lat' dir='ltr'><strong>Verbum</strong></span> 
     </span>
    </p>
   </div>
   <div class='ocr_carea' id='block_1_6' title="bbox 242 631 1837 700">
    <p class='ocr_par' dir='ltr' id='par_1_6' title="bbox 242 631 1837 700">
     <span class='ocr_line' id='line_1_6' title="bbox 242 631 1837 700; baseline 0.001 -13"><span class='ocrx_word' id='word_1_33' title='bbox 242 631 396 687; x_wconf 84' lang='lat' dir='ltr'><strong>Deus</strong></span> <span class='ocrx_word' id='word_1_34' title='bbox 414 640 536 686; x_wconf 90' lang='lat' dir='ltr'><strong>erat</strong></span> <span class='ocrx_word' id='word_1_35' title='bbox 558 632 612 686; x_wconf 91' lang='lat' dir='ltr'><strong>in</strong></span> <span class='ocrx_word' id='word_1_36' title='bbox 639 631 846 686; x_wconf 88' lang='lat' dir='ltr'><strong>unitate</strong></span> <span class='ocrx_word' id='word_1_37' title='bbox 888 639 1092 685; x_wconf 78' lang='lat' dir='ltr'><strong>naturae</strong></span> <span class='ocrx_word' id='word_1_38' title='bbox 1119 639 1173 686; x_wconf 88' lang='lat' dir='ltr'><strong>et</strong></span> <span class='ocrx_word' id='word_1_39' title='bbox 1202 633 1433 687; x_wconf 84' lang='lat' dir='ltr'><strong>nominis</strong></span> <span class='ocrx_word' id='word_1_40' title='bbox 1453 633 1703 700; x_wconf 81' lang='lat' dir='ltr'><strong>veritate,</strong></span> <span class='ocrx_word' id='word_1_41' title='bbox 1731 633 1837 689; x_wconf 90' lang='lat' dir='ltr'><strong>hoc</strong></span> 
     </span>
    </p>
   </div>
   <div class='ocr_carea' id='block_1_7' title="bbox 243 721 1836 796">
    <p class='ocr_par' dir='ltr' id='par_1_7' title="bbox 243 721 1836 796">
     <span class='ocr_line' id='line_1_7' title="bbox 243 721 1836 796; baseline 0.001 -19"><span class='ocrx_word' id='word_1_42' title='bbox 243 725 440 794; x_wconf 84' lang='lat' dir='ltr'><strong>utique</strong></span> <span class='ocrx_word' id='word_1_43' title='bbox 469 733 589 779; x_wconf 88' lang='lat' dir='ltr'><strong>erat</strong></span> <span class='ocrx_word' id='word_1_44' title='bbox 613 723 757 794; x_wconf 90' lang='lat' dir='ltr'><strong>quod</strong></span> <span class='ocrx_word' id='word_1_45' title='bbox 798 722 890 778; x_wconf 92' lang='lat' dir='ltr'><strong>ille</strong></span> <span class='ocrx_word' id='word_1_46' title='bbox 919 721 1207 782; x_wconf 82' lang='lat' dir='ltr'><strong>Deus-erat</strong></span> <span class='ocrx_word' id='word_1_47' title='bbox 1236 724 1379 795; x_wconf 91' lang='lat' dir='ltr'><strong>apud</strong></span> <span class='ocrx_word' id='word_1_48' title='bbox 1416 739 1576 796; x_wconf 83' lang='lat' dir='ltr'><strong>quem</strong></span> <span class='ocrx_word' id='word_1_49' title='bbox 1614 724 1836 779; x_wconf 83' lang='lat' dir='ltr'><strong>Verbum</strong></span> 
     </span>
    </p>
   </div>
   <div class='ocr_carea' id='block_1_8' title="bbox 242 806 1048 869">
    <p class='ocr_par' dir='ltr' id='par_1_8' title="bbox 242 806 1048 869">
     <span class='ocr_line' id='line_1_8' title="bbox 242 806 1048 869; baseline 0.005 -1"><span class='ocrx_word' id='word_1_50' title='bbox 242 813 394 868; x_wconf 78' lang='lat' dir='ltr'><strong>Deus</strong></span> <span class='ocrx_word' id='word_1_51' title='bbox 427 823 566 869; x_wconf 85' lang='lat' dir='ltr'><strong>erat.</strong></span> <span class='ocrx_word' id='word_1_52' title='bbox 693 806 698 814; x_wconf 71' lang='grc'><strong>’</strong></span> <span class='ocrx_word' id='word_1_53' title='bbox 1045 834 1048 836; x_wconf 57' lang='grc'>⁷</span> 
     </span>
    </p>
   </div>
   <div class='ocr_carea' id='block_1_9' title="bbox 239 889 1838 978">
    <p class='ocr_par' dir='ltr' id='par_1_9' title="bbox 239 889 1838 978">
     <span class='ocr_line' id='line_1_9' title="bbox 239 889 1838 978; baseline -0.001 -18"><span class='ocrx_word' id='word_1_54' title='bbox 239 903 436 962; x_wconf 71' lang='grc' dir='ltr'><strong>ΟΑΡυτ</strong></span> <span class='ocrx_word' id='word_1_55' title='bbox 466 923 522 960; x_wconf 85' lang='lat' dir='ltr'><strong>v.</strong></span> <span class='ocrx_word' id='word_1_56' title='bbox 559 903 790 978; x_wconf 83' lang='lat' dir='ltr'><strong>Objectio</strong></span> <span class='ocrx_word' id='word_1_57' title='bbox 819 905 884 978; x_wconf 70' lang='lat' dir='ltr'><strong>de</strong></span> <span class='ocrx_word' id='word_1_58' title='bbox 908 921 968 960; x_wconf 87' lang='lat' dir='ltr'><strong>eo</strong></span> <span class='ocrx_word' id='word_1_59' title='bbox 982 889 1145 978; x_wconf 45' lang='lat' dir='ltr'><strong>quod</strong></span> <span class='ocrx_word' id='word_1_60' title='bbox 1162 907 1369 978; x_wconf 81' lang='lat' dir='ltr'><strong>dicitur,</strong></span> <span class='ocrx_word' id='word_1_61' title='bbox 1399 907 1456 978; x_wconf 74' lang='lat' dir='ltr'><strong>ln</strong></span> <span class='ocrx_word' id='word_1_62' title='bbox 1480 906 1762 977; x_wconf 78' lang='lat' dir='ltr'><strong>priuetpio,</strong></span> <span class='ocrx_word' id='word_1_63' title='bbox 1787 913 1838 978; x_wconf 85' lang='lat' dir='ltr'><strong>et</strong></span> 
     </span>
    </p>
   </div>
   <div class='ocr_carea' id='block_1_10' title="bbox 323 975 1839 1058">
    <p class='ocr_par' dir='ltr' id='par_1_10' title="bbox 323 975 1839 1058">
     <span class='ocr_line' id='line_1_10' title="bbox 323 975 1839 1058; baseline -0.001 -28"><span class='ocrx_word' id='word_1_64' title='bbox 323 993 426 1058; x_wconf 61' lang='lat' dir='ltr'><strong>tum</strong></span> <span class='ocrx_word' id='word_1_65' title='bbox 455 986 601 1058; x_wconf 34' lang='lat' dir='ltr'><strong>ante.</strong></span> <span class='ocrx_word' id='word_1_66' title='bbox 618 975 950 1058; x_wconf 72' lang='lat' dir='ltr'><strong>principium</strong></span> <span class='ocrx_word' id='word_1_67' title='bbox 967 975 1085 1031; x_wconf 88' lang='lat' dir='ltr'><strong>erat</strong></span> <span class='ocrx_word' id='word_1_68' title='bbox 1107 975 1354 1058; x_wconf 51' lang='lat' dir='ltr'><strong>[erhum</strong></span> <span class='ocrx_word' id='word_1_69' title='bbox 1385 975 1839 1058; x_wconf 30' lang='lat' dir='ltr'><strong>Chliriatusnprinci-</strong></span> 
     </span>
    </p>
   </div>
   <div class='ocr_carea' id='block_1_11' title="bbox 321 1045 1838 1115">
    <p class='ocr_par' dir='ltr' id='par_1_11' title="bbox 321 1045 1838 1115">
     <span class='ocr_line' id='line_1_11' title="bbox 321 1045 1838 1115; baseline 0.001 -15"><span class='ocrx_word' id='word_1_70' title='bbox 321 1050 464 1115; x_wconf 78' lang='lat' dir='ltr'><strong>pium</strong></span> <span class='ocrx_word' id='word_1_71' title='bbox 485 1059 537 1102; x_wconf 90' lang='lat' dir='ltr'><strong>et</strong></span> <span class='ocrx_word' id='word_1_72' title='bbox 565 1045 706 1115; x_wconf 75' lang='lat' dir='ltr'><strong>ﬁnis.</strong></span> <span class='ocrx_word' id='word_1_73' title='bbox 747 1045 1081 1115; x_wconf 52' lang='lat' dir='ltr'><strong>Yitazteterna</strong></span> <span class='ocrx_word' id='word_1_74' title='bbox 1111 1046 1358 1101; x_wconf 86' lang='lat' dir='ltr'><strong>Christus.</strong></span> <span class='ocrx_word' id='word_1_75' title='bbox 1403 1045 1669 1112; x_wconf 83' lang='lat' dir='ltr'><strong>Quomodo</strong></span> <span class='ocrx_word' id='word_1_76' title='bbox 1706 1047 1838 1101; x_wconf 83' lang='lat' dir='ltr'><strong>veri-</strong></span> 
     </span>
    </p>
   </div>
   <div class='ocr_carea' id='block_1_12' title="bbox 322 1114 1837 1258">
    <p class='ocr_par' dir='ltr' id='par_1_12' title="bbox 322 1114 1837 1258">
     <span class='ocr_line' id='line_1_12' title="bbox 322 1114 1837 1240; baseline -0.001 -70"><span class='ocrx_word' id='word_1_77' title='bbox 322 1117 702 1240; x_wconf 47' lang='lat' dir='ltr'><strong>;us.&#39;catholica</strong></span> <span class='ocrx_word' id='word_1_78' title='bbox 735 1114 996 1170; x_wconf 87' lang='lat' dir='ltr'><strong>Christum</strong></span> <span class='ocrx_word' id='word_1_79' title='bbox 1039 1117 1348 1189; x_wconf 73' lang='lat' dir='ltr'><strong>principium</strong></span> <span class='ocrx_word' id='word_1_80' title='bbox 1392 1129 1441 1172; x_wconf 87' lang='lat' dir='ltr'><strong>et</strong></span> <span class='ocrx_word' id='word_1_81' title='bbox 1485 1119 1641 1189; x_wconf 83' lang='lat' dir='ltr'><strong>finem</strong></span> <span class='ocrx_word' id='word_1_82' title='bbox 1685 1115 1837 1172; x_wconf 86' lang='lat' dir='ltr'><strong>intel-</strong></span> 
     </span>
     <span class='ocr_line' id='line_1_13' title="bbox 343 1205 1218 1258; baseline 0 0"><span class='ocrx_word' id='word_1_83' title='bbox 343 1205 412 1258; x_wconf 77' lang='grc'><strong>⁸9³</strong></span> <span class='ocrx_word' id='word_1_84' title='bbox 447 1227 461 1240; x_wconf 76' lang='grc' dir='ltr'><strong>ο</strong></span> <span class='ocrx_word' id='word_1_85' title='bbox 1209 1253 1218 1258; x_wconf 87' lang='grc'><strong>-</strong></span> 
     </span>
    </p>
   </div>
   <div class='ocr_carea' id='block_1_13' title="bbox 320 1253 1834 1348">
    <p class='ocr_par' dir='ltr' id='par_1_13' title="bbox 320 1253 1834 1348">
     <span class='ocr_line' id='line_1_14' title="bbox 320 1253 1834 1348; baseline 0.001 -19"><span class='ocrx_word' id='word_1_86' title='bbox 320 1253 403 1330; x_wconf 75' lang='lat' dir='ltr'><strong>An</strong></span> <span class='ocrx_word' id='word_1_87' title='bbox 436 1276 598 1342; x_wconf 89' lang='lat' dir='ltr'><strong>forte,</strong></span> <span class='ocrx_word' id='word_1_88' title='bbox 627 1276 752 1346; x_wconf 85' lang='lat' dir='ltr'><strong>quia</strong></span> <span class='ocrx_word' id='word_1_89' title='bbox 779 1277 836 1330; x_wconf 91' lang='lat' dir='ltr'><strong>in</strong></span> <span class='ocrx_word' id='word_1_90' title='bbox 863 1277 1115 1348; x_wconf 82' lang='lat' dir='ltr'><strong>principio</strong></span> <span class='ocrx_word' id='word_1_91' title='bbox 1144 1253 1256 1332; x_wconf 82' lang='lat' dir='ltr'><strong>erat</strong></span> <span class='ocrx_word' id='word_1_92' title='bbox 1285 1277 1582 1333; x_wconf 87' lang='lat' dir='ltr'><strong>audivimus</strong></span> <span class='ocrx_word' id='word_1_93' title='bbox 1610 1277 1834 1344; x_wconf 91' lang='lat' dir='ltr'><strong>dictum,</strong></span> 
     </span>
    </p>
   </div>
   <div class='ocr_carea' id='block_1_14' title="bbox 243 1365 1835 1439">
    <p class='ocr_par' dir='ltr' id='par_1_14' title="bbox 243 1365 1835 1439">
     <span class='ocr_line' id='line_1_15' title="bbox 243 1365 1835 1439; baseline -0.001 -17"><span class='ocrx_word' id='word_1_94' title='bbox 243 1367 470 1437; x_wconf 81' lang='lat' dir='ltr'><strong>aliquod</strong></span> <span class='ocrx_word' id='word_1_95' title='bbox 508 1365 646 1421; x_wconf 87' lang='lat' dir='ltr'><strong>Filio</strong></span> <span class='ocrx_word' id='word_1_96' title='bbox 673 1366 940 1421; x_wconf 78' lang='lat' dir='ltr'><strong>existendi</strong></span> <span class='ocrx_word' id='word_1_97' title='bbox 968 1365 1282 1422; x_wconf 85' lang='lat' dir='ltr'><strong>audebimus</strong></span> <span class='ocrx_word' id='word_1_98' title='bbox 1309 1366 1402 1439; x_wconf 79' lang='lat' dir='ltr'><strong>(at.</strong></span> <span class='ocrx_word' id='word_1_99' title='bbox 1435 1366 1718 1437; x_wconf 88' lang='lat' dir='ltr'><strong>audemus)</strong></span> <span class='ocrx_word' id='word_1_100' title='bbox 1747 1380 1835 1420; x_wconf 78' lang='lat' dir='ltr'><strong>as-</strong></span> 
     </span>
    </p>
   </div>
   <div class='ocr_carea' id='block_1_15' title="bbox 242 1455 1834 1527">
    <p class='ocr_par' dir='ltr' id='par_1_15' title="bbox 242 1455 1834 1527">
     <span class='ocr_line' id='line_1_16' title="bbox 242 1455 1834 1527; baseline -0.001 -14"><span class='ocrx_word' id='word_1_101' title='bbox 242 1458 464 1526; x_wconf 84' lang='lat' dir='ltr'><strong>signare</strong></span> <span class='ocrx_word' id='word_1_102' title='bbox 491 1456 831 1527; x_wconf 83' lang='lat' dir='ltr'><strong>principium,</strong></span> <span class='ocrx_word' id='word_1_103' title='bbox 863 1463 919 1510; x_wconf 91' lang='lat' dir='ltr'><strong>et</strong></span> <span class='ocrx_word' id='word_1_104' title='bbox 938 1455 1059 1512; x_wconf 91' lang='lat' dir='ltr'><strong>ideo</strong></span> <span class='ocrx_word' id='word_1_105' title='bbox 1087 1457 1205 1512; x_wconf 88' lang='lat' dir='ltr'><strong>sine</strong></span> <span class='ocrx_word' id='word_1_106' title='bbox 1226 1457 1378 1513; x_wconf 91' lang='lat' dir='ltr'><strong>initio</strong></span> <span class='ocrx_word' id='word_1_107' title='bbox 1401 1466 1560 1512; x_wconf 89' lang='lat' dir='ltr'><strong>natus</strong></span> <span class='ocrx_word' id='word_1_108' title='bbox 1585 1471 1704 1512; x_wconf 88' lang='lat' dir='ltr'><strong>esse</strong></span> <span class='ocrx_word' id='word_1_109' title='bbox 1725 1472 1834 1512; x_wconf 91' lang='lat' dir='ltr'><strong>non</strong></span> 
     </span>
    </p>
   </div>
   <div class='ocr_carea' id='block_1_16' title="bbox 246 1545 1834 1618">
    <p class='ocr_par' dir='ltr' id='par_1_16' title="bbox 246 1545 1834 1618">
     <span class='ocr_line' id='line_1_17' title="bbox 246 1545 1834 1618; baseline -0.003 -12"><span class='ocrx_word' id='word_1_110' title='bbox 246 1549 505 1613; x_wconf 79' lang='lat' dir='ltr'><strong>creditur,</strong></span> <span class='ocrx_word' id='word_1_111' title='bbox 531 1549 656 1618; x_wconf 86' lang='lat' dir='ltr'><strong>quia</strong></span> <span class='ocrx_word' id='word_1_112' title='bbox 681 1545 917 1603; x_wconf 80' lang='lat' dir='ltr'><strong>Joannes</strong></span> <span class='ocrx_word' id='word_1_113' title='bbox 943 1561 1051 1602; x_wconf 87' lang='lat' dir='ltr'><strong>non</strong></span> <span class='ocrx_word' id='word_1_114' title='bbox 1080 1561 1204 1602; x_wconf 90' lang='lat' dir='ltr'><strong>eum</strong></span> <span class='ocrx_word' id='word_1_115' title='bbox 1231 1555 1351 1601; x_wconf 88' lang='lat' dir='ltr'><strong>ante</strong></span> <span class='ocrx_word' id='word_1_116' title='bbox 1377 1547 1707 1618; x_wconf 81' lang='lat' dir='ltr'><strong>principium,</strong></span> <span class='ocrx_word' id='word_1_117' title='bbox 1738 1545 1834 1602; x_wconf 88' lang='lat' dir='ltr'><strong>sed</strong></span> 
     </span>
    </p>
   </div>
   <div class='ocr_carea' id='block_1_17' title="bbox 248 1637 1835 1711">
    <p class='ocr_par' dir='ltr' id='par_1_17' title="bbox 248 1637 1835 1711">
     <span class='ocr_line' id='line_1_18' title="bbox 248 1637 1835 1711; baseline -0.003 -15"><span class='ocrx_word' id='word_1_118' title='bbox 248 1645 300 1697; x_wconf 86' lang='lat' dir='ltr'><strong>in</strong></span> <span class='ocrx_word' id='word_1_119' title='bbox 322 1641 585 1711; x_wconf 83' lang='lat' dir='ltr'><strong>principio</strong></span> <span class='ocrx_word' id='word_1_120' title='bbox 615 1637 780 1694; x_wconf 89' lang='lat' dir='ltr'><strong>fuisse</strong></span> <span class='ocrx_word' id='word_1_121' title='bbox 811 1641 1073 1694; x_wconf 85' lang='lat' dir='ltr'><strong>testatur?</strong></span> <span class='ocrx_word' id='word_1_122' title='bbox 1096 1638 1248 1693; x_wconf 82' lang='lat' dir='ltr'><strong>Absit</strong></span> <span class='ocrx_word' id='word_1_123' title='bbox 1275 1645 1333 1692; x_wconf 89' lang='lat' dir='ltr'><strong>ut</strong></span> <span class='ocrx_word' id='word_1_124' title='bbox 1362 1639 1476 1693; x_wconf 81' lang='lat' dir='ltr'><strong>haec</strong></span> <span class='ocrx_word' id='word_1_125' title='bbox 1517 1638 1714 1692; x_wconf 86' lang='lat' dir='ltr'><strong>insulsa</strong></span> <span class='ocrx_word' id='word_1_126' title='bbox 1742 1652 1835 1692; x_wconf 90' lang='lat' dir='ltr'><strong>co-</strong></span> 
     </span>
    </p>
   </div>
   <div class='ocr_carea' id='block_1_18' title="bbox 247 1729 1836 1802">
    <p class='ocr_par' dir='ltr' id='par_1_18' title="bbox 247 1729 1836 1802">
     <span class='ocr_line' id='line_1_19' title="bbox 247 1729 1836 1802; baseline -0.004 -14"><span class='ocrx_word' id='word_1_127' title='bbox 247 1734 435 1802; x_wconf 87' lang='lat' dir='ltr'><strong>gitatio</strong></span> <span class='ocrx_word' id='word_1_128' title='bbox 456 1733 774 1801; x_wconf 81' lang='lat' dir='ltr'><strong>cujusquam</strong></span> <span class='ocrx_word' id='word_1_129' title='bbox 802 1741 1038 1786; x_wconf 82' lang='lat' dir='ltr'><strong>mentem</strong></span> <span class='ocrx_word' id='word_1_130' title='bbox 1066 1731 1324 1801; x_wconf 89' lang='lat' dir='ltr'><strong>sapientis</strong></span> <span class='ocrx_word' id='word_1_131' title='bbox 1344 1730 1571 1798; x_wconf 75' lang='lat' dir='ltr'><strong>attingat</strong></span> <span class='ocrx_word' id='word_1_132' title='bbox 1591 1729 1687 1798; x_wconf 89' lang='lat' dir='ltr'><strong>(al.</strong></span> <span class='ocrx_word' id='word_1_133' title='bbox 1711 1743 1836 1783; x_wconf 84' lang='lat' dir='ltr'><strong>con-</strong></span> 
     </span>
    </p>
   </div>
   <div class='ocr_carea' id='block_1_19' title="bbox 1937 545 3510 616">
    <p class='ocr_par' dir='ltr' id='par_1_19' title="bbox 1937 545 3510 616">
     <span class='ocr_line' id='line_1_20' title="bbox 1937 545 3510 616; baseline 0 -16"><span class='ocrx_word' id='word_1_134' title='bbox 1937 553 2188 601; x_wconf 82' lang='lat' dir='ltr'><strong>estverus</strong></span> <span class='ocrx_word' id='word_1_135' title='bbox 2198 545 2338 601; x_wconf 89' lang='lat' dir='ltr'><strong>Deus</strong></span> <span class='ocrx_word' id='word_1_136' title='bbox 2349 555 2404 600; x_wconf 91' lang='lat' dir='ltr'><strong>et</strong></span> <span class='ocrx_word' id='word_1_137' title='bbox 2415 547 2525 601; x_wconf 90' lang='lat' dir='ltr'><strong>vita</strong></span> <span class='ocrx_word' id='word_1_138' title='bbox 2536 556 2756 612; x_wconf 66' lang='lat' dir='ltr'><strong>acterna,</strong></span> <span class='ocrx_word' id='word_1_139' title='bbox 2766 547 2941 616; x_wconf 89' lang='lat' dir='ltr'><strong>justos</strong></span> <span class='ocrx_word' id='word_1_140' title='bbox 2954 547 3085 602; x_wconf 86' lang='lat' dir='ltr'><strong>dicit</strong></span> <span class='ocrx_word' id='word_1_141' title='bbox 3097 549 3264 601; x_wconf 86' lang='lat' dir='ltr'><strong>ituros</strong></span> <span class='ocrx_word' id='word_1_142' title='bbox 3281 548 3331 600; x_wconf 93' lang='lat' dir='ltr'><strong>in</strong></span> <span class='ocrx_word' id='word_1_143' title='bbox 3350 548 3510 601; x_wconf 90' lang='lat' dir='ltr'><strong>vitam</strong></span> 
     </span>
    </p>
   </div>
   <div class='ocr_carea' id='block_1_20' title="bbox 1935 638 3511 708">
    <p class='ocr_par' dir='ltr' id='par_1_20' title="bbox 1935 638 3511 708">
     <span class='ocr_line' id='line_1_21' title="bbox 1935 638 3511 708; baseline 0.001 -16"><span class='ocrx_word' id='word_1_144' title='bbox 1935 646 2211 693; x_wconf 66' lang='lat' dir='ltr'><strong>aeternam.</strong></span> <span class='ocrx_word' id='word_1_145' title='bbox 2229 638 2510 705; x_wconf 84' lang='lat' dir='ltr'><strong>Quomodo</strong></span> <span class='ocrx_word' id='word_1_146' title='bbox 2526 653 2653 708; x_wconf 85' lang='lat' dir='ltr'><strong>ergo</strong></span> <span class='ocrx_word' id='word_1_147' title='bbox 2677 639 2944 708; x_wconf 91' lang='lat' dir='ltr'><strong>justorum</strong></span> <span class='ocrx_word' id='word_1_148' title='bbox 2968 641 3073 695; x_wconf 88' lang='lat' dir='ltr'><strong>vita</strong></span> <span class='ocrx_word' id='word_1_149' title='bbox 3098 648 3298 694; x_wconf 80' lang='lat' dir='ltr'><strong>aeterna</strong></span> <span class='ocrx_word' id='word_1_150' title='bbox 3315 640 3438 706; x_wconf 89' lang='lat' dir='ltr'><strong>erit,</strong></span> <span class='ocrx_word' id='word_1_151' title='bbox 3466 640 3511 693; x_wconf 83' lang='lat' dir='ltr'><strong>si</strong></span> 
     </span>
    </p>
   </div>
   <div class='ocr_carea' id='block_1_21' title="bbox 1933 729 3514 800">
    <p class='ocr_par' dir='ltr' id='par_1_21' title="bbox 1933 729 3514 800">
     <span class='ocr_line' id='line_1_22' title="bbox 1933 729 3514 800; baseline -0.001 -17"><span class='ocrx_word' id='word_1_152' title='bbox 1933 729 2046 784; x_wconf 86' lang='lat' dir='ltr'><strong>vita</strong></span> <span class='ocrx_word' id='word_1_153' title='bbox 2067 729 2182 799; x_wconf 91' lang='lat' dir='ltr'><strong>ipsa</strong></span> <span class='ocrx_word' id='word_1_154' title='bbox 2207 737 2409 789; x_wconf 73' lang='lat' dir='ltr'><strong>aeterna</strong></span> <span class='ocrx_word' id='word_1_155' title='bbox 2435 730 2758 800; x_wconf 83' lang='lat' dir='ltr'><strong>quandoque</strong></span> <span class='ocrx_word' id='word_1_156' title='bbox 2782 744 2890 785; x_wconf 91' lang='lat' dir='ltr'><strong>non</strong></span> <span class='ocrx_word' id='word_1_157' title='bbox 2918 729 3059 785; x_wconf 89' lang='lat' dir='ltr'><strong>erit?</strong></span> <span class='ocrx_word' id='word_1_158' title='bbox 3080 737 3193 798; x_wconf 90' lang='lat' dir='ltr'><strong>aut,</strong></span> <span class='ocrx_word' id='word_1_159' title='bbox 3210 735 3267 784; x_wconf 94' lang='lat' dir='ltr'><strong>ut</strong></span> <span class='ocrx_word' id='word_1_160' title='bbox 3286 729 3412 799; x_wconf 91' lang='lat' dir='ltr'><strong>quid</strong></span> <span class='ocrx_word' id='word_1_161' title='bbox 3429 729 3514 782; x_wconf 86' lang='lat' dir='ltr'><strong>hic</strong></span> 
     </span>
    </p>
   </div>
   <div class='ocr_carea' id='block_1_22' title="bbox 1934 819 3516 879">
    <p class='ocr_par' dir='ltr' id='par_1_22' title="bbox 1934 819 3516 879">
     <span class='ocr_line' id='line_1_23' title="bbox 1934 819 3516 879; baseline 0 -5"><span class='ocrx_word' id='word_1_162' title='bbox 1934 819 2089 876; x_wconf 91' lang='lat' dir='ltr'><strong>labor</strong></span> <span class='ocrx_word' id='word_1_163' title='bbox 2112 830 2312 878; x_wconf 60' lang='lat' dir='ltr'><strong>sanctae</strong></span> <span class='ocrx_word' id='word_1_164' title='bbox 2333 822 2756 879; x_wconf 86' lang='lat' dir='ltr'><strong>conversationis</strong></span> <span class='ocrx_word' id='word_1_165' title='bbox 2782 829 2838 877; x_wconf 89' lang='lat' dir='ltr'><strong>et</strong></span> <span class='ocrx_word' id='word_1_166' title='bbox 2864 821 3102 877; x_wconf 90' lang='lat' dir='ltr'><strong>continui</strong></span> <span class='ocrx_word' id='word_1_167' title='bbox 3124 821 3379 876; x_wconf 89' lang='lat' dir='ltr'><strong>adversus</strong></span> <span class='ocrx_word' id='word_1_168' title='bbox 3405 829 3516 876; x_wconf 78' lang='lat' dir='ltr'><strong>ten—</strong></span> 
     </span>
    </p>
   </div>
   <div class='ocr_carea' id='block_1_23' title="bbox 1935 911 3514 984">
    <p class='ocr_par' dir='ltr' id='par_1_23' title="bbox 1935 911 3514 984">
     <span class='ocr_line' id='line_1_24' title="bbox 1935 911 3514 984; baseline -0.001 -19"><span class='ocrx_word' id='word_1_169' title='bbox 1935 919 2172 967; x_wconf 88' lang='lat' dir='ltr'><strong>tamenta</strong></span> <span class='ocrx_word' id='word_1_170' title='bbox 2195 914 2503 970; x_wconf 85' lang='lat' dir='ltr'><strong>certaminis</strong></span> <span class='ocrx_word' id='word_1_171' title='bbox 2531 914 2809 979; x_wconf 88' lang='lat' dir='ltr'><strong>toleratur,</strong></span> <span class='ocrx_word' id='word_1_172' title='bbox 2843 914 2888 968; x_wconf 94' lang='lat' dir='ltr'><strong>si</strong></span> <span class='ocrx_word' id='word_1_173' title='bbox 2925 913 3202 984; x_wconf 61' lang='lat' dir='ltr'><strong>praemium</strong></span> <span class='ocrx_word' id='word_1_174' title='bbox 3225 911 3514 968; x_wconf 86' lang='lat' dir='ltr'><strong>victoribus</strong></span> 
     </span>
    </p>
   </div>
   <div class='ocr_carea' id='block_1_24' title="bbox 1935 1002 3515 1072">
    <p class='ocr_par' dir='ltr' id='par_1_24' title="bbox 1935 1002 3515 1072">
     <span class='ocr_line' id='line_1_25' title="bbox 1935 1002 3515 1072; baseline -0.001 -15"><span class='ocrx_word' id='word_1_175' title='bbox 1935 1002 2256 1072; x_wconf 88' lang='lat' dir='ltr'><strong>quandoque</strong></span> <span class='ocrx_word' id='word_1_176' title='bbox 2274 1004 2525 1059; x_wconf 85' lang='lat' dir='ltr'><strong>tolletur?</strong></span> <span class='ocrx_word' id='word_1_177' title='bbox 2549 1014 2570 1042; x_wconf 63' lang='grc' dir='ltr'><em>ε</em></span> <span class='ocrx_word' id='word_1_178' title='bbox 2589 1003 2834 1060; x_wconf 55' lang='lat' dir='ltr'><strong>Haecine</strong></span> <span class='ocrx_word' id='word_1_179' title='bbox 2849 1011 2931 1060; x_wconf 92' lang='lat' dir='ltr'><strong>est</strong></span> <span class='ocrx_word' id='word_1_180' title='bbox 2945 1003 3224 1059; x_wconf 89' lang='lat' dir='ltr'><strong>laudabilis</strong></span> <span class='ocrx_word' id='word_1_181' title='bbox 3251 1003 3515 1058; x_wconf 86' lang='lat' dir='ltr'><strong>insanctis</strong></span> 
     </span>
    </p>
   </div>
   <div class='ocr_carea' id='block_1_25' title="bbox 1937 1095 3511 1168">
    <p class='ocr_par' dir='ltr' id='par_1_25' title="bbox 1937 1095 3511 1168">
     <span class='ocr_line' id='line_1_26' title="bbox 1937 1095 3511 1168; baseline 0.001 -19"><span class='ocrx_word' id='word_1_182' title='bbox 1937 1095 2104 1151; x_wconf 86' lang='lat' dir='ltr'><strong>totius</strong></span> <span class='ocrx_word' id='word_1_183' title='bbox 2131 1111 2318 1151; x_wconf 89' lang='lat' dir='ltr'><strong>cursus</strong></span> <span class='ocrx_word' id='word_1_184' title='bbox 2347 1097 2606 1152; x_wconf 89' lang='lat' dir='ltr'><strong>intentio?</strong></span> <span class='ocrx_word' id='word_1_185' title='bbox 2629 1105 2916 1167; x_wconf 88' lang='lat' dir='ltr'><strong>propterea</strong></span> <span class='ocrx_word' id='word_1_186' title='bbox 2944 1112 3140 1168; x_wconf 89' lang='lat' dir='ltr'><strong>corpus</strong></span> <span class='ocrx_word' id='word_1_187' title='bbox 3169 1110 3322 1152; x_wconf 89' lang='lat' dir='ltr'><strong>suum</strong></span> <span class='ocrx_word' id='word_1_188' title='bbox 3351 1096 3511 1152; x_wconf 87' lang='lat' dir='ltr'><strong>casti-</strong></span> 
     </span>
    </p>
   </div>
   <div class='ocr_carea' id='block_1_26' title="bbox 1935 1188 3514 1257">
    <p class='ocr_par' dir='ltr' id='par_1_26' title="bbox 1935 1188 3514 1257">
     <span class='ocr_line' id='line_1_27' title="bbox 1935 1188 3514 1257; baseline 0 -16"><span class='ocrx_word' id='word_1_189' title='bbox 1935 1193 2085 1255; x_wconf 82' lang='lat' dir='ltr'><strong>gant,</strong></span> <span class='ocrx_word' id='word_1_190' title='bbox 2110 1195 2165 1242; x_wconf 92' lang='lat' dir='ltr'><strong>et</strong></span> <span class='ocrx_word' id='word_1_191' title='bbox 2181 1188 2424 1244; x_wconf 88' lang='lat' dir='ltr'><strong>servituti</strong></span> <span class='ocrx_word' id='word_1_192' title='bbox 2437 1188 2748 1257; x_wconf 86' lang='lat' dir='ltr'><strong>subjiciunt?</strong></span> <span class='ocrx_word' id='word_1_193' title='bbox 2758 1190 2828 1245; x_wconf 91' lang='lat' dir='ltr'><strong>ob</strong></span> <span class='ocrx_word' id='word_1_194' title='bbox 2850 1189 2954 1245; x_wconf 91' lang='lat' dir='ltr'><strong>hoc</strong></span> <span class='ocrx_word' id='word_1_195' title='bbox 2968 1204 3028 1246; x_wconf 90' lang='lat' dir='ltr'><strong>se</strong></span> <span class='ocrx_word' id='word_1_196' title='bbox 3047 1205 3154 1244; x_wconf 92' lang='lat' dir='ltr'><strong>non</strong></span> <span class='ocrx_word' id='word_1_197' title='bbox 3184 1189 3235 1243; x_wconf 91' lang='lat' dir='ltr'><strong>in</strong></span> <span class='ocrx_word' id='word_1_198' title='bbox 3253 1197 3514 1244; x_wconf 75' lang='lat' dir='ltr'><strong>incertum</strong></span> 
     </span>
    </p>
   </div>
   <div class='ocr_carea' id='block_1_27' title="bbox 1935 1281 3515 1348">
    <p class='ocr_par' dir='ltr' id='par_1_27' title="bbox 1935 1281 3515 1348">
     <span class='ocr_line' id='line_1_28' title="bbox 1935 1281 3515 1348; baseline 0.003 -19"><span class='ocrx_word' id='word_1_199' title='bbox 1935 1283 2266 1344; x_wconf 69' lang='lat' dir='ltr'><strong>pratsumunt</strong></span> <span class='ocrx_word' id='word_1_200' title='bbox 2286 1292 2519 1343; x_wconf 88' lang='lat' dir='ltr'><strong>currere,</strong></span> <span class='ocrx_word' id='word_1_201' title='bbox 2545 1284 2598 1332; x_wconf 90' lang='lat' dir='ltr'><strong>et</strong></span> <span class='ocrx_word' id='word_1_202' title='bbox 2619 1286 2917 1348; x_wconf 78' lang='lat' dir='ltr'><strong>pugnantes</strong></span> <span class='ocrx_word' id='word_1_203' title='bbox 2935 1281 3111 1334; x_wconf 90' lang='lat' dir='ltr'><strong>sciunt</strong></span> <span class='ocrx_word' id='word_1_204' title='bbox 3136 1295 3195 1336; x_wconf 91' lang='lat' dir='ltr'><strong>se</strong></span> <span class='ocrx_word' id='word_1_205' title='bbox 3217 1296 3322 1336; x_wconf 93' lang='lat' dir='ltr'><strong>non</strong></span> <span class='ocrx_word' id='word_1_206' title='bbox 3335 1292 3515 1334; x_wconf 86' lang='lat' dir='ltr'><strong>aerem</strong></span> 
     </span>
    </p>
   </div>
   <div class='ocr_carea' id='block_1_28' title="bbox 1936 1367 3514 1440">
    <p class='ocr_par' dir='ltr' id='par_1_28' title="bbox 1936 1367 3514 1440">
     <span class='ocr_line' id='line_1_29' title="bbox 1936 1367 3514 1440; baseline 0.003 -19"><span class='ocrx_word' id='word_1_207' title='bbox 1936 1367 2223 1424; x_wconf 89' lang='lat' dir='ltr'><strong>verberare</strong></span> <span class='ocrx_word' id='word_1_208' title='bbox 2267 1367 2323 1440; x_wconf 91' lang='lat' dir='ltr'><strong>(I</strong></span> <span class='ocrx_word' id='word_1_209' title='bbox 2355 1367 2474 1425; x_wconf 86' lang='lat' dir='ltr'><strong>Cor.</strong></span> <span class='ocrx_word' id='word_1_210' title='bbox 2518 1385 2592 1438; x_wconf 71' lang='grc' dir='ltr'><strong>ιι,</strong></span> <span class='ocrx_word' id='word_1_211' title='bbox 2623 1367 2754 1440; x_wconf 75' lang='lat'><strong>26)?</strong></span> <span class='ocrx_word' id='word_1_212' title='bbox 2800 1370 2922 1426; x_wconf 92' lang='lat' dir='ltr'><strong>ideo</strong></span> <span class='ocrx_word' id='word_1_213' title='bbox 2961 1372 3059 1426; x_wconf 90' lang='lat' dir='ltr'><strong>sibi</strong></span> <span class='ocrx_word' id='word_1_214' title='bbox 3103 1381 3365 1428; x_wconf 91' lang='lat' dir='ltr'><strong>noverunt</strong></span> <span class='ocrx_word' id='word_1_215' title='bbox 3407 1388 3514 1426; x_wconf 91' lang='lat' dir='ltr'><strong>non</strong></span> 
     </span>
    </p>
   </div>
   <div class='ocr_carea' id='block_1_29' title="bbox 1935 1458 3513 1535">
    <p class='ocr_par' dir='ltr' id='par_1_29' title="bbox 1935 1458 3513 1535">
     <span class='ocr_line' id='line_1_30' title="bbox 1935 1458 3513 1535; baseline 0.004 -24"><span class='ocrx_word' id='word_1_216' title='bbox 1935 1469 2054 1512; x_wconf 89' lang='lat' dir='ltr'><strong>esse</strong></span> <span class='ocrx_word' id='word_1_217' title='bbox 2094 1458 2528 1514; x_wconf 84' lang='lat' dir='ltr'><strong>colluctationem</strong></span> <span class='ocrx_word' id='word_1_218' title='bbox 2569 1459 2808 1515; x_wconf 84' lang='lat' dir='ltr'><strong>adversus</strong></span> <span class='ocrx_word' id='word_1_219' title='bbox 2849 1462 3058 1516; x_wconf 78' lang='lat' dir='ltr'><strong>ca‘rnem</strong></span> <span class='ocrx_word' id='word_1_220' title='bbox 3097 1471 3146 1516; x_wconf 88' lang='lat' dir='ltr'><strong>et</strong></span> <span class='ocrx_word' id='word_1_221' title='bbox 3194 1465 3513 1535; x_wconf 81' lang='lat' dir='ltr'><strong>sanguinem.</strong></span> 
     </span>
    </p>
   </div>
   <div class='ocr_carea' id='block_1_30' title="bbox 1935 1549 3514 1621">
    <p class='ocr_par' dir='ltr' id='par_1_30' title="bbox 1935 1549 3514 1621">
     <span class='ocr_line' id='line_1_31' title="bbox 1935 1549 3514 1621; baseline 0.003 -18"><span class='ocrx_word' id='word_1_222' title='bbox 1935 1549 2027 1603; x_wconf 80' lang='lat' dir='ltr'><strong>sed</strong></span> <span class='ocrx_word' id='word_1_223' title='bbox 2055 1549 2299 1604; x_wconf 79' lang='lat' dir='ltr'><strong>adversus</strong></span> <span class='ocrx_word' id='word_1_224' title='bbox 2323 1551 2644 1621; x_wconf 78' lang='lat' dir='ltr'><strong>principatus</strong></span> <span class='ocrx_word' id='word_1_225' title='bbox 2673 1559 2722 1605; x_wconf 89' lang='lat' dir='ltr'><strong>et</strong></span> <span class='ocrx_word' id='word_1_226' title='bbox 2746 1561 3044 1621; x_wconf 75' lang='lat' dir='ltr'><strong>potestates,</strong></span> <span class='ocrx_word' id='word_1_227' title='bbox 3068 1554 3319 1608; x_wconf 78' lang='lat' dir='ltr'><strong>adversus.</strong></span> <span class='ocrx_word' id='word_1_228' title='bbox 3337 1556 3514 1608; x_wconf 80' lang='lat' dir='ltr'><strong>mundi</strong></span> 
     </span>
    </p>
   </div>
   <div class='ocr_carea' id='block_1_31' title="bbox 1934 1640 3516 1716">
    <p class='ocr_par' dir='ltr' id='par_1_31' title="bbox 1934 1640 3516 1716">
     <span class='ocr_line' id='line_1_32' title="bbox 1934 1640 3516 1716; baseline 0.004 -23"><span class='ocrx_word' id='word_1_229' title='bbox 1934 1649 2159 1696; x_wconf 81' lang='lat' dir='ltr'><strong>rectores</strong></span> <span class='ocrx_word' id='word_1_230' title='bbox 2189 1640 2512 1713; x_wconf 77' lang='lat' dir='ltr'><strong>tenebrarum</strong></span> <span class='ocrx_word' id='word_1_231' title='bbox 2542 1643 2755 1709; x_wconf 88' lang='lat' dir='ltr'><strong>harum,</strong></span> <span class='ocrx_word' id='word_1_232' title='bbox 2787 1653 2968 1698; x_wconf 88' lang='lat' dir='ltr'><strong>contra</strong></span> <span class='ocrx_word' id='word_1_233' title='bbox 2997 1645 3253 1716; x_wconf 84' lang='lat' dir='ltr'><strong>spiritalia</strong></span> <span class='ocrx_word' id='word_1_234' title='bbox 3279 1647 3516 1716; x_wconf 73' lang='lat' dir='ltr'><strong>nequitiae</strong></span> 
     </span>
    </p>
   </div>
   <div class='ocr_carea' id='block_1_32' title="bbox 1934 1731 3513 1805">
    <p class='ocr_par' dir='ltr' id='par_1_32' title="bbox 1934 1731 3513 1805">
     <span class='ocr_line' id='line_1_33' title="bbox 1934 1731 3513 1805; baseline 0.001 -19"><span class='ocrx_word' id='word_1_235' title='bbox 1934 1732 1992 1786; x_wconf 90' lang='lat' dir='ltr'><strong>in</strong></span> <span class='ocrx_word' id='word_1_236' title='bbox 2016 1731 2301 1787; x_wconf 75' lang='lat' dir='ltr'><strong>caelestibus</strong></span> <span class='ocrx_word' id='word_1_237' title='bbox 2332 1732 2548 1805; x_wconf 78' lang='lat' dir='ltr'><strong>(Ep/tes.</strong></span> <span class='ocrx_word' id='word_1_238' title='bbox 2571 1750 2646 1802; x_wconf 73' lang='grc' dir='ltr'><strong>γι,</strong></span> <span class='ocrx_word' id='word_1_239' title='bbox 2677 1733 2802 1805; x_wconf 72' lang='grc' dir='ltr'><strong>12)ἱ²</strong></span> <span class='ocrx_word' id='word_1_240' title='bbox 2839 1733 3044 1789; x_wconf 91' lang='lat' dir='ltr'><strong>Idcirco</strong></span> <span class='ocrx_word' id='word_1_241' title='bbox 3082 1734 3225 1789; x_wconf 88' lang='lat' dir='ltr'><strong>leoni</strong></span> <span class='ocrx_word' id='word_1_242' title='bbox 3264 1735 3513 1804; x_wconf 79' lang='lat' dir='ltr'><strong>rugienti,</strong></span> 
     </span>
    </p>
   </div>
   <div class='ocr_carea' id='block_1_33' title="bbox 244 1817 3514 1899">
    <p class='ocr_par' dir='ltr' id='par_1_33' title="bbox 244 1817 3514 1899">
     <span class='ocr_line' id='line_1_34' title="bbox 244 1817 3514 1899; baseline 0.001 -21"><span class='ocrx_word' id='word_1_243' title='bbox 244 1825 474 1894; x_wconf 86' lang='lat' dir='ltr'><strong>tingat)!</strong></span> <span class='ocrx_word' id='word_1_244' title='bbox 517 1825 657 1879; x_wconf 88' lang='lat' dir='ltr'><strong>absit</strong></span> <span class='ocrx_word' id='word_1_245' title='bbox 696 1832 757 1878; x_wconf 92' lang='lat' dir='ltr'><strong>ut</strong></span> <span class='ocrx_word' id='word_1_246' title='bbox 798 1825 912 1878; x_wconf 64' lang='lat' dir='ltr'><strong>haec</strong></span> <span class='ocrx_word' id='word_1_247' title='bbox 957 1822 1012 1877; x_wconf 93' lang='lat' dir='ltr'><strong>in</strong></span> <span class='ocrx_word' id='word_1_248' title='bbox 1049 1821 1291 1892; x_wconf 89' lang='lat' dir='ltr'><strong>quolibet</strong></span> <span class='ocrx_word' id='word_1_249' title='bbox 1343 1820 1553 1876; x_wconf 88' lang='lat' dir='ltr'><strong>lethalis</strong></span> <span class='ocrx_word' id='word_1_250' title='bbox 1600 1817 1835 1890; x_wconf 58' lang='lat' dir='ltr'><strong>perﬁdia</strong></span> <span class='ocrx_word' id='word_1_251' title='bbox 1868 1824 1910 1885; x_wconf 78' lang='grc' dir='ltr'><strong><em>Β</em></strong></span> <span class='ocrx_word' id='word_1_252' title='bbox 1939 1830 1995 1878; x_wconf 91' lang='lat' dir='ltr'><strong>et</strong></span> <span class='ocrx_word' id='word_1_253' title='bbox 2021 1822 2290 1879; x_wconf 89' lang='lat' dir='ltr'><strong>indefesso</strong></span> <span class='ocrx_word' id='word_1_254' title='bbox 2319 1825 2541 1880; x_wconf 87' lang='lat' dir='ltr'><strong>circuitu</strong></span> <span class='ocrx_word' id='word_1_255' title='bbox 2562 1824 2822 1896; x_wconf 67' lang='lat' dir='ltr'><strong>quaarenti</strong></span> <span class='ocrx_word' id='word_1_256' title='bbox 2851 1839 3009 1895; x_wconf 90' lang='lat' dir='ltr'><strong>quem</strong></span> <span class='ocrx_word' id='word_1_257' title='bbox 3039 1825 3259 1881; x_wconf 89' lang='lat' dir='ltr'><strong>devoret</strong></span> <span class='ocrx_word' id='word_1_258' title='bbox 3293 1825 3346 1899; x_wconf 87' lang='lat' dir='ltr'><strong>(l</strong></span> <span class='ocrx_word' id='word_1_259' title='bbox 3368 1826 3514 1880; x_wconf 80' lang='lat' dir='ltr'><strong>Petr.</strong></span> 
     </span>
    </p>
   </div>
   <div class='ocr_carea' id='block_1_34' title="bbox 243 1911 1828 1986">
    <p class='ocr_par' dir='ltr' id='par_1_34' title="bbox 243 1911 1828 1986">
     <span class='ocr_line' id='line_1_35' title="bbox 243 1911 1828 1986; baseline -0.005 -15"><span class='ocrx_word' id='word_1_260' title='bbox 243 1917 497 1984; x_wconf 87' lang='lat' dir='ltr'><strong>contagio</strong></span> <span class='ocrx_word' id='word_1_261' title='bbox 554 1917 840 1986; x_wconf 88' lang='lat' dir='ltr'><strong>puritatem</strong></span> <span class='ocrx_word' id='word_1_262' title='bbox 891 1913 1207 1970; x_wconf 76' lang='lat' dir='ltr'><strong>Christianze</strong></span> <span class='ocrx_word' id='word_1_263' title='bbox 1266 1912 1539 1983; x_wconf 78' lang='lat' dir='ltr'><strong>religionis</strong></span> <span class='ocrx_word' id='word_1_264' title='bbox 1592 1911 1828 1967; x_wconf 79' lang='lat' dir='ltr'><strong>inliciat!</strong></span> 
     </span>
    </p>
   </div>
   <div class='ocr_carea' id='block_1_35' title="bbox 242 1999 1836 2076">
    <p class='ocr_par' dir='ltr' id='par_1_35' title="bbox 242 1999 1836 2076">
     <span class='ocr_line' id='line_1_36' title="bbox 242 1999 1836 2076; baseline -0.003 -14"><span class='ocrx_word' id='word_1_265' title='bbox 242 2009 370 2076; x_wconf 83' lang='lat' dir='ltr'><strong>Quis</strong></span> <span class='ocrx_word' id='word_1_266' title='bbox 398 2010 548 2064; x_wconf 89' lang='lat' dir='ltr'><strong>enim</strong></span> <span class='ocrx_word' id='word_1_267' title='bbox 587 2023 694 2063; x_wconf 91' lang='lat' dir='ltr'><strong>non</strong></span> <span class='ocrx_word' id='word_1_268' title='bbox 723 2006 1032 2063; x_wconf 79' lang='lat' dir='ltr'><strong>consideret</strong></span> <span class='ocrx_word' id='word_1_269' title='bbox 1055 2007 1182 2061; x_wconf 92' lang='lat' dir='ltr'><strong>illud</strong></span> <span class='ocrx_word' id='word_1_270' title='bbox 1205 2005 1364 2074; x_wconf 86' lang='lat' dir='ltr'><strong>digne</strong></span> <span class='ocrx_word' id='word_1_271' title='bbox 1391 2004 1710 2075; x_wconf 88' lang='lat' dir='ltr'><strong>principium</strong></span> <span class='ocrx_word' id='word_1_272' title='bbox 1731 1999 1836 2058; x_wconf 91' lang='lat' dir='ltr'><strong>dici</strong></span> 
     </span>
    </p>
   </div>
   <div class='ocr_carea' id='block_1_36' title="bbox 242 2091 1837 2170">
    <p class='ocr_par' dir='ltr' id='par_1_36' title="bbox 242 2091 1837 2170">
     <span class='ocr_line' id='line_1_37' title="bbox 242 2091 1837 2170; baseline -0.005 -16"><span class='ocrx_word' id='word_1_273' title='bbox 242 2101 381 2170; x_wconf 89' lang='lat' dir='ltr'><strong>quod</strong></span> <span class='ocrx_word' id='word_1_274' title='bbox 433 2092 585 2153; x_wconf 85' lang='lat' dir='ltr'><strong>nullo</strong></span> <span class='ocrx_word' id='word_1_275' title='bbox 628 2099 804 2168; x_wconf 92' lang='lat' dir='ltr'><strong>potuit</strong></span> <span class='ocrx_word' id='word_1_276' title='bbox 849 2096 1114 2168; x_wconf 87' lang='lat' dir='ltr'><strong>principio</strong></span> <span class='ocrx_word' id='word_1_277' title='bbox 1151 2095 1468 2166; x_wconf 72' lang='lat' dir='ltr'><strong>prmveniri?</strong></span> <span class='ocrx_word' id='word_1_278' title='bbox 1505 2093 1639 2147; x_wconf 88' lang='lat' dir='ltr'><strong>Nam</strong></span> <span class='ocrx_word' id='word_1_279' title='bbox 1682 2091 1837 2162; x_wconf 87' lang='lat' dir='ltr'><strong>quid-</strong></span> 
     </span>
    </p>
   </div>
   <div class='ocr_carea' id='block_1_37' title="bbox 241 2184 1838 2259">
    <p class='ocr_par' dir='ltr' id='par_1_37' title="bbox 241 2184 1838 2259">
     <span class='ocr_line' id='line_1_38' title="bbox 241 2184 1838 2259; baseline -0.003 -15"><span class='ocrx_word' id='word_1_280' title='bbox 241 2189 368 2259; x_wconf 84' lang='lat' dir='ltr'><strong>quid</strong></span> <span class='ocrx_word' id='word_1_281' title='bbox 396 2198 528 2243; x_wconf 89' lang='lat' dir='ltr'><strong>ante</strong></span> <span class='ocrx_word' id='word_1_282' title='bbox 548 2188 828 2258; x_wconf 87' lang='lat' dir='ltr'><strong>quodlibet</strong></span> <span class='ocrx_word' id='word_1_283' title='bbox 846 2187 1164 2258; x_wconf 89' lang='lat' dir='ltr'><strong>principium</strong></span> <span class='ocrx_word' id='word_1_284' title='bbox 1193 2186 1433 2255; x_wconf 90' lang='lat' dir='ltr'><strong>cogitare</strong></span> <span class='ocrx_word' id='word_1_285' title='bbox 1447 2184 1706 2249; x_wconf 88' lang='lat' dir='ltr'><strong>volueris,</strong></span> <span class='ocrx_word' id='word_1_286' title='bbox 1732 2184 1838 2239; x_wconf 92' lang='lat' dir='ltr'><strong>hoc</strong></span> 
     </span>
    </p>
   </div>
   <div class='ocr_carea' id='block_1_38' title="bbox 242 2272 1836 2347">
    <p class='ocr_par' dir='ltr' id='par_1_38' title="bbox 242 2272 1836 2347">
     <span class='ocr_line' id='line_1_39' title="bbox 242 2272 1836 2347; baseline -0.005 -13"><span class='ocrx_word' id='word_1_287' title='bbox 242 2293 468 2334; x_wconf 87' lang='lat' dir='ltr'><strong>necesse</strong></span> <span class='ocrx_word' id='word_1_288' title='bbox 499 2286 584 2332; x_wconf 90' lang='lat' dir='ltr'><strong>est</strong></span> <span class='ocrx_word' id='word_1_289' title='bbox 610 2293 796 2332; x_wconf 85' lang='lat' dir='ltr'><strong>verum</strong></span> <span class='ocrx_word' id='word_1_290' title='bbox 836 2276 1157 2347; x_wconf 89' lang='lat' dir='ltr'><strong>principium</strong></span> <span class='ocrx_word' id='word_1_291' title='bbox 1211 2275 1448 2330; x_wconf 82' lang='lat' dir='ltr'><strong>fatearis.</strong></span> <span class='ocrx_word' id='word_1_292' title='bbox 1497 2272 1562 2326; x_wconf 90' lang='lat' dir='ltr'><strong>Et</strong></span> <span class='ocrx_word' id='word_1_293' title='bbox 1581 2273 1836 2342; x_wconf 89' lang='lat' dir='ltr'><strong>quoniam</strong></span> 
     </span>
    </p>
   </div>
   <div class='ocr_carea' id='block_1_39' title="bbox 242 2363 1836 2440">
    <p class='ocr_par' dir='ltr' id='par_1_39' title="bbox 242 2363 1836 2440">
     <span class='ocr_line' id='line_1_40' title="bbox 242 2363 1836 2440; baseline -0.005 -14"><span class='ocrx_word' id='word_1_294' title='bbox 242 2384 462 2440; x_wconf 83' lang='lat' dir='ltr'><strong>semper</strong></span> <span class='ocrx_word' id='word_1_295' title='bbox 489 2367 778 2437; x_wconf 86' lang='lat' dir='ltr'><strong>cogitando</strong></span> <span class='ocrx_word' id='word_1_296' title='bbox 808 2368 1150 2438; x_wconf 88' lang='lat' dir='ltr'><strong>principium,</strong></span> <span class='ocrx_word' id='word_1_297' title='bbox 1193 2366 1369 2422; x_wconf 89' lang='lat' dir='ltr'><strong>nullus</strong></span> <span class='ocrx_word' id='word_1_298' title='bbox 1409 2366 1610 2420; x_wconf 88' lang='lat' dir='ltr'><strong>invenit</strong></span> <span class='ocrx_word' id='word_1_299' title='bbox 1648 2363 1836 2418; x_wconf 86' lang='lat' dir='ltr'><strong>termi-</strong></span> 
     </span>
    </p>
   </div>
   <div class='ocr_carea' id='block_1_40' title="bbox 244 2456 1833 2532">
    <p class='ocr_par' dir='ltr' id='par_1_40' title="bbox 244 2456 1833 2532">
     <span class='ocr_line' id='line_1_41' title="bbox 244 2456 1833 2532; baseline -0.005 -15"><span class='ocrx_word' id='word_1_300' title='bbox 244 2460 391 2528; x_wconf 80' lang='lat' dir='ltr'><strong>nurr&#39;t,</strong></span> <span class='ocrx_word' id='word_1_301' title='bbox 419 2471 711 2532; x_wconf 87' lang='lat' dir='ltr'><strong>propterea</strong></span> <span class='ocrx_word' id='word_1_302' title='bbox 743 2460 871 2515; x_wconf 88' lang='lat' dir='ltr'><strong>illud</strong></span> <span class='ocrx_word' id='word_1_303' title='bbox 900 2469 983 2515; x_wconf 90' lang='lat' dir='ltr'><strong>est</strong></span> <span class='ocrx_word' id='word_1_304' title='bbox 1013 2459 1298 2514; x_wconf 91' lang='lat' dir='ltr'><strong>dicendum</strong></span> <span class='ocrx_word' id='word_1_305' title='bbox 1338 2472 1466 2513; x_wconf 90' lang='lat' dir='ltr'><strong>vere</strong></span> <span class='ocrx_word' id='word_1_306' title='bbox 1491 2456 1833 2528; x_wconf 91' lang='lat' dir='ltr'><strong>principium,</strong></span> 
     </span>
    </p>
   </div>
   <div class='ocr_carea' id='block_1_41' title="bbox 243 2545 1838 2624">
    <p class='ocr_par' dir='ltr' id='par_1_41' title="bbox 243 2545 1838 2624">
     <span class='ocr_line' id='line_1_42' title="bbox 243 2545 1838 2624; baseline -0.003 -15"><span class='ocrx_word' id='word_1_307' title='bbox 243 2554 386 2624; x_wconf 83' lang='lat' dir='ltr'><strong>quod</strong></span> <span class='ocrx_word' id='word_1_308' title='bbox 413 2561 499 2610; x_wconf 87' lang='lat' dir='ltr'><strong>est</strong></span> <span class='ocrx_word' id='word_1_309' title='bbox 528 2545 1306 2623; x_wconf 44' lang='lat' dir='ltr'><strong>essentialiter&#39;sempiternum.</strong></span> <span class='ocrx_word' id='word_1_310' title='bbox 1335 2549 1470 2605; x_wconf 83' lang='lat' dir='ltr'><strong>llinc</strong></span> <span class='ocrx_word' id='word_1_311' title='bbox 1493 2558 1576 2604; x_wconf 89' lang='lat' dir='ltr'><strong>est</strong></span> <span class='ocrx_word' id='word_1_312' title='bbox 1594 2546 1838 2620; x_wconf 87' lang='lat' dir='ltr'><strong>profecto</strong></span> 
     </span>
    </p>
   </div>
   <div class='ocr_carea' id='block_1_42' title="bbox 243 2639 1839 2717">
    <p class='ocr_par' dir='ltr' id='par_1_42' title="bbox 243 2639 1839 2717">
     <span class='ocr_line' id='line_1_43' title="bbox 243 2639 1839 2717; baseline -0.003 -18"><span class='ocrx_word' id='word_1_313' title='bbox 243 2645 387 2717; x_wconf 87' lang='lat' dir='ltr'><strong>quod</strong></span> <span class='ocrx_word' id='word_1_314' title='bbox 409 2646 538 2716; x_wconf 85' lang='lat' dir='ltr'><strong>ipse</strong></span> <span class='ocrx_word' id='word_1_315' title='bbox 563 2645 730 2700; x_wconf 90' lang='lat' dir='ltr'><strong>Filius</strong></span> <span class='ocrx_word' id='word_1_316' title='bbox 751 2645 938 2700; x_wconf 90' lang='lat' dir='ltr'><strong>volens</strong></span> <span class='ocrx_word' id='word_1_317' title='bbox 963 2643 1158 2698; x_wconf 66' lang='lat' dir='ltr'><strong>Iudaeis</strong></span> <span class='ocrx_word' id='word_1_318' title='bbox 1199 2642 1612 2697; x_wconf 89' lang='lat' dir='ltr'><strong>immensitatem</strong></span> <span class='ocrx_word' id='word_1_319' title='bbox 1641 2639 1839 2711; x_wconf 83' lang='lat' dir='ltr'><strong>sempi-</strong></span> 
     </span>
    </p>
   </div>
   <div class='ocr_carea' id='block_1_43' title="bbox 243 2731 1835 2806">
    <p class='ocr_par' dir='ltr' id='par_1_43' title="bbox 243 2731 1835 2806">
     <span class='ocr_line' id='line_1_44' title="bbox 243 2731 1835 2806; baseline -0.004 -12"><span class='ocrx_word' id='word_1_320' title='bbox 243 2738 814 2804; x_wconf 62' lang='lat' dir='ltr'><strong>ternitatissuaecerta</strong></span> <span class='ocrx_word' id='word_1_321' title='bbox 828 2750 1048 2806; x_wconf 88' lang='lat' dir='ltr'><strong>prorsus</strong></span> <span class='ocrx_word' id='word_1_322' title='bbox 1071 2731 1502 2788; x_wconf 89' lang='lat' dir='ltr'><strong>manifestatione</strong></span> <span class='ocrx_word' id='word_1_323' title='bbox 1518 2740 1835 2797; x_wconf 87' lang='lat' dir='ltr'><strong>monstrare,</strong></span> 
     </span>
    </p>
   </div>
   <div class='ocr_carea' id='block_1_44' title="bbox 244 2822 1836 2897">
    <p class='ocr_par' dir='ltr' id='par_1_44' title="bbox 244 2822 1836 2897">
     <span class='ocr_line' id='line_1_45' title="bbox 244 2822 1836 2897; baseline -0.006 -13"><span class='ocrx_word' id='word_1_324' title='bbox 244 2827 703 2897; x_wconf 84' lang='lat' dir='ltr'><strong>interrogantibus</strong></span> <span class='ocrx_word' id='word_1_325' title='bbox 747 2826 867 2896; x_wconf 92' lang='lat' dir='ltr'><strong>quis</strong></span> <span class='ocrx_word' id='word_1_326' title='bbox 913 2832 1057 2880; x_wconf 85' lang='lat' dir='ltr'><strong>esset</strong></span> <span class='ocrx_word' id='word_1_327' title='bbox 1101 2823 1380 2894; x_wconf 89' lang='lat' dir='ltr'><strong>respondit</strong></span> <span class='ocrx_word' id='word_1_328' title='bbox 1419 2841 1432 2876; x_wconf 92' lang='lat'><strong>:</strong></span> <span class='ocrx_word' id='word_1_329' title='bbox 1481 2822 1836 2892; x_wconf 86' lang='lat' dir='ltr'><strong>Principium,</strong></span> 
     </span>
    </p>
   </div>
   <div class='ocr_carea' id='block_1_45' title="bbox 246 2912 1838 2995">
    <p class='ocr_par' dir='ltr' id='par_1_45' title="bbox 246 2912 1838 2995">
     <span class='ocr_line' id='line_1_46' title="bbox 246 2912 1838 2995; baseline -0.004 -19"><span class='ocrx_word' id='word_1_330' title='bbox 246 2923 378 2995; x_wconf 70' lang='lat' dir='ltr'><strong>quod</strong></span> <span class='ocrx_word' id='word_1_331' title='bbox 397 2912 452 2976; x_wconf 75' lang='lat' dir='ltr'><strong>et</strong></span> <span class='ocrx_word' id='word_1_332' title='bbox 471 2922 657 2990; x_wconf 82' lang='lat' dir='ltr'><strong>loquor</strong></span> <span class='ocrx_word' id='word_1_333' title='bbox 691 2917 830 2973; x_wconf 68' lang='lat' dir='ltr'><strong>vobis</strong></span> <span class='ocrx_word' id='word_1_334' title='bbox 860 2916 1035 2990; x_wconf 81' lang='lat' dir='ltr'><strong>(Joan.</strong></span> <span class='ocrx_word' id='word_1_335' title='bbox 1064 2930 1176 2982; x_wconf 79' lang='lat' dir='ltr'><strong>vni,</strong></span> <span class='ocrx_word' id='word_1_336' title='bbox 1205 2914 1320 2986; x_wconf 72' lang='lat'><strong>25).</strong></span> <span class='ocrx_word' id='word_1_337' title='bbox 1350 2913 1470 2987; x_wconf 49' lang='lat' dir='ltr'><strong>.Sed</strong></span> <span class='ocrx_word' id='word_1_338' title='bbox 1516 2913 1742 2970; x_wconf 86' lang='lat' dir='ltr'><strong>forsitan</strong></span> <span class='ocrx_word' id='word_1_339' title='bbox 1770 2928 1838 2970; x_wconf 92' lang='lat' dir='ltr'><strong>eo</strong></span> 
     </span>
    </p>
   </div>
   <div class='ocr_carea' id='block_1_46' title="bbox 246 3007 1838 3086">
    <p class='ocr_par' dir='ltr' id='par_1_46' title="bbox 246 3007 1838 3086">
     <span class='ocr_line' id='line_1_47' title="bbox 246 3007 1838 3086; baseline -0.004 -15"><span class='ocrx_word' id='word_1_340' title='bbox 246 3015 390 3086; x_wconf 85' lang='lat' dir='ltr'><strong>quod</strong></span> <span class='ocrx_word' id='word_1_341' title='bbox 436 3022 524 3070; x_wconf 89' lang='lat' dir='ltr'><strong>est</strong></span> <span class='ocrx_word' id='word_1_342' title='bbox 561 3012 870 3083; x_wconf 84' lang='lat' dir='ltr'><strong>principium</strong></span> <span class='ocrx_word' id='word_1_343' title='bbox 911 3009 1106 3074; x_wconf 90' lang='lat' dir='ltr'><strong>dictus,</strong></span> <span class='ocrx_word' id='word_1_344' title='bbox 1149 3008 1317 3079; x_wconf 88' lang='lat' dir='ltr'><strong>magis</strong></span> <span class='ocrx_word' id='word_1_345' title='bbox 1356 3007 1629 3079; x_wconf 90' lang='lat' dir='ltr'><strong>putabitur</strong></span> <span class='ocrx_word' id='word_1_346' title='bbox 1686 3007 1838 3071; x_wconf 85' lang='lat' dir='ltr'><strong>initio</strong></span> 
     </span>
    </p>
   </div>
   <div class='ocr_carea' id='block_1_47' title="bbox 247 3098 1838 3172">
    <p class='ocr_par' dir='ltr' id='par_1_47' title="bbox 247 3098 1838 3172">
     <span class='ocr_line' id='line_1_48' title="bbox 247 3098 1838 3172; baseline -0.006 -9"><span class='ocrx_word' id='word_1_347' title='bbox 247 3105 513 3163; x_wconf 78' lang='lat' dir='ltr'><strong>existendi</strong></span> <span class='ocrx_word' id='word_1_348' title='bbox 541 3102 834 3172; x_wconf 87' lang='lat' dir='ltr'><strong>subjectus.</strong></span> <span class='ocrx_word' id='word_1_349' title='bbox 861 3100 1015 3168; x_wconf 85' lang='lat' dir='ltr'><strong>Quod</strong></span> <span class='ocrx_word' id='word_1_350' title='bbox 1057 3101 1102 3156; x_wconf 91' lang='lat' dir='ltr'><strong>si</strong></span> <span class='ocrx_word' id='word_1_351' title='bbox 1148 3115 1216 3155; x_wconf 75' lang='lat' dir='ltr'><strong>ex</strong></span> <span class='ocrx_word' id='word_1_352' title='bbox 1256 3099 1363 3154; x_wconf 90' lang='lat' dir='ltr'><strong>hoc</strong></span> <span class='ocrx_word' id='word_1_353' title='bbox 1389 3099 1653 3154; x_wconf 90' lang='lat' dir='ltr'><strong>vocabulo</strong></span> <span class='ocrx_word' id='word_1_354' title='bbox 1691 3098 1838 3169; x_wconf 87' lang='lat' dir='ltr'><strong>quis-</strong></span> 
     </span>
    </p>
   </div>
   <div class='ocr_carea' id='block_1_48' title="bbox 1937 1915 3594 1990">
    <p class='ocr_par' dir='ltr' id='par_1_48' title="bbox 1937 1915 3594 1990">
     <span class='ocr_line' id='line_1_49' title="bbox 1937 1915 3594 1990; baseline 0.004 -19"><span class='ocrx_word' id='word_1_355' title='bbox 1937 1930 1990 1983; x_wconf 89' lang='lat' dir='ltr'><strong>v,</strong></span> <span class='ocrx_word' id='word_1_356' title='bbox 2023 1915 2099 1987; x_wconf 91' lang='lat'><strong>8),</strong></span> <span class='ocrx_word' id='word_1_357' title='bbox 2122 1918 2378 1972; x_wconf 88' lang='lat' dir='ltr'><strong>resistunt</strong></span> <span class='ocrx_word' id='word_1_358' title='bbox 2405 1917 2615 1974; x_wconf 88' lang='lat' dir='ltr'><strong>fortiter</strong></span> <span class='ocrx_word' id='word_1_359' title='bbox 2643 1920 2697 1974; x_wconf 92' lang='lat' dir='ltr'><strong>in</strong></span> <span class='ocrx_word' id='word_1_360' title='bbox 2735 1919 2870 1986; x_wconf 89' lang='lat' dir='ltr'><strong>ﬁde;</strong></span> <span class='ocrx_word' id='word_1_361' title='bbox 2917 1928 2976 1974; x_wconf 92' lang='lat' dir='ltr'><strong>ut</strong></span> <span class='ocrx_word' id='word_1_362' title='bbox 3001 1928 3284 1990; x_wconf 87' lang='lat' dir='ltr'><strong>postquam</strong></span> <span class='ocrx_word' id='word_1_363' title='bbox 3326 1921 3414 1976; x_wconf 90' lang='lat' dir='ltr'><strong>hic</strong></span> <span class='ocrx_word' id='word_1_364' title='bbox 3461 1921 3516 1977; x_wconf 92' lang='lat' dir='ltr'><strong>in</strong></span> <span class='ocrx_word' id='word_1_365' title='bbox 3588 1954 3594 1959; x_wconf 96' lang='lat'><strong><em>-</em></strong></span> 
     </span>
    </p>
   </div>
   <div class='ocr_carea' id='block_1_49' title="bbox 1935 2005 3517 2079">
    <p class='ocr_par' dir='ltr' id='par_1_49' title="bbox 1935 2005 3517 2079">
     <span class='ocr_line' id='line_1_50' title="bbox 1935 2005 3517 2079; baseline 0.001 -18"><span class='ocrx_word' id='word_1_366' title='bbox 1935 2005 2280 2062; x_wconf 88' lang='lat' dir='ltr'><strong>tribulatione</strong></span> <span class='ocrx_word' id='word_1_367' title='bbox 2299 2008 2567 2077; x_wconf 89' lang='lat' dir='ltr'><strong>patientes</strong></span> <span class='ocrx_word' id='word_1_368' title='bbox 2585 2008 2840 2074; x_wconf 83' lang='lat' dir='ltr'><strong>vixerint,</strong></span> <span class='ocrx_word' id='word_1_369' title='bbox 2862 2017 3180 2079; x_wconf 87' lang='lat' dir='ltr'><strong>consumpta</strong></span> <span class='ocrx_word' id='word_1_370' title='bbox 3199 2008 3517 2077; x_wconf 87' lang='lat' dir='ltr'><strong>quandoque</strong></span> 
     </span>
    </p>
   </div>
   <div class='ocr_carea' id='block_1_50' title="bbox 1934 2095 3518 2168">
    <p class='ocr_par' dir='ltr' id='par_1_50' title="bbox 1934 2095 3518 2168">
     <span class='ocr_line' id='line_1_51' title="bbox 1934 2095 3518 2168; baseline 0.002 -18"><span class='ocrx_word' id='word_1_371' title='bbox 1934 2095 2128 2150; x_wconf 62' lang='lat' dir='ltr'><strong>divinae</strong></span> <span class='ocrx_word' id='word_1_372' title='bbox 2180 2097 2554 2168; x_wconf 87' lang='lat' dir='ltr'><strong>promissionis</strong></span> <span class='ocrx_word' id='word_1_373' title='bbox 2590 2096 2894 2153; x_wconf 82' lang='lat' dir='ltr'><strong>seductoria</strong></span> <span class='ocrx_word' id='word_1_374' title='bbox 2949 2098 3120 2167; x_wconf 85' lang='lat' dir='ltr'><strong>magis</strong></span> <span class='ocrx_word' id='word_1_375' title='bbox 3166 2098 3518 2153; x_wconf 89' lang='lat' dir='ltr'><strong>retributione</strong></span> 
     </span>
    </p>
   </div>
   <div class='ocr_carea' id='block_1_51' title="bbox 1934 2187 3519 2256">
    <p class='ocr_par' dir='ltr' id='par_1_51' title="bbox 1934 2187 3519 2256">
     <span class='ocr_line' id='line_1_52' title="bbox 1934 2187 3519 2256; baseline 0.001 -17"><span class='ocrx_word' id='word_1_376' title='bbox 1934 2199 2097 2254; x_wconf 87' lang='lat' dir='ltr'><strong>quam</strong></span> <span class='ocrx_word' id='word_1_377' title='bbox 2117 2200 2266 2256; x_wconf 88' lang='lat' dir='ltr'><strong>vera,</strong></span> <span class='ocrx_word' id='word_1_378' title='bbox 2287 2202 2355 2241; x_wconf 88' lang='lat' dir='ltr'><strong>au</strong></span> <span class='ocrx_word' id='word_1_379' title='bbox 2395 2187 2587 2244; x_wconf 88' lang='lat' dir='ltr'><strong>misere</strong></span> <span class='ocrx_word' id='word_1_380' title='bbox 2605 2187 2808 2254; x_wconf 83' lang='lat' dir='ltr'><strong>vivant,</strong></span> <span class='ocrx_word' id='word_1_381' title='bbox 2830 2195 2925 2242; x_wconf 87' lang='lat' dir='ltr'><strong>aut</strong></span> <span class='ocrx_word' id='word_1_382' title='bbox 2939 2189 3156 2244; x_wconf 90' lang='lat' dir='ltr'><strong>omnino</strong></span> <span class='ocrx_word' id='word_1_383' title='bbox 3175 2203 3286 2242; x_wconf 92' lang='lat' dir='ltr'><strong>non</strong></span> <span class='ocrx_word' id='word_1_384' title='bbox 3300 2189 3519 2242; x_wconf 75' lang='lat' dir='ltr'><strong>vivant?</strong></span> 
     </span>
    </p>
   </div>
   <div class='ocr_carea' id='block_1_52' title="bbox 1950 2275 3518 2350">
    <p class='ocr_par' dir='ltr' id='par_1_52' title="bbox 1950 2275 3518 2350">
     <span class='ocr_line' id='line_1_53' title="bbox 1950 2275 3518 2350; baseline 0.002 -21"><span class='ocrx_word' id='word_1_385' title='bbox 1950 2275 2067 2330; x_wconf 79' lang='lat' dir='ltr'><strong>Vita</strong></span> <span class='ocrx_word' id='word_1_386' title='bbox 2110 2291 2342 2346; x_wconf 89' lang='lat' dir='ltr'><strong>namque</strong></span> <span class='ocrx_word' id='word_1_387' title='bbox 2387 2279 2630 2333; x_wconf 76' lang='lat' dir='ltr'><strong>Christus</strong></span> <span class='ocrx_word' id='word_1_388' title='bbox 2664 2276 2877 2345; x_wconf 88' lang='lat' dir='ltr'><strong>dicitur,</strong></span> <span class='ocrx_word' id='word_1_389' title='bbox 2927 2279 3066 2334; x_wconf 89' lang='lat' dir='ltr'><strong>sicut</strong></span> <span class='ocrx_word' id='word_1_390' title='bbox 3103 2279 3218 2332; x_wconf 91' lang='lat' dir='ltr'><strong>ait:</strong></span> <span class='ocrx_word' id='word_1_391' title='bbox 3251 2277 3366 2350; x_wconf 82' lang='lat' dir='ltr'><strong>Ego</strong></span> <span class='ocrx_word' id='word_1_392' title='bbox 3405 2295 3518 2333; x_wconf 83' lang='lat' dir='ltr'><strong>sum</strong></span> 
     </span>
    </p>
   </div>
   <div class='ocr_carea' id='block_1_53' title="bbox 1935 2367 3519 2439">
    <p class='ocr_par' dir='ltr' id='par_1_53' title="bbox 1935 2367 3519 2439">
     <span class='ocr_line' id='line_1_54' title="bbox 1935 2367 3519 2439; baseline -0.001 -17"><span class='ocrx_word' id='word_1_393' title='bbox 1935 2367 2086 2436; x_wconf 78' lang='lat' dir='ltr'><strong>nia,d</strong></span> <span class='ocrx_word' id='word_1_394' title='bbox 2117 2370 2305 2422; x_wconf 72' lang='lat' dir='ltr'><strong>ueritas</strong></span> <span class='ocrx_word' id='word_1_395' title='bbox 2333 2377 2382 2422; x_wconf 92' lang='lat' dir='ltr'><strong>et</strong></span> <span class='ocrx_word' id='word_1_396' title='bbox 2403 2369 2508 2422; x_wconf 79' lang='lat' dir='ltr'><strong>vita</strong></span> <span class='ocrx_word' id='word_1_397' title='bbox 2570 2367 2747 2439; x_wconf 83' lang='lat' dir='ltr'><strong>(Joan.</strong></span> <span class='ocrx_word' id='word_1_398' title='bbox 2779 2384 2892 2436; x_wconf 71' lang='lat' dir='ltr'><strong>xxv,</strong></span> <span class='ocrx_word' id='word_1_399' title='bbox 2938 2368 3015 2438; x_wconf 85' lang='lat'><strong>6).</strong></span> <span class='ocrx_word' id='word_1_400' title='bbox 3047 2367 3264 2423; x_wconf 85' lang='lat' dir='ltr'><strong>Initium</strong></span> <span class='ocrx_word' id='word_1_401' title='bbox 3303 2377 3352 2422; x_wconf 89' lang='lat' dir='ltr'><strong>et</strong></span> <span class='ocrx_word' id='word_1_402' title='bbox 3381 2369 3519 2438; x_wconf 77' lang='lat' dir='ltr'><strong>&#39;ﬁnis</strong></span> 
     </span>
    </p>
   </div>
   <div class='ocr_carea' id='block_1_54' title="bbox 1935 2455 3518 2528">
    <p class='ocr_par' dir='ltr' id='par_1_54' title="bbox 1935 2455 3518 2528">
     <span class='ocr_line' id='line_1_55' title="bbox 1935 2455 3518 2528; baseline 0.001 -16"><span class='ocrx_word' id='word_1_403' title='bbox 1935 2455 2184 2512; x_wconf 90' lang='lat' dir='ltr'><strong>Christus</strong></span> <span class='ocrx_word' id='word_1_404' title='bbox 2223 2457 2436 2524; x_wconf 91' lang='lat' dir='ltr'><strong>dicitur,</strong></span> <span class='ocrx_word' id='word_1_405' title='bbox 2465 2459 2591 2528; x_wconf 87' lang='lat' dir='ltr'><strong>quia</strong></span> <span class='ocrx_word' id='word_1_406' title='bbox 2617 2457 2864 2512; x_wconf 86' lang='lat' dir='ltr'><strong>similiter</strong></span> <span class='ocrx_word' id='word_1_407' title='bbox 2907 2458 3024 2528; x_wconf 91' lang='lat' dir='ltr'><strong>ipse</strong></span> <span class='ocrx_word' id='word_1_408' title='bbox 3062 2457 3233 2512; x_wconf 81' lang='lat' dir='ltr'><strong>dixit:</strong></span> <span class='ocrx_word' id='word_1_409' title='bbox 3265 2455 3378 2528; x_wconf 84' lang='lat' dir='ltr'><strong>Ego</strong></span> <span class='ocrx_word' id='word_1_410' title='bbox 3406 2475 3518 2513; x_wconf 87' lang='lat' dir='ltr'><strong>sum</strong></span> 
     </span>
    </p>
   </div>
   <div class='ocr_carea' id='block_1_55' title="bbox 1937 2547 3518 2619">
    <p class='ocr_par' dir='ltr' id='par_1_55' title="bbox 1937 2547 3518 2619">
     <span class='ocr_line' id='line_1_56' title="bbox 1937 2547 3518 2619; baseline 0.002 -19"><span class='ocrx_word' id='word_1_411' title='bbox 1937 2547 2097 2617; x_wconf 81' lang='lat' dir='ltr'><strong>alpha</strong></span> <span class='ocrx_word' id='word_1_412' title='bbox 2124 2555 2175 2602; x_wconf 87' lang='lat' dir='ltr'><strong>et</strong></span> <span class='ocrx_word' id='word_1_413' title='bbox 2193 2564 2393 2618; x_wconf 87' lang='lat' dir='ltr'><strong>omega,</strong></span> <span class='ocrx_word' id='word_1_414' title='bbox 2417 2548 2620 2602; x_wconf 90' lang='lat' dir='ltr'><strong>initium</strong></span> <span class='ocrx_word' id='word_1_415' title='bbox 2647 2557 2696 2603; x_wconf 86' lang='lat' dir='ltr'><strong>et</strong></span> <span class='ocrx_word' id='word_1_416' title='bbox 2724 2549 2848 2618; x_wconf 83' lang='lat' dir='ltr'><strong>ﬁnis</strong></span> <span class='ocrx_word' id='word_1_417' title='bbox 2876 2548 3056 2619; x_wconf 81' lang='lat' dir='ltr'><strong>(Apoc.</strong></span> <span class='ocrx_word' id='word_1_418' title='bbox 3090 2563 3128 2614; x_wconf 87' lang='grc' dir='ltr'><strong>ι,</strong></span> <span class='ocrx_word' id='word_1_419' title='bbox 3160 2547 3245 2617; x_wconf 89' lang='lat'><strong>8);</strong></span> <span class='ocrx_word' id='word_1_420' title='bbox 3278 2549 3391 2603; x_wconf 66' lang='lat' dir='ltr'><strong>haec</strong></span> <span class='ocrx_word' id='word_1_421' title='bbox 3418 2564 3518 2603; x_wconf 72' lang='lat' dir='ltr'><strong>au-</strong></span> 
     </span>
    </p>
   </div>
   <div class='ocr_carea' id='block_1_56' title="bbox 1939 2637 3520 2707">
    <p class='ocr_par' dir='ltr' id='par_1_56' title="bbox 1939 2637 3520 2707">
     <span class='ocr_line' id='line_1_57' title="bbox 1939 2637 3520 2707; baseline 0.003 -16"><span class='ocrx_word' id='word_1_422' title='bbox 1939 2645 2049 2692; x_wconf 91' lang='lat' dir='ltr'><strong>tem</strong></span> <span class='ocrx_word' id='word_1_423' title='bbox 2077 2639 2208 2705; x_wconf 88' lang='lat' dir='ltr'><strong>vita,</strong></span> <span class='ocrx_word' id='word_1_424' title='bbox 2233 2639 2299 2706; x_wconf 87' lang='lat' dir='ltr'><strong>si,</strong></span> <span class='ocrx_word' id='word_1_425' title='bbox 2325 2654 2392 2693; x_wconf 87' lang='lat' dir='ltr'><strong>eo</strong></span> <span class='ocrx_word' id='word_1_426' title='bbox 2410 2638 2554 2707; x_wconf 87' lang='lat' dir='ltr'><strong>quod</strong></span> <span class='ocrx_word' id='word_1_427' title='bbox 2580 2638 2784 2692; x_wconf 86' lang='lat' dir='ltr'><strong>initium</strong></span> <span class='ocrx_word' id='word_1_428' title='bbox 2805 2638 3020 2703; x_wconf 88' lang='lat' dir='ltr'><strong>dicitur,</strong></span> <span class='ocrx_word' id='word_1_429' title='bbox 3049 2637 3202 2705; x_wconf 87' lang='lat' dir='ltr'><strong>initio</strong></span> <span class='ocrx_word' id='word_1_430' title='bbox 3227 2639 3520 2700; x_wconf 83' lang='lat' dir='ltr'><strong>nativitatis</strong></span> 
     </span>
    </p>
   </div>
   <div class='ocr_carea' id='block_1_57' title="bbox 1937 2730 3519 2803">
    <p class='ocr_par' dir='ltr' id='par_1_57' title="bbox 1937 2730 3519 2803">
     <span class='ocr_line' id='line_1_58' title="bbox 1937 2730 3519 2803; baseline 0.001 -17"><span class='ocrx_word' id='word_1_431' title='bbox 1937 2739 2159 2803; x_wconf 86' lang='lat' dir='ltr'><strong>putatur</strong></span> <span class='ocrx_word' id='word_1_432' title='bbox 2176 2730 2406 2798; x_wconf 90' lang='lat' dir='ltr'><strong>subdita,</strong></span> <span class='ocrx_word' id='word_1_433' title='bbox 2428 2745 2765 2800; x_wconf 90' lang='lat' dir='ltr'><strong>consequens</strong></span> <span class='ocrx_word' id='word_1_434' title='bbox 2793 2739 2876 2786; x_wconf 89' lang='lat' dir='ltr'><strong>est</strong></span> <span class='ocrx_word' id='word_1_435' title='bbox 2899 2738 2958 2786; x_wconf 90' lang='lat' dir='ltr'><strong>ut</strong></span> <span class='ocrx_word' id='word_1_436' title='bbox 2984 2745 3052 2788; x_wconf 91' lang='lat' dir='ltr'><strong>eo</strong></span> <span class='ocrx_word' id='word_1_437' title='bbox 3079 2731 3223 2802; x_wconf 91' lang='lat' dir='ltr'><strong>quod</strong></span> <span class='ocrx_word' id='word_1_438' title='bbox 3236 2733 3369 2796; x_wconf 74' lang='lat' dir='ltr'><strong>ﬁnis</strong></span> <span class='ocrx_word' id='word_1_439' title='bbox 3394 2730 3519 2788; x_wconf 88' lang='lat' dir='ltr'><strong>dici-</strong></span> 
     </span>
    </p>
   </div>
   <div class='ocr_carea' id='block_1_58' title="bbox 1939 2823 3520 2896">
    <p class='ocr_par' dir='ltr' id='par_1_58' title="bbox 1939 2823 3520 2896">
     <span class='ocr_line' id='line_1_59' title="bbox 1939 2823 3520 2896; baseline 0 -16"><span class='ocrx_word' id='word_1_440' title='bbox 1939 2833 2030 2880; x_wconf 90' lang='lat' dir='ltr'><strong>tur</strong></span> <span class='ocrx_word' id='word_1_441' title='bbox 2062 2823 2385 2894; x_wconf 89' lang='lat' dir='ltr'><strong>quandoque</strong></span> <span class='ocrx_word' id='word_1_442' title='bbox 2427 2832 2645 2896; x_wconf 90' lang='lat' dir='ltr'><strong>putetur</strong></span> <span class='ocrx_word' id='word_1_443' title='bbox 2681 2823 2914 2880; x_wconf 87' lang='lat' dir='ltr'><strong>ﬁnaliter</strong></span> <span class='ocrx_word' id='word_1_444' title='bbox 2954 2824 3238 2881; x_wconf 90' lang='lat' dir='ltr'><strong>abolenda.</strong></span> <span class='ocrx_word' id='word_1_445' title='bbox 3279 2823 3520 2893; x_wconf 89' lang='lat' dir='ltr'><strong>Qualiter</strong></span> 
     </span>
    </p>
   </div>
   <div class='ocr_carea' id='block_1_59' title="bbox 1940 2914 3517 2988">
    <p class='ocr_par' dir='ltr' id='par_1_59' title="bbox 1940 2914 3517 2988">
     <span class='ocr_line' id='line_1_60' title="bbox 1940 2914 3517 2988; baseline 0.001 -16"><span class='ocrx_word' id='word_1_446' title='bbox 1940 2932 2072 2972; x_wconf 91' lang='lat' dir='ltr'><strong>vero</strong></span> <span class='ocrx_word' id='word_1_447' title='bbox 2101 2916 2218 2971; x_wconf 91' lang='lat' dir='ltr'><strong>sine</strong></span> <span class='ocrx_word' id='word_1_448' title='bbox 2265 2914 2371 2971; x_wconf 89' lang='lat' dir='ltr'><strong>ﬁne</strong></span> <span class='ocrx_word' id='word_1_449' title='bbox 2399 2915 2592 2971; x_wconf 88' lang='lat' dir='ltr'><strong>victuri</strong></span> <span class='ocrx_word' id='word_1_450' title='bbox 2618 2925 2744 2973; x_wconf 87' lang='lat' dir='ltr'><strong>sunt</strong></span> <span class='ocrx_word' id='word_1_451' title='bbox 2773 2917 2966 2988; x_wconf 87' lang='lat' dir='ltr'><strong>quibus</strong></span> <span class='ocrx_word' id='word_1_452' title='bbox 2992 2918 3104 2973; x_wconf 90' lang='lat' dir='ltr'><strong>vita</strong></span> <span class='ocrx_word' id='word_1_453' title='bbox 3130 2926 3332 2974; x_wconf 80' lang='lat' dir='ltr'><strong>aeterna</strong></span> <span class='ocrx_word' id='word_1_454' title='bbox 3360 2918 3517 2974; x_wconf 86' lang='lat' dir='ltr'><strong>dabi-</strong></span> 
     </span>
    </p>
   </div>
   <div class='ocr_carea' id='block_1_60' title="bbox 1938 3007 3519 3078">
    <p class='ocr_par' dir='ltr' id='par_1_60' title="bbox 1938 3007 3519 3078">
     <span class='ocr_line' id='line_1_61' title="bbox 1938 3007 3519 3078; baseline 0.002 -15"><span class='ocrx_word' id='word_1_455' title='bbox 1938 3016 2048 3074; x_wconf 89' lang='lat' dir='ltr'><strong>tur,</strong></span> <span class='ocrx_word' id='word_1_456' title='bbox 2077 3009 2123 3064; x_wconf 93' lang='lat' dir='ltr'><strong>si</strong></span> <span class='ocrx_word' id='word_1_457' title='bbox 2149 3009 2273 3063; x_wconf 70' lang='lat' dir='ltr'><strong>vitze</strong></span> <span class='ocrx_word' id='word_1_458' title='bbox 2309 3007 2475 3078; x_wconf 90' lang='lat' dir='ltr'><strong>ipsius</strong></span> <span class='ocrx_word' id='word_1_459' title='bbox 2508 3009 2781 3064; x_wconf 77' lang='lat' dir='ltr'><strong>aeternitas</strong></span> <span class='ocrx_word' id='word_1_460' title='bbox 2827 3007 3079 3065; x_wconf 78' lang='lat' dir='ltr'><strong>ﬁnietur?</strong></span> <span class='ocrx_word' id='word_1_461' title='bbox 3109 3008 3266 3078; x_wconf 91' lang='lat' dir='ltr'><strong>Quod</strong></span> <span class='ocrx_word' id='word_1_462' title='bbox 3309 3011 3356 3066; x_wconf 87' lang='lat' dir='ltr'><strong>si</strong></span> <span class='ocrx_word' id='word_1_463' title='bbox 3405 3011 3519 3066; x_wconf 76' lang='lat' dir='ltr'><strong>htec</strong></span> 
     </span>
    </p>
   </div>
   <div class='ocr_carea' id='block_1_61' title="bbox 1939 3099 3518 3169">
    <p class='ocr_par' dir='ltr' id='par_1_61' title="bbox 1939 3099 3518 3169">
     <span class='ocr_line' id='line_1_62' title="bbox 1939 3099 3518 3169; baseline 0.001 -14"><span class='ocrx_word' id='word_1_464' title='bbox 1939 3099 2164 3155; x_wconf 92' lang='lat' dir='ltr'><strong>omnino</strong></span> <span class='ocrx_word' id='word_1_465' title='bbox 2191 3099 2420 3154; x_wconf 90' lang='lat' dir='ltr'><strong>absurda</strong></span> <span class='ocrx_word' id='word_1_466' title='bbox 2471 3107 2614 3165; x_wconf 89' lang='lat' dir='ltr'><strong>sunt,</strong></span> <span class='ocrx_word' id='word_1_467' title='bbox 2655 3104 3048 3169; x_wconf 87' lang='lat' dir='ltr'><strong>consequenter</strong></span> <span class='ocrx_word' id='word_1_468' title='bbox 3077 3099 3274 3155; x_wconf 87' lang='lat' dir='ltr'><strong>veritas</strong></span> <span class='ocrx_word' id='word_1_469' title='bbox 3316 3107 3400 3156; x_wconf 88' lang='lat' dir='ltr'><strong>est</strong></span> <span class='ocrx_word' id='word_1_470' title='bbox 3423 3115 3518 3156; x_wconf 76' lang='lat' dir='ltr'><strong>ca-</strong></span> 
     </span>
    </p>
   </div>
   <div class='ocr_carea' id='block_1_62' title="bbox 246 3188 3521 3268">
    <p class='ocr_par' dir='ltr' id='par_1_62' title="bbox 246 3188 3521 3268">
     <span class='ocr_line' id='line_1_63' title="bbox 246 3188 3521 3268; baseline -0 -19"><span class='ocrx_word' id='word_1_471' title='bbox 246 3212 405 3268; x_wconf 80' lang='lat' dir='ltr'><strong>qnam</strong></span> <span class='ocrx_word' id='word_1_472' title='bbox 448 3194 672 3250; x_wconf 85' lang='lat' dir='ltr'><strong>molitur</strong></span> <span class='ocrx_word' id='word_1_473' title='bbox 697 3190 1062 3262; x_wconf 80' lang='lat' dir='ltr'><strong>praejudicium</strong></span> <span class='ocrx_word' id='word_1_474' title='bbox 1088 3197 1297 3245; x_wconf 87' lang='lat' dir='ltr'><strong>struere</strong></span> <span class='ocrx_word' id='word_1_475' title='bbox 1321 3188 1554 3254; x_wconf 86' lang='lat' dir='ltr'><strong>veritati,</strong></span> <span class='ocrx_word' id='word_1_476' title='bbox 1591 3196 1651 3243; x_wconf 94' lang='lat' dir='ltr'><strong>ut</strong></span> <span class='ocrx_word' id='word_1_477' title='bbox 1676 3202 1836 3257; x_wconf 89' lang='lat' dir='ltr'><strong>quem</strong></span> <span class='ocrx_word' id='word_1_478' title='bbox 1862 3189 1906 3251; x_wconf 91' lang='lat' dir='ltr'><strong>C</strong></span> <span class='ocrx_word' id='word_1_479' title='bbox 1939 3190 2152 3246; x_wconf 76' lang='lat' dir='ltr'><strong>tholica:</strong></span> <span class='ocrx_word' id='word_1_480' title='bbox 2191 3199 2354 3259; x_wconf 89' lang='lat' dir='ltr'><strong>atque</strong></span> <span class='ocrx_word' id='word_1_481' title='bbox 2399 3191 2710 3261; x_wconf 73' lang='lat' dir='ltr'><strong>apostolica:</strong></span> <span class='ocrx_word' id='word_1_482' title='bbox 2751 3191 2874 3248; x_wconf 87' lang='lat' dir='ltr'><strong>ﬁdei</strong></span> <span class='ocrx_word' id='word_1_483' title='bbox 2902 3191 3206 3260; x_wconf 87' lang='lat' dir='ltr'><strong>retinenda,</strong></span> <span class='ocrx_word' id='word_1_484' title='bbox 3234 3207 3355 3263; x_wconf 75' lang='lat' dir='ltr'><strong>qua:</strong></span> <span class='ocrx_word' id='word_1_485' title='bbox 3381 3194 3521 3250; x_wconf 89' lang='lat' dir='ltr'><strong>sicut</strong></span> 
     </span>
    </p>
   </div>
   <div class='ocr_carea' id='block_1_63' title="bbox 246 3277 1839 3358">
    <p class='ocr_par' dir='ltr' id='par_1_63' title="bbox 246 3277 1839 3358">
     <span class='ocr_line' id='line_1_64' title="bbox 246 3277 1839 3358; baseline -0.006 -16"><span class='ocrx_word' id='word_1_486' title='bbox 246 3287 496 3358; x_wconf 84' lang='lat' dir='ltr'><strong>principii</strong></span> <span class='ocrx_word' id='word_1_487' title='bbox 523 3281 800 3354; x_wconf 80' lang='lat' dir='ltr'><strong>cognoscit</strong></span> <span class='ocrx_word' id='word_1_488' title='bbox 835 3282 1018 3337; x_wconf 89' lang='lat' dir='ltr'><strong>vocari</strong></span> <span class='ocrx_word' id='word_1_489' title='bbox 1056 3281 1293 3348; x_wconf 90' lang='lat' dir='ltr'><strong>nomine,</strong></span> <span class='ocrx_word' id='word_1_490' title='bbox 1331 3278 1603 3350; x_wconf 88' lang='lat' dir='ltr'><strong>quoddam</strong></span> <span class='ocrx_word' id='word_1_491' title='bbox 1639 3277 1839 3348; x_wconf 82' lang='lat' dir='ltr'><strong>princi-</strong></span> 
     </span>
    </p>
   </div>
   <div class='ocr_carea' id='block_1_64' title="bbox 166 3370 1838 3450">
    <p class='ocr_par' dir='ltr' id='par_1_64' title="bbox 166 3370 1838 3450">
     <span class='ocr_line' id='line_1_65' title="bbox 166 3370 1838 3450; baseline -0.007 -15"><span class='ocrx_word' id='word_1_492' title='bbox 166 3402 171 3406; x_wconf 93' lang='grc'><strong>·</strong></span> <span class='ocrx_word' id='word_1_493' title='bbox 246 3380 399 3450; x_wconf 90' lang='lat' dir='ltr'><strong>pium</strong></span> <span class='ocrx_word' id='word_1_494' title='bbox 446 3377 744 3433; x_wconf 89' lang='lat' dir='ltr'><strong>nativitatis</strong></span> <span class='ocrx_word' id='word_1_495' title='bbox 785 3373 1058 3430; x_wconf 78' lang='lat' dir='ltr'><strong>existimet</strong></span> <span class='ocrx_word' id='word_1_496' title='bbox 1097 3371 1370 3440; x_wconf 90' lang='lat' dir='ltr'><strong>habuisse,</strong></span> <span class='ocrx_word' id='word_1_497' title='bbox 1410 3371 1558 3426; x_wconf 86' lang='lat' dir='ltr'><strong>dabit</strong></span> <span class='ocrx_word' id='word_1_498' title='bbox 1595 3370 1838 3440; x_wconf 87' lang='lat' dir='ltr'><strong>profecto</strong></span> 
     </span>
    </p>
   </div>
   <div class='ocr_carea' id='block_1_65' title="bbox 248 3460 1838 3538">
    <p class='ocr_par' dir='ltr' id='par_1_65' title="bbox 248 3460 1838 3538">
     <span class='ocr_line' id='line_1_66' title="bbox 248 3460 1838 3538; baseline -0.008 -12"><span class='ocrx_word' id='word_1_499' title='bbox 248 3471 412 3526; x_wconf 83' lang='lat' dir='ltr'><strong>etiam</strong></span> <span class='ocrx_word' id='word_1_500' title='bbox 441 3467 591 3522; x_wconf 85' lang='lat' dir='ltr'><strong>Patri</strong></span> <span class='ocrx_word' id='word_1_501' title='bbox 621 3465 788 3538; x_wconf 86' lang='lat' dir='ltr'><strong>(quod</strong></span> <span class='ocrx_word' id='word_1_502' title='bbox 819 3464 969 3519; x_wconf 89' lang='lat' dir='ltr'><strong>nefas</strong></span> <span class='ocrx_word' id='word_1_503' title='bbox 989 3461 1093 3533; x_wconf 89' lang='lat' dir='ltr'><strong>est)</strong></span> <span class='ocrx_word' id='word_1_504' title='bbox 1123 3461 1343 3531; x_wconf 89' lang='lat' dir='ltr'><strong>aliquod</strong></span> <span class='ocrx_word' id='word_1_505' title='bbox 1381 3460 1644 3516; x_wconf 85' lang='lat' dir='ltr'><strong>existendi</strong></span> <span class='ocrx_word' id='word_1_506' title='bbox 1690 3460 1838 3530; x_wconf 91' lang='lat' dir='ltr'><strong>prin-</strong></span> 
     </span>
    </p>
   </div>
   <div class='ocr_carea' id='block_1_66' title="bbox 252 3551 1840 3632">
    <p class='ocr_par' dir='ltr' id='par_1_66' title="bbox 252 3551 1840 3632">
     <span class='ocr_line' id='line_1_67' title="bbox 252 3551 1840 3632; baseline -0.007 -15"><span class='ocrx_word' id='word_1_507' title='bbox 252 3562 474 3632; x_wconf 89' lang='lat' dir='ltr'><strong>cipium,</strong></span> <span class='ocrx_word' id='word_1_508' title='bbox 502 3574 666 3628; x_wconf 86' lang='lat' dir='ltr'><strong>quem</strong></span> <span class='ocrx_word' id='word_1_509' title='bbox 694 3572 816 3613; x_wconf 89' lang='lat' dir='ltr'><strong>cum</strong></span> <span class='ocrx_word' id='word_1_510' title='bbox 844 3555 980 3610; x_wconf 86' lang='lat' dir='ltr'><strong>Filio</strong></span> <span class='ocrx_word' id='word_1_511' title='bbox 1000 3554 1320 3626; x_wconf 89' lang='lat' dir='ltr'><strong>principium</strong></span> <span class='ocrx_word' id='word_1_512' title='bbox 1349 3551 1722 3621; x_wconf 85' lang='lat' dir='ltr'><strong>cognoscimus</strong></span> <span class='ocrx_word' id='word_1_513' title='bbox 1740 3565 1840 3606; x_wconf 83' lang='lat' dir='ltr'><strong>no—</strong></span> 
     </span>
    </p>
   </div>
   <div class='ocr_carea' id='block_1_67' title="bbox 249 3642 1838 3719">
    <p class='ocr_par' dir='ltr' id='par_1_67' title="bbox 249 3642 1838 3719">
     <span class='ocr_line' id='line_1_68' title="bbox 249 3642 1838 3719; baseline -0.008 -11"><span class='ocrx_word' id='word_1_514' title='bbox 249 3654 533 3716; x_wconf 88' lang='lat' dir='ltr'><strong>minatum,</strong></span> <span class='ocrx_word' id='word_1_515' title='bbox 564 3651 702 3706; x_wconf 90' lang='lat' dir='ltr'><strong>sicut</strong></span> <span class='ocrx_word' id='word_1_516' title='bbox 746 3649 860 3719; x_wconf 87' lang='lat' dir='ltr'><strong>ipse</strong></span> <span class='ocrx_word' id='word_1_517' title='bbox 886 3646 1050 3702; x_wconf 89' lang='lat' dir='ltr'><strong>dicit:</strong></span> <span class='ocrx_word' id='word_1_518' title='bbox 1083 3645 1268 3701; x_wconf 84' lang='lat' dir='ltr'><strong>Tecum</strong></span> <span class='ocrx_word' id='word_1_519' title='bbox 1310 3643 1620 3715; x_wconf 81' lang='lat' dir='ltr'><strong>principium</strong></span> <span class='ocrx_word' id='word_1_520' title='bbox 1657 3644 1715 3697; x_wconf 90' lang='lat' dir='ltr'><strong>in</strong></span> <span class='ocrx_word' id='word_1_521' title='bbox 1753 3642 1838 3697; x_wconf 83' lang='lat' dir='ltr'><strong>die</strong></span> 
     </span>
    </p>
   </div>
   <div class='ocr_carea' id='block_1_68' title="bbox 253 3735 1839 3814">
    <p class='ocr_par' dir='ltr' id='par_1_68' title="bbox 253 3735 1839 3814">
     <span class='ocr_line' id='line_1_69' title="bbox 253 3735 1839 3814; baseline -0.005 -15"><span class='ocrx_word' id='word_1_522' title='bbox 253 3747 446 3799; x_wconf 79' lang='lat' dir='ltr'><strong>rirtutis</strong></span> <span class='ocrx_word' id='word_1_523' title='bbox 490 3753 595 3799; x_wconf 76' lang='lat' dir='ltr'><strong>tua:</strong></span> <span class='ocrx_word' id='word_1_524' title='bbox 621 3745 676 3797; x_wconf 92' lang='lat' dir='ltr'><strong>in</strong></span> <span class='ocrx_word' id='word_1_525' title='bbox 707 3740 1064 3814; x_wconf 82' lang='lat' dir='ltr'><strong>sptendoribus</strong></span> <span class='ocrx_word' id='word_1_526' title='bbox 1095 3747 1412 3806; x_wconf 88' lang='lat' dir='ltr'><strong>sanctorum,</strong></span> <span class='ocrx_word' id='word_1_527' title='bbox 1444 3753 1508 3792; x_wconf 75' lang='lat' dir='ltr'><strong>ea:</strong></span> <span class='ocrx_word' id='word_1_528' title='bbox 1534 3744 1678 3792; x_wconf 86' lang='lat' dir='ltr'><strong>utero</strong></span> <span class='ocrx_word' id='word_1_529' title='bbox 1719 3735 1839 3791; x_wconf 79' lang='lat' dir='ltr'><strong>ante</strong></span> 
     </span>
    </p>
   </div>
   <div class='ocr_carea' id='block_1_69' title="bbox 254 3827 1840 3908">
    <p class='ocr_par' dir='ltr' id='par_1_69' title="bbox 254 3827 1840 3908">
     <span class='ocr_line' id='line_1_70' title="bbox 254 3827 1840 3908; baseline -0.004 -17"><span class='ocrx_word' id='word_1_530' title='bbox 254 3838 525 3908; x_wconf 73' lang='lat' dir='ltr'><strong>luciferum</strong></span> <span class='ocrx_word' id='word_1_531' title='bbox 550 3835 702 3906; x_wconf 73' lang='lat' dir='ltr'><strong>genui</strong></span> <span class='ocrx_word' id='word_1_532' title='bbox 748 3843 814 3886; x_wconf 84' lang='lat' dir='ltr'><strong>te.</strong></span> <span class='ocrx_word' id='word_1_533' title='bbox 845 3831 984 3899; x_wconf 90' lang='lat' dir='ltr'><strong>Quid</strong></span> <span class='ocrx_word' id='word_1_534' title='bbox 1011 3837 1192 3886; x_wconf 90' lang='lat' dir='ltr'><strong>autem</strong></span> <span class='ocrx_word' id='word_1_535' title='bbox 1231 3827 1600 3899; x_wconf 88' lang='lat' dir='ltr'><strong>respondebit,</strong></span> <span class='ocrx_word' id='word_1_536' title='bbox 1639 3827 1732 3897; x_wconf 91' lang='lat' dir='ltr'><strong>qui</strong></span> <span class='ocrx_word' id='word_1_537' title='bbox 1771 3827 1840 3884; x_wconf 83' lang='lat' dir='ltr'><strong>de</strong></span> 
     </span>
    </p>
   </div>
   <div class='ocr_carea' id='block_1_70' title="bbox 257 3919 1839 3997">
    <p class='ocr_par' dir='ltr' id='par_1_70' title="bbox 257 3919 1839 3997">
     <span class='ocr_line' id='line_1_71' title="bbox 257 3919 1839 3997; baseline -0.004 -16"><span class='ocrx_word' id='word_1_538' title='bbox 257 3936 279 3962; x_wconf 77' lang='grc'><strong><em>³·</em></strong></span> <span class='ocrx_word' id='word_1_539' title='bbox 308 3927 560 3997; x_wconf 85' lang='lat' dir='ltr'><strong>principii</strong></span> <span class='ocrx_word' id='word_1_540' title='bbox 594 3925 822 3981; x_wconf 42' lang='lat' dir='ltr'><strong>nomine.</strong></span> <span class='ocrx_word' id='word_1_541' title='bbox 836 3923 1028 3979; x_wconf 86' lang='lat' dir='ltr'><strong>asserit</strong></span> <span class='ocrx_word' id='word_1_542' title='bbox 1071 3921 1265 3978; x_wconf 90' lang='lat' dir='ltr'><strong>Filium</strong></span> <span class='ocrx_word' id='word_1_543' title='bbox 1308 3919 1600 3975; x_wconf 88' lang='lat' dir='ltr'><strong>nativitatis</strong></span> <span class='ocrx_word' id='word_1_544' title='bbox 1640 3919 1839 3974; x_wconf 87' lang='lat' dir='ltr'><strong>habere</strong></span> 
     </span>
    </p>
   </div>
   <div class='ocr_carea' id='block_1_71' title="bbox 257 4019 1833 4090">
    <p class='ocr_par' dir='ltr' id='par_1_71' title="bbox 257 4019 1833 4090">
     <span class='ocr_line' id='line_1_72' title="bbox 257 4019 1833 4090; baseline -0.003 -18"><span class='ocrx_word' id='word_1_545' title='bbox 257 4019 612 4090; x_wconf 83' lang='lat' dir='ltr'><strong>principium?</strong></span> <span class='ocrx_word' id='word_1_546' title='bbox 1821 4063 1833 4074; x_wconf 88' lang='grc'><em>,</em></span> 
     </span>
    </p>
   </div>
   <div class='ocr_carea' id='block_1_72' title="bbox 323 4099 1840 4178">
    <p class='ocr_par' dir='ltr' id='par_1_72' title="bbox 323 4099 1840 4178">
     <span class='ocr_line' id='line_1_73' title="bbox 323 4099 1840 4178; baseline -0.006 -15"><span class='ocrx_word' id='word_1_547' title='bbox 323 4108 478 4175; x_wconf 87' lang='lat' dir='ltr'><strong>Quod</strong></span> <span class='ocrx_word' id='word_1_548' title='bbox 503 4108 553 4162; x_wconf 88' lang='lat' dir='ltr'><strong>si</strong></span> <span class='ocrx_word' id='word_1_549' title='bbox 577 4106 715 4178; x_wconf 87' lang='lat' dir='ltr'><strong>quis,</strong></span> <span class='ocrx_word' id='word_1_550' title='bbox 746 4121 844 4176; x_wconf 89' lang='lat' dir='ltr'><strong>pro</strong></span> <span class='ocrx_word' id='word_1_551' title='bbox 870 4118 937 4160; x_wconf 89' lang='lat' dir='ltr'><strong>eo</strong></span> <span class='ocrx_word' id='word_1_552' title='bbox 959 4103 1104 4174; x_wconf 87' lang='lat' dir='ltr'><strong>quod</strong></span> <span class='ocrx_word' id='word_1_553' title='bbox 1121 4103 1430 4174; x_wconf 86' lang='lat' dir='ltr'><strong>principium</strong></span> <span class='ocrx_word' id='word_1_554' title='bbox 1453 4100 1666 4166; x_wconf 89' lang='lat' dir='ltr'><strong>dicitur,</strong></span> <span class='ocrx_word' id='word_1_555' title='bbox 1695 4099 1840 4155; x_wconf 86' lang='lat' dir='ltr'><strong>nati-</strong></span> 
     </span>
    </p>
   </div>
   <div class='ocr_carea' id='block_1_73' title="bbox 258 4190 1843 4263">
    <p class='ocr_par' dir='ltr' id='par_1_73' title="bbox 258 4190 1843 4263">
     <span class='ocr_line' id='line_1_74' title="bbox 258 4190 1843 4263; baseline -0.006 -7"><span class='ocrx_word' id='word_1_556' title='bbox 258 4201 476 4256; x_wconf 86' lang='lat' dir='ltr'><strong>vitatem</strong></span> <span class='ocrx_word' id='word_1_557' title='bbox 513 4190 637 4252; x_wconf 84' lang='lat' dir='ltr'><strong>Filii</strong></span> <span class='ocrx_word' id='word_1_558' title='bbox 677 4197 876 4252; x_wconf 88' lang='lat' dir='ltr'><strong>habere</strong></span> <span class='ocrx_word' id='word_1_559' title='bbox 904 4194 1074 4252; x_wconf 87' lang='lat' dir='ltr'><strong>credit</strong></span> <span class='ocrx_word' id='word_1_560' title='bbox 1099 4194 1340 4263; x_wconf 84' lang='lat' dir='ltr'><strong>initium,</strong></span> <span class='ocrx_word' id='word_1_561' title='bbox 1380 4207 1716 4263; x_wconf 88' lang='lat' dir='ltr'><strong>consequens</strong></span> <span class='ocrx_word' id='word_1_562' title='bbox 1758 4199 1843 4247; x_wconf 89' lang='lat' dir='ltr'><strong>est</strong></span> 
     </span>
    </p>
   </div>
   <div class='ocr_carea' id='block_1_74' title="bbox 261 4283 1841 4364">
    <p class='ocr_par' dir='ltr' id='par_1_74' title="bbox 261 4283 1841 4364">
     <span class='ocr_line' id='line_1_75' title="bbox 261 4283 1841 4364; baseline -0.006 -16"><span class='ocrx_word' id='word_1_563' title='bbox 261 4303 316 4348; x_wconf 93' lang='lat' dir='ltr'><strong>ut</strong></span> <span class='ocrx_word' id='word_1_564' title='bbox 358 4294 535 4364; x_wconf 89' lang='lat' dir='ltr'><strong>ipsum</strong></span> <span class='ocrx_word' id='word_1_565' title='bbox 577 4290 789 4356; x_wconf 85' lang='lat' dir='ltr'><strong>Filium,</strong></span> <span class='ocrx_word' id='word_1_566' title='bbox 819 4304 920 4360; x_wconf 91' lang='lat' dir='ltr'><strong>pro</strong></span> <span class='ocrx_word' id='word_1_567' title='bbox 963 4303 1030 4343; x_wconf 92' lang='lat' dir='ltr'><strong>eo</strong></span> <span class='ocrx_word' id='word_1_568' title='bbox 1063 4287 1208 4358; x_wconf 91' lang='lat' dir='ltr'><strong>quod</strong></span> <span class='ocrx_word' id='word_1_569' title='bbox 1247 4287 1373 4359; x_wconf 77' lang='lat' dir='ltr'><strong>ﬁnis</strong></span> <span class='ocrx_word' id='word_1_570' title='bbox 1416 4285 1629 4353; x_wconf 84' lang='lat' dir='ltr'><strong>dicitur,</strong></span> <span class='ocrx_word' id='word_1_571' title='bbox 1679 4283 1841 4339; x_wconf 90' lang='lat' dir='ltr'><strong>ﬁnem</strong></span> 
     </span>
    </p>
   </div>
   <div class='ocr_carea' id='block_1_75' title="bbox 259 4375 1843 4472">
    <p class='ocr_par' dir='ltr' id='par_1_75' title="bbox 259 4375 1843 4472">
     <span class='ocr_line' id='line_1_76' title="bbox 259 4375 1843 4472; baseline -0.006 -35"><span class='ocrx_word' id='word_1_572' title='bbox 259 4397 472 4452; x_wconf 87' lang='lat' dir='ltr'><strong>quoque</strong></span> <span class='ocrx_word' id='word_1_573' title='bbox 514 4389 722 4436; x_wconf 87' lang='lat' dir='ltr'><strong>asserat</strong></span> <span class='ocrx_word' id='word_1_574' title='bbox 759 4378 1100 4434; x_wconf 89' lang='lat' dir='ltr'><strong>habiturum:</strong></span> <span class='ocrx_word' id='word_1_575' title='bbox 1147 4391 1283 4472; x_wconf 56' lang='lat' dir='ltr'><strong>nam.</strong></span> <span class='ocrx_word' id='word_1_576' title='bbox 1297 4377 1414 4448; x_wconf 89' lang='lat' dir='ltr'><strong>ipse</strong></span> <span class='ocrx_word' id='word_1_577' title='bbox 1450 4376 1725 4442; x_wconf 88' lang='lat' dir='ltr'><strong>Dominus,</strong></span> <span class='ocrx_word' id='word_1_578' title='bbox 1759 4375 1843 4429; x_wconf 83' lang='lat' dir='ltr'><strong>in-</strong></span> 
     </span>
    </p>
   </div>
   <div class='ocr_carea' id='block_1_76' title="bbox 263 4466 1840 4543">
    <p class='ocr_par' dir='ltr' id='par_1_76' title="bbox 263 4466 1840 4543">
     <span class='ocr_line' id='line_1_77' title="bbox 263 4466 1840 4543; baseline -0.005 -15"><span class='ocrx_word' id='word_1_579' title='bbox 263 4472 659 4543; x_wconf 80' lang='lat' dir='ltr'><strong>ter-rogantibus</strong></span> <span class='ocrx_word' id='word_1_580' title='bbox 695 4469 910 4538; x_wconf 59' lang='lat' dir='ltr'><strong>iudicis,</strong></span> <span class='ocrx_word' id='word_1_581' title='bbox 963 4466 1282 4540; x_wconf 64' lang='lat' dir='ltr'><strong>principium&#39;</strong></span> <span class='ocrx_word' id='word_1_582' title='bbox 1313 4482 1375 4523; x_wconf 91' lang='lat' dir='ltr'><strong>se</strong></span> <span class='ocrx_word' id='word_1_583' title='bbox 1427 4482 1546 4523; x_wconf 90' lang='lat' dir='ltr'><strong>esse</strong></span> <span class='ocrx_word' id='word_1_584' title='bbox 1592 4466 1840 4532; x_wconf 82' lang='lat' dir='ltr'><strong>limavit,</strong></span> 
     </span>
    </p>
   </div>
   <div class='ocr_carea' id='block_1_77' title="bbox 1938 3276 3519 3353">
    <p class='ocr_par' dir='ltr' id='par_1_77' title="bbox 1938 3276 3519 3353">
     <span class='ocr_line' id='line_1_78' title="bbox 1938 3276 3519 3353; baseline 0.001 -16"><span class='ocrx_word' id='word_1_585' title='bbox 1938 3276 2212 3337; x_wconf 83' lang='lat' dir='ltr'><strong>Christum</strong></span> <span class='ocrx_word' id='word_1_586' title='bbox 2238 3288 2527 3352; x_wconf 89' lang='lat' dir='ltr'><strong>propterea</strong></span> <span class='ocrx_word' id='word_1_587' title='bbox 2555 3280 2715 3337; x_wconf 88' lang='lat' dir='ltr'><strong>finem</strong></span> <span class='ocrx_word' id='word_1_588' title='bbox 2745 3283 3007 3348; x_wconf 88' lang='lat' dir='ltr'><strong>nominat,</strong></span> <span class='ocrx_word' id='word_1_589' title='bbox 3050 3283 3176 3353; x_wconf 90' lang='lat' dir='ltr'><strong>quia</strong></span> <span class='ocrx_word' id='word_1_590' title='bbox 3205 3299 3316 3339; x_wconf 92' lang='lat' dir='ltr'><strong>non</strong></span> <span class='ocrx_word' id='word_1_591' title='bbox 3344 3284 3519 3340; x_wconf 84' lang='lat' dir='ltr'><strong>solum</strong></span> 
     </span>
    </p>
   </div>
   <div class='ocr_carea' id='block_1_78' title="bbox 1936 3363 3517 3445">
    <p class='ocr_par' dir='ltr' id='par_1_78' title="bbox 1936 3363 3517 3445">
     <span class='ocr_line' id='line_1_79' title="bbox 1936 3363 3517 3445; baseline 0.001 -18"><span class='ocrx_word' id='word_1_592' title='bbox 1936 3373 1994 3428; x_wconf 91' lang='lat' dir='ltr'><strong>in</strong></span> <span class='ocrx_word' id='word_1_593' title='bbox 2021 3373 2112 3428; x_wconf 75' lang='lat' dir='ltr'><strong>Ila</strong></span> <span class='ocrx_word' id='word_1_594' title='bbox 2138 3373 2436 3429; x_wconf 88' lang='lat' dir='ltr'><strong>substantia</strong></span> <span class='ocrx_word' id='word_1_595' title='bbox 2458 3388 2565 3443; x_wconf 88' lang='lat' dir='ltr'><strong>qua</strong></span> <span class='ocrx_word' id='word_1_596' title='bbox 2591 3380 2749 3429; x_wconf 90' lang='lat' dir='ltr'><strong>natus</strong></span> <span class='ocrx_word' id='word_1_597' title='bbox 2775 3363 2859 3430; x_wconf 80' lang='lat' dir='ltr'><strong>est</strong></span> <span class='ocrx_word' id='word_1_598' title='bbox 2885 3374 3204 3430; x_wconf 87' lang='lat' dir='ltr'><strong>naturaliter</strong></span> <span class='ocrx_word' id='word_1_599' title='bbox 3229 3376 3517 3445; x_wconf 88' lang='lat' dir='ltr'><strong>sempiter-</strong></span> 
     </span>
    </p>
   </div>
   <div class='ocr_carea' id='block_1_79' title="bbox 1939 3459 3519 3537">
    <p class='ocr_par' dir='ltr' id='par_1_79' title="bbox 1939 3459 3519 3537">
     <span class='ocr_line' id='line_1_80' title="bbox 1939 3459 3519 3537; baseline 0.001 -17"><span class='ocrx_word' id='word_1_600' title='bbox 1939 3482 2041 3522; x_wconf 89' lang='lat' dir='ltr'><strong>nus</strong></span> <span class='ocrx_word' id='word_1_601' title='bbox 2069 3482 2138 3522; x_wconf 80' lang='lat' dir='ltr'><strong>ex</strong></span> <span class='ocrx_word' id='word_1_602' title='bbox 2188 3466 2369 3533; x_wconf 86' lang='lat' dir='ltr'><strong>Patre,</strong></span> <span class='ocrx_word' id='word_1_603' title='bbox 2411 3467 2506 3522; x_wconf 88' lang='lat' dir='ltr'><strong>sed</strong></span> <span class='ocrx_word' id='word_1_604' title='bbox 2555 3467 2719 3522; x_wconf 90' lang='lat' dir='ltr'><strong>etiam</strong></span> <span class='ocrx_word' id='word_1_605' title='bbox 2766 3468 2822 3521; x_wconf 93' lang='lat' dir='ltr'><strong>in</strong></span> <span class='ocrx_word' id='word_1_606' title='bbox 2869 3459 2933 3521; x_wconf 84' lang='lat' dir='ltr'><strong>ea</strong></span> <span class='ocrx_word' id='word_1_607' title='bbox 2965 3482 3125 3536; x_wconf 90' lang='lat' dir='ltr'><strong>quam</strong></span> <span class='ocrx_word' id='word_1_608' title='bbox 3169 3468 3227 3522; x_wconf 93' lang='lat' dir='ltr'><strong>in</strong></span> <span class='ocrx_word' id='word_1_609' title='bbox 3275 3475 3519 3537; x_wconf 89' lang='lat' dir='ltr'><strong>tempore</strong></span> 
     </span>
    </p>
   </div>
   <div class='ocr_carea' id='block_1_80' title="bbox 1937 3555 3517 3625">
    <p class='ocr_par' dir='ltr' id='par_1_80' title="bbox 1937 3555 3517 3625">
     <span class='ocr_line' id='line_1_81' title="bbox 1937 3555 3517 3625; baseline 0.001 -15"><span class='ocrx_word' id='word_1_610' title='bbox 1937 3555 2164 3625; x_wconf 90' lang='lat' dir='ltr'><strong>sumpsit</strong></span> <span class='ocrx_word' id='word_1_611' title='bbox 2178 3571 2245 3610; x_wconf 79' lang='lat' dir='ltr'><strong>ex</strong></span> <span class='ocrx_word' id='word_1_612' title='bbox 2264 3564 2437 3610; x_wconf 87' lang='lat' dir='ltr'><strong>matre</strong></span> <span class='ocrx_word' id='word_1_613' title='bbox 2463 3555 2634 3609; x_wconf 89' lang='lat' dir='ltr'><strong>credit</strong></span> <span class='ocrx_word' id='word_1_614' title='bbox 2652 3556 2767 3610; x_wconf 86' lang='lat' dir='ltr'><strong>sine</strong></span> <span class='ocrx_word' id='word_1_615' title='bbox 2791 3555 2896 3611; x_wconf 88' lang='lat' dir='ltr'><strong>ﬁne</strong></span> <span class='ocrx_word' id='word_1_616' title='bbox 2915 3565 3229 3625; x_wconf 92' lang='lat' dir='ltr'><strong>perpetuum</strong></span> <span class='ocrx_word' id='word_1_617' title='bbox 3248 3594 3265 3623; x_wconf 91' lang='lat'><strong>,</strong></span> <span class='ocrx_word' id='word_1_618' title='bbox 3297 3557 3374 3613; x_wconf 88' lang='lat' dir='ltr'><strong>sic</strong></span> <span class='ocrx_word' id='word_1_619' title='bbox 3393 3572 3517 3612; x_wconf 89' lang='lat' dir='ltr'><strong>eum</strong></span> 
     </span>
    </p>
   </div>
   <div class='ocr_carea' id='block_1_81' title="bbox 1940 3642 3518 3717">
    <p class='ocr_par' dir='ltr' id='par_1_81' title="bbox 1940 3642 3518 3717">
     <span class='ocr_line' id='line_1_82' title="bbox 1940 3642 3518 3717; baseline 0 -17"><span class='ocrx_word' id='word_1_620' title='bbox 1940 3645 2062 3700; x_wconf 91' lang='lat' dir='ltr'><strong>ideo</strong></span> <span class='ocrx_word' id='word_1_621' title='bbox 2101 3645 2246 3715; x_wconf 89' lang='lat' dir='ltr'><strong>juste</strong></span> <span class='ocrx_word' id='word_1_622' title='bbox 2298 3642 2555 3715; x_wconf 81' lang='lat' dir='ltr'><strong>praedicat</strong></span> <span class='ocrx_word' id='word_1_623' title='bbox 2591 3643 2958 3713; x_wconf 89' lang='lat' dir='ltr'><strong>veraciterque</strong></span> <span class='ocrx_word' id='word_1_624' title='bbox 2985 3645 3334 3717; x_wconf 64' lang='lat' dir='ltr'><strong>principium,</strong></span> <span class='ocrx_word' id='word_1_625' title='bbox 3385 3660 3518 3715; x_wconf 85' lang='lat' dir='ltr'><strong>quo-</strong></span> 
     </span>
    </p>
   </div>
   <div class='ocr_carea' id='block_1_82' title="bbox 1940 3733 3518 3806">
    <p class='ocr_par' dir='ltr' id='par_1_82' title="bbox 1940 3733 3518 3806">
     <span class='ocr_line' id='line_1_83' title="bbox 1940 3733 3518 3806; baseline 0.001 -16"><span class='ocrx_word' id='word_1_626' title='bbox 1940 3737 2084 3792; x_wconf 82' lang='lat' dir='ltr'><strong>niam</strong></span> <span class='ocrx_word' id='word_1_627' title='bbox 2153 3736 2210 3790; x_wconf 91' lang='lat' dir='ltr'><strong>in</strong></span> <span class='ocrx_word' id='word_1_628' title='bbox 2253 3733 2432 3790; x_wconf 91' lang='lat' dir='ltr'><strong>divina</strong></span> <span class='ocrx_word' id='word_1_629' title='bbox 2494 3748 2654 3803; x_wconf 90' lang='lat' dir='ltr'><strong>quam</strong></span> <span class='ocrx_word' id='word_1_630' title='bbox 2725 3734 2890 3789; x_wconf 89' lang='lat' dir='ltr'><strong>habet</strong></span> <span class='ocrx_word' id='word_1_631' title='bbox 2935 3735 3232 3790; x_wconf 84' lang='lat' dir='ltr'><strong>substantia</strong></span> <span class='ocrx_word' id='word_1_632' title='bbox 3290 3737 3518 3806; x_wconf 89' lang='lat' dir='ltr'><strong>genitori</strong></span> 
     </span>
    </p>
   </div>
   <div class='ocr_carea' id='block_1_83' title="bbox 1939 3824 3519 3898">
    <p class='ocr_par' dir='ltr' id='par_1_83' title="bbox 1939 3824 3519 3898">
     <span class='ocr_line' id='line_1_84' title="bbox 1939 3824 3519 3898; baseline -0.002 -14"><span class='ocrx_word' id='word_1_633' title='bbox 1939 3843 2156 3898; x_wconf 88' lang='lat' dir='ltr'><strong>semper</strong></span> <span class='ocrx_word' id='word_1_634' title='bbox 2201 3828 2392 3883; x_wconf 89' lang='lat' dir='ltr'><strong>asserit</strong></span> <span class='ocrx_word' id='word_1_635' title='bbox 2441 3833 2788 3881; x_wconf 58' lang='lat' dir='ltr'><strong>coaeternum.</strong></span> <span class='ocrx_word' id='word_1_636' title='bbox 2835 3824 2956 3881; x_wconf 84' lang='lat' dir='ltr'><strong>Non</strong></span> <span class='ocrx_word' id='word_1_637' title='bbox 3005 3833 3187 3880; x_wconf 90' lang='lat' dir='ltr'><strong>autem</strong></span> <span class='ocrx_word' id='word_1_638' title='bbox 3231 3827 3519 3896; x_wconf 83' lang='lat' dir='ltr'><strong>ambigitur</strong></span> 
     </span>
    </p>
   </div>
   <div class='ocr_carea' id='block_1_84' title="bbox 1940 3915 3573 3990">
    <p class='ocr_par' dir='ltr' id='par_1_84' title="bbox 1940 3915 3573 3990">
     <span class='ocr_line' id='line_1_85' title="bbox 1940 3915 3573 3990; baseline -0.002 -15"><span class='ocrx_word' id='word_1_639' title='bbox 1940 3934 2070 3975; x_wconf 90' lang='lat' dir='ltr'><strong>vero</strong></span> <span class='ocrx_word' id='word_1_640' title='bbox 2098 3919 2361 3990; x_wconf 90' lang='lat' dir='ltr'><strong>principio</strong></span> <span class='ocrx_word' id='word_1_641' title='bbox 2390 3918 2525 3972; x_wconf 90' lang='lat' dir='ltr'><strong>nihil</strong></span> <span class='ocrx_word' id='word_1_642' title='bbox 2552 3919 2790 3973; x_wconf 89' lang='lat' dir='ltr'><strong>anterius</strong></span> <span class='ocrx_word' id='word_1_643' title='bbox 2813 3959 2829 3984; x_wconf 93' lang='lat'><strong>,</strong></span> <span class='ocrx_word' id='word_1_644' title='bbox 2857 3932 2988 3972; x_wconf 90' lang='lat' dir='ltr'><strong>vero</strong></span> <span class='ocrx_word' id='word_1_645' title='bbox 3015 3915 3122 3971; x_wconf 86' lang='lat' dir='ltr'><strong>ﬁne</strong></span> <span class='ocrx_word' id='word_1_646' title='bbox 3161 3917 3292 3971; x_wconf 87' lang='lat' dir='ltr'><strong>nihil</strong></span> <span class='ocrx_word' id='word_1_647' title='bbox 3338 3925 3519 3987; x_wconf 86' lang='lat' dir='ltr'><strong>poste-</strong></span> <span class='ocrx_word' id='word_1_648' title='bbox 3572 3925 3573 3930; x_wconf 82' lang='lat'>‘</span> 
     </span>
    </p>
   </div>
   <div class='ocr_carea' id='block_1_85' title="bbox 1940 4007 3517 4080">
    <p class='ocr_par' dir='ltr' id='par_1_85' title="bbox 1940 4007 3517 4080">
     <span class='ocr_line' id='line_1_86' title="bbox 1940 4007 3517 4080; baseline -0.004 -13"><span class='ocrx_word' id='word_1_649' title='bbox 1940 4013 2055 4067; x_wconf 87' lang='lat' dir='ltr'><strong>rius</strong></span> <span class='ocrx_word' id='word_1_650' title='bbox 2081 4010 2327 4067; x_wconf 91' lang='lat' dir='ltr'><strong>inveniri.</strong></span> <span class='ocrx_word' id='word_1_651' title='bbox 2349 4008 2671 4080; x_wconf 86' lang='lat' dir='ltr'><strong>Principium</strong></span> <span class='ocrx_word' id='word_1_652' title='bbox 2697 4009 2857 4078; x_wconf 87' lang='lat' dir='ltr'><strong>igitur</strong></span> <span class='ocrx_word' id='word_1_653' title='bbox 2881 4008 3140 4074; x_wconf 88' lang='lat' dir='ltr'><strong>Christus,</strong></span> <span class='ocrx_word' id='word_1_654' title='bbox 3166 4008 3292 4078; x_wconf 88' lang='lat' dir='ltr'><strong>quia</strong></span> <span class='ocrx_word' id='word_1_655' title='bbox 3319 4007 3517 4076; x_wconf 87' lang='lat' dir='ltr'><strong>sempi-</strong></span> 
     </span>
    </p>
   </div>
   <div class='ocr_carea' id='block_1_86' title="bbox 1942 4089 3522 4176">
    <p class='ocr_par' dir='ltr' id='par_1_86' title="bbox 1942 4089 3522 4176">
     <span class='ocr_line' id='line_1_87' title="bbox 1942 4089 3522 4176; baseline -0.003 -15"><span class='ocrx_word' id='word_1_656' title='bbox 1942 4115 2130 4163; x_wconf 88' lang='lat' dir='ltr'><strong>ternus</strong></span> <span class='ocrx_word' id='word_1_657' title='bbox 2148 4107 2327 4162; x_wconf 84' lang='lat' dir='ltr'><strong>omnia</strong></span> <span class='ocrx_word' id='word_1_658' title='bbox 2343 4103 2622 4176; x_wconf 64' lang='lat' dir='ltr'><strong>praecedit;</strong></span> <span class='ocrx_word' id='word_1_659' title='bbox 2648 4104 2770 4173; x_wconf 79' lang='lat' dir='ltr'><strong>finis</strong></span> <span class='ocrx_word' id='word_1_660' title='bbox 2795 4089 3058 4170; x_wconf 81' lang='lat' dir='ltr'><strong>Christus,</strong></span> <span class='ocrx_word' id='word_1_661' title='bbox 3086 4102 3210 4171; x_wconf 92' lang='lat' dir='ltr'><strong>quia</strong></span> <span class='ocrx_word' id='word_1_662' title='bbox 3231 4109 3522 4172; x_wconf 82' lang='lat' dir='ltr'><strong>perpetuus</strong></span> 
     </span>
    </p>
   </div>
   <div class='ocr_carea' id='block_1_87' title="bbox 1943 4191 3524 4266">
    <p class='ocr_par' dir='ltr' id='par_1_87' title="bbox 1943 4191 3524 4266">
     <span class='ocr_line' id='line_1_88' title="bbox 1943 4191 3524 4266; baseline -0.004 -12"><span class='ocrx_word' id='word_1_663' title='bbox 1943 4199 2194 4254; x_wconf 68' lang='lat' dir='ltr'><strong>Inversa</strong></span> <span class='ocrx_word' id='word_1_664' title='bbox 2239 4196 2536 4262; x_wconf 88' lang='lat' dir='ltr'><strong>concludit;</strong></span> <span class='ocrx_word' id='word_1_665' title='bbox 2591 4195 2901 4266; x_wconf 84' lang='lat' dir='ltr'><strong>principium</strong></span> <span class='ocrx_word' id='word_1_666' title='bbox 2948 4191 3210 4258; x_wconf 86' lang='lat' dir='ltr'><strong>Christus,</strong></span> <span class='ocrx_word' id='word_1_667' title='bbox 3256 4193 3381 4260; x_wconf 88' lang='lat' dir='ltr'><strong>quia</strong></span> <span class='ocrx_word' id='word_1_668' title='bbox 3410 4193 3524 4262; x_wconf 85' lang='lat' dir='ltr'><strong>ipse</strong></span> 
     </span>
    </p>
   </div>
   <div class='ocr_carea' id='block_1_88' title="bbox 1916 4279 3522 4358">
    <p class='ocr_par' dir='ltr' id='par_1_88' title="bbox 1916 4279 3522 4358">
     <span class='ocr_line' id='line_1_89' title="bbox 1916 4279 3522 4358; baseline -0.01 -11"><span class='ocrx_word' id='word_1_669' title='bbox 1916 4287 1928 4299; x_wconf 79' lang='grc'><strong>’</strong></span> <span class='ocrx_word' id='word_1_670' title='bbox 1946 4288 2219 4346; x_wconf 89' lang='lat' dir='ltr'><strong>inchoavit</strong></span> <span class='ocrx_word' id='word_1_671' title='bbox 2244 4285 2601 4358; x_wconf 89' lang='lat' dir='ltr'><strong>perﬁcienda;</strong></span> <span class='ocrx_word' id='word_1_672' title='bbox 2631 4285 2752 4354; x_wconf 82' lang='lat' dir='ltr'><strong>ﬁnis</strong></span> <span class='ocrx_word' id='word_1_673' title='bbox 2781 4283 3036 4349; x_wconf 88' lang='lat' dir='ltr'><strong>Christus,</strong></span> <span class='ocrx_word' id='word_1_674' title='bbox 3069 4283 3194 4352; x_wconf 89' lang='lat' dir='ltr'><strong>quia</strong></span> <span class='ocrx_word' id='word_1_675' title='bbox 3224 4282 3338 4352; x_wconf 87' lang='lat' dir='ltr'><strong>ipse</strong></span> <span class='ocrx_word' id='word_1_676' title='bbox 3363 4279 3522 4351; x_wconf 87' lang='lat' dir='ltr'><strong>perli—</strong></span> 
     </span>
    </p>
   </div>
   <div class='ocr_carea' id='block_1_89' title="bbox 1947 4372 3523 4447">
    <p class='ocr_par' dir='ltr' id='par_1_89' title="bbox 1947 4372 3523 4447">
     <span class='ocr_line' id='line_1_90' title="bbox 1947 4372 3523 4447; baseline -0.006 -12"><span class='ocrx_word' id='word_1_677' title='bbox 1947 4379 2022 4435; x_wconf 89' lang='lat' dir='ltr'><strong>cit</strong></span> <span class='ocrx_word' id='word_1_678' title='bbox 2051 4379 2329 4443; x_wconf 86' lang='lat' dir='ltr'><strong>inchoata;</strong></span> <span class='ocrx_word' id='word_1_679' title='bbox 2360 4375 2671 4447; x_wconf 86' lang='lat' dir='ltr'><strong>principium</strong></span> <span class='ocrx_word' id='word_1_680' title='bbox 2698 4372 2963 4440; x_wconf 88' lang='lat' dir='ltr'><strong>Christus,</strong></span> <span class='ocrx_word' id='word_1_681' title='bbox 3009 4373 3262 4441; x_wconf 90' lang='lat' dir='ltr'><strong>quoniam</strong></span> <span class='ocrx_word' id='word_1_682' title='bbox 3309 4373 3376 4426; x_wconf 88' lang='lat' dir='ltr'><strong>ab</strong></span> <span class='ocrx_word' id='word_1_683' title='bbox 3407 4374 3523 4440; x_wconf 84' lang='lat' dir='ltr'><strong>ipso</strong></span> 
     </span>
    </p>
   </div>
   <div class='ocr_carea' id='block_1_90' title="bbox 1949 4460 3521 4536">
    <p class='ocr_par' dir='ltr' id='par_1_90' title="bbox 1949 4460 3521 4536">
     <span class='ocr_line' id='line_1_91' title="bbox 1949 4460 3521 4536; baseline -0.006 -12"><span class='ocrx_word' id='word_1_684' title='bbox 1949 4469 2150 4524; x_wconf 87' lang='lat' dir='ltr'><strong>habent</strong></span> <span class='ocrx_word' id='word_1_685' title='bbox 2190 4482 2310 4536; x_wconf 81' lang='lat' dir='ltr'><strong>quae</strong></span> <span class='ocrx_word' id='word_1_686' title='bbox 2355 4481 2468 4527; x_wconf 88' lang='lat' dir='ltr'><strong>non</strong></span> <span class='ocrx_word' id='word_1_687' title='bbox 2509 4463 2726 4519; x_wconf 86' lang='lat' dir='ltr'><strong>fuerunt</strong></span> <span class='ocrx_word' id='word_1_688' title='bbox 2763 4475 2821 4518; x_wconf 93' lang='lat' dir='ltr'><strong>ut</strong></span> <span class='ocrx_word' id='word_1_689' title='bbox 2863 4463 3014 4528; x_wconf 88' lang='lat' dir='ltr'><strong>sint;</strong></span> <span class='ocrx_word' id='word_1_690' title='bbox 3064 4463 3188 4532; x_wconf 77' lang='lat' dir='ltr'><strong>ﬁnis</strong></span> <span class='ocrx_word' id='word_1_691' title='bbox 3235 4460 3521 4524; x_wconf 87' lang='lat' dir='ltr'><strong>Christus,</strong></span> 
     </span>
    </p>
   </div>
   <div class='ocr_carea' id='block_1_91' title="bbox 261 4552 3598 4635">
    <p class='ocr_par' dir='ltr' id='par_1_91' title="bbox 261 4552 3598 4635">
     <span class='ocr_line' id='line_1_92' title="bbox 261 4552 3598 4635; baseline -0.006 -12"><span class='ocrx_word' id='word_1_692' title='bbox 261 4565 444 4623; x_wconf 87' lang='lat' dir='ltr'><strong>dicens</strong></span> <span class='ocrx_word' id='word_1_693' title='bbox 469 4584 482 4620; x_wconf 89' lang='lat'><strong>:</strong></span> <span class='ocrx_word' id='word_1_694' title='bbox 515 4564 859 4635; x_wconf 82' lang='lat' dir='ltr'><strong>Principium,</strong></span> <span class='ocrx_word' id='word_1_695' title='bbox 881 4562 1015 4633; x_wconf 81' lang='lat' dir='ltr'><strong>quod</strong></span> <span class='ocrx_word' id='word_1_696' title='bbox 1029 4571 1092 4615; x_wconf 70' lang='grc' dir='ltr'><strong>σοι</strong></span> <span class='ocrx_word' id='word_1_697' title='bbox 1110 4561 1289 4632; x_wconf 84' lang='lat' dir='ltr'><strong>loquor</strong></span> <span class='ocrx_word' id='word_1_698' title='bbox 1302 4559 1462 4615; x_wconf 72' lang='lat' dir='ltr'><strong>nobis.</strong></span> <span class='ocrx_word' id='word_1_699' title='bbox 1495 4558 1691 4616; x_wconf 89' lang='lat' dir='ltr'><strong>Paulus</strong></span> <span class='ocrx_word' id='word_1_700' title='bbox 1711 4571 1843 4614; x_wconf 89' lang='lat' dir='ltr'><strong>vero</strong></span> <span class='ocrx_word' id='word_1_701' title='bbox 1870 4552 1923 4613; x_wconf 87' lang='lat' dir='ltr'><strong>D</strong></span> <span class='ocrx_word' id='word_1_702' title='bbox 1947 4559 2200 4630; x_wconf 88' lang='lat' dir='ltr'><strong>quoniam</strong></span> <span class='ocrx_word' id='word_1_703' title='bbox 2229 4559 2296 4613; x_wconf 89' lang='lat' dir='ltr'><strong>ab</strong></span> <span class='ocrx_word' id='word_1_704' title='bbox 2319 4558 2437 4628; x_wconf 90' lang='lat' dir='ltr'><strong>ipso</strong></span> <span class='ocrx_word' id='word_1_705' title='bbox 2459 4555 2659 4611; x_wconf 87' lang='lat' dir='ltr'><strong>habent</strong></span> <span class='ocrx_word' id='word_1_706' title='bbox 2685 4555 2928 4626; x_wconf 73' lang='lat' dir='ltr'><strong>quaedam</strong></span> <span class='ocrx_word' id='word_1_707' title='bbox 2951 4568 3070 4624; x_wconf 71' lang='lat' dir='ltr'><strong>qua:</strong></span> <span class='ocrx_word' id='word_1_708' title='bbox 3097 4567 3217 4610; x_wconf 89' lang='lat' dir='ltr'><strong>esse</strong></span> <span class='ocrx_word' id='word_1_709' title='bbox 3244 4559 3522 4622; x_wconf 66' lang='lat' dir='ltr'><strong>coeperunt</strong></span> <span class='ocrx_word' id='word_1_710' title='bbox 3594 4591 3598 4595; x_wconf 89' lang='lat'><strong>.</strong></span> 
     </span>
    </p>
   </div>
   <div class='ocr_carea' id='block_1_92' title="bbox 262 4649 1848 4724">
    <p class='ocr_par' dir='ltr' id='par_1_92' title="bbox 262 4649 1848 4724">
     <span class='ocr_line' id='line_1_93' title="bbox 262 4649 1848 4724; baseline -0.004 -14"><span class='ocrx_word' id='word_1_711' title='bbox 262 4654 534 4712; x_wconf 83' lang='lat' dir='ltr'><strong>Christum</strong></span> <span class='ocrx_word' id='word_1_712' title='bbox 569 4655 729 4724; x_wconf 76' lang='lat' dir='ltr'><strong>finem</strong></span> <span class='ocrx_word' id='word_1_713' title='bbox 774 4653 1035 4716; x_wconf 89' lang='lat' dir='ltr'><strong>nominat,</strong></span> <span class='ocrx_word' id='word_1_714' title='bbox 1068 4650 1294 4707; x_wconf 89' lang='lat' dir='ltr'><strong>dicens:</strong></span> <span class='ocrx_word' id='word_1_715' title='bbox 1342 4649 1494 4704; x_wconf 86' lang='lat' dir='ltr'><strong>Finis</strong></span> <span class='ocrx_word' id='word_1_716' title='bbox 1542 4651 1680 4704; x_wconf 89' lang='lat' dir='ltr'><strong>enim</strong></span> <span class='ocrx_word' id='word_1_717' title='bbox 1717 4649 1848 4720; x_wconf 83' lang='lat' dir='ltr'><strong>legis</strong></span> 
     </span>
    </p>
   </div>
   <div class='ocr_carea' id='block_1_93' title="bbox 265 4739 1849 4814">
    <p class='ocr_par' dir='ltr' id='par_1_93' title="bbox 265 4739 1849 4814">
     <span class='ocr_line' id='line_1_94' title="bbox 265 4739 1849 4814; baseline -0.003 -14"><span class='ocrx_word' id='word_1_718' title='bbox 265 4746 496 4801; x_wconf 77' lang='lat' dir='ltr'><strong>Christus</strong></span> <span class='ocrx_word' id='word_1_719' title='bbox 526 4744 596 4798; x_wconf 83' lang='lat' dir='ltr'><strong>ad</strong></span> <span class='ocrx_word' id='word_1_720' title='bbox 631 4744 887 4814; x_wconf 85' lang='lat' dir='ltr'><strong>justitiam</strong></span> <span class='ocrx_word' id='word_1_721' title='bbox 909 4743 1049 4797; x_wconf 88' lang='lat' dir='ltr'><strong>omni</strong></span> <span class='ocrx_word' id='word_1_722' title='bbox 1081 4741 1309 4797; x_wconf 87' lang='lat' dir='ltr'><strong>credenti</strong></span> <span class='ocrx_word' id='word_1_723' title='bbox 1336 4739 1512 4813; x_wconf 87' lang='lat' dir='ltr'><strong>(Rom.</strong></span> <span class='ocrx_word' id='word_1_724' title='bbox 1543 4757 1599 4808; x_wconf 83' lang='lat' dir='ltr'><strong>x,</strong></span> <span class='ocrx_word' id='word_1_725' title='bbox 1621 4740 1698 4811; x_wconf 73' lang='grc'><strong>4).</strong></span> <span class='ocrx_word' id='word_1_726' title='bbox 1729 4741 1849 4812; x_wconf 86' lang='lat' dir='ltr'><strong>Ipse</strong></span> 
     </span>
    </p>
   </div>
   <div class='ocr_carea' id='block_1_94' title="bbox 264 4829 1852 4910">
    <p class='ocr_par' dir='ltr' id='par_1_94' title="bbox 264 4829 1852 4910">
     <span class='ocr_line' id='line_1_95' title="bbox 264 4829 1852 4910; baseline -0.006 -16"><span class='ocrx_word' id='word_1_727' title='bbox 264 4829 484 4910; x_wconf 11' lang='lat' dir='ltr'><strong>quoque.</strong></span> <span class='ocrx_word' id='word_1_728' title='bbox 505 4837 573 4891; x_wconf 83' lang='lat' dir='ltr'><strong>de</strong></span> <span class='ocrx_word' id='word_1_729' title='bbox 616 4850 677 4891; x_wconf 90' lang='lat' dir='ltr'><strong>se</strong></span> <span class='ocrx_word' id='word_1_730' title='bbox 719 4835 1013 4890; x_wconf 89' lang='lat' dir='ltr'><strong>Dominus:</strong></span> <span class='ocrx_word' id='word_1_731' title='bbox 1058 4831 1171 4904; x_wconf 87' lang='lat' dir='ltr'><strong>Ego</strong></span> <span class='ocrx_word' id='word_1_732' title='bbox 1200 4849 1314 4887; x_wconf 84' lang='lat' dir='ltr'><strong>sum</strong></span> <span class='ocrx_word' id='word_1_733' title='bbox 1357 4831 1516 4902; x_wconf 84' lang='lat' dir='ltr'><strong>alpha</strong></span> <span class='ocrx_word' id='word_1_734' title='bbox 1559 4840 1608 4884; x_wconf 89' lang='lat' dir='ltr'><strong>et</strong></span> <span class='ocrx_word' id='word_1_735' title='bbox 1646 4848 1852 4903; x_wconf 86' lang='lat' dir='ltr'><strong>omega,</strong></span> 
     </span>
    </p>
   </div>
   <div class='ocr_carea' id='block_1_95' title="bbox 263 4921 1851 4997">
    <p class='ocr_par' dir='ltr' id='par_1_95' title="bbox 263 4921 1851 4997">
     <span class='ocr_line' id='line_1_96' title="bbox 263 4921 1851 4997; baseline -0.006 -13"><span class='ocrx_word' id='word_1_736' title='bbox 263 4931 465 4984; x_wconf 84' lang='lat' dir='ltr'><strong>initium</strong></span> <span class='ocrx_word' id='word_1_737' title='bbox 486 4937 537 4982; x_wconf 86' lang='lat' dir='ltr'><strong>et</strong></span> <span class='ocrx_word' id='word_1_738' title='bbox 563 4927 687 4997; x_wconf 76' lang='lat' dir='ltr'><strong>ﬁnis</strong></span> <span class='ocrx_word' id='word_1_739' title='bbox 711 4925 891 4996; x_wconf 78' lang='lat' dir='ltr'><strong>(Apoc.</strong></span> <span class='ocrx_word' id='word_1_740' title='bbox 913 4937 955 4993; x_wconf 85' lang='grc' dir='ltr'><strong>ι,</strong></span> <span class='ocrx_word' id='word_1_741' title='bbox 977 4923 1056 4994; x_wconf 89' lang='grc'><strong>8).</strong></span> <span class='ocrx_word' id='word_1_742' title='bbox 1080 4922 1234 4990; x_wconf 93' lang='lat' dir='ltr'><strong>Quod</strong></span> <span class='ocrx_word' id='word_1_743' title='bbox 1259 4923 1304 4977; x_wconf 89' lang='lat' dir='ltr'><strong>si</strong></span> <span class='ocrx_word' id='word_1_744' title='bbox 1331 4937 1430 4992; x_wconf 91' lang='lat' dir='ltr'><strong>pro</strong></span> <span class='ocrx_word' id='word_1_745' title='bbox 1450 4937 1516 4977; x_wconf 92' lang='lat' dir='ltr'><strong>eo</strong></span> <span class='ocrx_word' id='word_1_746' title='bbox 1543 4921 1686 4991; x_wconf 88' lang='lat' dir='ltr'><strong>quod</strong></span> <span class='ocrx_word' id='word_1_747' title='bbox 1705 4923 1851 4992; x_wconf 88' lang='lat' dir='ltr'><strong>prin-</strong></span> 
     </span>
    </p>
   </div>
   <div class='ocr_carea' id='block_1_96' title="bbox 267 5012 1851 5089">
    <p class='ocr_par' dir='ltr' id='par_1_96' title="bbox 267 5012 1851 5089">
     <span class='ocr_line' id='line_1_97' title="bbox 267 5012 1851 5089; baseline -0.003 -16"><span class='ocrx_word' id='word_1_748' title='bbox 267 5022 454 5089; x_wconf 74' lang='lat' dir='ltr'><strong>cipium</strong></span> <span class='ocrx_word' id='word_1_749' title='bbox 480 5018 698 5083; x_wconf 89' lang='lat' dir='ltr'><strong>dicitur,</strong></span> <span class='ocrx_word' id='word_1_750' title='bbox 729 5015 985 5072; x_wconf 89' lang='lat' dir='ltr'><strong>asseritur</strong></span> <span class='ocrx_word' id='word_1_751' title='bbox 1006 5021 1233 5083; x_wconf 83' lang='lat' dir='ltr'><strong>coeptus,</strong></span> <span class='ocrx_word' id='word_1_752' title='bbox 1263 5013 1425 5067; x_wconf 91' lang='lat' dir='ltr'><strong>etiam</strong></span> <span class='ocrx_word' id='word_1_753' title='bbox 1463 5027 1562 5084; x_wconf 90' lang='lat' dir='ltr'><strong>pro</strong></span> <span class='ocrx_word' id='word_1_754' title='bbox 1594 5027 1660 5067; x_wconf 92' lang='lat' dir='ltr'><strong>eo</strong></span> <span class='ocrx_word' id='word_1_755' title='bbox 1707 5012 1851 5083; x_wconf 91' lang='lat' dir='ltr'><strong>quod</strong></span> 
     </span>
    </p>
   </div>
   <div class='ocr_carea' id='block_1_97' title="bbox 265 5105 1852 5179">
    <p class='ocr_par' dir='ltr' id='par_1_97' title="bbox 265 5105 1852 5179">
     <span class='ocr_line' id='line_1_98' title="bbox 265 5105 1852 5179; baseline -0.003 -15"><span class='ocrx_word' id='word_1_756' title='bbox 265 5112 382 5179; x_wconf 75' lang='lat' dir='ltr'><strong>ﬁnis</strong></span> <span class='ocrx_word' id='word_1_757' title='bbox 426 5110 644 5174; x_wconf 90' lang='lat' dir='ltr'><strong>dicitur,</strong></span> <span class='ocrx_word' id='word_1_758' title='bbox 686 5115 904 5179; x_wconf 86' lang='lat' dir='ltr'><strong>putetur</strong></span> <span class='ocrx_word' id='word_1_759' title='bbox 945 5108 1106 5162; x_wconf 88' lang='lat' dir='ltr'><strong>etiam</strong></span> <span class='ocrx_word' id='word_1_760' title='bbox 1157 5105 1436 5162; x_wconf 90' lang='lat' dir='ltr'><strong>ﬁniendus.</strong></span> <span class='ocrx_word' id='word_1_761' title='bbox 1488 5106 1556 5162; x_wconf 86' lang='lat' dir='ltr'><strong>Et</strong></span> <span class='ocrx_word' id='word_1_762' title='bbox 1610 5106 1700 5161; x_wconf 91' lang='lat' dir='ltr'><strong>ubi</strong></span> <span class='ocrx_word' id='word_1_763' title='bbox 1748 5106 1852 5162; x_wconf 90' lang='lat' dir='ltr'><strong>erit</strong></span> 
     </span>
    </p>
   </div>
   <div class='ocr_carea' id='block_1_98' title="bbox 265 5196 1849 5269">
    <p class='ocr_par' dir='ltr' id='par_1_98' title="bbox 265 5196 1849 5269">
     <span class='ocr_line' id='line_1_99' title="bbox 265 5196 1849 5269; baseline -0.002 -16"><span class='ocrx_word' id='word_1_764' title='bbox 265 5199 485 5255; x_wconf 84' lang='lat' dir='ltr'><strong>Joannis</strong></span> <span class='ocrx_word' id='word_1_765' title='bbox 506 5201 597 5254; x_wconf 89' lang='lat' dir='ltr'><strong>illa</strong></span> <span class='ocrx_word' id='word_1_766' title='bbox 627 5199 876 5266; x_wconf 87' lang='lat' dir='ltr'><strong>ructatio,</strong></span> <span class='ocrx_word' id='word_1_767' title='bbox 908 5213 1070 5269; x_wconf 91' lang='lat' dir='ltr'><strong>quam</strong></span> <span class='ocrx_word' id='word_1_768' title='bbox 1097 5198 1204 5269; x_wconf 80' lang='lat'><strong>93</strong></span> <span class='ocrx_word' id='word_1_769' title='bbox 1243 5197 1310 5252; x_wconf 88' lang='lat' dir='ltr'><strong>de</strong></span> <span class='ocrx_word' id='word_1_770' title='bbox 1337 5206 1557 5267; x_wconf 89' lang='lat' dir='ltr'><strong>pectore</strong></span> <span class='ocrx_word' id='word_1_771' title='bbox 1585 5198 1688 5253; x_wconf 91' lang='lat' dir='ltr'><strong>vivi</strong></span> <span class='ocrx_word' id='word_1_772' title='bbox 1731 5196 1849 5251; x_wconf 87' lang='lat' dir='ltr'><strong>fon-</strong></span> 
     </span>
    </p>
   </div>
   <div class='ocr_carea' id='block_1_99' title="bbox 269 5287 1845 5366">
    <p class='ocr_par' dir='ltr' id='par_1_99' title="bbox 269 5287 1845 5366">
     <span class='ocr_line' id='line_1_100' title="bbox 269 5287 1845 5366; baseline -0.003 -21"><span class='ocrx_word' id='word_1_773' title='bbox 269 5292 378 5366; x_wconf 61' lang='lat' dir='ltr'><strong>{tsh</strong></span> <span class='ocrx_word' id='word_1_774' title='bbox 407 5292 629 5347; x_wconf 86' lang='lat' dir='ltr'><strong>bibebat</strong></span> <span class='ocrx_word' id='word_1_775' title='bbox 642 5291 900 5345; x_wconf 75' lang='lat' dir='ltr'><strong>?oScimus</strong></span> <span class='ocrx_word' id='word_1_776' title='bbox 927 5292 1046 5361; x_wconf 87' lang='lat' dir='ltr'><strong>quia</strong></span> <span class='ocrx_word' id='word_1_777' title='bbox 1083 5288 1254 5343; x_wconf 84' lang='lat' dir='ltr'><strong>Filius</strong></span> <span class='ocrx_word' id='word_1_778' title='bbox 1285 5287 1384 5342; x_wconf 87' lang='lat' dir='ltr'><strong>Dei</strong></span> <span class='ocrx_word' id='word_1_779' title='bbox 1421 5290 1576 5354; x_wconf 81' lang='lat' dir='ltr'><strong>venit,</strong></span> <span class='ocrx_word' id='word_1_780' title='bbox 1624 5296 1671 5340; x_wconf 89' lang='lat' dir='ltr'><strong>et</strong></span> <span class='ocrx_word' id='word_1_781' title='bbox 1709 5287 1845 5340; x_wconf 83' lang='lat' dir='ltr'><strong>dedit</strong></span> 
     </span>
    </p>
   </div>
   <div class='ocr_carea' id='block_1_100' title="bbox 269 5384 1850 5456">
    <p class='ocr_par' dir='ltr' id='par_1_100' title="bbox 269 5384 1850 5456">
     <span class='ocr_line' id='line_1_101' title="bbox 269 5384 1850 5456; baseline 0.001 -20"><span class='ocrx_word' id='word_1_782' title='bbox 269 5387 410 5440; x_wconf 80' lang='lat' dir='ltr'><strong>nobis</strong></span> <span class='ocrx_word' id='word_1_783' title='bbox 441 5387 770 5452; x_wconf 83' lang='lat' dir='ltr'><strong>intellectum,</strong></span> <span class='ocrx_word' id='word_1_784' title='bbox 802 5397 856 5439; x_wconf 91' lang='lat' dir='ltr'><strong>ut</strong></span> <span class='ocrx_word' id='word_1_785' title='bbox 896 5401 1261 5456; x_wconf 85' lang='lat' dir='ltr'><strong>cognoscamus</strong></span> <span class='ocrx_word' id='word_1_786' title='bbox 1292 5401 1482 5451; x_wconf 80' lang='lat' dir='ltr'><strong>verum,</strong></span> <span class='ocrx_word' id='word_1_787' title='bbox 1511 5393 1560 5437; x_wconf 90' lang='lat' dir='ltr'><strong>et</strong></span> <span class='ocrx_word' id='word_1_788' title='bbox 1600 5384 1759 5438; x_wconf 81' lang='lat' dir='ltr'><strong>simus</strong></span> <span class='ocrx_word' id='word_1_789' title='bbox 1794 5385 1850 5438; x_wconf 90' lang='lat' dir='ltr'><strong>in</strong></span> 
     </span>
    </p>
   </div>
   <div class='ocr_carea' id='block_1_101' title="bbox 269 5480 1851 5552">
    <p class='ocr_par' dir='ltr' id='par_1_101' title="bbox 269 5480 1851 5552">
     <span class='ocr_line' id='line_1_102' title="bbox 269 5480 1851 5552; baseline 0.003 -20"><span class='ocrx_word' id='word_1_790' title='bbox 269 5495 383 5534; x_wconf 68' lang='lat' dir='ltr'><strong>vero</strong></span> <span class='ocrx_word' id='word_1_791' title='bbox 405 5480 544 5535; x_wconf 83' lang='lat' dir='ltr'><strong>Filio</strong></span> <span class='ocrx_word' id='word_1_792' title='bbox 571 5483 683 5552; x_wconf 86' lang='lat' dir='ltr'><strong>ejus</strong></span> <span class='ocrx_word' id='word_1_793' title='bbox 703 5480 827 5536; x_wconf 77' lang='lat' dir='ltr'><strong>Iesu</strong></span> <span class='ocrx_word' id='word_1_794' title='bbox 850 5481 1051 5536; x_wconf 80' lang='lat' dir='ltr'><strong>Christo</strong></span> <span class='ocrx_word' id='word_1_795' title='bbox 1074 5499 1090 5537; x_wconf 91' lang='lat'><strong><em>:</em></strong></span> <span class='ocrx_word' id='word_1_796' title='bbox 1116 5484 1195 5538; x_wconf 90' lang='lat' dir='ltr'><strong>hic</strong></span> <span class='ocrx_word' id='word_1_797' title='bbox 1215 5494 1291 5538; x_wconf 85' lang='lat' dir='ltr'><strong>est</strong></span> <span class='ocrx_word' id='word_1_798' title='bbox 1317 5500 1463 5538; x_wconf 82' lang='lat' dir='ltr'><strong>verus</strong></span> <span class='ocrx_word' id='word_1_799' title='bbox 1493 5480 1650 5550; x_wconf 87' lang='lat' dir='ltr'><strong>Deus,</strong></span> <span class='ocrx_word' id='word_1_800' title='bbox 1682 5492 1731 5538; x_wconf 89' lang='lat' dir='ltr'><strong>et</strong></span> <span class='ocrx_word' id='word_1_801' title='bbox 1751 5485 1851 5538; x_wconf 83' lang='lat' dir='ltr'><strong>vita</strong></span> 
     </span>
    </p>
   </div>
   <div class='ocr_carea' id='block_1_102' title="bbox 271 5572 1853 5646">
    <p class='ocr_par' dir='ltr' id='par_1_102' title="bbox 271 5572 1853 5646">
     <span class='ocr_line' id='line_1_103' title="bbox 271 5572 1853 5646; baseline 0.005 -20"><span class='ocrx_word' id='word_1_802' title='bbox 271 5580 462 5627; x_wconf 65' lang='lat' dir='ltr'><strong>eterna</strong></span> <span class='ocrx_word' id='word_1_803' title='bbox 491 5572 546 5643; x_wconf 92' lang='grc'><strong>(1</strong></span> <span class='ocrx_word' id='word_1_804' title='bbox 571 5573 733 5628; x_wconf 80' lang='grc' dir='ltr'><strong>Ιοαη.</strong></span> <span class='ocrx_word' id='word_1_805' title='bbox 759 5590 813 5642; x_wconf 85' lang='lat' dir='ltr'><strong>v,</strong></span> <span class='ocrx_word' id='word_1_806' title='bbox 854 5574 968 5646; x_wconf 66' lang='lat'><strong>21).</strong></span> <span class='ocrx_word' id='word_1_807' title='bbox 999 5572 1171 5642; x_wconf 70' lang='lat' dir='ltr'><strong>Quam</strong></span> <span class='ocrx_word' id='word_1_808' title='bbox 1196 5577 1361 5631; x_wconf 83' lang='lat' dir='ltr'><strong>vitam</strong></span> <span class='ocrx_word' id='word_1_809' title='bbox 1399 5591 1622 5633; x_wconf 87' lang='lat' dir='ltr'><strong>necesse</strong></span> <span class='ocrx_word' id='word_1_810' title='bbox 1649 5584 1734 5632; x_wconf 82' lang='lat' dir='ltr'><strong>est</strong></span> <span class='ocrx_word' id='word_1_811' title='bbox 1759 5591 1853 5634; x_wconf 79' lang='lat' dir='ltr'><strong>ne-</strong></span> 
     </span>
    </p>
   </div>
   <div class='ocr_carea' id='block_1_103' title="bbox 314 5684 1010 5761">
    <p class='ocr_par' dir='ltr' id='par_1_103' title="bbox 314 5684 1010 5761">
     <span class='ocr_line' id='line_1_104' title="bbox 314 5684 1010 5761; baseline 0.019 -32"><span class='ocrx_word' id='word_1_812' title='bbox 314 5696 366 5761; x_wconf 55' lang='grc' dir='ltr'><strong>,ξ</strong></span> <span class='ocrx_word' id='word_1_813' title='bbox 397 5684 710 5761; x_wconf 21' lang='grc' dir='ltr'><strong>μεηβοψμη</strong></span> <span class='ocrx_word' id='word_1_814' title='bbox 742 5689 1010 5761; x_wconf 82' lang='lat' dir='ltr'><strong>principio.</strong></span> 
     </span>
    </p>
   </div>
   <div class='ocr_carea' id='block_1_104' title="bbox 343 5754 822 5819">
    <p class='ocr_par' dir='ltr' id='par_1_104' title="bbox 343 5754 822 5819">
     <span class='ocr_line' id='line_1_105' title="bbox 343 5754 822 5819; baseline 0.01 -14"><span class='ocrx_word' id='word_1_815' title='bbox 343 5755 368 5793; x_wconf 73' lang='grc' dir='ltr'>δ</span> <span class='ocrx_word' id='word_1_816' title='bbox 397 5754 578 5819; x_wconf 84' lang='lat' dir='ltr'><strong>Basi|.,</strong></span> <span class='ocrx_word' id='word_1_817' title='bbox 606 5754 822 5810; x_wconf 79' lang='lat' dir='ltr'><strong>biberat.</strong></span> 
     </span>
    </p>
   </div>
   <div class='ocr_carea' id='block_1_105' title="bbox 346 5823 890 5892">
    <p class='ocr_par' dir='ltr' id='par_1_105' title="bbox 346 5823 890 5892">
     <span class='ocr_line' id='line_1_106' title="bbox 346 5823 890 5892; baseline 0.013 -15"><span class='ocrx_word' id='word_1_818' title='bbox 346 5839 365 5865; x_wconf 75' lang='grc' dir='ltr'><strong>ε</strong></span> <span class='ocrx_word' id='word_1_819' title='bbox 397 5823 557 5892; x_wconf 77' lang='lat' dir='ltr'><strong>Editi,</strong></span> <span class='ocrx_word' id='word_1_820' title='bbox 589 5825 719 5882; x_wconf 76' lang='lat' dir='ltr'><strong>Ha&#39;c</strong></span> <span class='ocrx_word' id='word_1_821' title='bbox 739 5829 890 5884; x_wconf 77' lang='lat' dir='ltr'><strong>inest.</strong></span> 
     </span>
    </p>
   </div>
   <div class='ocr_carea' id='block_1_106' title="bbox 1951 4649 2392 4718">
    <p class='ocr_par' dir='ltr' id='par_1_106' title="bbox 1951 4649 2392 4718">
     <span class='ocr_line' id='line_1_107' title="bbox 1951 4649 2392 4718; baseline -0.009 -13"><span class='ocrx_word' id='word_1_822' title='bbox 1951 4657 2011 4705; x_wconf 92' lang='lat' dir='ltr'><strong>ut</strong></span> <span class='ocrx_word' id='word_1_823' title='bbox 2029 4663 2241 4718; x_wconf 89' lang='lat' dir='ltr'><strong>semper</strong></span> <span class='ocrx_word' id='word_1_824' title='bbox 2267 4649 2392 4702; x_wconf 91' lang='lat' dir='ltr'><strong>sint.</strong></span> 
     </span>
    </p>
   </div>
   <div class='ocr_carea' id='block_1_107' title="bbox 1950 4756 3523 4831">
    <p class='ocr_par' dir='ltr' id='par_1_107' title="bbox 1950 4756 3523 4831">
     <span class='ocr_line' id='line_1_108' title="bbox 1950 4756 3523 4831; baseline -0.006 -14"><span class='ocrx_word' id='word_1_825' title='bbox 1950 4760 2131 4817; x_wconf 75' lang='lat' dir='ltr'><strong>CAPUT</strong></span> <span class='ocrx_word' id='word_1_826' title='bbox 2160 4775 2235 4814; x_wconf 82' lang='lat' dir='ltr'><strong>vt.</strong></span> <span class='ocrx_word' id='word_1_827' title='bbox 2262 4758 2493 4831; x_wconf 84' lang='lat' dir='ltr'><strong>Objectio</strong></span> <span class='ocrx_word' id='word_1_828' title='bbox 2531 4759 2596 4812; x_wconf 89' lang='lat' dir='ltr'><strong>de</strong></span> <span class='ocrx_word' id='word_1_829' title='bbox 2634 4757 3009 4831; x_wconf 77' lang='lat' dir='ltr'><strong>1l_!etcltisedech</strong></span> <span class='ocrx_word' id='word_1_830' title='bbox 3037 4758 3171 4831; x_wconf 77' lang='lat' dir='ltr'><strong>quod</strong></span> <span class='ocrx_word' id='word_1_831' title='bbox 3199 4758 3387 4831; x_wconf 62' lang='lat' dir='ltr'><strong>dicitur</strong></span> <span class='ocrx_word' id='word_1_832' title='bbox 3414 4756 3523 4831; x_wconf 81' lang='lat' dir='ltr'><strong>sine</strong></span> 
     </span>
    </p>
   </div>
   <div class='ocr_carea' id='block_1_108' title="bbox 1971 4827 3520 4902">
    <p class='ocr_par' dir='ltr' id='par_1_108' title="bbox 1971 4827 3520 4902">
     <span class='ocr_line' id='line_1_109' title="bbox 1971 4827 3520 4902; baseline -0.002 -20"><span class='ocrx_word' id='word_1_833' title='bbox 1971 4866 1983 4882; x_wconf 92' lang='lat'><strong>.</strong></span> <span class='ocrx_word' id='word_1_834' title='bbox 2023 4839 2168 4902; x_wconf 72' lang='lat' dir='ltr'><strong>patre</strong></span> <span class='ocrx_word' id='word_1_835' title='bbox 2195 4837 2245 4883; x_wconf 87' lang='lat' dir='ltr'><strong>et</strong></span> <span class='ocrx_word' id='word_1_836' title='bbox 2280 4827 2390 4902; x_wconf 82' lang='lat' dir='ltr'><strong>sine</strong></span> <span class='ocrx_word' id='word_1_837' title='bbox 2418 4837 2601 4882; x_wconf 90' lang='lat' dir='ltr'><strong>matre.</strong></span> <span class='ocrx_word' id='word_1_838' title='bbox 2642 4827 2876 4902; x_wconf 65' lang='lat' dir='ltr'><strong>Christus</strong></span> <span class='ocrx_word' id='word_1_839' title='bbox 2914 4845 3006 4902; x_wconf 60' lang='lat' dir='ltr'><strong>rex</strong></span> <span class='ocrx_word' id='word_1_840' title='bbox 3037 4827 3256 4898; x_wconf 76' lang='lat' dir='ltr'><strong>justitia:</strong></span> <span class='ocrx_word' id='word_1_841' title='bbox 3280 4835 3331 4902; x_wconf 81' lang='lat' dir='ltr'><strong>et</strong></span> <span class='ocrx_word' id='word_1_842' title='bbox 3358 4828 3520 4902; x_wconf 65' lang='lat' dir='ltr'><strong>pacis.</strong></span> 
     </span>
    </p>
   </div>
   <div class='ocr_carea' id='block_1_109' title="bbox 2025 4894 3522 4967">
    <p class='ocr_par' dir='ltr' id='par_1_109' title="bbox 2025 4894 3522 4967">
     <span class='ocr_line' id='line_1_110' title="bbox 2025 4894 3522 4967; baseline -0.004 -13"><span class='ocrx_word' id='word_1_843' title='bbox 2025 4894 2256 4954; x_wconf 61' lang='lat' dir='ltr'><strong>Christus</strong></span> <span class='ocrx_word' id='word_1_844' title='bbox 2275 4901 2387 4952; x_wconf 90' lang='lat' dir='ltr'><strong>sine</strong></span> <span class='ocrx_word' id='word_1_845' title='bbox 2413 4908 2594 4963; x_wconf 89' lang='lat' dir='ltr'><strong>matre,</strong></span> <span class='ocrx_word' id='word_1_846' title='bbox 2623 4906 2677 4952; x_wconf 90' lang='lat' dir='ltr'><strong>ut</strong></span> <span class='ocrx_word' id='word_1_847' title='bbox 2698 4895 2868 4962; x_wconf 87' lang='lat' dir='ltr'><strong>Deus;</strong></span> <span class='ocrx_word' id='word_1_848' title='bbox 2891 4899 3001 4951; x_wconf 83' lang='lat' dir='ltr'><strong>sine</strong></span> <span class='ocrx_word' id='word_1_849' title='bbox 3029 4894 3174 4967; x_wconf 81' lang='lat' dir='ltr'><strong>patre</strong></span> <span class='ocrx_word' id='word_1_850' title='bbox 3192 4906 3247 4951; x_wconf 91' lang='lat' dir='ltr'><strong>ut</strong></span> <span class='ocrx_word' id='word_1_851' title='bbox 3269 4894 3437 4950; x_wconf 84' lang='lat' dir='ltr'><strong>homo.</strong></span> <span class='ocrx_word' id='word_1_852' title='bbox 3460 4894 3522 4948; x_wconf 87' lang='lat' dir='ltr'><strong>In</strong></span> 
     </span>
    </p>
   </div>
   <div class='ocr_carea' id='block_1_110' title="bbox 2025 4967 3108 5041">
    <p class='ocr_par' dir='ltr' id='par_1_110' title="bbox 2025 4967 3108 5041">
     <span class='ocr_line' id='line_1_111' title="bbox 2025 4967 3108 5041; baseline -0.005 -17"><span class='ocrx_word' id='word_1_853' title='bbox 2025 4987 2131 5024; x_wconf 86' lang='lat' dir='ltr'><strong>una</strong></span> <span class='ocrx_word' id='word_1_854' title='bbox 2152 4969 2346 5024; x_wconf 84' lang='lat' dir='ltr'><strong>Christi</strong></span> <span class='ocrx_word' id='word_1_855' title='bbox 2375 4985 2596 5040; x_wconf 86' lang='lat' dir='ltr'><strong>persona</strong></span> <span class='ocrx_word' id='word_1_856' title='bbox 2615 4968 2819 5041; x_wconf 89' lang='lat' dir='ltr'><strong>gemina</strong></span> <span class='ocrx_word' id='word_1_857' title='bbox 2847 4967 3108 5021; x_wconf 84' lang='lat' dir='ltr'><strong>nativitas.</strong></span> 
     </span>
    </p>
   </div>
   <div class='ocr_carea' id='block_1_111' title="bbox 2027 5091 3523 5178">
    <p class='ocr_par' dir='ltr' id='par_1_111' title="bbox 2027 5091 3523 5178">
     <span class='ocr_line' id='line_1_112' title="bbox 2027 5091 3523 5178; baseline -0.005 -12"><span class='ocrx_word' id='word_1_858' title='bbox 2027 5110 2166 5178; x_wconf 84' lang='lat' dir='ltr'><strong>Quid</strong></span> <span class='ocrx_word' id='word_1_859' title='bbox 2192 5119 2373 5167; x_wconf 87' lang='lat' dir='ltr'><strong>autem</strong></span> <span class='ocrx_word' id='word_1_860' title='bbox 2407 5109 2532 5165; x_wconf 89' lang='lat' dir='ltr'><strong>hinc</strong></span> <span class='ocrx_word' id='word_1_861' title='bbox 2558 5091 2903 5164; x_wconf 73' lang='lat' dir='ltr'><strong>dubitatibnis</strong></span> <span class='ocrx_word' id='word_1_862' title='bbox 2925 5105 3164 5162; x_wconf 88' lang='lat' dir='ltr'><strong>creditur</strong></span> <span class='ocrx_word' id='word_1_863' title='bbox 3189 5104 3523 5168; x_wconf 89' lang='lat' dir='ltr'><strong>derelictum,</strong></span> 
     </span>
    </p>
   </div>
   <div class='ocr_carea' id='block_1_112' title="bbox 1954 5203 3521 5278">
    <p class='ocr_par' dir='ltr' id='par_1_112' title="bbox 1954 5203 3521 5278">
     <span class='ocr_line' id='line_1_113' title="bbox 1954 5203 3521 5278; baseline -0.005 -12"><span class='ocrx_word' id='word_1_864' title='bbox 1954 5226 2078 5267; x_wconf 87' lang='lat' dir='ltr'><strong>cum</strong></span> <span class='ocrx_word' id='word_1_865' title='bbox 2101 5211 2154 5265; x_wconf 92' lang='lat' dir='ltr'><strong>in</strong></span> <span class='ocrx_word' id='word_1_866' title='bbox 2175 5208 2526 5265; x_wconf 85' lang='lat' dir='ltr'><strong>Melchisedec</strong></span> <span class='ocrx_word' id='word_1_867' title='bbox 2545 5207 2674 5278; x_wconf 82' lang='lat' dir='ltr'><strong>(qua</strong></span> <span class='ocrx_word' id='word_1_868' title='bbox 2704 5206 2798 5277; x_wconf 80' lang='grc' dir='ltr'><strong>[αι.</strong></span> <span class='ocrx_word' id='word_1_869' title='bbox 2829 5207 2921 5276; x_wconf 92' lang='lat' dir='ltr'><strong>qui</strong></span> <span class='ocrx_word' id='word_1_870' title='bbox 2949 5206 3028 5261; x_wconf 80' lang='lat' dir='ltr'><strong>vel</strong></span> <span class='ocrx_word' id='word_1_871' title='bbox 3053 5203 3202 5277; x_wconf 89' lang='lat' dir='ltr'><strong>quia]</strong></span> <span class='ocrx_word' id='word_1_872' title='bbox 3223 5203 3419 5260; x_wconf 91' lang='lat' dir='ltr'><strong>Christi</strong></span> <span class='ocrx_word' id='word_1_873' title='bbox 3449 5205 3521 5258; x_wconf 84' lang='lat' dir='ltr'><strong>fu-</strong></span> 
     </span>
    </p>
   </div>
   <div class='ocr_carea' id='block_1_113' title="bbox 1957 5295 3530 5372">
    <p class='ocr_par' dir='ltr' id='par_1_113' title="bbox 1957 5295 3530 5372">
     <span class='ocr_line' id='line_1_114' title="bbox 1957 5295 3530 5372; baseline -0.006 -15"><span class='ocrx_word' id='word_1_874' title='bbox 1957 5304 2061 5359; x_wconf 90' lang='lat' dir='ltr'><strong>turi</strong></span> <span class='ocrx_word' id='word_1_875' title='bbox 2091 5302 2358 5372; x_wconf 86' lang='lat' dir='ltr'><strong>pontiﬁcis</strong></span> <span class='ocrx_word' id='word_1_876' title='bbox 2383 5307 2566 5370; x_wconf 82' lang='lat' dir='ltr'><strong>typum</strong></span> <span class='ocrx_word' id='word_1_877' title='bbox 2595 5298 2779 5368; x_wconf 87' lang='lat' dir='ltr'><strong>gessit)</strong></span> <span class='ocrx_word' id='word_1_878' title='bbox 2807 5298 2965 5353; x_wconf 88' lang='lat' dir='ltr'><strong>unius</strong></span> <span class='ocrx_word' id='word_1_879' title='bbox 2985 5296 3330 5367; x_wconf 82' lang='lat' dir='ltr'><strong>ejusdemque</strong></span> <span class='ocrx_word' id='word_1_880' title='bbox 3351 5295 3444 5348; x_wconf 86' lang='lat' dir='ltr'><strong>Dei</strong></span> <span class='ocrx_word' id='word_1_881' title='bbox 3474 5303 3530 5348; x_wconf 86' lang='lat' dir='ltr'><strong>et</strong></span> 
     </span>
    </p>
   </div>
   <div class='ocr_carea' id='block_1_114' title="bbox 1956 5387 3529 5459">
    <p class='ocr_par' dir='ltr' id='par_1_114' title="bbox 1956 5387 3529 5459">
     <span class='ocr_line' id='line_1_115' title="bbox 1956 5387 3529 5459; baseline -0.006 -9"><span class='ocrx_word' id='word_1_882' title='bbox 1956 5393 2189 5450; x_wconf 89' lang='lat' dir='ltr'><strong>hominis</strong></span> <span class='ocrx_word' id='word_1_883' title='bbox 2216 5391 2411 5452; x_wconf 80' lang='lat' dir='ltr'><strong>Christi</strong></span> <span class='ocrx_word' id='word_1_884' title='bbox 2440 5404 2728 5458; x_wconf 89' lang='lat' dir='ltr'><strong>personam</strong></span> <span class='ocrx_word' id='word_1_885' title='bbox 2755 5387 3110 5459; x_wconf 84' lang='lat' dir='ltr'><strong>signiﬁcatam</strong></span> <span class='ocrx_word' id='word_1_886' title='bbox 3137 5389 3529 5444; x_wconf 90' lang='lat' dir='ltr'><strong>demonstraret</strong></span> 
     </span>
    </p>
   </div>
   <div class='ocr_carea' id='block_1_115' title="bbox 1960 5479 3529 5554">
    <p class='ocr_par' dir='ltr' id='par_1_115' title="bbox 1960 5479 3529 5554">
     <span class='ocr_line' id='line_1_116' title="bbox 1960 5479 3529 5554; baseline -0.003 -16"><span class='ocrx_word' id='word_1_887' title='bbox 1960 5483 2266 5554; x_wconf 86' lang='lat' dir='ltr'><strong>Apostolus,</strong></span> <span class='ocrx_word' id='word_1_888' title='bbox 2309 5479 2596 5536; x_wconf 89' lang='lat' dir='ltr'><strong>ostendens</strong></span> <span class='ocrx_word' id='word_1_889' title='bbox 2627 5491 2650 5519; x_wconf 74' lang='grc' dir='ltr'><strong>ε</strong></span> <span class='ocrx_word' id='word_1_890' title='bbox 2693 5496 2811 5537; x_wconf 90' lang='lat' dir='ltr'><strong>eam</strong></span> <span class='ocrx_word' id='word_1_891' title='bbox 2833 5523 2849 5549; x_wconf 95' lang='lat'><strong>,</strong></span> <span class='ocrx_word' id='word_1_892' title='bbox 2893 5491 2948 5538; x_wconf 91' lang='lat' dir='ltr'><strong>et</strong></span> <span class='ocrx_word' id='word_1_893' title='bbox 2970 5480 3263 5537; x_wconf 88' lang='lat' dir='ltr'><strong>secundum</strong></span> <span class='ocrx_word' id='word_1_894' title='bbox 3296 5479 3529 5534; x_wconf 90' lang='lat' dir='ltr'><strong>divinam</strong></span> 
     </span>
    </p>
   </div>
   <div class='ocr_carea' id='block_1_116' title="bbox 1959 5574 3528 5647">
    <p class='ocr_par' dir='ltr' id='par_1_116' title="bbox 1959 5574 3528 5647">
     <span class='ocr_line' id='line_1_117' title="bbox 1959 5574 3528 5647; baseline -0.005 -13"><span class='ocrx_word' id='word_1_895' title='bbox 1959 5575 2310 5634; x_wconf 84' lang='lat' dir='ltr'><strong>substantiam</strong></span> <span class='ocrx_word' id='word_1_896' title='bbox 2337 5574 2454 5628; x_wconf 90' lang='lat' dir='ltr'><strong>sine</strong></span> <span class='ocrx_word' id='word_1_897' title='bbox 2483 5574 2636 5630; x_wconf 91' lang='lat' dir='ltr'><strong>initio</strong></span> <span class='ocrx_word' id='word_1_898' title='bbox 2663 5575 2774 5647; x_wconf 70' lang='grc'><strong>94</strong></span> <span class='ocrx_word' id='word_1_899' title='bbox 2799 5575 3176 5646; x_wconf 86' lang='lat' dir='ltr'><strong>sempiternam</strong></span> <span class='ocrx_word' id='word_1_900' title='bbox 3200 5615 3216 5642; x_wconf 95' lang='lat'><strong>,</strong></span> <span class='ocrx_word' id='word_1_901' title='bbox 3255 5580 3311 5628; x_wconf 91' lang='lat' dir='ltr'><strong>et</strong></span> <span class='ocrx_word' id='word_1_902' title='bbox 3333 5587 3528 5628; x_wconf 87' lang='lat' dir='ltr'><strong>secun-</strong></span> 
     </span>
    </p>
   </div>
   <div class='ocr_carea' id='block_1_117' title="bbox 2024 5687 2674 5755">
    <p class='ocr_par' dir='ltr' id='par_1_117' title="bbox 2024 5687 2674 5755">
     <span class='ocr_line' id='line_1_118' title="bbox 2024 5687 2674 5755; baseline -0.002 -12"><span class='ocrx_word' id='word_1_903' title='bbox 2024 5687 2050 5726; x_wconf 74' lang='grc' dir='ltr'>ἀ</span> <span class='ocrx_word' id='word_1_904' title='bbox 2081 5689 2176 5743; x_wconf 87' lang='lat' dir='ltr'><strong>Ms.</strong></span> <span class='ocrx_word' id='word_1_905' title='bbox 2202 5687 2388 5755; x_wconf 90' lang='lat' dir='ltr'><strong>Corb.,</strong></span> <span class='ocrx_word' id='word_1_906' title='bbox 2417 5696 2468 5742; x_wconf 85' lang='lat' dir='ltr'><strong>et</strong></span> <span class='ocrx_word' id='word_1_907' title='bbox 2491 5689 2674 5743; x_wconf 83' lang='lat' dir='ltr'><strong>veritas</strong></span> 
     </span>
    </p>
   </div>
   <div class='ocr_carea' id='block_1_118' title="bbox 2036 5757 3526 5835">
    <p class='ocr_par' dir='ltr' id='par_1_118' title="bbox 2036 5757 3526 5835">
     <span class='ocr_line' id='line_1_119' title="bbox 2036 5757 3526 5835; baseline 0 -23"><span class='ocrx_word' id='word_1_908' title='bbox 2036 5771 2059 5796; x_wconf 74' lang='grc' dir='ltr'><strong>ο</strong></span> <span class='ocrx_word' id='word_1_909' title='bbox 2089 5759 2186 5813; x_wconf 77' lang='lat' dir='ltr'><strong>Ms.</strong></span> <span class='ocrx_word' id='word_1_910' title='bbox 2218 5758 2378 5813; x_wconf 88' lang='lat' dir='ltr'><strong>Corb.</strong></span> <span class='ocrx_word' id='word_1_911' title='bbox 2408 5768 2464 5813; x_wconf 90' lang='lat' dir='ltr'><strong>et</strong></span> <span class='ocrx_word' id='word_1_912' title='bbox 2484 5759 2710 5830; x_wconf 83' lang='lat' dir='ltr'><strong>Victor.,</strong></span> <span class='ocrx_word' id='word_1_913' title='bbox 2736 5759 3008 5835; x_wconf 70' lang='lat' dir='ltr'><strong>ostendens</strong></span> <span class='ocrx_word' id='word_1_914' title='bbox 3031 5775 3236 5817; x_wconf 64' lang='grc' dir='ltr'><strong>σπῆι...</strong></span> <span class='ocrx_word' id='word_1_915' title='bbox 3261 5757 3526 5829; x_wconf 81' lang='lat' dir='ltr'><strong>sentpiter-</strong></span> 
     </span>
    </p>
   </div>
   <div class='ocr_carea' id='block_1_119' title="bbox 1959 5838 2511 5901">
    <p class='ocr_par' dir='ltr' id='par_1_119' title="bbox 1959 5838 2511 5901">
     <span class='ocr_line' id='line_1_120' title="bbox 1959 5838 2511 5901; baseline 0 -16"><span class='ocrx_word' id='word_1_916' title='bbox 1959 5846 2168 5885; x_wconf 87' lang='lat' dir='ltr'><strong>num....</strong></span> <span class='ocrx_word' id='word_1_917' title='bbox 2197 5838 2511 5901; x_wconf 84' lang='lat' dir='ltr'><strong>perpetuum.</strong></span> 
     </span>
    </p>
   </div>
  </div>
