4026 6336
361 370 456 431 εει
487 332 498 341 ’

1406 357 1464 412 S.
1503 345 1868 410 FULGENTII
1908 334 2624 432 EPISCOPl/RUSPENSIS

3529 327 3644 385 252

363 483 764 543 ilum'servilem
802 480 1032 538 formam
1057 519 1076 545 ,
1124 489 1286 546 quam
1315 471 1369 527 in
1410 478 1656 538 tempore
1696 463 1942 535 accepit,
1975 464 2028 526 Α
2048 472 2197 513 sonu:
2217 457 2417 522 unitas,
2447 461 2544 508 aut
2566 451 2663 506 Dei
2691 465 2745 505 tu
2771 449 3008 546 nomine,
3035 453 3130 501 aut
3148 443 3395 546 hominis
3420 443 3478 500 in
3504 443 3650 510 Deo,

364 579 478 634 sine
509 573 616 631 line
644 580 976 646 perpetuam.
1009 567 1098 623 Sic
1137 564 1276 619 idem
1304 562 1466 631 igitur
1493 560 1731 628 gentium
1761 556 1952 610 doctor

366 666 602 740 loquitur
631 667 698 721 ad
729 663 981 720 Hebrutos
1013 676 1028 714 :
1060 656 1164 712 llic
1191 657 1375 712 etenim
1415 650 1810 712 Melchisedech,
1859 663 1951 702 rea:

368 757 568 823 Solem,
609 753 850 810 sacerdos
877 747 974 803 Dei
997 747 1206 814 summi,
1247 745 1334 817 qui
1357 742 1576 799 obviavit
1617 740 1840 794 Abrahae
1867 756 1953 793 re-

366 864 542 921 gressa
570 864 601 899 a
624 843 762 899 cwde
791 858 988 912 regum,
1019 847 1067 892 et
1089 837 1352 891 benedixit
1381 838 1447 899 ei,
1481 835 1562 888 cui
1591 833 1816 886 decimas
1839 847 1953 884 om-

371 938 511 991 nium
539 934 708 988 divisit
734 927 1016 985 Abraham.
1062 925 1296 981 Primum
1335 925 1557 996 quidem,
1590 924 1675 993 qui
1702 923 1956 990 interpre-

373 1034 510 1079 tatur
537 1021 904 1092 rex'justitice,
957 1017 1143 1071 deinde
1183 1024 1355 1069 autem
1382 1023 1430 1068 et
1459 1030 1553 1066 rex
1595 1012 1791 1076 Salem,
1823 1009 1960 1080 quod

373 1128 449 1174 est
476 1132 568 1170 rex
597 1115 760 1185 pacis,
794 1115 906 1167 sine
933 1120 1100 1183 patre,
1133 1111 1244 1164 sine
1272 1116 1460 1174 matre,
1491 1107 1603 1160 sine
1630 1103 1957 1175 genealogiu,

374 1223 535 1273 neque
562 1205 765 1257 initium
796 1203 1013 1265 dierum,
1048 1215 1211 1270 neque
1239 1198 1396 1269 ﬁnem
1425 1197 1544 1251 vitae
1585 1193 1797 1257 habens,
1830 1191 1961 1246 assi-

377 1295 584 1349 milatas
614 1300 785 1345 autem
828 1287 970 1344 Filio
1020 1287 1157 1354 Dei,
1201 1295 1376 1342 manet
1405 1286 1650 1341 sacerdos
1686 1285 1740 1337 in
1783 1297 1963 1352 perpe-

381 1393 520 1438 tuum
556 1379 745 1453 (Hebr.
791 1396 884 1447 vn,
915 1377 967 1444 l,
999 1377 1062 1444 2,
1102 1378 1180 1447 5).
1229 1375 1417 1431 Posset
1464 1383 1736 1442 utcunque
1782 1371 1833 1424 in
1861 1371 1966 1425 hoc

379 1472 602 1528 forsitan
650 1471 959 1525 testimonio
1000 1469 1291 1537 quidquam
1335 1465 1690 1521 contradictio
1728 1463 1967 1518 reniten-

383 1563 538 1630 tium,
569 1576 731 1631 super
771 1560 931 1629 hujus
970 1557 1361 1614 Melchisedech
1399 1573 1666 1631 persona,
1698 1564 1851 1610 tanto
1881 1555 1965 1609 lu—

383 1655 515 1710 mini
552 1653 798 1708 veritatis
828 1665 1132 1720 opponere,
1163 1649 1208 1702 si
1238 1656 1384 1704 esset
1422 1646 1751 1702 credendum
1784 1659 1971 1714 quam-

385 1743 516 1799 libet
543 1751 844 1797 creaturam
874 1740 991 1794 sine
1039 1738 1192 1792 initio
1224 1736 1542 1792 naturaliter
1580 1735 1869 1790 exstitisse.
1903 1733 1972 1786 At

2051 562 2234 604 veram
2263 553 2448 618 posset
2475 543 2694 600 abolere
2732 537 3108 596 substantiam.
3147 534 3219 590 Et
3255 534 3383 592 licet
3410 542 3644 606 utraque

2053 657 2178 696 vera
2226 641 2280 694 in
2312 653 2418 693 uno
2448 634 2664 692 Christo
2692 631 2994 689 substantia
3020 625 3326 683 naturalem
3360 625 3416 680 in
3445 641 3508 681 se
3537 633 3651 682 tes-

2056 740 2217 795 tetur,
2249 738 2305 783 et
2325 725 2547 796 originis
2576 724 2931 784 nativitatem,
2963 727 3020 775 et
3043 716 3338 772 nativitatis
3358 716 3644 784 originem.

2057 818 2299 891 mysterii
2324 825 2503 870 tamen
2525 813 2702 885 pictas
2715 810 2975 865 mirabilis
2993 821 3342 878 permanens,
3355 804 3653 875 quamdam

2059 910 2252 965 divinae
2280 909 2420 962 illius
2456 916 2513 960 et
2538 903 2824 960 ineiiahilis
2863 899 3260 969 generationis,
3286 911 3412 968 quae
3438 897 3652 951 initium

2061 1018 2172 1057 non
2220 1001 2405 1062 habet,
2451 998 2480 1038 δ
2509 999 2561 1052 in
2609 999 2710 1051 hac
2748 1009 2964 1066 quoque
3016 993 3254 1046 humana
3303 989 3654 1060 generatione

2062 1102 2265 1150 certam
2292 1089 2826 1158 nobisintelligentia:
2849 1087 3044 1140 lineam
3060 1083 3452 1138 demonstravit
3480 1100 3493 1134 :
3528 1097 3655 1136 nam

2064 1185 2156 1252 qui
2187 1198 2402 1251 semper
2441 1182 2582 1237 Deus
2605 1196 2669 1234 ex
2698 1179 2840 1242 D‘eo,
2883 1177 2992 1249 95
3020 1175 3160 1231 idem
3184 1175 3559 1244 temporaliter
3587 1189 3658 1230 ex

2065 1275 2284 1329 homine
2317 1274 2458 1330 Deus
2483 1281 2537 1326 et
2559 1273 2721 1327 homo
2747 1287 2760 1336 ;
2791 1277 2847 1324 et
2873 1269 3055 1350 inquo
3083 1266 3388 1321 naturalem
3416 1275 3660 1335 paternas

2065 1365 2378 1420 substantia:
2408 1361 2796 1432 plenitudinem
2826 1359 3080 1414 nativilas
3109 1358 3439 1427 sempiterna
3468 1373 3662 1427 posse-

2068 1456 2166 1523 dit,
2200 1457 2253 1510 in
2284 1455 2474 1510 eodem
2496 1455 2708 1524 plenam
2738 1451 2974 1507 hominis
3001 1458 3252 1505 naturam
3271 1449 3475 1504 veritas
3504 1457 3662 1504 natu~

2069 1549 2198 1606 ralis
2227 1547 2491 1602 exhibuit.
2521 1545 2687 1600 Filius
2730 1544 2872 1598 enim
2902 1543 3022 1610 Dei,
3067 1549 3129 1595 ut
3153 1548 3398 1595 nostrum
3427 1555 3493 1594 ex
3535 1540 3666 1596 visi-

2069 1639 2270 1693 hilibus
2313 1637 2382 1691 ad
2408 1635 2691 1690 invisibilia
2722 1633 3050 1704 proveheret
3075 1631 3428 1693 intellectum,
3461 1631 3665 1685 verita—

2074 1738 2186 1784 tem
2212 1731 2265 1784 in
2293 1745 2351 1784 se
2380 1726 2771 1783 demonstravit
2800 1725 3047 1780 humana:
3089 1732 3315 1788 naturae,
3370 1732 3429 1777 ut
3473 1738 3669 1780 conse-

387 1843 508 1889 cum
539 1832 743 1886 clareat
779 1841 993 1884 omnem
1025 1826 1347 1882 omnimodis
1386 1835 1719 1888 creaturam,
1763 1833 1820 1877 ut
1847 1831 1975 1892 pote
2003 1827 2054 1892 Β
2079 1831 2309 1892 quenter
2345 1820 2657 1875 crederetur
2704 1833 2773 1873 ex
2814 1817 2928 1872 veri
2976 1814 3074 1870 Dei
3122 1823 3313 1869 natura
3338 1814 3480 1868 Deus
3505 1829 3670 1870 verus

381 1935 610 1994 prorsus
637 1935 705 1975 ex
737 1918 904 1974 nihilo
946 1915 1140 1974 factam
1161 1959 1198 1986 ,,
1227 1917 1380 1971 initio
1408 1931 1517 1970 non
1547 1929 1731 1970 carere
1755 1953 1770 1979 ,
1821 1913 1974 1982 cujus

391 2012 543 2081 origo
570 2010 682 2065 sola
720 2007 996 2088 Creatoris
1023 2004 1305 2072 voluntate
1334 2013 1388 2059 et
1428 2004 1716 2075 potestate,
1760 2003 1975 2074 quando

393 2103 688 2160 faciendam
715 2100 1006 2172 judicavit,
1050 2100 1142 2169 qui
1172 2098 1506 2153 mutabilium
1536 2112 1760 2166 operum
1789 2096 1976 2165 dispo-

393 2193 642 2250 sitionem
671 2206 882 2261 semper
910 2189 1297 2245 immutabilem
1327 2177 1534 2253 habuit,
1564 2188 1854 2242 substituta
1892 2203 1982 2244 co-

394 2288 686 2351 gnoscatur
732 2295 800 2336 ex
843 2280 1010 2334 nihilo
1042 2317 1057 2342 ,
1108 2293 1227 2348 qua:
1273 2285 1454 2332 tamen
1496 2292 1770 2346 nunquam
1819 2274 1982 2331 fuerit

397 2359 710 2443 priusquam
767 2369 922 2424 inrtio
977 2368 1271 2423 creationis
1319 2367 1627 2435 exstiterit,
1676 2366 1983 2421 nullatenus

397 2463 661 2534 accipitur
678 2463 824 2534 quod
844 2452 1261 2530 Melchisedech,
1290 2468 1382 2515 aut
1410 2476 1474 2516 ex
1506 2468 1659 2530 patre
1680 2460 1844 2515 fuerit
1871 2475 1984 2514 ma-

399 2564 588 2624 treque
615 2540 725 2610 non
755 2553 965 2622 genitus
996 2550 1162 2624 (quod
1185 2559 1269 2604 est
1295 2550 1528 2604 hominis
1557 2548 1739 2620 primi)
1771 2557 1866 2604 aut
1892 2551 1986 2604 iui-

400 2645 477 2699 tio
505 2643 765 2700 existendi
800 2641 1116 2697 naturaliter
1142 2649 1344 2706 careat,
1376 2640 1522 2710 quod
1553 2641 1722 2696 solius
1751 2649 1835 2696 est
1864 2641 1980 2697 Dei.

401 2731 496 2790 llle
524 2735 703 2803 itaque
726 2734 906 2801 ﬁgurae
929 2731 1087 2801 hujus
1118 2731 1312 2786 retinet
1338 2730 1656 2785 naturaliter
1681 2731 1986 2798 veritatem,

403 2825 497 2894 qui
525 2826 578 2880 in
608 2832 838 2894 utraque
881 2823 1163 2877 nativitate
1193 2821 1479 2888 mirabilis,
1524 2837 1624 2877 nec
1653 2823 1862 2892 uspiam
1890 2838 1986 2875 ve-

405 2918 564 2972 ritate
595 2915 856 2970 naturalis
885 2913 1057 2968 caruit
1095 2912 1348 2980 originis,
1398 2918 1453 2964 et
1483 2911 1534 2963 in
1569 2919 1798 2978 utroque
1829 2911 1990 2964 mira-

405 3008 589 3064 biliter
614 3015 770 3060 natus
798 3011 882 3059 est
909 3001 1216 3071 singularis.
1248 2997 1377 3066 Quis
1406 3005 1490 3055 est
1529 3000 1672 3054 enim
1712 3013 1811 3053 rex
1834 2999 1991 3067 justi-

408 3099 516 3164 tiae‘,
547 3096 650 3150 nisi
673 3104 766 3149 rex
791 3101 976 3148 noster
995 3089 1267 3152 Christus,
1296 3089 1385 3157 qui
1411 3087 1582 3142 factus
1603 3095 1685 3142 est
1706 3103 1804 3157 pro
1835 3087 1988 3141 nobis

410 3193 692 3259 peccatum
712 3227 728 3253 ,
775 3192 838 3239 ut
873 3198 973 3238 nos
1002 3179 1337 3236 eﬂiceremur
1358 3177 1566 3247 justitia
1611 3177 1706 3232 Dei
1737 3177 1791 3232 in
1821 3178 1936 3247 ipso
1963 3179 1986 3232 ?
2014 3175 2062 3249 (ξ

412 3277 542 3344 Quis
571 3283 655 3330 est
695 3276 860 3338 etiam
889 3287 988 3328 rex
1027 3270 1214 3342 pacis?
1243 3267 1433 3324 Nonne
1479 3269 1570 3324 ille
1598 3269 1690 3338 qui
1728 3268 1805 3322 ait
1838 3287 1850 3322 :
1887 3267 1995 3324 Pa-

412 3365 520 3426 rem
548 3385 713 3425 meum
734 3367 799 3424 do
827 3366 990 3430 vobis,
1020 3378 1197 3436 pacem
1224 3378 1389 3418 meam
1414 3362 1617 3416 dimitto
1646 3357 1786 3416 vobis
1812 3359 1990 3430 (Joan.

413 3482 521 3530 xw,
556 3463 690 3534 27)?
718 3461 839 3534 Ipse
864 3470 940 3516 est
966 3460 1105 3513 enim
1141 3471 1248 3527 pax
1276 3465 1473 3521 nostra,
1505 3455 1592 3525 qui
1622 3455 1744 3526 fecit
1780 3463 1997 3525 utraque

415 3572 575 3612 unum
602 3553 815 3629 (Ephes.
850 3567 907 3615 rt,
960 3548 1069 3621 14).
1122 3548 1201 3603 Ad
1234 3549 1408 3617 ipsum
1437 3543 1702 3618 propheta
1750 3545 1947 3600 clamat
1980 3563 1993 3598 :

415 3649 637 3704 Domine
669 3647 810 3701 Deus
850 3654 1042 3706 noster,
1085 3656 1261 3712 pacem
1304 3648 1441 3692 luant
1486 3637 1551 3690 da
1594 3636 1761 3691 nobis.
1809 3631 1999 3689 Omnia

417 3741 554 3794 enim
577 3738 763 3792 dediin
794 3734 965 3801 nobis,
990 3731 1210 3786 Domine
1238 3727 1376 3782 Deus
1401 3737 1594 3792 noster,
1627 3727 1835 3794 posside
1861 3742 1956 3779 nos
1979 3741 1997 3779 :

421 3830 662 3894 Domine,
706 3834 896 3897 preter
922 3833 974 3878 te
1001 3823 1162 3875 alium
1192 3835 1294 3874 non
1332 3819 1584 3883 norimus,
1632 3833 1817 3872 nomen
1861 3825 2001 3870 tuum

420 3921 744 3975 nominamus
777 3913 932 3986 (Isai.
962 3928 1107 3973 xxvr,
1140 3909 1248 3978 12).
1278 3908 1504 3962 Matrem
1531 3921 1748 3977 quoque
1773 3921 1880 3961 non
1903 3905 2002 3960 ha-

421 4008 536 4064 buit
569 4005 816 4060 Christus
862 4002 957 4058 Dei
1010 3999 1174 4058 Filius
1221 4001 1275 4054 in
1325 3999 1418 4053 Dei
1459 3997 1791 4062 substantia,
1843 4011 2002 4065 quam

423 4113 638 4168 semper
665 4094 828 4149 habet
856 4109 922 4149 ex
953 4091 1132 4146 Patre.
1167 4090 1373 4145 Rursus
1417 4087 1558 4143 idem
1583 4094 1795 4159 patrem
1823 4085 1877 4140 in
1905 4086 2007 4141 bo-

426 4187 587 4243 minis
612 4193 803 4239 natura
833 4197 940 4238 non
970 4181 1175 4247 habuit,
1205 4193 1363 4248 quam
1390 4193 1456 4234 ex
1483 4178 1598 4233 sola
1621 4184 1795 4232 matre
1821 4190 2006 4231 susce-

426 4279 523 4351 pit.
577 4276 635 4331 In
663 4275 893 4331 veritate
922 4283 1154 4341 namque
1184 4271 1460 4339 utriusque
1489 4267 1786 4322 nativitatis
1826 4267 2017 4334 singu-'

426 4369 697 4427 laritatem
731 4365 984 4427 servavit,
1027 4373 1082 4418 et
1121 4362 1379 4433 parentis,
1407 4369 1462 4415 et
1487 4359 1654 4430 prolis
1689 4376 1702 4411 :
1735 4367 1794 4413 ut
1818 4372 2008 4427 quam-

427 4460 510 4514 vis
536 4458 686 4528 prius
713 4453 781 4511 de
821 4455 937 4510 solo
967 4452 1145 4517 Patre,
1173 4448 1516 4521 postmodum
1540 4449 1609 4505 de
1643 4449 1759 4504 sola
1788 4447 2009 4517 Virgine

2077 1911 2395 1965 naturaliter
2421 1909 2712 1971 exstitisse,
2743 1922 2905 1978 quem
2930 1920 3117 1960 verum
3137 1905 3410 1961 hominem
3437 1913 3670 1960 natura-

2077 2003 2200 2058 liter
2226 2010 2413 2058 natum
2439 2008 2718 2057 constaret
2747 2015 2816 2055 ex
2838 1999 3078 2055 homine.

2079 2092 2261 2149 CAPUT
2291 2110 2385 2149 vn.
2426 2091 2967 2164 Temporatis_Christi
3001 2089 3247 2164 nationes
3277 2089 3418 2164 ducit
3467 2091 3521 2143 in
3571 2106 3666 2144 co-

2153 2165 2436 2236 gnitionem
2475 2158 2704 2236 (sternar.
2733 2158 3215 2236 Immensa‘Christi
3241 2159 3672 2236 majestasdquia

2151 2228 2465 2315 sempiterna
2512 2234 2779 2285 nativitas.
2826 2229 2947 2315 Nan
2996 2232 3094 2315 fuit
3131 2231 3271 2315 ιοςμδ
3321 2228 3441 2315 ante
3473 2228 3672 2315 {illum

2157 2298 2333 2357 Dei'in
2374 2319 2472 2372 quo
2501 2310 2816 2356 nasceretur.
2871 2298 3117 2370 Nec’fuit
3143 2298 3282 2352 ullus
3319 2300 3459 2353 locus
3502 2299 3668 2372 Verbo

2154 2371 2485 2444 coinquinatis.
3224 2421 3238 2427 -
3585 2427 3594 2440 ,
3610 2371 3620 2381 ’

2148 2463 2362 2518 Initium
2378 2477 2593 2532 quoque
2604 2460 2898 2517 nativitatis
2913 2460 2966 2514 in
2980 2466 3174 2515 natura
3183 2458 3673 2515 hominisChristus

2086 2555 2298 2622 habuit,
2321 2555 2375 2608 in
2405 2569 2512 2624 qua
2538 2554 2656 2609 sine
2683 2553 2836 2607 initio
2867 2567 2976 2606 non
3004 2551 3180 2621 potuit
3207 2561 3382 2606 mater
3408 2566 3527 2606 esse
3552 2564 3676 2618 qua

2088 2646 2306 2714 genuit;
2337 2651 2397 2699 ut
2425 2649 2808 2711 agnosceretur
2831 2683 2846 2706 ,
2877 2650 3083 2696 natura:
3112 2643 3340 2697 veritate
3368 2643 3677 2710 recognita,

2091 2737 2294 2794 nullum
2317 2735 2512 2792 divinis
2533 2734 2828 2789 nativitatis
2859 2745 2880 2771 ε
2903 2733 3112 2787 initium
3143 2732 3415 2798 habuisse,
3433 2733 3522 2788 ubi
3539 2747 3676 2788 seu)-

2089 2828 2306 2897 piterno
2334 2825 2511 2893 Patri,
2536 2826 2675 2881 sicut
2703 2824 2914 2878 initium
2934 2823 3199 2879 existeudi
3229 2824 3432 2879 nullum
3456 2818 3680 2887 fuit,'sie

2093 2919 2237 2972 nulla
2305 2918 2558 2972 nativitas
2608 2917 2831 2971 initiatae
2883 2916 3249 2984 generationis
3300 2916 3568 2971 accessit:
3597 2914 3678 2971 ita

2091 3024 2323 3080 namque
2353 3009 2627 3078 utriusque
2655 3009 2708 3062 in
2737 3023 2796 3062 se
2835 3005 3081 3062 Christus
3106 3005 3264 3061 Jesus
3285 3007 3678 3062 demonstravit

2090 3101 2403 3156 substantiae
2425 3100 2728 3165 veritatem,
2757 3106 2816 3152 ut
2837 3099 2976 3154 sicut
2996 3114 3048 3153 ιη
3075 3097 3305 3154 hominis
3333 3097 3536 3152 Christi
3557 3098 3684 3153 sub-

2092 3194 2318 3258 stantia,
2346 3192 2494 3251 salva
2522 3191 2874 3262 praerogativa
2897 3190 3180 3257 singularis
3209 3190 3352 3243 illius
3367 3187 3644 3258 ὧᾳιίιειιίε
3665 3230 3683 3254 ,

2102 3286 2210 3341 hoc
2223 3283 2651 3339 substantialiter
2675 3282 2965 3348 invenitur,
2986 3281 3130 3350 quod
3143 3281 3457 3351 naturaliter
3467 3289 3687 3338 constat

2101 3373 2155 3428 in
2170 3373 2407 3436 homine;
2421 3371 2501 3426 sic
2517 3371 2571 3425 in
2582 3370 2773 3426 eodem
2789 3370 2902 3425 Deo
2914 3368 3131 3425 Christo
3141 3371 3246 3426 hoc
3257 3370 3686 3426 substantialiter

2099 3480 2221 3520 esse
2249 3464 2532 3530 credatur,
2554 3462 2699 3533 quod
2746 3462 3067 3518 naturaliter
3103 3461 3348 3518 subsistit
3392 3463 3445 3516 in
3474 3460 3638 3516 Patre
3671 3478 3686 3514 :

2101 3565 2162 3611 ut
2193 3570 2317 3611 eum
2344 3556 2400 3610 in
2444 3554 2662 3608 homine
2689 3551 2908 3608 Christo
2936 3552 3146 3607 videtur
3191 3553 3392 3608 veritas
3430 3553 3682 3616 hominis,

2101 3645 2157 3700 in
2187 3644 2378 3700 eodem
2416 3643 2530 3700 Deo
2568 3642 2784 3699 Christo
2826 3651 3188 3711 cognoscatur
3215 3652 3452 3712 paterna:
3484 3643 3684 3699 veritas

2102 3735 2356 3801 deitatis;
2402 3743 2458 3790 et
2496 3750 2618 3791 cum
2661 3734 2761 3790 ista
2805 3734 3059 3790 nativitas
3087 3734 3355 3790 invenitur
3382 3734 3534 3789 initio
3563 3736 3690 3790 sub-

2105 3827 2214 3883 dita
2231 3868 2246 3892 ,
2278 3841 2396 3896 qua:
2425 3841 2494 3881 ex
2532 3825 2819 3896 temporali
2847 3825 3065 3880 homine
3092 3825 3456 3892 substantialis
3478 3832 3692 3895 tempo-

2105 3917 2290 3972 raliter
2317 3915 2543 3980 exstitit,
2569 3916 2657 3969 illa
2685 3930 2901 3985 quoque
2942 3915 3060 3969 sine
3108 3914 3260 3970 initio
3289 3915 3540 3970 credatur
3571 3931 3693 3973 esse

2105 4009 2360 4064 nativitas
2381 4049 2398 4075 ,
2429 4022 2550 4078 quae
2576 4008 2644 4063 de
2673 4007 2999 4076 sempiterno
3023 4007 3136 4062 Deo
3163 4004 3187 4042 ἀ
3229 4007 3600 4062 substantialis
3629 4022 3695 4064 ac

2109 4099 2438 4169 sempiterna
2458 4097 2723 4154 subsistit.
2754 4096 2876 4166 Ipse
2898 4097 3060 4164 igitur
3098 4096 3217 4152 sine
3243 4106 3414 4152 matre
3436 4098 3492 4151 in
3518 4097 3694 4154 divina

2095 4190 2436 4254 substantia,
2474 4200 2495 4225 ο
2541 4203 2661 4257 qua:
2689 4196 2772 4242 est
2815 4202 2882 4242 ex
2911 4187 3029 4242 solo
3057 4185 3231 4254 Patre,
3261 4188 3579 4242 naturaliter
3604 4201 3697 4257 ge-

2109 4280 2288 4343 nitus;
2341 4279 2456 4347 ipse
2507 4278 2626 4332 sine
2666 4275 2826 4331 Patre
2855 4315 2872 4340 ,
2903 4276 3106 4330 fructus
3135 4276 3402 4331 inviolatae
3443 4276 3698 4345 Virginis,

2110 4384 2274 4437 quam
2331 4367 2646 4437 complexus
2683 4373 2792 4420 non
2829 4366 3055 4434 contigit
3095 4367 3388 4432 maritalis;
3420 4367 3536 4436 ipse
3583 4369 3702 4424 sine

2112 4459 2448 4530 genealogia,
2479 4458 2546 4513 de
2573 4473 2680 4527 quo
2703 4458 2975 4538 scriptum.
2995 4465 3078 4512 est
3113 4475 3126 4511 :
3161 4456 3555 4512 Generationem
3586 4460 3700 4529 ejus

427 4555 764 4617 nasceretur,
812 4561 950 4602 unus
978 4555 1156 4599 tamen
1187 4544 1434 4613 idemque
1474 4539 1632 4595 fuerit
1659 4541 1752 4612 qui
1781 4550 1836 4596 et
1862 4541 2010 4612 prius
2034 4551 2090 4618 ι)
2113 4552 2229 4622 quis
2264 4547 2282 4586 τ
2316 4545 2579 4603 enarrabit
2627 4546 2780 4616 (Isai.
2823 4563 2938 4614 un,
2987 4545 3083 4618 8)?
3131 4555 3190 4602 ut
3237 4563 3359 4602 cum
3390 4548 3701 4616 ingene“-

429 4642 496 4697 de
525 4639 702 4704 Patre,
744 4647 799 4693 et
823 4635 1164 4707 postmodum
1196 4635 1264 4688 sit
1291 4643 1446 4688 natus
1474 4649 1542 4688 ex
1578 4633 1788 4702 Virgine
1820 4651 1832 4686 :
1867 4643 1924 4688 ut
1954 4635 2006 4688 in

431 4733 588 4788 unius
615 4730 728 4785 veri
771 4728 869 4784 Dei
899 4728 1120 4795 verique
1162 4724 1394 4780 hominis
1423 4721 1621 4780 Christi
1669 4723 1810 4778 miro
1844 4731 2010 4792 atque

431 4823 689 4879 ineffabili
733 4827 1073 4878 sacramento
1112 4831 1210 4872 nec
1243 4816 1502 4871 naturalis
1531 4816 1712 4884 genito
1756 4813 2010 4870 defuisset

433 4931 502 4970 ex
529 4915 778 4982 gignente
804 4907 1122 4971 substantia,
1155 4922 1256 4962 nec
1281 4906 1646 4975 geminaretur
1675 4905 1728 4958 in
1756 4905 2010 4974 gignente
2053 4911 2058 4916 '

435 5013 684 5077 genitove
710 5019 963 5071 persona,
995 5002 1120 5056 licet
1149 5000 1202 5053 in
1231 5015 1338 5058 uno
1363 4996 1577 5051 Christo
1601 4995 1879 5052 veritatem
1912 4994 2007 5049 Dei

435 5104 493 5151 et
542 5093 776 5149 hominis
829 5098 1032 5146 naturae
1079 5097 1108 5128 ι
1151 5089 1352 5145 veritas
1401 5084 1676 5142 inconfusa
1725 5093 2006 5151 servaret,

435 5201 598 5244 unam
621 5193 801 5239 tamen
845 5183 900 5237 in
927 5181 1146 5237 Christo
1173 5167 1458 5252 personam
1499 5178 1777 5247 utriusque
1806 5185 2010 5231 naturae

421 5276 661 5341 indivisa
689 5273 890 5330 veritas
931 5267 1234 5336 exhiberet,
1281 5279 1339 5325 ut
1375 5285 1476 5326 nec
1520 5267 1731 5339 gemina
1759 5266 2010 5323 nativitas

440 5367 597 5422 mnus
619 5363 818 5421 Chriin
844 5361 1117 5418 videretur
1138 5361 1414 5428 gemmare
1435 5373 1740 5432 personam,
1769 5371 1867 5414 nec
1889 5373 2009 5430 per-

515 5541 538 5647 :
582 5528 658 5583 ita
685 5543 788 5583 ms.
813 5525 977 5584 Corb.
1004 5531 1060 5581 et
1085 5521 1320 5590 Victum;
1342 5529 1399 5578 at
1422 5521 1554 5578 editi
1581 5521 1786 5576 habent
1807 5527 2011 5574 natura

543 5614 621 5647 ΑΒ.

494 5614 621 5649 Τῑάδ.

516 5667 540 5702 δ
573 5664 762 5721 Colon.
789 5672 844 5719 et
873 5663 1020 5729 Ant.‘,
1041 5666 1097 5718 in
1122 5664 1236 5718 hoc.

520 5733 777 5790 (Aberat
810 5735 878 5787 ab
903 5734 1062 5790 odiis
1083 5736 1311 5796 initium
1342 5728 1645 5785 restitutum
1675 5735 1758 5786 est
1783 5743 1850 5785 ex
1882 5742 2010 5783 mss.

445 5805 612 5868 Corb.
639 5811 694 5861 et
717 5802 918 5860 Victor.

2116 4639 2263 4692 tione
2300 4651 2426 4690 vera
2452 4631 2573 4688 Filii
2601 4631 2694 4690 Dei
2725 4624 2856 4690 iides
2883 4634 3038 4691 nobis
3059 4637 3420 4705 cognitionem
3446 4647 3699 4709 praestat,

2115 4740 2420 4782 sermonem
2466 4739 2598 4780 vero
2639 4723 3036 4794 sempiternitas
3072 4736 3318 4797 superat,
3369 4730 3423 4783 in
3461 4744 3527 4784 eo
3555 4729 3700 4798 quod

2120 4817 2241 4872 tidei
2293 4817 2592 4872 constantia
2635 4815 2964 4872 credulitatis
2995 4825 3019 4864 8
3073 4817 3410 4874 ﬁrmamento
3461 4822 3702 4876 nutritur

2121 4911 2216 4981 (at.
2267 4908 2506 4975 nititur),
2563 4906 2827 4961 sermonis
2867 4921 2996 4961 vero
3036 4906 3256 4962 audacia
3311 4908 3451 4964 ﬁdeli
3507 4910 3704 4964 timore

2115 4996 2490 5067 comprimitur
2511 5036 2527 5061 ,
2556 4995 2751 5051 divina:
2787 4997 3147 5066 generationis
3169 5015 3295 5056 vera
3335 5001 3702 5069 naturalisquc

2114 5085 2514 5156 sempiternitas
2553 5097 2893 5155 agnoscatur.
2933 5087 3064 5142 Nam
3112 5091 3238 5159 quia
3285 5092 3464 5146 divina
3516 5093 3702 5161 utique

2115 5182 2435 5238 naturaliter
2473 5199 2600 5238 vera
2643 5191 2764 5253 est,
2808 5182 2932 5260 quia
2958 5181 3014 5237 in
3052 5182 3162 5237 Deo
3185 5197 3316 5238 vero
3337 5181 3469 5251 nihil
3493 5189 3575 5237 est
3603 5181 3702 5237 fal-

2112 5289 2261 5340 sum;
2295 5275 2420 5343 quia
2448 5289 2578 5330 vero
2603 5291 2702 5330 nec
2726 5283 2903 5345 empta
2931 5282 3031 5339 est,
3061 5289 3160 5330 nec
3184 5283 3395 5342 creata,
3420 5275 3559 5332 sicut
3578 5291 3702 5332 om-

2115 5381 2238 5423 nem
2277 5375 2467 5437 coeptae
2513 5376 2813 5438 creataeque
2850 5375 3053 5422 naturae
3092 5377 3314 5444 superat
3359 5369 3705 5441 cogitationis

2187 5519 2215 5561 ἀ
2245 5522 2343 5595 _l_s.
2365 5521 2552 5595 Corn,
2580 5521 2908 5577 substantiali
2935 5527 3270 5595 sempiterna.

2191 5604 2214 5662 τ
2247 5592 2343 5646 Ms.
2377 5593 2608 5662 Victor.,
2639 5609 2757 5662 qua.
3045 5592 3055 5595 ’
3263 5592 3273 5601 ‘

2195 5661 2212 5700 ί
2253 5663 2444 5717 Colon.
2472 5671 2528 5717 et
2555 5661 2741 5724 BaSil.,
2771 5663 3054 5721 enarravit.

2115 5769 2129 5777 ι
2191 5741 2215 5779 l
2249 5731 2410 5790 Basil.
2422 5772 2439 5802 ,
2455 5731 2808 5806 fundamento.
