4026 6336
310 307 414 362 255

1445 316 1535 371 AD
1574 317 2072 378 TRASIMUNDUM
2111 321 2241 381 UB.
2279 324 2344 381 ll.

305 417 633 491 indaginem,
674 422 751 517 sic
779 436 992 517 omnem
1037 425 1438 517 supergreditur
1483 429 1680 498 eloquii
1732 432 1899 486 lacul-
1931 438 1980 498 Α
2004 435 2175 505 ipsum
2198 438 2375 494 locum
2397 439 2617 510 aliquod
2646 416 2956 499 existiment
2975 457 3095 500 esse
3121 445 3239 501 sine
3255 446 3573 517 Deoprinci-

303 525 489 571 tatem.
547 517 629 570 Au
679 515 903 570 forsitan
941 516 1083 585 quod
1136 517 1204 572 de
1250 518 1342 574 Dei
1394 535 1526 589 pace
1577 524 1887 590 apostolicae

299 608 642 663 auctoritatis
657 608 882 662 veritate
907 606 1274 677 percepimus,
1291 610 1357 664 de
1385 611 1500 679 ejus
1539 613 1888 679 geherationc

298 713 523 768 prorsus
546 699 798 767 accipere
828 697 1170 754 dubitamus?
1197 699 1318 754 cum
1353 701 1504 755 nobis
1528 701 1724 757 Paulus
1754 704 1886 759 bea-

297 788 538 842 tissimus
564 788 713 842 dicat
744 804 758 838 :
792 786 1074 852 Pax'D’ei',
1106 803 1220 859 qua
1261 799 1535 858 exsuperat
1579 810 1782 846 onmem
1804 797 1888 848 in-

293 879 586 941 tellectum,
644 877 904 932 custodiat
950 879 1112 932 corda
1169 890 1372 942 vestra,
1423 892 1470 934 et
1517 883 1886 954 intelligendas

295 983 493 1032 κείνω
515 976 570 1028 in
592 973 796 1028 Christo
819 971 948 1027 Iesu
975 974 1194 1045 (Plrih'p.
1215 991 1284 1040 iv,
1315 974 1390 1036 7i.
1419 973 1582 1044 Cujus
1604 990 1731 1044 ergo
1757 992 1883 1046 pax,

295 1066 419 1123 licet
449 1081 672 1121 omnem
699 1073 918 1135 superet
943 1065 1301 1129 intellectum,
1339 1081 1468 1120 vera
1496 1076 1673 1120 tamen
1702 1109 1716 1134 ,
1745 1082 1886 1121 sem-

294 1159 508 1227 piterna
532 1156 898 1223 naturamque
923 1155 1188 1220 creditur;
1238 1169 1329 1210 cur
1360 1156 1474 1224 ejus
1501 1158 1883 1224 generationis

296 1265 414 1319 qua:
440 1257 666 1318 superat
695 1260 857 1301 omne
882 1261 1105 1316 prorsus
1131 1245 1422 1316 eloquium,
1454 1247 1712 1300 naturalis
1740 1247 1883 1301 veri-

295 1347 376 1397 tas
430 1350 488 1395 et
534 1341 743 1396 inﬁnita
787 1339 1188 1408 sempiternitas'
1227 1339 1562 1406 abnegetur?
1607 1337 1708 1393 Ubi
1753 1355 1884 1408 ergo

296 1436 628 1504 sempiterna
654 1447 759 1501 pax
790 1439 899 1493 est,
931 1430 1186 1484 credatur
1213 1431 1373 1484 etiam
1397 1429 1723 1499 sempiterna
1742 1430 1884 1484 nati-

298 1529 462 1590 vitas;
493 1534 549 1579 et
571 1524 727 1592 cuius
749 1530 829 1578 est
843 1520 1111 1576 credenda
1136 1517 1463 1590 seriipiterna
1494 1521 1886 1592 nativitas,96

300 1628 400 1675 non
431 1624 660 1684 negetur
682 1614 940 1667 immensa
963 1609 1237 1678 maiestas,
1268 1610 1414 1664 nullo
1440 1611 1638 1679 quippe
1652 1609 1882 1664 naturali

300 1711 403 1766 line
417 1708 786 1770 concluditur,
987 1701 1283 1756 nativitatis
1312 1702 1469 1755 initio
1491 1717 1597 1755 non
1629 1709 1874 1764 tenetur;

1993 525 2317 597 pium,quod
2346 529 2776 598 sempiternitate
2805 531 2887 584 sui
2917 533 3234 588 naturaliter
3262 548 3576 605 perseveret

1992 615 2268 671 infectum.
2314 616 2419 672 Sed
2451 619 2702 687 quoniam
2725 619 2840 673 haec
2871 635 2978 675 non
3010 622 3126 677 sine
3149 623 3426 693 impietate
3456 641 3572 680 cre-

1992 709 2190 763 duntur
2214 750 2228 772 ,
2276 707 2479 766 idcirco
2509 727 2615 766 non
2645 711 2816 766 solum
2840 709 2978 767 Filio
3026 714 3259 768 anterior
3288 754 3302 780 ,
3344 716 3439 769 sed
3477 731 3576 772 nec

1991 788 2256 869 tequmvus
2281 799 2536 856 dicendus
2564 809 2647 857 est
2685 803 2854 859 locus.
2896 802 2999 857 Per
3027 819 3186 874 quem
3213 807 3356 860 enim
3399 808 3574 861 omnia

1992 891 2130 959 facta
2143 897 2263 942 sunt
2293 887 2463 962 (Psal.
2489 906 2703 958 cnvm,
2729 889 2802 962 5),
2834 891 2960 947 huic
2987 891 3126 947 facta
3158 895 3409 962 quaslibet
3430 906 3577 951 ante.

1989 975 2117 1032 ferri
2143 977 2443 1034 conferrive
2473 993 2576 1036 non
2605 989 2847 1051 possunt.
2877 976 3265 1051 Quoniam‘qui
3310 985 3494 1039 omnia
3521 985 3574 1040 in

1991 1082 2237 1132 numero,
2255 1077 2308 1122 et
2326 1069 2648 1138 pondere,et
2668 1085 2917 1126 mensura
2946 1071 3232 1142 disposuit,
3263 1075 3405 1129 sicut
3433 1083 3570 1130 tem-

1990 1170 2124 1227 pore
2148 1159 2440 1225 numerari,
2463 1160 2540 1214 sic
2569 1161 2687 1215 loco
2713 1163 3011 1218 mensurari
3038 1177 3144 1217 non
3166 1166 3360 1233 potuit.
3383 1163 3575 1221 Proin-

1989 1248 2057 1302 de
2079 1249 2314 1318 psalmus
2341 1253 2604 1306 veraciter
2643 1254 2788 1311 canit
2821 1272 2833 1306 :
2878 1252 3102 1326 Magnus
3131 1255 3383 1312 Dominus
3436 1257 3573 1315 Deus

1988 1345 2191 1404 noster,
2221 1347 2270 1390 et
2293 1355 2483 1407 magna
2504 1342 2664 1394 virtus
2692 1343 2832 1413 ejus,
2866 1352 2916 1396 et
2933 1345 3209 1412 sapientior
3227 1347 3338 1416 ejus
3365 1365 3467 1402 non
3497 1357 3574 1403 est

1989 1441 2253 1481 numerus.
2298 1427 2473 1496 Atque
2505 1439 2561 1482 ut
2583 1429 2740 1498 hujus
2776 1431 3105 1487 admirabilis
3132 1438 3574 1505 sempiternitatis

1988 1511 2198 1567 inﬁnita
2219 1523 2614 1571 monstraretur
2641 1518 2977 1576 immensitas
3001 1560 3016 1583 ,
3047 1521 3154 1576 alio
3184 1523 3305 1579 loco
3328 1525 3526 1581 dicitur
3555 1546 3568 1580 :

1989 1600 2215 1673 Magnus
2246 1603 2503 1659 Dominus
2531 1615 2582 1658 et
2608 1605 2900 1662 laudabilis
2918 1610 3094 1678 nimis,
3126 1620 3178 1664 et
3203 1614 3572 1682 magnitudinis

1987 1691 2101 1760 ejus
2126 1705 2230 1745 non
2275 1703 2353 1747 est
2379 1695 2500 1764 ﬁnis
2533 1694 2704 1766 (Psal‘.
2738 1711 2893 1752 cxuv
2916 1736 2931 1763 ,
2981 1699 3055 1768 5).
3089 1698 3224 1765 Quia
3257 1716 3442 1756 revera
3473 1709 3578 1759 tle-

297 1813 350 1857 ct
376 1802 500 1856 ideo
546 1801 1054 1864 immensa-prorsus
1098 1793 1406 1860 agnoscitur
1435 1791 1523 1844 iila
1555 1792 1873 1856 substantia,
1908 1803 1958 1866 Β
1985 1795 2140 1837 cessc
2183 1792 2265 1838 est
2313 1793 2373 1839 ut
2428 1783 2744 1841 naturaliter
2781 1788 3158 1856 pronuntietur
3205 1790 3566 1857 immensum,

297 1896 445 1962 cuius
487 1900 570 1945 est
602 1887 850 1945 nativitas
890 1899 998 1938 non
1023 1891 1230 1952 empta,
1259 1882 1354 1936 sed
1394 1895 1538 1935 vera.
1574 1881 1704 1935 Nam
1735 1881 1878 1951 quod

299 1985 474 2051 stunc
493 1975 948 2036 circumscribitur
963 1973 1086 2035 line,
1118 1985 1338 2026 necesse
1359 1979 1442 2024 est
1468 1975 1526 2024 ut
1554 1971 1676 2025 loco
1701 1980 1880 2024 tenea-

297 2083 380 2127 tur
399 2081 492 2125 aut
525 2080 786 2138 tempore.
817 2064 1102 2133 Quomodo
1130 2070 1309 2118 autem
1347 2061 1543 2117 fecisse
1583 2072 1794 2131 tempus
1821 2070 1878 2116 et

297 2161 467 2217 locum
513 2159 766 2221 creditur,
816 2157 860 2209 si
907 2155 1025 2208 ioco
1083 2149 1196 2221 ipse
1240 2153 1535 2221 temporive
1576 2151 1878 2205 subdatur?

296 2249 420 2306 Nam
451 2263 551 2320 per
596 2249 772 2316 ipsum
797 2243 972 2298 omnis
1001 2241 1179 2294 iactus"
1197 2249 1280 2295 est
1319 2240 1468 2294 locus
1494 2282 1510 2307 ,
1547 2240 1669 2309 quia
1702 2240 1882 2294 omnia

295 2363 380 2416 per
423 2347 593 2414 ipsum
625 2343 768 2410 facta
809 2343 932 2389 sunt
953 2371 966 2395 .
996 2343 1044 2387 et
1072 2333 1182 2385 sine
1230 2333 1346 2400 ipso
1383 2333 1578 2401 factum
1623 2337 1704 2382 est
1738 2329 1872 2382 nihil

300 2435 472 2504 (Imm.
511 2447 548 2497 ι,
575 2429 654 2494 5).
683 2426 784 2478 νον
808 2425 977 2492 ipsum
999 2435 1218 2490 quoque
1247 2420 1442 2473 factum
1475 2426 1683 2486 tempus
1705 2432 1875 2486 agno-

295 2526 471 2585 scitur,
508 2521 577 2574 de
597 2530 712 2587 quo
730 2509 921 2572 Paulus
950 2513 1080 2566 dicit
1114 2530 1126 2562 :
1155 2507 1450 2580 Multifarie
1468 2509 1744 2579 multisque
1761 2525 1875 2561 nlo—

294 2616 375 2668 dis‘
395 2615 524 2666 alii»
557 2609 700 2662 Deus
718 2607 926 2677 loquens
956 2601 1190 2674 patribus
1221 2613 1246 2637 ὐ
1276 2603 1332 2654 iu
1374 2601 1658 2670 prophetis,
1697 2601 1871 2652 noris-

293 2708 414 2757 sime
440 2702 621 2754 diebus
651 2699 762 2750 istis
791 2695 986 2747 locutus
1006 2702 1080 2745 est
1109 2692 1256 2745 nobis
1283 2693 1340 2743 in
1371 2688 1552 2753 Filio,
1575 2704 1722 2761 quem
1749 2705 1874 2742 con-

292 2797 450 2851 stituit
471 2790 726 2846 Iurredem
748 2787 1096 2839 universorum
1119 2822 1134 2846 ,
1179 2797 1269 2852 per
1293 2796 1438 2850 quem
1469 2779 1590 2848 fecit
1610 2787 1658 2831 et
1679 2777 1874 2831 siccata

295 2881 478 2959 (Hebr.
516 2899 554 2945 ι,
591 2880 642 2944 ι,
663 2879 741 2945 2).
771 2874 892 2931 Non
913 2886 994 2929 est
1017 2889 1144 2942 ergo
1175 2871 1360 2927 localis
1389 2886 1485 2939 per
1513 2884 1673 2938 quem
1701 2867 1872 2923 lactus

292 2984 370 3030 est
400 2974 552 3027 locus
578 3012 593 3035 ,
629 2983 727 3021 nec
757 2963 1069 3033 temporalis
1093 2977 1192 3031 per
1218 2976 1384 3030 quem
1407 2959 1607 3015 factum
1627 2966 1710 3012 est
1733 2967 1869 3013 tem-

291 3083 386 3141 pus
416 3084 429 3118 :
479 3077 604 3117 nam
647 3059 692 3114 si
735 3055 916 3112 locatis
956 3054 1070 3123 ipse
1098 3052 1276 3106 locum
1303 3050 1449 3114 fecit,
1482 3057 1539 3104 et
1559 3057 1762 3104 certum
1789 3057 1872 3104 est

290 3172 445 3213 omne
475 3152 652 3208 locale
680 3151 733 3204 in
773 3148 894 3202 loco
928 3158 1086 3208 esse;
1127 3147 1524 3210 consequenter
1559 3141 1872 3209 intelligitur

290 3246 429 3318 quod
455 3244 607 3315 prius
646 3240 699 3293 in
734 3238 858 3291 loco
883 3234 1040 3288 fuerit
1063 3272 1080 3297 ,
1110 3240 1166 3286 et
1197 3232 1275 3286 sic
1302 3230 1482 3318 locum
1504 3245 1690 3285 creare
1717 3229 1741 3268 ι’
1773 3245 1873 3301 po-

294 3317 470 3390 tuerit.
494 3330 602 3388 Sed
634 3328 723 3383 hic
753 3325 924 3386 locus,
954 3322 1136 3389 inquo
1165 3319 1327 3374 fuisse
1351 3317 1442 3393 Dei
1471 3318 1637 3374 Filius
1655 3318 1870 3384 dicitur,

289 3423 468 3498 quaero
516 3431 696 3476 utrum
748 3417 884 3470 Filio
924 3413 1181 3475 anterior,
1213 3427 1548 3480 arquacvuSVe
1591 3412 1874 3469 credatur?

293 3530 314 3558 ε
329 3515 434 3572 Sed
463 3513 511 3569 si
536 3509 702 3578 aliqui
728 3505 1054 3561 anteriorem
1076 3500 1211 3554 Filio
1231 3499 1542 3555 existimant
1564 3500 1762 3565 locum,
1789 3501 1872 3555 vi-

291 3612 448 3666 deant
476 3607 531 3661 iu
560 3601 708 3673 quod
735 3598 1050 3654 barathrum
1081 3590 1299 3648 nefariae
1338 3592 1652 3647 assertionis
1689 3592 1872 3645 incur-

291 3709 424 3764 rant,
454 3711 580 3752 cum
612 3689 790 3746 rerum
817 3685 1055 3742 omnium
1084 3680 1356 3752 operatori
1386 3680 1665 3734 materiam
1695 3680 1874 3749 cujus-

294 3793 416 3848 libet
443 3784 627 3858 operis
652 3783 1002 3848 anteponunt.
1032 3771 1276 3841 Cumque
1318 3767 1554 3824 Joannes
1581 3770 1756 3858 omnia
1781 3785 1875 3840 per

293 3886 448 3956 imm
474 3881 620 3952 [πω
644 3873 669 3910 d
702 3870 1170 3956 commemoraret,
1202 3860 1411 3956 nullam
1435 3857 1793 3956 (quod-absit)
1818 3857 1870 3911 in
1917 3909 1928 3915 .

294 3948 349 4032 te
369 3948 622 4028 habuisse
644 3959 900 4018 dicendus
920 3962 1004 4010 est
1031 3952 1339 4015 veritatem,
1370 3950 1415 4004 si
1437 3948 1715 4019 quodlibet
1736 3964 1874 4018 opus

295 4061 566 4139 Mil
590 4053 856 4127 opiﬁcem.
889 4044 1170 4114 Quomodo
1197 4043 1341 4098 enim
1360 4042 1538 4096 locum
1570 4039 1748 4096 facere
1777 4057 1872 4111 po-

294 4133 408 4221 tuit,
437 4159 569 4208 ante
594 4158 756 4218 quem
774 4153 912 4203 esse,
936 4137 1021 4192 vel
1043 4136 1159 4190 sine
1179 4149 1288 4205 quo
1308 4149 1449 4198 esse,
1476 4133 1521 4188 si
1558 4133 1632 4187 ita
1661 4141 1742 4188 est
1789 4133 1872 4187 fa-

296 4256 428 4309 ctus,
460 4245 581 4312 ipse
601 4249 712 4291 non
751 4227 927 4303 potuit
942 4227 965 4280 ‘l
983 4224 1136 4280 Tunc
1151 4223 1347 4278 deinde
1372 4222 1602 4276 sollicita
1621 4221 1873 4277 conside-

295 4338 500 4398 ηιίοηθ
529 4322 869 4402 perpendam
904 4320 1158 4390 quoniam
1200 4316 1642 4386 sempiternitatis
1691 4316 1870 4370 inlini-

295 4437 452 4486 tatem
483 4424 607 4477 loco
658 4415 908 4468 videntur
944 4410 1109 4476 dare,
1131 4422 1292 4477 quam
1333 4405 1468 4461 Filio
1493 4405 1588 4463 Dei
1611 4415 1874 4463 conantur

298 4520 547 4574 «littere.
580 4508 713 4563 Nam
735 4505 780 4558 si
797 4508 1087 4572 propterea
1101 4497 1292 4553 Filium
1307 4495 1400 4552 Dei
1428 4512 1532 4550 non
1563 4497 1679 4551 sine
1710 4496 1863 4549 initio
1893 4535 1942 4596 υ

297 4619 471 4664 natum
495 4603 766 4661 asserunt,
795 4591 919 4662 quia
963 4584 1094 4644 dicit
1117 4586 1444 4655 evangelista
1472 4603 1484 4637 :
1512 4583 1578 4638 In
1604 4584 1860 4655 principio

295 4709 397 4752 erat
435 4691 676 4752 Verbum,
708 4693 891 4739 etnon
930 4680 1080 4748 dicit,
1111 4687 1235 4745 ante
1255 4676 1576 4748 principium
1597 4683 1715 4730 erat
1738 4673 1868 4730 Ver-

295 4786 448 4852 bum;
478 4781 569 4837 isti
613 4777 705 4846 qui
743 4774 920 4828 locum
951 4778 1076 4824 ante
1101 4765 1332 4823 Verbum
1383 4766 1547 4821 fuisse
1597 4773 1860 4832 asserunt,

295 4888 412 4934 ante
439 4869 761 4946 principium
795 4875 1009 4932 quoque
1037 4858 1200 4915 fuisse
1222 4872 1441 4912 necesse
1456 4865 1544 4946 est
1567 4854 1862 4946 fateantur;

217 4954 232 4968 ’
296 4943 544 5036 quoniam
591 4960 642 5013 id
683 4948 830 5025 quod
875 4947 1035 5004 fuisse
1077 4955 1264 5018 putant
1307 4943 1712 5036 anteVerbum,
1763 4944 1868 5000 hoc

297 5056 600 5112 existimant
629 5061 734 5101 non
765 5042 1010 5098 habuisse
1049 5038 1387 5110 principium.
1421 5035 1475 5092 Si
1506 5044 1685 5091 autem
1716 5035 1864 5106 prin-

295 5145 481 5215 cipium
523 5153 632 5193 non
668 5131 856 5189 habuit
886 5129 1061 5193 locus,
1088 5129 1203 5197 ipse
1229 5133 1312 5181 est
1356 5126 1682 5196 sempiterno
1721 5123 1866 5180 Patri

297 5243 400 5286 sne
426 5230 591 5285 dubio
613 5232 928 5280 coaeternus.
964 5218 1031 5272 Et
1061 5217 1313 5287 quoniam
1365 5215 1748 5284 sempiternum
1791 5216 1867 5269 di-

295 5335 428 5377 stare
473 5337 582 5376 non
613 5324 793 5390 potest
821 5313 1167 5382 sempiterno,
1199 5309 1320 5363 talis
1347 5307 1488 5363 hanc
1529 5307 1860 5377 impietatem

295 5420 523 5487 proiecto
553 5427 577 5455 ο
602 5410 947 5484 consequitur
985 5403 1283 5460 absurditas
1308 5444 1323 5471 ,
1355 5411 1412 5458 ut
1435 5412 1526 5456 aut
1548 5401 1733 5456 localis
1761 5417 1860 5471 pu-

295 5518 424 5564 lctttt‘
440 5512 603 5575 Deus,
616 5513 709 5561 aut
725 5503 878 5559 locus
894 5501 1000 5556 hoc
1022 5497 1273 5554 credatur
1293 5493 1566 5564 essequod
1579 5493 1739 5562 Deus,
1767 5504 1859 5551 aut

359 5677 384 5744 ξ
409 5666 596 5744 gssit,
620 5674 670 5721 et
699 5659 978 5744 propitiaris.

361 5739 386 5778 ι
414 5739 594 5802 Basil.,
626 5752 728 5791 non
750 5739 985 5805 potuerit.

361 5821 382 5851 ε
409 5809 506 5869 Ms.
535 5808 725 5874 Corb.,
750 5803 894 5896 Quid
913 5804 978 5858 si.

1983 1871 2129 1939 quod
2179 1873 2286 1941 97
2329 1884 2415 1928 est
2441 1875 2759 1929 naturaliter
2802 1876 3219 1945 sempiternum,
3251 1880 3375 1948 quia
3419 1881 3574 1949 quod

1981 1968 2196 2029 semper
2225 1969 2306 2016 est
2334 1978 2442 2017 non
2483 1965 2696 2034 capitur
2724 1975 2981 2030 numero,
3008 1972 3061 2018 et
3086 1967 3230 2035 quod
3261 1967 3468 2037 ubique
3485 1977 3570 2023 to-

1983 2058 2098 2104 tum
2127 2059 2208 2104 est
2237 2067 2342 2105 non
2373 2053 2714 2107 concluditur
2747 2052 2900 2119 loco,
2951 2052 3154 2111 idcirco
3191 2056 3422 2118 denique
3462 2059 3576 2114 alio

1982 2139 2276 2209 Scriptura:
2325 2143 2637 2196 teStimonio
2683 2142 2754 2196 de
2780 2140 3053 2212 Sapientia
3084 2143 3280 2198 dicitur
3311 2162 3324 2197 :
3352 2147 3576 2217 Attmgtr

1980 2237 2150 2282 autem
2171 2229 2356 2299 ubique
2380 2241 2590 2301 propter
2614 2247 2766 2285 suam
2792 2231 3101 2285 munditiam
3129 2232 3282 2302 (Sap.
3318 2250 3420 2299 vn,
3452 2233 3568 2304 9.4).

1978 2315 2044 2370 Et
2068 2319 2235 2385 pauiu
2261 2328 2383 2388 post
2414 2320 2678 2390 :~Attingit
2722 2329 2893 2374 autem
2922 2335 2955 2373 α
2983 2321 3094 2390 [ine
3133 2335 3294 2389 usque
3315 2323 3384 2375 ad
3410 2323 3572 2393 ﬁnem

1977 2408 2202 2476 fortiter,
2235 2416 2284 2460 et
2312 2408 2544 2477 disponit
2562 2410 2735 2462 onmia
2757 2409 2982 2464 suaviter
3008 2409 3197 2482 (Ibid,
3221 2427 3332 2480 vni,
3365 2412 3437 2481 ί).
3470 2412 3570 2467 llic
3664 2485 3669 2494 ε

1975 2497 2162 2564 utique
2173 2511 2296 2551 cum
2310 2513 2340 2551 a
2358 2495 2462 2552 ﬁne
2487 2499 2735 2567 usquead
2754 2499 2916 2553 linem
2944 2501 3266 2569 sapientiam
3313 2501 3565 2562 audimus

1978 2586 2266 2653 attingere,
2288 2587 2690 2656 iinelligendum
2718 2597 2802 2642 est
2826 2589 2956 2657 quia
2973 2601 3096 2645 eum
3117 2602 3148 2642 a
3176 2589 3280 2650 line
3304 2579 3482 2660 nerine
3496 2591 3564 2646 ad

1977 2674 2139 2729 ﬁnem
2158 2677 2390 2745 attingit,
2413 2684 2706 2747 utrumque
2731 2679 2890 2732 tinem
2919 2679 3280 2736 immensitate
3303 2695 3414 2738 sua:
3444 2680 3564 2735 inti-

1975 2766 2162 2822 uitatis
2187 2767 2422 2823 excedit.
2447 2767 2545 2823 ille
2564 2769 2706 2823 enim
2720 2781 2937 2824 clunem
2962 2778 3142 2839 potest
3167 2779 3470 2825 creaturam
3489 2779 3564 2824 at-

1973 2859 2203 2927 tingere,
2215 2872 2378 2927 quem
2397 2859 2573 2914 omnis
2592 2873 2699 2914 non
2729 2868 2912 2930 potest
2933 2869 3180 2916 creatura
3197 2862 3522 2918 concludere
3543 2880 3555 2915 :

1975 2969 2098 3011 nam
2127 2955 2265 3010 sicut
2285 2954 2510 3025 impleas
2533 2955 2727 3010 omium
2757 2965 3070 3024 perseverat
3093 2955 3402 3017 immensus,
3426 2956 3503 3009 sic
3530 2969 3562 3009 s

1973 3043 2081 3101 ﬁne
2124 3059 2293 3116 usque
2337 3045 2405 3102 ad
2443 3044 2604 3100 ﬁnem
2657 3046 2925 3114 attingens
2978 3055 3257 3116 permanet
3301 3046 3558 3100 inﬁnitus.
3637 3106 3639 3110 ,

1974 3138 2104 3194 Tale
2133 3151 2368 3208 namque
2393 3145 2475 3193 est
2518 3155 2531 3191 :
2561 3137 2784 3206 Attingit
2805 3153 2838 3190 α
2863 3137 2970 3206 [ine
2996 3152 3151 3207 usque
3178 3137 3247 3190 od
3275 3138 3432 3208 ﬁnem
3453 3138 3562 3208 for-

1977 3235 2094 3286 titer
2119 3274 2134 3300 ,
2161 3231 2322 3300 quale
2343 3235 2426 3285 est
2453 3238 2508 3284 et
2548 3229 2676 3283 illud
2699 3228 2842 3297 quod
2871 3241 2969 3298 per
2995 3227 3282 3283 Jeremiam
3307 3227 3507 3283 dicitur
3541 3245 3554 3280 :

1973 3319 2090 3393 Ego
2139 3320 2275 3375 Deus
2321 3321 2645 3391 proximam,
2696 3329 2748 3373 et
2776 3335 2880 3372 non
2909 3317 3050 3373 Deus
3077 3319 3140 3373 de
3165 3319 3463 3390 longinquo.
3500 3318 3562 3373 Si

1977 3412 2312 3466 absconditus
2356 3412 2512 3480 fuerit
2555 3412 2708 3463 homo
2749 3411 2806 3462 in
2833 3410 3060 3471 occulto,
3093 3423 3186 3480 ego
3214 3426 3336 3479 ergo
3365 3425 3466 3463 non
3494 3411 3560 3464 vi-

1975 3504 2104 3557 debo
2128 3503 2284 3556 eum?
2307 3500 2496 3556 Nonne
2515 3501 2696 3554 caelum
2722 3507 2771 3553 et
2793 3509 2987 3553 terram
3011 3515 3103 3570 ego
3123 3499 3310 3568 impleo
3344 3499 3555 3570 (Jerent.

1975 3603 2124 3654 artu,
2155 3590 2290 3661 2'5)?
2310 3589 2412 3657 Qui
2454 3589 2641 3658 implet
2672 3588 2850 3643 omnia
2869 3625 2885 3652 ,
2916 3587 3062 3642 videt
3089 3588 3290 3642 omnia.
3317 3586 3382 3641 Et
3410 3589 3464 3642 in
3491 3603 3559 3645 eo

1975 3681 2363 3737 demonstravit
2403 3679 2530 3748 quid
2575 3680 2674 3743 sit,
2725 3676 2904 3733 videbo
2947 3693 3097 3743 sunt,
3128 3677 3272 3748 quod
3313 3675 3558 3747 adiunxit

1974 3773 2158 3829 dicens
2188 3790 2202 3826 :
2253 3769 2447 3826 Catum
2489 3779 2539 3824 et
2575 3777 2770 3824 terram
2809 3785 2902 3841 ego
2940 3770 3158 3840 impleo;
3193 3783 3367 3838 neque
3407 3770 3554 3826 enim

1975 3880 2128 3920 more
2173 3863 2441 3934 corporali
2464 3862 2650 3917 videre
2679 3861 2978 3916 credendus
2997 3869 3082 3916 est
3113 3861 3273 3926 Deus,
3299 3869 3555 3930 tanquam

1976 3957 2100 4012 alibi
2127 3956 2198 4010 sit
2225 3957 2339 4024 ipse
2367 3967 2489 4009 cum
2514 3951 2679 4016 videt,
2699 3961 2752 4008 et
2775 3951 2901 4006 alibi
2926 3951 3072 4022 quod
3097 3951 3264 4005 videt.
3290 3950 3555 4019 Quidquid

1975 4048 2116 4103 enim
2147 4044 2313 4110 videt,
2340 4058 2446 4098 non
2467 4053 2620 4098 extra
2647 4057 2709 4099 se
2725 4041 2892 4106 videt,
2926 4042 3050 4113 quia
3081 4041 3199 4112 ipse
3224 4041 3413 4111 implet
3435 4041 3555 4096 uni-

1974 4153 2128 4197 verso
2177 4152 2298 4208 qua:
2332 4136 2496 4192 videt.
2528 4135 2662 4190 Nam
2710 4136 2968 4205 scriptum
3019 4141 3104 4190 est
3141 4151 3155 4187 :
3203 4130 3461 4197 Quoniam
3502 4133 3556 4188 in

1974 4231 2113 4286 omni
2143 4229 2258 4283 loco
2274 4227 2412 4283 oculi
2438 4224 2536 4280 Dei
2563 4224 2896 4296 speculamur
2923 4223 3086 4278 honos
3110 4222 3343 4276 et‘maios
3374 4221 3554 4289 (Prov.

1975 4317 2163 4389 xv,5).
2213 4316 2279 4371 Et
2318 4316 2426 4371 alio
2466 4314 2629 4372 loco:
2675 4312 2830 4367 Oculi-
2854 4310 3070 4366 Domini
3107 4327 3262 4381 super
3278 4313 3480 4382 justas,
3508 4320 3562 4365 et

1975 4426 2123 4465 aures
2145 4409 2254 4479 ejus
2269 4407 2337 4460 ad
2362 4423 2537 4476 preces
2557 4421 2756 4469 eorum,
2780 4404 2948 4458 uultus
2969 4411 3142 4456 autem
3168 4400 3382 4456 Hausisti
3405 4416 3556 4470 super

1972 4504 2222 4574 facientes
2243 4497 2386 4552 mala
2411 4495 2584 4568 (Psal.
2608 4509 2794 4561 xnttl,
2820 4493 2931 4562 16).

1965 4613 2144 4669 Οιιιυτ
2182 4624 2294 4666 vm.
2338 4606 2606 4674 Quomodo
2643 4605 2975 4728 igttelli‘genda
3015 4606 3083 4660 sit
3121 4603 3307 4658 divinae
3355 4609 3555 4654 natura:

2623 4694 2654 4728 u
2693 4694 2794 4728 tam
2822 4693 2900 4728 as.

2623 4693 2900 4748 uotquuas.

2040 4772 2141 4828 Ubi
2168 4787 2274 4826 non
2300 4766 2681 4840 prmtereundze
2709 4766 2863 4820 locus
2885 4763 3122 4818 nascitur
3141 4761 3471 4830 quaestionis,
3503 4759 3556 4816 in

1967 4880 2035 4921 eo
2056 4857 2200 4932 quod
2227 4857 2483 4914 Salomon
2505 4855 2633 4910 dicit
2666 4871 2677 4906 :
2712 4851 2779 4907 In
2799 4853 2937 4907 omni
2958 4851 3070 4905 loco
3092 4851 3229 4905 oculi
3251 4847 3350 4903 Dei
3379 4863 3554 4917 specua

1970 4954 2147 5008 lantur
2166 4950 2325 5005 bonos
2351 4955 2400 5002 et
2433 4946 2620 5000 malos.
2653 4941 2719 4998 Et
2758 4955 2942 4998 rursus
2990 4940 3259 5010 propheta
3311 4938 3442 4995 dicit
3492 4940 3556 4994 ad

1972 5044 2256 5100 Dominum
2289 5060 2301 5095 :
2328 5039 2554 5095 Mundus
2590 5047 2667 5092 est
2707 5037 2881 5092 oculus
2911 5044 3058 5102 tuus,
3083 5047 3148 5088 tte
3173 5033 3344 5088 videat
3367 5035 3557 5088 malunt

1975 5133 2202 5205 (Habac.
2229 5148 2268 5199 ι,
2316 5130 2425 5200 15).
2468 5124 2812 5183 Metuendum
2849 5133 2932 5180 est
2977 5124 3121 5180 enim
3148 5139 3219 5180 ne
3248 5125 3334 5180 hic
3356 5125 3446 5193 qui
3479 5123 3557 5176 di~

1971 5225 2112 5281 citur
2153 5238 2218 5279 ea
2264 5222 2446 5277 videre
2473 5234 2590 5289 qua:
2612 5218 2808 5273 dicitur
2827 5215 3050 5287 implere
3072 5257 3088 5283 ,
3116 5224 3335 5286 putetur
3365 5215 3557 5268 alicubi

1971 5329 2078 5369 non
2107 5327 2247 5378 esse,
2282 5326 2403 5367 cum
2432 5309 2624 5363 dicitur
2646 5307 2846 5378 aliquid
2892 5321 2999 5363 non
3054 5305 3268 5369 videre;
3301 5304 3556 5373 quoniam

1968 5421 2080 5460 non
2105 5404 2302 5473 ubique
2329 5399 2750 5458 substantialiter
2790 5409 2891 5466 est,
2924 5401 2969 5454 si
3013 5397 3100 5452 vel
3152 5397 3208 5450 in
3253 5394 3410 5450 malis
3451 5409 3556 5450 non

1968 5505 2069 5554 est.
2102 5495 2210 5552 Sed
2238 5495 2290 5550 in
2311 5493 2504 5551 divinis
2533 5492 2886 5555 sermonibus,
2911 5490 2958 5546 si
3012 5493 3262 5544 teneatur
3283 5483 3556 5546 humilitas

2043 5651 2069 5690 ά
2099 5651 2225 5711 Mss.
2257 5652 2420 5708 Corb.
2451 5660 2506 5706 et
2526 5650 2688 5713 Vict.,
2719 5653 3096 5705 commemoret.

2046 5734 2068 5762 °
2092 5723 2188 5779 Ms.
2215 5723 2402 5786 C0rb.,
2427 5730 2778 5796 consequetur.

3478 329 3586 392 254
3679 331 3705 356 ’
