4072 6332
429 375 532 432 2Ὗῦ

1645 373 1699 431 S.
1740 369 2102 434 FULGENTII
2141 372 2507 438 RUSPENSIS

3591 399 3698 457 250

429 494 622 560 cordis,
651 493 792 548 nulla
842 492 1140 564 reperietur
1189 489 1541 561 repugnantia
1589 489 1846 545 veritatis.
1875 490 2014 557 Quo-
2041 497 2234 556 Areus
2274 512 2469 567 quoque
2515 498 2689 560 omnia
2740 499 2888 554 verba
2941 503 3144 557 virtutis
3189 521 3298 560 sine
3334 506 3520 580 (Hebr.
3546 529 3584 580 ι,
3617 516 3698 582 5).

428 583 712 639 dammodo
764 597 893 653 ergo
933 584 1079 639 videt
1125 583 1304 637 omnia
1348 581 1506 646 Deus,
1541 589 1596 636 et
1621 582 2017 650 quodammodo

427 676 667 743 quzcdam
695 691 804 729 non
829 675 972 729 videt
1002 675 1140 728 Deus
1159 712 1174 738 ,
1207 675 1346 729 sicut
1373 671 1770 742 quodammodo
1821 675 2018 743 ubique

429 774 573 823 totus
593 774 709 832 est,
734 776 788 821 et
821 764 1219 835 quodammodo
1249 764 1442 819 alicubi
1473 780 1578 820 non
1602 773 1685 820 est
1715 783 1727 818 :
1754 781 1861 821 non
1891 767 2016 835 quia

427 855 845 910 substantialiter
888 854 1085 908 alicubi
1129 853 1281 908 deest
1327 851 1417 925 [de
1459 868 1566 922 quo
1612 855 1871 925 scriptum
1902 864 2014 922 est,

429 940 616 996 Omnia
646 959 736 1012 per
779 943 947 1011 ipsum
962 951 1024 996 .et
1061 943 1114 995 in
1165 942 1278 1012 ipso
1324 951 1500 996 creata
1548 953 1686 1009 sunt,
1718 953 1766 998 et
1807 945 1916 1015 ipse
1942 952 2019 999 est

427 1043 548 1086 ante
575 1049 768 1094 omnes,
801 1042 848 1085 et
882 1034 1056 1087 omnia
1079 1033 1133 1085 in
1170 1033 1283 1102 ipso
1312 1039 1550 1087 constant
1572 1031 1790 1103 (Coloss.
1820 1050 1856 1100 ι,
1891 1033 2015 1104 16);

425 1127 622 1193 quique
670 1125 960 1179 secundum
1011 1124 1387 1194 propheticum
1434 1124 1655 1192 dictum,
1691 1125 1905 1180 Mensus
1939 1137 2018 1182 est

425 1232 580 1268 manu
629 1199 841 1285 aquam,
880 1223 927 1267 et
964 1215 1145 1268 coelum
1182 1215 1378 1286 palmo,
1416 1226 1465 1270 et
1502 1217 1795 1282 universam
1829 1227 2018 1270 terram

425 1307 600 1359 clausa
638 1322 793 1358 manu
845 1304 998 1376 (Isai.
1029 1322 1118 1374 XL,
1148 1303 1293 1376 42)],
1333 1306 1428 1360 sed
1455 1307 1580 1375 quia
1612 1323 1719 1362 non
1769 1307 2020 1364 omnibus

424 1394 700 1464 aequaliter
728 1394 882 1449 adest
913 1412 926 1448 :
960 1395 1157 1464 ubique
1186 1395 1331 1450 enim
1359 1394 1513 1451 adest
1555 1412 1654 1467 per
1691 1398 2015 1467 potentiam,

424 1502 532 1540 non
561 1486 754 1553 ubique
777 1501 873 1556 per
909 1487 1135 1554 gratiam
1161 1504 1173 1539 :
1206 1500 1304 1556 per
1342 1488 1664 1556 potentiam,
1691 1504 1797 1557 qua
1826 1498 2018 1544 cuncta

423 1574 564 1630 Deus
585 1576 769 1644 implet
789 1584 844 1630 et
863 1577 1120 1642 continet,
1146 1591 1243 1646 per
1277 1577 1446 1646 ipsam
1494 1577 1642 1632 videt
1684 1579 1894 1644 omnia;
1924 1564 2021 1648 per

423 1671 647 1739 gratiam
663 1684 790 1723 vero
809 1669 935 1722 illud
964 1669 1148 1723 videre
1174 1668 1370 1722 dicitur
1391 1669 1536 1737 quod
1565 1670 1680 1738 ipse
1707 1669 1948 1739 largitur,
1965 1679 2021 1726 et

423 1759 567 1827 quod
595 1760 648 1812 in
668 1759 779 1812 suis
803 1758 1048 1813 ﬁdelibus
1075 1765 1329 1827 operatur
1358 1776 1372 1810 :
1415 1757 1555 1813 Vidit
1583 1759 1726 1814 enim
1749 1760 1887 1815 Deus
1909 1778 2020 1815 om-

2119 581 2259 638 Ecce
2283 593 2338 638 et
2360 585 2615 655 splendor
2643 602 2761 642 esse
2790 587 2973 657 Filius,
3004 600 3060 649 et
3089 595 3268 649 omnia
3296 610 3493 664 gerere
3516 603 3701 672 perbi-

2118 673 2296 727 betur.
2325 671 2380 728 Si
2403 676 2522 744 quis
2547 689 2677 745 ergo
2707 675 2922 735 Patrem
2950 689 3104 750 putat
3126 683 3444 741 immensum
3465 731 3479 755 ,
3505 671 3701 749 Filium

2118 779 2248 828 vero
2285 767 2584 836 quantitate
2632 769 2804 824 credit
2844 771 3021 843 aliqua
3078 778 3440 847 terminatum,
3472 781 3716 841 demon-I

2119 863 2254 910 stret
2277 857 2432 912 nobis
2459 859 2691 928 qualiter
2734 860 2827 917 lux
2856 871 2913 917 et
2958 865 3213 934 splendor
3239 868 3464 926 diversa:
3491 877 3704 943 possint

2120 962 2240 1004 esse
2267 951 2595 1018 substantiae,
2633 968 2755 1008 cum
2801 969 2904 1010 nec
2923 957 3320 1016 confundantur
3341 965 3575 1030 nomine,
3600 981 3704 1025 nec

2120 1048 2470 1109 segregentur
2521 1057 2742 1113 genere,
2774 1060 2876 1100 nec
2902 1045 3131 1102 alterum
3173 1049 3240 1104 ab
3281 1050 3453 1107 altero
3487 1053 3704 1113 diﬁ‘erat

2120 1131 2440 1197 quantitate.
2473 1132 2606 1188 Nam
2632 1133 2766 1190 lucis
2790 1143 2844 1190 et
2865 1136 3169 1206 splendoris
3196 1154 3306 1195 non
3329 1152 3453 1197 sunt
3479 1142 3702 1205 confusa

2120 1220 2358 1288 nomina,
2386 1221 2480 1276 sed
2510 1222 2642 1279 lucis
2663 1233 2719 1280 et
2737 1224 3041 1294 Splendoris
3079 1243 3187 1284 non
3223 1237 3307 1284 est
3349 1231 3580 1289 discreta
3603 1252 3701 1291 na-

2122 1319 2262 1366 tura.
2291 1311 2495 1368 Rursus
2529 1315 2635 1370 luci
2671 1317 2926 1386 splendor
2966 1321 3045 1375 sic
3074 1320 3376 1379 individuus
3421 1326 3620 1392 unitur,
3646 1337 3704 1392 ut

2122 1405 2190 1458 ab
2211 1420 2275 1459 ea
2301 1407 2604 1463 nullatenus
2631 1420 2931 1480 separetur,
2965 1401 3282 1483 tantumque
3313 1415 3404 1470 lux
3436 1417 3492 1472 in
3519 1434 3579 1474 se
3607 1421 3702 1474 ba-

2119 1494 2213 1549 bet
2233 1495 2594 1566 splendorem,
2624 1509 2876 1584 quantam
2898 1502 2951 1556 in
2989 1518 3049 1559 se
3077 1504 3330 1574 splendor
3349 1508 3597 1584 continet
3618 1510 3699 1565 lu-

2120 1598 2267 1644 cem;
2297 1600 2398 1641 nec
2424 1585 2514 1642 lux
2539 1597 2596 1642 ut
2614 1589 2808 1658 luceat,
2841 1592 3127 1661 splendore
3150 1604 3328 1666 potest
3353 1597 3570 1667 privari,
3601 1615 3701 1656 nec

2122 1675 2374 1744 splendor
2388 1687 2446 1732 ut
2466 1679 2766 1750 splendeat,
2789 1681 2908 1740 luce
2933 1693 3115 1754 potest
3141 1687 3428 1756 aliquando
3448 1691 3698 1760 destitui;

2120 1765 2216 1819 sed
2243 1780 2576 1838 qumcunque
2623 1770 2716 1826 lux
2769 1773 3025 1843 complet,
3065 1775 3287 1844 mqualis
3321 1778 3376 1832 in
3412 1780 3701 1850 splendore

422 1849 511 1903 uia
541 1864 655 1920 qua:
683 1849 836 1919 fecit,
861 1856 910 1901 et
949 1863 1067 1902 ecce
1095 1847 1229 1901 bona
1249 1847 1402 1953 valde
1430 1845 1654 1953 (Gemit,
1683 1849 1796 1920 51).
1826 1849 1903 1906 Ac
1923 1866 2020 1920 per
2047 1868 2096 1930 Β
2120 1869 2462 1926 permanens,
2494 1859 2680 1915 eadem
2704 1868 2758 1917 et
2783 1862 3038 1932 splendor
3061 1865 3316 1936 complet,
3341 1867 3394 1923 in
3423 1845 3541 1926 luce
3563 1874 3701 1953 pari.

423 1939 548 2005 boc,
577 1948 632 1994 et
669 1940 759 1995 ubi
787 1938 1032 2010 quaedam
1059 1953 1168 1993 non
1218 1937 1384 2006 videt,
1416 1945 1474 1992 ut
1513 1939 1733 2006 tribuat,
1769 1941 1916 1996 videt
1953 1948 2014 1996 ut

423 2031 714 2096 retribuat;
745 2030 824 2085 sic
852 2029 1017 2084 etiam
1045 2027 1191 2082 videt
1218 2028 1418 2082 malum
1439 2069 1454 2095 ,
1483 2037 1539 2083 et
1573 2045 1681 2084 non
1712 2030 1857 2084 videt
1899 2046 2013 2086 ma-

424 2117 553 2187 lum,
576 2120 700 2190 quia
735 2119 881 2190 quod
906 2135 1013 2174 non
1033 2118 1178 2174 videt
1206 2126 1265 2173 ut
1284 2118 1496 2188 probet,
1526 2119 1673 2175 videt
1702 2128 1762 2174 ut
1781 2120 2008 2190 judicet,

425 2218 479 2266 et
505 2211 651 2280 quod
678 2226 786 2266 non
815 2209 964 2265 videt
982 2225 1080 2280 per
1097 2208 1322 2279 gratiam
1354 2224 1506 2264 suam
1520 2209 1796 2277 donatum,
1819 2212 1966 2267 videt
1983 2227 2015 2267 a

424 2311 684 2373 peccante
712 2319 809 2375 per
830 2303 1095 2374 justitiam
1121 2303 1232 2374 98
1257 2302 1578 2370 exigendum
1608 2320 1622 2356 :
1653 2305 1930 2374 quoniam,
1960 2313 2018 2361 et

426 2395 516 2450 ubi
565 2411 674 2452 non
721 2395 874 2452 adest
911 2393 1240 2465 justiﬁeandi
1293 2395 1536 2462 largitas,
1564 2411 1673 2450 non
1699 2395 1852 2452 deest
1871 2396 2017 2466 judi-

425 2485 582 2540 candi
610 2486 890 2553 severitas,
919 2485 1078 2540 beato
1109 2482 1280 2539 Paulo
1307 2484 1520 2540 dicente
1550 2503 1564 2538 :
1606 2484 1735 2540 Vide
1774 2503 1894 2557 ergo
1920 2487 2014 2543 bo-

424 2579 640 2634 nitatem
665 2591 714 2634 et
741 2581 1060 2635 severitatem
1085 2578 1182 2632 Dei
1204 2595 1220 2632 :
1242 2580 1299 2632 in
1345 2594 1433 2633 eos
1461 2579 1668 2649 quidem
1703 2580 1790 2650 qui
1819 2581 2014 2636 cecide-

425 2682 577 2738 runt,
604 2675 961 2737 severitatem;
991 2673 1045 2725 in
1075 2680 1124 2725 te
1152 2678 1324 2724 autem
1351 2670 1636 2726 bonitatem
1657 2710 1674 2736 ,
1702 2672 1748 2725 si
1773 2688 2016 2741 perman-

426 2764 554 2817 seris
582 2765 637 2818 in
659 2763 883 2818 bonitate
900 2762 1076 2831 (Rom.
1095 2776 1168 2824 xl,
1199 2758 1312 2831 22).
1337 2759 1468 2826 Quae
1489 2766 1612 2816 cum
1635 2761 1710 2816 ita
1729 2761 1856 2826 sint,
1878 2776 2016 2830 quo-

424 2852 589 2909 modo
640 2861 821 2924 potest
856 2850 1286 2906 substantialiter
1307 2849 1504 2905 alicubi
1525 2848 1738 2915 deesse,
1760 2865 1891 2915 cum
1919 2849 2013 2904 lux

425 2943 664 2998 etiamin
691 2943 926 3000 tenebris
951 2942 1150 3009 luceat,
1176 2942 1304 2996 licet
1327 2942 1563 2996 tenebrae
1589 2957 1710 2997 eam
1741 2957 1848 2996 non
1873 2956 2015 2996 com-

424 3032 760 3102 prehendant
785 3032 965 3103 (Joan.
991 3048 1027 3099 ι,
1053 3029 1136 3102 5)?
1161 3039 1253 3085 aut
1289 3030 1560 3100 quomodo
1607 3039 1786 3100 potest
1812 3029 2013 3099 aliquid

425 3122 847 3177 substantialiter
873 3137 978 3176 non
1009 3119 1217 3187 videre,
1243 3117 1311 3174 de
1333 3135 1442 3189 quo
1466 3119 1654 3174 beatus
1677 3117 1875 3173 Paulus
1895 3120 2012 3173 evi-

425 3214 736 3270 dentissime
791 3220 1142 3284 protestatur,
1169 3213 1354 3267 dicens
1406 3229 1420 3266 :
1469 3210 1622 3266 Vivus
1643 3220 1721 3266 est
1744 3214 1882 3276 enim
1910 3211 1960 3264 D

424 3323 611 3369 sermo,
643 3316 692 3359 et
711 3307 912 3377 eﬂicax,
941 3314 990 3358 et
1017 3305 1384 3374 penetrabilior
1411 3306 1551 3359 omni
1570 3305 1746 3376 gladio
1766 3307 2012 3376 ancipiti;

424 3407 472 3452 et
499 3399 790 3468 pertingens
818 3413 975 3468 usque
1002 3397 1070 3448 ad
1103 3396 1406 3450 divisionem
1447 3398 1639 3450 anima:
1679 3413 1740 3449 ac
1779 3398 2010 3467 spiritus,

423 3504 724 3559 compagum
751 3504 948 3559 quoque
979 3496 1029 3541 et
1056 3487 1425 3553 medullarum,
1450 3497 1500 3541 et
1537 3487 1790 3542 discretor
1809 3490 2013 3560 cogita-

423 3580 619 3634 tionum
639 3588 689 3632 et
708 3580 1050 3634 intentionum
1079 3578 1276 3633 cordis.
1294 3576 1364 3630 Et
1403 3595 1505 3632 non
1533 3588 1610 3633 est
1637 3580 1746 3632 ulla
1773 3590 2010 3635 creatura

423 3672 691 3726 invisibilis
731 3672 786 3725 in
833 3681 1109 3741 conspectu
1145 3671 1258 3742 ejus
1301 3688 1319 3725 :
1363 3673 1539 3726 omnia
1570 3681 1740 3726 autem
1782 3673 1923 3727 nuda
1960 3681 2011 3729 et

422 3771 600 3832 aperta
628 3771 748 3815 sunt
767 3761 928 3816 oculis
955 3761 1067 3832 ejus
1097 3771 1121 3797 η
1149 3760 1338 3831 (Ilebr.
1358 3778 1430 3827 tv,
1463 3761 1580 3832 ην
1594 3762 1705 3818 Nec
1731 3763 1839 3830 hic,
1872 3764 2012 3820 sicut

421 3852 665 3921 superius
683 3850 934 3918 diximus,
966 3851 1071 3904 ulla
1092 3850 1254 3906 debet
1277 3866 1552 3921 corporea:
1576 3853 1798 3908 visionis
1824 3856 2009 3911 subin-

422 3952 566 3999 trare
600 3943 854 4012 suspicio,
887 3950 1145 4012 tanquam
1185 3942 1282 3998 Dei
1328 3942 1495 3999 Filius
1535 3944 1589 3998 in
1635 3946 1775 4002 cmlo
1822 3948 1910 4013 sit,
1952 3956 2010 4005 et

421 4035 612 4090 exinde
640 4043 830 4090 cuncta
855 4033 1051 4101 videat,
1083 4035 1174 4089 ubi
1199 4050 1306 4090 non
1336 4035 1436 4102 sit;
1469 4036 1574 4092 hoc
1599 4045 1682 4092 est
1710 4039 1856 4093 enim
1885 4039 2001 4096 Deo

421 4123 602 4180 videre
623 4124 766 4194 quod
786 4139 923 4191 esse,
951 4133 1005 4180 et
1023 4133 1280 4196 quantam
1295 4127 1529 4182 insinuat
1548 4128 1810 4185 visionem
1829 4147 2002 4196 suam,

423 4223 627 4269 tantam
678 4215 791 4270 vult
837 4216 984 4271 credi
1013 4217 1366 4272 substantiam
1387 4233 1560 4286 suam,
1585 4227 1644 4274 ut
1685 4237 1808 4277 cum
1845 4220 1873 4260 δ
1903 4237 2004 4278 au-
2043 4261 2048 4265 ς

419 4308 596 4364 dimus
623 4309 802 4365 omnia
835 4309 976 4365 nuda
1004 4317 1059 4366 et
1077 4317 1264 4382 aperta
1293 4325 1415 4369 esse
1436 4312 1606 4369 oculis
1633 4312 1768 4383 ejus,
1799 4314 2004 4370 nullum

419 4402 703 4457 terminum
729 4411 975 4474 putemus
1002 4403 1315 4460 substantiae
1339 4405 1475 4475 ejus.
1890 4415 1896 4421 ·

417 4488 598 4548 CAPUT
636 4508 712 4549 ιι.
753 4491 902 4558 Quod
929 4495 1162 4566 inﬁnitas
1203 4495 1342 4620 ξ’ἰέἱο
1397 4514 1539 4570 teque
1576 4514 1638 4552 ac
1683 4497 1835 4554 Patri
1856 4516 2000 4572 (con-

1121 4583 1267 4620 venia
1294 4607 1309 4620 .

1121 4583 1309 4621 veniat.

489 4629 746 4690 Utautem
768 4633 925 4690 unius
940 4606 1356 4692 inﬁnitatis-Eum
1377 4637 1537 4695 Patre
1550 4639 1713 4695 Filius
1734 4647 2002 4697 monstra-
2026 4606 2080 4669 Β

416 4731 585 4793 retur,
612 4733 798 4781 sancta
826 4723 1101 4796 Scriptura
1121 4728 1325 4782 curavit
1367 4727 1435 4784 de
1460 4729 1733 4800 Sapientia
1773 4731 1954 4808 dicere
1984 4751 1997 4787 :

365 4870 377 4878 ,
415 4815 673 4887 Splendor
701 4825 777 4872 est
805 4820 941 4873 enim
970 4819 1096 4872 lucis
1137 4827 1364 4886 wternae,
1393 4831 1442 4875 et
1461 4823 1721 4892 speculum
1748 4825 1860 4878 sine
1884 4841 2001 4879 ma-

416 4909 531 4963 cula
578 4909 675 4964 Dei
723 4913 1026 4982 majestatis,
1059 4920 1108 4966 et
1155 4913 1326 4983 imago
1367 4912 1610 4968 bonitatis
1657 4917 1795 4970 illius
1839 4916 1994 4986 (Sap.

417 5014 508 5066 vu,
535 4998 719 5069 26)..ln
741 5001 844 5056 hoc
857 5003 1165 5058 testimonio
1187 5005 1512 5061 etnaturalis
1529 5006 1722 5070 unitas,
1743 5013 1797 5060 et
1810 5021 1999 5074 perso-

417 5105 604 5145 narum
634 5092 963 5162 proprietas,
993 5103 1048 5148 et
1087 5094 1408 5165 :equalitatis
1454 5096 1784 5150 immensitas
1830 5093 2006 5152 Patris

417 5180 641 5251 Filiique
672 5191 1018 5239 monstratur.
1051 5183 1265 5242 Patrem
1313 5201 1546 5255 namque
1581 5173 1783 5254 (lucem,
1810 5185 2002 5240 Filium

415 5288 544 5328 vero
568 5274 910 5344 splendorem
954 5277 1057 5332 hoc
1103 5277 1157 5332 in
1194 5277 1315 5332 loco
1353 5278 1530 5332 nullus
1573 5276 2002 5347 ambigitappel-

415 5365 530 5420 lari.
567 5366 642 5423 De
688 5385 796 5437 quo
844 5370 1004 5425 etiam
1056 5371 1348 5441 apostolica
1377 5370 1505 5425 dicit
1532 5371 1825 5426 auctoritas
1858 5388 1870 5424 :
1902 5367 2004 5434 Qui

415 5473 530 5518 cum
558 5462 624 5514 sit
644 5463 887 5532 splendor
909 5464 1120 5533 gloriw,
1146 5472 1194 5516 et
1221 5463 1389 5532 ﬁgura
1411 5461 1710 5517 substantiae
1737 5453 1880 5534 ejus,
1910 5478 1996 5532 ge-

490 5579 516 5645 f
557 5569 867 5645 Haecyerba
902 5574 970 5626 ad
992 5589 1137 5645 quem
1170 5571 1315 5626 nobis
1343 5588 1511 5626 sermo
1540 5572 1788 5645 leguntur
1816 5572 1911 5645 hic,
1943 5570 1996 5625 in

417 5640 574 5694 unico
605 5639 723 5693 cod.
754 5642 925 5707 edito;
951 5639 1145 5697 absunt
1166 5651 1342 5700 autem
1365 5657 1393 5692 a
1424 5656 1550 5696 mss.
1575 5641 1736 5697 Corb.
1769 5649 1824 5698 et
1853 5640 1990 5695 Vict.

415 5717 472 5762 et
491 5711 650 5782 editis
679 5709 894 5779 Colon.,
928 5714 1186 5782 Antucrp.
1219 5721 1274 5770 ct
1295 5711 1453 5766 Basil.

385 5835 406 5852 .,
489 5780 514 5817 ¹³
546 5780 741 5852 _Basil.,
769 5785 1058 5852 audiamus.

490 5861 512 5890 ε
541 5849 623 5905 ita
638 5867 741 5905 ms.
763 5851 925 5906 Corb.
945 5861 996 5906 et
1013 5852 1211 5906 Victor.
1230 5851 1998 5911 etalitiquiorcseditiColon..

2117 1951 2201 2000 ter
2223 1948 2446 2017 aequalis
2466 1950 2723 2006 existens.
2747 1950 3012 2019 Quocirca
3031 1956 3077 2011 si
3095 1957 3262 2011 etiam
3280 1957 3370 2014 lux
3389 1960 3478 2015 illa
3496 1948 3699 2025 aeterna

2114 2052 2216 2091 nec
2242 2037 2358 2094 sine
2378 2054 2477 2094 suo
2502 2042 2678 2110 potuit
2704 2043 2990 2112 splendore
3009 2060 3152 2116 esse,
3173 2063 3275 2104 nec
3300 2048 3490 2106 eodem
3517 2063 3696 2122 potest

2071 2160 2078 2164 —
2115 2142 2303 2183 carere
2335 2140 2769 2200 :consequenter
2811 2141 2905 2189 aut
2941 2133 3089 2190 Patri
3108 2137 3352 2209 Filioque
3379 2157 3520 2196 unus
3545 2143 3696 2200 dabi-

2118 2225 2205 2274 tur
2231 2221 2504 2290 qualitatis
2531 2225 2953 2296 quantitatisque
2992 2229 3269 2296 terminus,
3297 2241 3392 2287 aut
3420 2236 3697 2304 aequaliter

2115 2321 2342 2382 uterque
2387 2330 2607 2372 necesse
2649 2326 2732 2373 est
2758 2319 3079 2388 praedicetur
3102 2322 3393 2380 immensus
3423 2343 3436 2378 :
3467 2337 3696 2396 quantus

2115 2413 2198 2477 est
2244 2405 2388 2459 enim
2440 2406 2695 2477 splendOr
2744 2408 2887 2465 illius
2937 2410 3090 2481 lucis,
3125 2419 3328 2468 tantam
3367 2430 3586 2472 necesse
3614 2425 3694 2473 est

2116 2497 2287 2552 lucem
2315 2498 2744 2572 splendoris”
2770 2503 2912 2558 illius
2937 2502 3181 2571 fatearis;
3227 2507 3484 2576 quoniam
3522 2509 3694 2568 lucem

2115 2592 2194 2645 sic
2217 2600 2394 2661 aequat
2431 2607 2559 2648 suus
2581 2593 2635 2648 in
2676 2595 2927 2651 omnibus
2950 2597 3227 2668 splendor,
3256 2607 3319 2655 ut
3342 2612 3363 2640 ο
3397 2616 3500 2658 nec
3523 2603 3696 2674 major

2115 2680 2188 2736 ibi
2216 2683 2386 2751 possit
2413 2697 2554 2749 esse,
2586 2701 2688 2741 nec
2710 2687 2906 2744 minor.

2116 2811 2294 2869 CAPUT
2325 2833 2380 2870 χ.
2422 2816 2545 2872 Non
2574 2820 2836 2875 descendit
2864 2820 3032 2878 Filius
3063 2824 3126 2878 de
3151 2826 3273 2881 caelo
3301 2826 3553 2885 localiter.
3583 2829 3692 2888 Pa-

2187 2895 2276 2970 ter.
2289 2903 2485 2970 quoque
2511 2888 2876 2970 inHScripturis
2897 2893 3205 2950 descendere
3228 2906 3278 2952 et
3296 2901 3468 2954 venire
3485 2901 3694 2970 dicitur,

2186 2956 2276 3009 sed
2303 2956 2412 3030 non
2433 2958 2687 3013 localiter.
2713 2956 2722 2961 ⁷
2942 2996 2950 3002 -

2185 3064 2408 3120 Multum
2445 3081 2576 3123 vero
2615 3049 2874 3125 miramur
2912 3071 3044 3128 istos
3085 3075 3177 3145 qui
3215 3077 3271 3132 in
3309 3081 3692 3140 contumelias:

2115 3154 2234 3210 Filii
2265 3157 2360 3211 Dei
2389 3158 2735 3228 conspirant,
2763 3162 3089 3219 aestimantes
3113 3180 3234 3221 eum
3263 3169 3552 3226 secundum
3579 3173 3692 3230 dei-

1961 3229 2012 3318 f'
2039 3230 2084 3292 Ο
2115 3248 2242 3303 tatis
2268 3213 2622 3304 substantiam
2646 3293 2663 3319 ,
2705 3259 2798 3305 aut
2816 3252 2884 3306 ad
2905 3254 3082 3309 locum
3115 3256 3183 3312 de
3204 3258 3327 3314 loco
3353 3269 3507 3317 motu
3533 3213 3692 3323 loculi

2117 3341 2364 3407 transire,
2395 3350 2488 3396 aut
2510 3357 2618 3398 non
2641 3358 2800 3413 posse
2819 3345 2977 3399 simul
3006 3349 3184 3402 omnia
3211 3349 3425 3407 deitatis
3451 3368 3562 3408 suae
3589 3355 3692 3409 im-

2113 3433 2400 3489 mensitate
2432 3435 2743 3505 complere;
2775 3436 3059 3505 intantum,
3090 3447 3146 3492 ut
3169 3455 3289 3494 cum
3314 3456 3436 3496 eum
3464 3443 3688 3501 audiunt
3787 3479 3812 3486 -

2111 3526 2178 3580 ad
2207 3535 2407 3581 terram
2429 3526 2771 3594 descendere,
2805 3528 3020 3583 credant
3049 3543 3168 3583 eum
3200 3531 3252 3584 in
3273 3532 3408 3587 caelo
3429 3534 3515 3587 vel
3544 3535 3686 3604 apud

2111 3615 2312 3670 inferos
2341 3631 2448 3672 non
2475 3615 2659 3685 fuisse,
2682 3625 2736 3672 et
2765 3617 2830 3671 ad
2859 3616 3120 3672 infernum
3147 3621 3442 3675 secundum
3469 3621 3686 3683 deitatis

2110 3709 2461 3764 substantiam
2489 3709 2563 3764 ita
2590 3709 2929 3764 descendisse
2956 3708 3288 3777 confirment,
3321 3722 3380 3766 ut
3407 3728 3529 3768 eum
3549 3714 3688 3770 caelo

2111 3798 2343 3856 defuisse
2397 3787 2524 3856 tunc
2569 3809 2625 3855 et
2671 3801 2828 3855 terris
2877 3802 3199 3856 existiment.
3250 3803 3532 3868 Quomodo
3580 3819 3688 3864 non

2110 3893 2788 3948 considerant‘secundum
2834 3892 3228 3963 Scripturarum
3275 3911 3522 3966 morem,
3579 3914 3688 3967 quo

2108 3983 2455 4054 parvulorum
2494 3983 2789 4038 intellectui
2822 3984 3060 4038 cmlestia
3088 3986 3265 4039 solent
3294 3986 3504 4055 eloquia
3525 4003 3686 4061 coap-

2110 4077 2209 4131 tari
2233 4119 2249 4144 ,
2299 4090 2680 4143 nonnunquam
2711 4075 2763 4129 in
2792 4089 3019 4143 persona
3045 4089 3261 4143 quoque
3290 4073 3466 4131 Patris
3492 4078 3685 4135 similia

2106 4167 2376 4236 reperiri?
2405 4164 2474 4219 Ut
2501 4165 2644 4219 cnim
2673 4164 2760 4218 illa
2781 4162 3028 4232 legalium
3057 4164 3391 4220 voluminum
3415 4167 3529 4223 loca
3551 4184 3684 4238 pm~

2107 4265 2331 4322 teream,
2363 4254 2556 4325 quibus
2580 4253 2806 4309 dicitur:
2836 4251 2910 4323 Et
2938 4254 3201 4307 descendit
3230 4253 3486 4310 Dominus
3515 4258 3685 4311 videre

2105 4353 2361 4416 civitatem
2409 4359 2457 4404 et
2509 4353 2693 4404 turrim
2723 4346 2931 4420 (Genes.
2954 4364 3011 4402 ιι
3035 4389 3050 4414 ,
3079 4345 3134 4418 5)
3159 4389 3174 4415 ,
3219 4356 3471 4419 tanquam
3499 4351 3544 4405 si
3574 4367 3681 4407 non

2105 4445 2479 4510 descenderet,
2509 4460 2619 4500 non
2649 4443 2892 4510 videret;
2921 4458 3043 4498 cum
3071 4443 3318 4513 superius
3343 4443 3682 4500 demonstra-

2103 4539 2342 4594 verimus
2369 4535 2700 4606 Scripturam
2728 4535 2962 4591 dixisse:
3011 4533 3078 4588 In
3107 4535 3246 4587 omni
3279 4533 3390 4589 loco
3418 4535 3552 4589 oculi
3581 4533 3684 4589 Dei

2105 4629 2436 4698 speculantur
2466 4627 2624 4681 bonos
2653 4635 2699 4680 et
2713 4626 2911 4687 ,malos.
2944 4623 3011 4678 Et
3033 4625 3146 4695 ipse
3172 4623 3429 4680 Dominus
3457 4625 3525 4678 ad
3553 4640 3682 4696 pro-

2105 4722 2364 4792 phetam:
2411 4717 2524 4790 Ego
2562 4735 2673 4772 sum
2717 4717 2968 4771 Dominus
3007 4715 3148 4770 Deus
3187 4717 3439 4770 universa:
3467 4719 3681 4783 carnis;

2105 4810 2335 4881 nunquid
2364 4827 2396 4863 a
2421 4826 2502 4864 me
2521 4808 2850 4863 absconditur
2877 4807 3074 4878 aliquid
3094 4807 3117 4860 Ρ
3153 4805 3259 4861 Sed
3281 4815 3335 4862 et
3359 4807 3506 4873 illud,
3537 4808 3683 4876 quod

2105 4901 2266 4971 paulo
2296 4909 2416 4971 post
2443 4899 2634 4954 dicitur
2659 4917 2671 4952 :
2710 4897 2920 4963 Venite,
2949 4897 3346 4964 descendamus,
3377 4906 3426 4951 et
3462 4902 3682 4969 confun-

2104 4993 2285 5046 damus
2312 4993 2364 5045 in
2387 4991 2491 5043 illis
2521 4991 2724 5060 linguas
2755 5005 2928 5042 eorum
2960 4987 3150 5060 (Ibid.,
3181 4987 3257 5058 7).
3305 4986 3373 5042 Ut
3409 5001 3538 5056 ergo
3568 4989 3682 5044 lucc

2108 5085 2320 5139 silentio
2361 5097 2504 5136 nunc
2540 5081 2754 5135 interim
2796 5081 3159 5161 deputentur,
3207 5080 3460 5148 quoniam
3503 5082 3679 5136 solent

2106 5177 2222 5231 lucc
2251 5177 2274 5212 ι¹
2307 5175 2565 5245 aliquanti
2603 5191 2708 5230 non
2755 5187 2778 5212 ο
2819 5175 2983 5229 totius
3025 5173 3336 5238 Trinitatis,
3384 5174 3477 5228 sed
3515 5175 3682 5231 solius

2106 5272 2224 5326 Filii
2254 5270 2509 5340 deputare
2537 5283 2780 5338 personm
2803 5309 2817 5332 ,
2871 5267 2998 5336 quid
3037 5265 3103 5320 de
3133 5266 3223 5320 illo
3253 5267 3375 5321 loco
3404 5265 3694 5334 Evangelii

2103 5363 2298 5419 dicturi
2329 5371 2472 5428 sunt,
2505 5363 2558 5416 in
2586 5377 2693 5429 quo
2717 5361 2878 5414 Filius
2899 5361 3012 5430 ipse
3033 5359 3340 5430 discipulos,
3370 5361 3679 5429 priusquam

2104 5464 2378 5528 pateretur
2399 5496 2416 5521 ,
2453 5453 2779 5518 informans,
2813 5452 2925 5504 ait:
2962 5449 3062 5514 Qui
3095 5449 3245 5504 habet
3271 5450 3518 5504 mandata
3541 5465 3676 5515 mea,

2105 5567 2363 5636 Antuerp.
2390 5573 2446 5621 et
2474 5565 2660 5630 Basil.;
2691 5571 2747 5617 at
2766 5563 3094 5636 posteriores
3131 5563 3238 5636 duo
3267 5563 3482 5636 habent,
3504 5572 3559 5614 ut
3587 5578 3677 5636 nec

2101 5637 2270 5706 major
2298 5632 2366 5691 ibi
2390 5637 2549 5704 possit
2584 5651 2695 5688 esse
2722 5632 3008 5701 ullatenus,
3048 5651 3140 5688 nec
3162 5635 3332 5690 minor
3359 5634 3460 5686 dici
3493 5632 3674 5703 possit.

2175 5710 2199 5744 ά
2235 5707 2418 5773 Basil.,
2446 5707 2623 5777 aliqui.

2183 5788 2204 5814 ο
2239 5777 2403 5833 Forte
2433 5776 2645 5842 melius,
2671 5792 2776 5831 non
2807 5778 2898 5833 toti
2927 5776 3173 5834 Trinitati
3205 5818 3220 5845 ,
3251 5777 3360 5847 sed,
3392 5783 3496 5832 etc.
