4026 6336
355 357 447 450 ssi
1251 415 1258 422 -
1555 391 1646 448 an
1685 387 2181 457 masmunnuu
2221 390 2348 447 un.
2388 391 2448 447 ιι.

3524 402 3631 460 258

353 519 392 566 ει
420 518 594 565 servat
622 525 687 564 ea
709 547 724 574 ,
756 507 846 565 ille
868 514 946 563 est
964 507 1052 582 qui
1081 507 1358 591 diligit'me
1381 524 1400 574 ;
1447 508 1534 580 qui
1563 515 1734 564 autem
1763 509 1937 581 diligit
1961 511 2016 572 Α
2040 507 2208 563 Filius
2233 478 2522 577 ‘movetur,
2570 515 2664 564 aut
2710 509 2966 582 Spiritus.
3005 514 3283 570 Noverunt
3320 516 3397 573 sic
3445 520 3630 576 venire

353 617 444 662 ate,
477 600 725 671 diligetur
753 616 785 652 a
815 597 977 652 Patre
1003 616 1138 667 meo,
1167 608 1218 652 et
1237 616 1331 670 ego
1352 599 1570 670 diligam
1591 615 1728 668 eum,
1759 609 1809 653 et
1828 617 1942 654 ma-

351 693 609 764 nifestabo
629 693 676 746 ei
700 693 952 760 meipsum
977 690 1158 763 (Joan.
1198 706 1318 757 xxv,
1352 690 1465 760 21).
1505 689 1748 760 Cumque
1775 689 1942 747 Judas

349 783 644 852 discipulus
673 780 806 852 (non
827 780 1080 850 traditor)
1105 779 1477 851 respondisset
1507 779 1728 837 dicens:
1752 779 1940 836 Domi-

348 893 446 939 ne,
498 873 625 945 quid
669 875 865 943 factum
905 879 1020 938 est,
1069 871 1191 943 quia
1228 871 1375 926 nobis
1426 871 1855 943 manifestaturus
1885 887 1940 926 es

347 971 586 1038 teipsum,
618 975 667 1019 et
695 981 801 1020 non
823 964 1016 1018 mundo
1039 963 1066 1016 ἵ
1113 970 1173 1018 ut
1202 961 1514 1018 ostenderet
1541 959 1940 1018 manifestatio-

347 1063 427 1115 nis
450 1059 682 1129 gratiam
705 1057 970 1111 adventus
997 1055 1214 1110 nomine
1235 1053 1630 1118 demonstrari,
1664 1051 1943 1123 respondit

346 1151 520 1217 Iesus,
549 1157 605 1204 et
626 1147 759 1202 dixit
783 1148 831 1202 ei
856 1165 870 1200 :
906 1145 968 1200 Si
986 1146 1100 1218 quis
1128 1145 1301 1216 diligit
1327 1161 1426 1210 me,
1458 1160 1744 1200 sermonem
1772 1158 1943 1198 meum

345 1241 601 1301 servabit,
633 1248 681 1292 et
712 1237 874 1291 Pater
899 1253 1041 1290 meus
1069 1236 1248 1307 diliget
1275 1234 1368 1308 (al.
1401 1232 1594 1306 diligit)
1616 1250 1765 1302 eum,
1794 1241 1845 1287 et
1872 1232 1942 1287 ad

346 1350 457 1385 eum
482 1318 763 1393 ueniemus,
780 1338 828 1381 et
847 1329 1172 1383 mansionem
1192 1327 1332 1398 apud
1350 1343 1466 1380 eum
1487 1327 1738 1399 faciemus
1752 1325 1939 1399 (lbid.,

343 1399 456 1491 25).
490 1421 666 1475 Simul
695 1420 941 1487 diligunt,
973 1418 1132 1472 simul
1155 1417 1395 1482 veniunt,
1427 1424 1483 1471 et
1509 1415 1653 1487 apud
1681 1431 1835 1472 suum
1855 1415 1941 1472 di-

346 1515 608 1567 lectorem
643 1509 801 1563 simul
831 1509 992 1562 unam
1035 1507 1237 1562 faciunt
1272 1505 1646 1570 mansionem,
1695 1505 1858 1561 simul
1881 1519 1943 1560 se

348 1601 714 1666 manifestam,
740 1599 865 1668 quia
891 1614 999 1654 uno
1028 1598 1291 1653 adventus
1315 1596 1399 1654 sui
1428 1588 1632 1652 lumine
1656 1611 1754 1652 cor
1772 1595 1940 1651 dilec-

353 1694 481 1748 toris
523 1691 848 1746 illuminant.
922 1687 991 1742 Et
1027 1688 1284 1756 quoniam
1338 1686 1627 1742 revelando
1667 1701 1729 1742 se
1764 1685 1940 1740 mani-

347 1784 570 1850 festant,
600 1797 708 1835 non
730 1797 789 1835 se
816 1781 933 1835 sine
961 1787 1149 1834 sancto
1169 1777 1369 1848 Spiritu
1390 1778 1653 1842 revelant,
1678 1778 1804 1849 quia
1831 1792 1942 1834 non

345 1891 404 1935 se
446 1877 567 1931 sine
602 1873 792 1929 saneto
830 1873 1033 1943 Spiritu
1081 1871 1444 1927 manilestant.
1494 1871 1587 1928 Sic
1629 1873 1775 1928 enim
1825 1873 1943 1929 sine
1971 1899 2021 1961 Β

346 1977 536 2026 sancto
567 1966 665 2037 (al.
699 1964 816 2035 suo)
851 1963 1056 2034 Spiritu
1084 1963 1336 2033 cognosci
1366 1979 1474 2019 non
1511 1970 1773 2032 possunt,
1802 1963 1943 2020 sicut

348 2061 465 2114 sine
494 2072 596 2114 suo
628 2056 723 2128 (ul.
755 2055 964 2126 sancto)
995 2054 1200 2124 Spiritu
1227 2069 1347 2111 esse
1373 2070 1482 2110 non
1508 2066 1736 2126 possunt
1757 2071 1772 2122 ;
1795 2063 1852 2112 et
1871 2056 1943 2113 ob

346 2149 473 2215 hoc,
502 2149 646 2204 sicut
675 2163 781 2202 una
809 2154 892 2201 est
918 2145 1306 2212 manilestatio,
1337 2147 1415 2202 sic
1438 2163 1544 2202 una
1571 2156 1655 2202 est
1681 2148 1942 2205 revelatio

347 2239 629 2296 Trinitatis
647 2276 660 2302 ,
706 2245 762 2293 et
789 2237 878 2291 ubi
907 2252 1071 2291 unum
1101 2244 1187 2292 est
1216 2236 1412 2292 divina:
1440 2239 1789 2294 revelationis
1819 2254 1941 2294 mu-

347 2347 472 2398 nus,
502 2332 577 2387 ibi
607 2346 745 2385 unus
769 2338 853 2385 est
881 2329 1164 2384 individute
1185 2329 1462 2386 Trinitatis
1485 2331 1746 2387 adventus
1771 2349 1784 2386 :
1814 2347 1943 2387 nam

347 2427 490 2483 sicut
517 2423 682 2479 Pater
709 2421 951 2478 revelare
981 2429 1343 2486 monstratur,
1378 2422 1496 2493 ipso
1523 2423 1663 2478 Filio
1683 2423 1940 2480 dicente:

348 2517 544 2572 Beatus
572 2533 649 2581 es,
683 2513 867 2570 Simon
893 2511 1196 2579 Bar-Jona,
1228 2514 1349 2585 quia
1372 2531 1494 2568 caro
1529 2523 1577 2568 et
1603 2516 1817 2586 sanguis
1838 2531 1944 2572 non

349 2607 592 2662 reuelauit
614 2603 736 2668 tibi,
773 2602 862 2657 sed
894 2601 1057 2656 Pater
1096 2619 1236 2656 meus
1261 2604 1347 2675 qui
1377 2611 1454 2656 est
1477 2605 1530 2657 in
1554 2604 1693 2658 cmlis
1723 2602 1940 2674 (Matth.

348 2715 474 2766 xvr,
514 2699 634 2767 l7);
675 2697 750 2751 ita
796 2694 962 2750 Filius
1007 2693 1223 2750 Patrem
1265 2695 1509 2750 revelare
1552 2712 1651 2750 suo
1692 2712 1944 2752 sermone

347 2797 726 2853 monstratur;
769 2786 899 2842 dicit
936 2786 1118 2841 enim:
1171 2783 1342 2840 Nemo
1380 2787 1522 2840 novit
1549 2785 1748 2840 Filium
1773 2828 1788 2852 ,
1840 2788 1944 2842 nisi

349 2882 538 2946 Pater,
571 2895 734 2949 neque
752 2877 967 2933 Patrem
995 2878 1109 2950 quis
1139 2878 1304 2946 novit,
1340 2879 1441 2932 nisi
1477 2880 1633 2950 100
1660 2877 1864 2946 Filius,
1894 2889 1946 2934 et

350 2975 434 3027 cui
463 2972 682 3027 voluerit
716 2968 887 3024 Filius
913 2969 1143 3024 reuelare
1174 2967 1393 3040 (Matth.
1426 2985 1482 3024 ιι
1505 3008 1523 3034 ,
1551 2969 1668 3042 27).
1712 2969 1832 3025 Non
1861 2979 1947 3027 est

348 3063 516 3118 etiam
548 3060 722 3118 sancti
751 3059 984 3130 Spiritus
1011 3059 1284 3116 dissimilis
1315 3059 1634 3116 aestimanda
1663 3061 1942 3129 revelatio,

347 3156 406 3211 in
437 3169 544 3224 quo
575 3161 661 3208 est
689 3152 856 3224 ipsius
885 3149 979 3205 Dei
1006 3149 1270 3206 naturalis
1297 3151 1522 3220 agnitio,
1549 3151 1767 3208 dicente
1794 3151 1944 3222 Apo-

348 3245 494 3301 stolo
525 3261 538 3296 :
573 3241 700 3307 Quis
742 3243 881 3297 enim
927 3242 1024 3294 scit
1073 3242 1339 3296 hominum
1373 3258 1488 3312 qua:
1533 3251 1655 3298 sunt
1698 3243 1944 3310 hominis,
1973 3263 2022 3328 ο

353 3335 457 3389 nisi
485 3334 697 3406 spiritus
726 3333 948 3387 hominis
968 3372 984 3398 ,
1014 3331 1103 3403 qui
1130 3333 1186 3386 in
1219 3333 1333 3402 ipso
1360 3341 1438 3388 est
1459 3335 1484 3388 ?
1506 3335 1582 3388 ita
1620 3341 1671 3388 et
1703 3350 1819 3406 qua:
1848 3334 1977 3390 Dei.

350 3433 476 3479 sunt
513 3439 662 3476 nemo
689 3422 942 3492 cognovit,
989 3421 1094 3474 nisi
1123 3419 1352 3491 Spiritus
1377 3420 1477 3476 Dei
1506 3421 1561 3492 (I
1589 3423 1708 3478 Cor.
1733 3438 1802 3490 ιι,
1831 3421 1943 3494 ll).

347 3514 434 3569 De
463 3513 580 3582 ipso
609 3511 741 3567 dicit
769 3511 910 3567 idem
935 3513 1175 3581 gentium
1204 3511 1406 3568 Doctor
1441 3531 1453 3566 :
1496 3512 1664 3573 Nobis
1701 3517 1840 3570 enim
1865 3533 1948 3570 re-

349 3607 537 3659 uelauit
558 3603 698 3658 Deus
729 3620 821 3674 per
843 3603 1097 3673 Spiritum
1117 3619 1266 3658 suum
1294 3602 1508 3675 (Ibid.).
1533 3605 1612 3661 De
1635 3606 1742 3662 hoc
1768 3607 1948 3664 denuo

349 3695 424 3750 ad
453 3694 716 3764 Ephesios
744 3695 818 3748 ita
845 3693 1070 3749 scribit:
1107 3693 1177 3749 Ut
1213 3693 1357 3750 Deus
1387 3694 1603 3751 Domini
1632 3700 1797 3752 nostri
1821 3698 1948 3754 Jesu

349 3783 582 3850 Christi,
627 3783 786 3838 Pater
813 3783 994 3856 gloria:
1015 3824 1030 3850 ,
1069 3783 1155 3838 det
1176 3785 1317 3840 vobis
1345 3787 1586 3856 spiritum
1605 3791 1878 3856 sapientia:
1897 3800 1948 3845 et

350 3877 682 3931 reuelationis
715 3874 930 3946 (Ephes.
962 3875 1134 3944 1,17).
1177 3874 1243 3930 Ει
1280 3885 1339 3931 ut
1385 3877 1699 3936 ostenderet
1717 3882 1949 3950 agnitio-

347 3985 478 4026 nem
506 3967 604 4024 Dei
634 3969 689 4023 in
718 3968 873 4024 nobis
899 3969 1286 4026 revelationem
1306 3969 1539 4040 Spiritus
1566 3974 1802 4043 operari,
1824 3991 1947 4030 cum

348 4059 579 4114 dixisset
607 4077 620 4111 :
652 4057 754 4112 Det
785 4057 924 4113 vobis
954 4057 1210 4129 Spiritum
1236 4062 1508 4131 sapientiae
1525 4071 1576 4118 et
1596 4064 1946 4132 reuelationis,

348 4148 548 4217 adjecit
573 4167 586 4202 :
614 4147 680 4202 In
710 4151 972 4220 agnitione
999 4151 1128 4221 ejus.
1169 4150 1297 4206 Sola
1329 4168 1457 4208 vero
1485 4169 1545 4210 se
1572 4163 1752 4225 potest
1772 4155 1949 4213 Trini-

347 4246 440 4290 tas
461 4236 705 4291 revelare
728 4276 742 4302 ,
787 4236 912 4304 quia
945 4237 1058 4292 sola
1085 4253 1145 4293 se
1174 4239 1333 4308 plene
1361 4248 1543 4310 potest
1569 4242 1688 4312 ipsa
1711 4243 1948 4303 Trinitas

350 4342 538 4392 nosse,
572 4334 630 4381 et
655 4334 916 4395 quantum
937 4344 998 4382 se
1024 4327 1231 4384 dederit
1257 4333 1653 4399 agno‘scendam
1677 4375 1692 4401 ,
1737 4345 1946 4393 tantum

348 4433 416 4474 se
447 4416 720 4471 condonat
749 4417 1089 4473 revelandam
1113 4437 1129 4485 ;
1152 4421 1226 4476 ibi
1245 4431 1426 4479 autem
1456 4434 1539 4482 est
1559 4427 1718 4496 plena
1745 4429 1826 4484 sui
1854 4445 1950 4485 co-

350 4506 547 4574 gnitio,
581 4506 671 4560 ubi
697 4521 807 4561 non
837 4514 920 4561 est
942 4510 1203 4565 naturalis
1225 4513 1334 4567 ulla
1355 4515 1643 4572 discretio:
1671 4527 1696 4555 ι
1720 4519 1948 4576 immen-

2046 606 2210 668 atque
2237 598 2388 655 abire
2407 639 2423 666 ,
2454 607 2514 653 ut
2541 614 2645 656 nec
2672 600 2739 656 ad
2767 602 2944 659 locum
2970 605 3218 662 localiter
3244 608 3500 674 veniant,
3533 626 3632 667 nec

2043 689 2292 747 localiter
2317 691 2386 748 de
2415 692 2534 748 loco
2565 693 2864 752 discedant.
2907 696 3006 753 Hic
3037 700 3295 756 adventus
3315 701 3489 756 Patris
3513 745 3528 770 ,
3576 713 3632 760 et

2048 782 2193 849 Filii,
2224 792 2281 839 et
2307 784 2540 856 Spiritus
2567 788 2766 855 sancti,
2798 805 2907 845 non
2937 792 3310 856 mobilitatem,
3340 795 3433 848 sed
3456 795 3630 864 pieta-

2045 884 2157 933 tem
2188 877 2283 934 Dei
2302 878 2570 935 venientis
2599 881 2871 936 ostendit:
2897 899 3002 938 una
3030 884 3172 938 enim
3195 885 3367 940 deitas
3398 897 3420 926 ο
3453 887 3632 942 Trini-

2045 970 2204 1034 tatis,
2237 986 2356 1042 quas
2387 973 2566 1027 omnia
2589 973 2796 1042 implet,
2834 975 3014 1030 omnia
3042 975 3315 1040 continet,
3347 977 3420 1032 illi
3449 979 3633 1034 venire

2046 1061 2263 1130 dicitur,
2290 1062 2376 1118 cui
2403 1078 2463 1119 se
2482 1063 2826 1120 manifestare
2845 1065 3122 1136 dignatur;
3165 1076 3220 1122 et
3252 1069 3320 1123 ab
3343 1069 3435 1123 illo
3460 1070 3632 1125 disce-

2046 1149 2164 1217 dit,
2194 1167 2226 1206 a
2254 1167 2363 1222 quo
2386 1153 2569 1210 lumen
2596 1170 2707 1210 suae
2735 1155 3037 1212 dilectionis
3063 1158 3348 1214 abscondit
3371 1201 3385 1226 ,
3418 1177 3518 1216 nec
3547 1169 3630 1216 ta-

2043 1257 2170 1298 men
2184 1243 2432 1322 localiter
2457 1246 2653 1302 absens
2683 1245 2930 1315 emcitur,
2959 1265 3080 1304 cum
3103 1249 3248 1318 juste
3269 1253 3523 1321 relinquit
3553 1253 3633 1308 in-

2043 1334 2284 1405 dignum,
2309 1351 2411 1392 nec
2437 1337 2561 1393 loco
2579 1354 2815 1408 praesens
2843 1342 3094 1408 ellicitur,
3118 1360 3240 1398 cum
3269 1346 3632 1402 misericordi-

2047 1430 2134 1479 ter
2161 1425 2346 1480 visitat
2391 1442 2551 1496 quem
2603 1427 2795 1484 fecerit
2839 1430 3078 1499 dignum.
3139 1433 3430 1506 Propterea
3455 1477 3469 1501 ,
3511 1439 3634 1494 licet

2045 1511 2188 1568 Deus
2209 1514 2353 1569 dicat
2380 1534 2391 1569 :
2425 1515 2615 1572 Culum
2635 1529 2685 1573 et
2706 1528 2896 1575 terram
2918 1539 3011 1592 ego
3033 1523 3219 1593 impleo
3245 1525 3459 1594 (Jerem.
3484 1543 3632 1594 χχιιι,

2044 1599 2176 1671 24),
2227 1610 2405 1660 tamen
2446 1605 2518 1662 de
2562 1608 2801 1678 quodam
2844 1611 3072 1666 dicitur:
3117 1611 3243 1668 Non
3290 1625 3368 1669 est
3395 1615 3536 1670 Deus
3577 1620 3633 1671 in

2046 1701 2322 1760 conspectu
2350 1693 2462 1764 ejus
2485 1695 2658 1766 (Psal.
2681 1713 2735 1752 Ix
2757 1738 2773 1762 ,
2824 1697 2916 1768 5);
2965 1708 3019 1754 et
3061 1701 3187 1756 licet
3214 1709 3385 1756 totum
3415 1704 3635 1774 impleat

2047 1779 2245 1848 Pater,
2297 1783 2494 1840 dicitur
2524 1795 2701 1843 tamen
2731 1789 2784 1843 in
2820 1789 2957 1846 libro
2992 1791 3316 1862 Sapientiae:
3369 1794 3635 1853 Perverste

2045 1875 2185 1929 enim
2229 1877 2566 1948 cogitationes
2603 1893 2850 1952 separant
2896 1902 2928 1938 a
2971 1885 3081 1940 Deo
3106 1886 3131 1922 ἀ
3161 1887 3317 1957 (Sap.
3349 1905 3406 1956 ι,
3447 1890 3521 1960 5).
3568 1891 3635 1950 Et

2045 1977 2168 2018 cum
2197 1963 2267 2020 de
2295 1965 2449 2032 Filio,
2478 1968 2532 2022 id
2553 1977 2638 2024 est
2667 1971 2735 2025 de
2757 1973 3019 2042 sapientia
3043 1975 3157 2042 Dei,
3185 1976 3395 2033 dicatur
3418 1997 3432 2032 :
3464 1981 3634 2036 Attin-

2043 2055 2119 2125 git
2144 2072 2176 2108 a
2204 2057 2310 2126 ﬁne
2336 2075 2496 2130 usque
2523 2060 2594 2113 ad
2625 2061 2782 2130 finem
2807 2065 3011 2133 fortiter
3034 2106 3048 2130 ,
3091 2076 3141 2119 et
3184 2068 3416 2137 disponit
3453 2073 3631 2126 omnia

2044 2145 2269 2198 suaviter
2300 2146 2455 2218 (Sap.
2488 2164 2613 2212 vni,
2649 2148 2704 2218 1)
2730 2189 2745 2214 ,
2792 2151 2981 2207 eadem
3025 2162 3204 2210 tamen
3251 2157 3318 2212 de
3363 2173 3423 2212 se
3461 2159 3632 2214 dicit:

2048 2233 2302 2300 Quwrunt
2329 2255 2412 2292 me
2429 2241 2575 2306 mali,
2607 2251 2656 2294 et
2677 2259 2778 2296 non
2805 2245 3082 2298 invenient.
3112 2244 3178 2300 Et
3197 2263 3382 2304 rursus
3403 2249 3631 2306 dicitur:

2045 2327 2113 2384 In
2141 2330 2446 2385 malevolam
2471 2335 2702 2386 animam
2729 2351 2834 2389 non
2861 2335 3094 2390 introibit
3126 2341 3402 2407 sapientia,
3436 2357 3526 2394 nec
3548 2341 3634 2394 in-

2045 2419 2296 2474 habitabit
2343 2422 2436 2492 (al.
2469 2423 2749 2494 inhabitat)
2791 2427 2846 2478 in
2887 2443 3102 2496 corpore
3143 2428 3346 2484 subdito
3386 2434 3633 2499 peccatis.

2044 2507 2277 2578 Spiritus
2305 2524 2520 2579 quoque
2549 2521 2801 2580 sanctus,
2832 2530 2955 2568 cum
2995 2516 3284 2572 immensus
3313 2520 3634 2575 omnimodis

2043 2598 2385 2666 praedicetur,
2420 2601 2546 2668 quia
2577 2600 2806 2670 Spiritus
2835 2603 3060 2668 Domini.
3082 2606 3293 2676 replevit
3321 2607 3495 2662 orbem
3527 2619 3632 2663 ter-

2045 2704 2242 2755 rarum,
2269 2689 2338 2743 de
2366 2689 2558 2744 eodem
2589 2699 2766 2746 tamen
2791 2693 3021 2748 dicitur:
3056 2697 3282 2751 Sanctus
3309 2699 3446 2752 enim
3470 2699 3635 2770 Spiri-

2049 2786 2127 2830 tus
2155 2778 2366 2849 effugiet
2393 2779 2570 2848 fictum
2593 2822 2608 2846 ,
2650 2793 2699 2834 et
2730 2786 2930 2854 auferet
2954 2801 3010 2840 se
3041 2803 3074 2839 a
3099 2788 3495 2858 cogitationibus
3522 2806 3635 2861 qua

2047 2876 2166 2920 sunt
2203 2868 2315 2921 sine
2341 2869 2621 2924 intellectu.
2665 2870 2933 2936 Quantum
2981 2889 3111 2944 ergo
3159 2876 3225 2930 ad
3281 2878 3636 2936 substantiam

2048 2968 2104 3015 et
2138 2963 2288 3034 101
2320 2965 2616 3033 potentiam
2635 2980 2827 3028 suam,
2859 2967 3056 3036 ubique
3079 2977 3162 3024 est
3185 2969 3416 3025 Trinitas
3442 3013 3457 3038 ,
3499 2987 3636 3031 unus

2050 3042 2193 3108 Deus
2220 3060 2384 3120 totus,
2423 3062 2592 3109 totum
2621 3057 2902 3126 complens
2927 3060 3148 3126 virtute,
3186 3077 3294 3115 non
3323 3063 3496 3129 mole,
3546 3072 3633 3118 to-

2050 3151 2138 3199 tus
2173 3143 2228 3198 in
2255 3145 2478 3214 singulis
2503 3189 2517 3214 ,
2560 3154 2708 3202 totus
2752 3148 2911 3202 simul
2956 3149 3011 3203 in
3063 3150 3310 3206 omnibus
3356 3153 3635 3210 creaturis.

2051 3238 2321 3306 Quantum
2358 3255 2489 3296 vero
2517 3241 2583 3294 ad
2627 3243 2984 3312 cogitationes
3023 3245 3216 3301 attinet
3243 3253 3457 3304 nostras
3479 3288 3494 3314 ,
3543 3251 3638 3304 de-

2049 3329 2312 3385 scendere
2339 3331 2407 3385 ad
2441 3346 2537 3386 nos
2566 3331 2707 3387 Deus
2729 3333 2954 3399 dicitur,
2997 3350 3119 3390 cum
3148 3350 3454 3392 sermonem
3483 3354 3638 3398 suum

2048 3420 2123 3475 ita
2145 3420 2301 3475 nobis
2328 3420 2586 3476 divinitus
2620 3422 2718 3492 (al.
2751 3423 3028 3493 divinitas)
3061 3433 3326 3494 temperat
3348 3467 3363 3492 ,
3397 3437 3454 3480 ut
3476 3467 3492 3492 ,
3535 3427 3637 3482 hu-

2052 3525 2215 3565 mano
2236 3511 2516 3566 nobiscum
2548 3527 2699 3568 more
2737 3513 2962 3582 loquens
2983 3553 3000 3578 ,
3031 3515 3358 3582 agnitionem
3388 3524 3443 3570 et
3471 3514 3637 3571 dilec-

2050 3600 2255 3655 tionem
2279 3617 2433 3656 suam
2463 3601 2618 3657 nobis
2647 3602 2896 3660 intimare
2932 3603 3216 3670 dignetur;
3259 3603 3499 3658 ascendit
3537 3620 3636 3660 au-

2049 3697 2160 3745 tem
2188 3691 2243 3745 in
2268 3692 2427 3749 nobis
2454 3692 2675 3762 quando
2720 3689 2822 3748 nos
2846 3692 3185 3748 ascendimus
3215 3709 3312 3764 per
3355 3695 3636 3754 caritatem
3669 3719 3672 3722 θ

2051 3787 2108 3834 et
2131 3781 2414 3836 scientiam
2443 3781 2688 3848 deitatis,
2729 3793 2789 3837 ut
2826 3782 3092 3838 discamus
3115 3826 3130 3851 ,
3162 3798 3263 3838 nec
3289 3783 3343 3838 in
3372 3783 3637 3840 immenso

2049 3872 2339 3944 quidquam
2370 3873 2541 3929 locale
2562 3890 2775 3946 sapere,
2807 3891 2908 3931 nec
2934 3867 3002 3930 de
3029 3874 3289 3930 altissimo
3312 3874 3512 3930 humile
3539 3874 3636 3929 ali-

2049 3961 2178 4030 quid
2205 3964 2492 4031 asstimare,
2522 3980 2625 4020 nec
2659 3966 2860 4036 aliquid
2887 3966 2940 4021 in
2969 3965 3080 4021 Deo
3106 3966 3328 4021 credere
3356 3965 3633 4031 mutabile,

2050 4066 2152 4108 nec
2175 4053 2230 4108 in
2255 4054 2582 4125 sempiterno
2609 4057 2908 4126 temporale
2934 4057 3144 4126 aliquid
3161 4056 3418 4126 cogitare.

2051 4167 2233 4223 CAPUT
2270 4184 2362 4223 xu.
2404 4167 2671 4241 Requievit
2703 4181 2753 4225 et
2790 4181 3030 4295 opertus
3063 4178 3139 4226 est
3158 4169 3309 4237 ,Deus
3349 4171 3636 4240 voluntate,

2690 4258 2792 4295 non
2837 4259 2868 4294 a
2904 4259 3010 4295 ore.

2690 4258 2792 4296 non
2816 4258 3010 4297 labore.

2124 4332 2268 4387 Talis
2287 4341 2370 4389 est
2393 4333 2590 4400 Patris,
2621 4343 2676 4390 et
2703 4335 2844 4402 Filii,
2874 4344 2929 4390 et
2957 4335 3190 4406 Spiritus
3210 4336 3381 4391 sancti
3408 4337 3636 4392 creden-

2051 4423 2152 4479 dus
2189 4425 2486 4490 adventus;
2536 4427 2793 4495 quoniam
2835 4428 2974 4482 sicut
3013 4427 3283 4482 mundana
3321 4429 3637 4497 operatione

2049 4515 2467 4583 primordialiter
2487 4525 2878 4583 consummata,
2908 4518 3238 4586 requievissc
3260 4517 3452 4573 dicitur
3474 4518 3636 4585 Deus,

349 4614 448 4654 sus
475 4613 706 4667 namque
734 4599 802 4652 ab
833 4599 1094 4657 immenso
1116 4603 1274 4673 plene
1301 4609 1667 4677 cognoscitur,
1701 4620 1757 4667 et
1775 4613 1950 4668 scien-
1976 4633 2030 4694 ι)
2054 4605 2146 4673 illi
2177 4612 2354 4660 tamen
2382 4623 2488 4662 ιιοη
2517 4608 2781 4664 laborat?“
2809 4610 2866 4665 in
2886 4625 3051 4680 Opere
3073 4651 3088 4676 ν
3131 4611 3255 4679 (lilia
3295 4622 3487 4666 cuncla
3520 4613 3635 4666 501³

471 4689 706 4744 inﬁnitas
738 4699 922 4747 manet
952 4692 1040 4748 ubi
1075 4695 1372 4753 substantia
1393 4699 1557 4757 linem
1584 4703 1610 4742 δ
1632 4719 1740 4759 non
1763 4705 1949 4774 habet,

351 4796 462 4837 nec
481 4780 720 4836 scientia:
749 4783 1009 4838 terminus
1034 4785 1102 4840 ab
1130 4787 1310 4857 aliqua
1327 4799 1574 4847 creatura
1599 4796 1945 4866 contingitur,

352 4874 448 4928 ubi
475 4873 621 4945 quod
646 4874 968 4931 immensum
994 4885 1076 4932 est
1098 4881 1405 4937 nullatenus
1435 4885 1773 4941 terminatur.

345 4965 540 5023 Bsrur
571 4983 644 5022 xl.
691 4965 832 5023 Deus
870 4969 1076 5095 advenit
1120 4973 1412 5056 hominibus
1436 5014 1450 5041 ,
1493 4995 1598 5034 non
1637 4979 1944 5051 mobilitate,

978 5057 1033 5095 se
1098 5054 1305 5095 metata.

978 5054 1068 5095 sed
1096 5054 1305 5112 pietate.

426 5126 555 5182 Sola
581 5135 662 5182 est
686 5141 815 5196 ergo
843 5145 948 5185 una
972 5129 1228 5199 Trinitas,
1251 5150 1371 5204 quae
1395 5152 1515 5199 cum
1541 5155 1597 5194 se
1620 5141 1942 5211 manifestat,

349 5218 698 5274 ineﬂ'abiliter
717 5221 884 5284 venit,
917 5230 972 5276 et
997 5239 1121 5278 cum
1141 5241 1199 5280 se
1221 5225 1450 5294 indignis
1473 5231 1728 5300 occultat,
1760 5233 1948 5289 inetia-

2054 4707 2308 4766 operatus
2345 4708 2429 4754 est
2457 4702 2773 4767 voluntate;
2818 4704 2944 4758 huic
2985 4705 3128 4758 enim
3163 4705 3395 4759 dicitur:
3448 4705 3637 4760 Subest

2051 4787 2186 4840 enim
2218 4788 2306 4842 tibi
2336 4805 2452 4843 cum
2493 4792 2630 4844 voles
2658 4808 2806 4861 posse
2845 4791 3000 4862 (Sap.
3033 4809 3126 4858 xu,
3159 4791 3246 4861 l8)
3275 4835 3290 4859 ,
3341 4794 3475 4848 sicut
3498 4805 3553 4850 et
3582 4795 3633 4851 in

2052 4878 2260 4948 psalmo
2287 4879 2533 4936 audimus
2559 4899 2570 4934 :
2607 4881 2797 4936 Omnia
2823 4898 3138 4954 quaecunque
3167 4882 3370 4951 voluit,
3396 4887 3548 4956 fecit,
3582 4889 3636 4941 in

2052 4971 2177 5024 caelo
2195 5009 2209 5032 ,
2253 4981 2303 5025 et
2330 4972 2384 5025 in
2414 4981 2550 5026 terra
2575 5011 2589 5036 ,
2621 4981 2670 5028 et
2698 4974 2753 5028 in
2781 4974 2916 5027 mari
2939 5012 2954 5037 ,
2999 4982 3049 5027 et
3077 4973 3132 5028 in
3161 4974 3398 5030 omnibus
3437 4975 3636 5048 abyssis
3707 5034 3712 5040 ,

2055 5059 2227 5123 (Psal.
2267 5079 2495 5130 cxxxtv,
2533 5064 2608 5133 6).
2651 5063 2816 5134 Cujus
2852 5064 3147 5119 voluntatis
3187 5065 3636 5136 omnipotentiam

2052 5153 2394 5220 evangelicus
2417 5156 2508 5210 ille
2537 5156 2783 5230 leprosus
2805 5155 2983 5210 divina
3018 5156 3408 5215 illuminatione
3434 5175 3637 5228 cogno-

2050 5257 2224 5304 scens.
2258 5245 2398 5300 hanc
2417 5247 2484 5301 ad
2507 5262 2616 5302 sua:
2637 5247 3000 5303 mundationis
3027 5249 3274 5306 sufﬁcere
3298 5258 3525 5304 testatur
3552 5250 3633 5304 ef-

350 5310 540 5366 biliter
565 5312 787 5366 omnino
832 5311 1076 5368 discedit.
1120 5315 1355 5372 Veniunt
1383 5326 1547 5388 atque
1576 5321 1777 5378 abeunt
1811 5341 1944 5395 pro-
2045 5332 2246 5390 fectum
2287 5336 2508 5392 dicens:
2562 5337 2821 5408 Domine,
2868 5340 2913 5394 si
2941 5343 3046 5408 vis,
3097 5351 3240 5413 potes
3280 5359 3360 5396 me
3382 5343 3635 5396 mundare

350 5403 476 5473 prio
516 5409 574 5458 et
594 5403 1123 5474 incomprehensibili
1164 5409 1326 5464 modo
1372 5410 1532 5467 Pater
1560 5422 1615 5468 et
1642 5414 1847 5485 Filius,
1888 5427 1947 5474 et

351 5493 589 5566 Spiritus
615 5504 868 5551 sanctus:
901 5512 1002 5553 nec
1021 5506 1204 5556 tamen
1226 5500 1488 5571 localiter,
1517 5511 1610 5560 aut
1638 5504 1818 5574 Pater,
1850 5517 1946 5567 aut

433 5663 461 5693 ³
488 5655 585 5711 Ms.
617 5655 806 5724 Corb.,
833 5655 1158 5715 immensum.

429 5725 675 5808 {Ita-ms.
689 5727 853 5808 (ἔρῃ-Ι),
870 5735 924 5783 et
938 5729 1065 5808 editi
1083 5731 1436 5808 antiquiores.
1449 5731 1638 5808 Colon.
1651 5773 1665 5798 ,
1683 5734 1938 5808 Antucrp.

352 5807 414 5854 et
441 5797 625 5864 Basil.;
659 5799 790 5854 editi
821 5813 950 5854 vero
989 5799 1096 5856 duo
1137 5797 1469 5858 recentiores
1515 5797 1728 5859 ferunt:
1780 5797 1940 5863 ullum

355 5870 569 5925 omnino
608 5887 712 5926 non
761 5869 910 5926 habet
955 5888 1072 5926 nec.
1098 5911 1144 5926 ..
1178 5875 1412 5945 contingi
1437 5875 1543 5930 ullo
1577 5877 1725 5932 modo
1754 5888 1940 5948 potest.

2018 5462 2024 5468 ρ
2051 5424 2265 5493 (Matth.
2291 5443 2402 5492 vm,
2435 5428 2491 5499 2)
2517 5446 2531 5495 ;
2555 5445 2676 5485 cum
2700 5430 2854 5497 dicit,
2887 5435 2932 5487 si
2960 5435 3054 5498 vis,
3082 5443 3244 5504 potes,
3280 5433 3518 5488 ostendit
3545 5435 3630 5489 di-

2047 5517 2228 5573 vinam
2254 5519 2587 5578 voluntatem
2629 5523 2800 5596 ipsam
2829 5542 2951 5583 esse
2989 5526 3351 5598 plenissimam
3394 5538 3635 5599 potesta-

2130 5681 2152 5753 ξ
2311 5674 2502 5753 (Ῑοΐροο
2525 5678 2885 5753 Trinitasrpte,
2911 5684 3105 5749 omnia,
3131 5691 3240 5740 etc.
3427 5675 3439 5690 '
3631 5721 3634 5724 .

2125 5740 2150 5822 ξι
2183 5743 2258 5797 Ita
2289 5762 2388 5822 ms.
2414 5740 2600 5817 com,
2631 5758 2688 5806 et
2714 5740 2969 5822 Alituerp.
3001 5770 3015 5818 ;
3067 5740 3122 5808 at
3148 5755 3309 5812 Basil.
3328 5793 3342 5819 ,
3392 5754 3637 5818 Pcrverse

2049 5813 2185 5869 enim
2209 5817 2491 5887 cogitantes
2520 5813 2766 5893 separant
2794 5839 2848 5876 se
2877 5813 3061 5879 a'Deo.
