4072 6332
1498 402 1504 408 -
1539 370 1605 429 σε.
1639 367 2007 428 FULGEN‘I‘“
2047 311 2409 426 RUSPIZINSIS

3533 322 3658 423 isse

369 513 501 560 tem.
557 499 806 574 Denique
847 499 1013 558 etiam
1053 495 1312 553 Dominus
1373 491 1479 546 hoc
1537 485 1958 542 misericorditer
1983 482 2037 547 λ
2061 491 2238 574 serunt
2285 492 2333 538 et
2365 491 2637 537 tenuerunt
2664 482 2817 554 pedes
2853 481 2964 553 ejus
2987 521 3005 551 ,
3053 491 3103 536 et
3145 482 3493 538 adoraverunt
3536 501 3654 540 eum

365 591 885 649 ell‘ectuscurationis
904 587 1166 650 ostendit,
1211 582 1356 653 quod
1389 579 1692 637 crediderat
1727 576 1960 631 ﬁdeliter

371 685 463 754 qui
493 683 772 752 poposcit;
803 679 1082 735 ait-enim:
1109 674 1263 741 Volo,
1291 672 1542 726 inundans
1565 686 1582 734 ;
1611 678 1662 723 et
1688 667 1961 739 confestim

364 775 624 830 mundata
654 781 730 828 est
753 771 1052 842 leprarejus.
1093 767 1246 822 Sicut
1282 764 1485 821 faciem
1518 776 1649 832 ergo
1675 759 1961 823 mundum,

373 883 480 921 non
512 866 826 934 cujusquam
851 861 1015 916 sensit
1047 859 1247 916 laboris
1276 855 1672 914 incommodum
1691 894 1708 921 ,
1740 861 1799 908 ut
1821 855 1963 908 vires

376 957 563 1009 labore
585 951 1231 1021 operationisexhaustas
1253 989 1268 1014 ,
1319 947 1515 1016 quietis
1541 952 1727 1016 posset
1754 945 1960 998 instau-

377 1060 495 1098 rare
524 1058 776 1098 successu
800 1060 814 1107 ;
847 1042 940 1096 sed
968 1057 1168 1096 cumse
1187 1039 1518 1110 requievisse
1537 1036 1689 1102 dicit,
1724 1048 1824 1089 nos
1843 1041 1967 1104 post

374 1138 514 1190 bona
545 1151 711 1205 opera
743 1135 1082 1202 requieturos
1120 1131 1395 1187 ostendit:
1452 1130 1527 1183 ita
1565 1141 1689 1182 cum
1733 1125 1962 1187 venisse,

2063 573 2277 645 (Matth.
2308 591 2476 630 xxviii
2500 618 2513 641 ,
2569 575 2727 644 1-9).
2789 573 3073 645 Quomodo
3101 590 3231 646 ergo
3260 592 3320 632 se
3341 618 3356 643 ,
3408 593 3474 632 eo
3506 575 3653 649 quod

2063 665 2297 721 nondum
2330 667 2667 722 ascendisset
2695 667 2760 722 ad
2791 667 3035 731 Patrem,
3081 681 3112 720 a
3142 665 3307 721 Maria
3339 666 3656 737 Magdalcne

2063 758 2208 826 tangi
2235 759 2433 821 vetuit,
2465 774 2494 812 a
2524 774 2630 827 qua
2659 759 2758 812 sibi
2791 757 2981 812 eodem
3011 756 3099 811 die
3128 757 3294 827 pedes
3327 758 3495 812 teneri
3529 775 3655 828 per-

2061 851 2250 904 misit?
2289 849 2369 903 An
2401 849 2472 903 ita
2501 850 2786 919 quisquam
2817 863 3073 918 perverso
3100 864 3258 904 sensu
3291 857 3563 918 raptatur,
3599 861 3660 905 ut

2064 928 2458 997 momentaneis
2484 950 2633 1011 putet
2662 938 2859 996 Christi
2891 932 3186 994 sententias
3210 940 3444 995 motibus
3483 944 3662 996 varia-

2063 1045 2148 1090 tas
2173 1080 2187 1103 ,
2243 1043 2494 1105 tanquam
2524 1034 2614 1104 qui
2656 1030 3037 1103 postmodum,
3098 1032 3288 1087 melius
3329 1035 3663 1102 recogitans,

2059 1125 2247 1182 Maria:
2275 1127 2554 1194 tribuerit,
2585 1126 2730 1196 quod
2761 1135 2919 1185 antea
2951 1123 3273 1192 denegarit?
3301 1125 3406 1179 Sed
3440 1127 3532 1180 tali
3565 1144 3664 1180 cn-

377 1225 463 1279 vel
487 1224 829 1280 descendisse
857 1214 1075 1286 dicitur,
1107 1220 1302 1275 divina:
1337 1214 1684 1286 reuelationis
1704 1225 1968 1282 erga-nos
2068 1217 2313 1287 gitationi
2343 1219 2588 1287 protinus
2620 1216 2723 1270 Vas
2752 1214 3032 1270 electionis
3062 1215 3312 1279 obsistit,
3367 1217 3458 1285 qui
3484 1217 3538 1269 in
3571 1217 3665 1272 Dei

371 1320 549 1388 gratia
587 1317 1033 1380 commendatur;
1085 1324 1139 1370 et
1174 1330 1295 1370 cum
1319 1307 1786 1368 non-descendere
1809 1347 1823 1373 ,
1873 1303 1970 1362 sed
2065 1305 2225 1369 Filio,
2256 1306 2548 1360 secundum
2582 1304 3072 1359 immutabilitalem
3103 1304 3398 1358 divinitatis
3425 1315 3662 1372 auorum,

375 1410 671 1467 ascendere
711 1410 942 1473 dicitur,
990 1407 1266 1477 profectus
1312 1411 1512 1458 nostra:
1557 1395 1989 1454 illuminationis‘
2072 1396 2216 1452 nulla
2257 1413 2354 1451 nos
2391 1395 2773 1450 mutabilitatis
2810 1395 3119 1465 suspicione
3162 1396 3427 1466 permittit
3458 1393 3667 1462 errare,

383 1503 1146 1574 agnitionisquemonstratur.
2069 1486 2366 1542 Corinthiis
2383 1487 2454 1540 ita
2472 1486 2740 1541 scribens:
2775 1485 2872 1540 Dei
2894 1486 3030 1538 enim
3053 1484 3223 1538 Filius
3245 1484 3395 1541 Jesus
3432 1487 3673 1544 Christus

381 1590 563 1646 CAPUT
591 1606 707 1647 xui.
748 1588 827 1642 De
846 1605 998 1643 sensu
1014 1587 1166 1641 dicti:
1191 1584 1309 1639 Noli
1335 1598 1423 1638 me
1448 1576 1685 1650 tangere,
1713 1591 1816 1636 etc.
1847 1579 1972 1634 Bis-
2073 1578 2160 1648 qui
2183 1579 2243 1631 in
2270 1577 2409 1632 vobis
2438 1595 2529 1650 per
2552 1595 2645 1632 nos
2680 1577 2990 1648 prardicatus
3021 1584 3095 1631 est
3115 1617 3128 1640 ,
3166 1595 3258 1646 per
3284 1595 3390 1641 me,
3426 1589 3473 1632 et
3496 1578 3673 1633 Silua-

455 1663 642 1716 solutio
665 1660 1046 1716 contrarietatis
1075 1673 1190 1728 qut:
1212 1655 1410 1710 videtur
1427 1656 1567 1709 inter
1591 1652 1897 1724 Evangelia.

457 1750 639 1806 Talem
657 1750 913 1805 Dominus
923 1747 1079 1804 Jesus
1098 1762 1382 1804 ascensum
1401 1744 1739 1813 signiﬁcavit,
1757 1742 1973 1813 quando

2077 1686 2216 1734 num,
2250 1679 2298 1724 et
2329 1669 2675 1736 Timotheum,
2708 1686 2812 1723 non
2843 1668 2941 1739 fuit
2973 1679 2995 1704 ι·
3028 1669 3081 1721 in
3112 1669 3202 1720 illo
3231 1677 3304 1721 est
3331 1677 3378 1721 et
3408 1686 3509 1723 non
3530 1710 3544 1734 ,
3583 1671 3675 1734 sed

2073 1763 2231 1814 "es‘t‘in
2265 1759 2362 1814 “illo
2394 1761 2510 1831 fuit.
2547 1758 2806 1826 Quotquot
2838 1759 2975 1811 enim
2999 1759 3374 1827 promissiones
3415 1757 3506 1812 Dei
3530 1769 3675 1840 sunt,

386 1842 641 1912 tangendi
671 1857 730 1896 se
765 1841 1071 1899 facultatem
1099 1839 1280 1894 Mariae
1309 1837 1635 1907 Magdalenre
1673 1836 1971 1907 prohibuit.

2094 1855 2133 1905 τη
2177 1852 2270 1906 illo
2325 1851 2352 1889 δ
2407 1861 2525 1905 sunt
2559 1859 2672 1904 est:
2731 1850 2879 1914 ideo,
2924 1857 2972 1901 et
3007 1865 3099 1919 per
3147 1848 3315 1914 ipsum
3349 1860 3369 1885 ιτ
3413 1836 3676 1903 dicimus:

387 1933 518 1990 Post
552 1934 1000 1989 resurrectionem
1031 1947 1262 2002 namque
1287 1947 1410 1988 cum
1431 1931 1580 1986 ﬂenti
1609 1928 1975 1984 misericordi-

389 2033 472 2077 ter
516 2030 832 2092 appareret,
877 2019 1116 2077 Joannes
1157 2036 1280 2076 eum
1309 2020 1506 2077 dixisse
1545 2027 1973 2076 commemorata

390 2111 641 2169 Noli'me
682 2123 890 2184 tangere
913 2153 929 2177 ,
977 2111 1205 2166 nondum
1245 2112 1383 2166 enim
1423 2109 1634 2165 accendi
1671 2109 1742 2163 ad
1765 2108 1979 2162 Patren:

390 2220 558 2257 meum
591 2201 771 2273 (Joan.
803 2219 875 2256 xx
898 2243 912 2267 ,
947 2203 1058 2271 l7).
1102 2202 1200 2258 Hic
1227 2209 1400 2257 tactus
1427 2243 1441 2268 ,
1485 2200 1553 2255 de
1579 2215 1687 2269 quo
1722 2199 1981 2254 Dominus

390 2294 628 2364 loquitur
651 2333 666 2358 ,
699 2293 1035 2349 credulitatis
1065 2293 1326 2363 probatur
1353 2306 1473 2348 esse
1499 2332 1515 2359 ,
1558 2306 1665 2346 non
1685 2289 1978 2359 corporis“;

391 2384 629 2454 alioquin
652 2399 958 2454 repugnans
987 2384 1441 2452 evangelistarum
1471 2383 1776 2453 reperietur
1789 2393 1979 2435 asser-

392 2475 502 2539 tio;
535 2489 658 2528 nam
688 2489 808 2528 cum
837 2472 1074 2528 Joannes
1106 2473 1356 2542 tangendi
1381 2473 1664 2527 Dominum
1692 2471 1874 2526 Maria:
1900 2471 1983 2525 la-

382 2569 648 2631 qullatem
686 2573 1005 2635 praereptam
1034 2565 1208 2634 ipsius
1233 2564 1450 2620 Domini
1480 2570 1708 2618 testetur
1733 2562 1982 2632 imperio,

391 2653 619 2711 dicentis
645 2673 656 2707 :
699 2653 827 2718 Noli
867 2672 948 2708 me
967 2645 1193 2726 tangere
1212 2696 1228 2720 ,
1260 2655 1491 2709 nondum
1519 2655 1654 2709 enim
1684 2653 1894 2708 escendi
1915 2652 1986 2705 ad

395 2743 613 2801 Patrem
655 2763 824 2800 meum
856 2747 990 2816 (Act.
1025 2762 1081 2811 ι,
1114 2746 1173 2815 5)
1199 2787 1213 2811 ,
1255 2754 1312 2801 et
1345 2745 1632 2800 Dominum
1675 2747 1729 2798 in
1764 2745 1986 2810 omium,

394 2838 688 2894 secundum
718 2838 1007 2901 hominem,
1041 2837 1350 2893 ascendisse
1371 2836 1782 2906 quadragesimo
1803 2850 1986 2889 resur-

396 2931 651 2986 rectionis
688 2929 775 2983 die
803 2929 1082 3000 Scriptura
1123 2931 1406 2985 conﬁrmet
1447 2929 1614 2998 (quod
1648 2943 1770 2982 .non
1810 2928 1989 2982 solum

397 3019 648 3076 Ecclesia:
691 3027 892 3076 sancta:
913 3021 1200 3078 catholicae
1240 3019 1373 3075 ﬁdes
1411 3019 1733 3074 intemerata
1773 3018 1987 3084 retinet,

399 3112 495 3167 sed
523 3113 685 3166 etiam
715 3112 983 3166 variarum
1013 3112 1275 3166 breresum
1297 3150 1312 3175 ,
1359 3126 1546 3165 earum
1582 3110 1846 3164 duntaxat
1873 3123 1991 3178 quae

2081 1943 2243 1996 Amen
2269 1939 2375 1996 Deo
2398 1942 2466 1994 ad
2485 1942 2706 2011 gloriam
2727 1947 2948 1993 vestram
2973 1935 3060 2008 (11
3091 1937 3210 1993 Cor.
3242 1955 3281 2006 ι,
3314 1937 3398 2003 19,
3418 1939 3528 2010 20).
3557 1939 3675 1998 Non

2079 2047 2210 2100 ergo
2245 2030 2824 2098 hicevangelistarum
2871 2029 3141 2098 discrepat
3184 2025 3522 2094 intellectus;
3575 2047 3678 2090 nec,

2078 2122 2327 2178 Christus
2367 2130 2457 2175 aut
2491 2120 2724 2175 inaniter
2767 2135 2824 2173 se
2867 2119 3050 2186 tangi,
3099 2120 3336 2173 nondum
3384 2121 3678 2179 ascendens

2088 2213 2154 2265 aii
2181 2211 2421 2278 Patrem,
2451 2209 2750 2281 prohibuit,
2780 2215 2873 2262 aut
2894 2209 3159 2262 incassum
3191 2209 3290 2262 sibi
3313 2208 3479 2278 pedes
3509 2211 3680 2286 teneri

2085 2303 2348 2373 permisit.
2393 2302 2451 2356 ln
2496 2317 2605 2355 uno
2635 2300 2779 2356 enim
2809 2301 3204 2354 demonstrauit
3235 2301 3516 2371 veritatem
3557 2289 3682 2358 car-

2086 2393 2189 2455 nis,
2240 2394 2290 2447 in
2315 2393 2488 2447 altero
2523 2391 2819 2447 insinuavit
2847 2391 3072 2459 gloriam
3111 2391 3367 2460 deitatis;
3415 2393 3522 2449 illic
3545 2411 3676 2466 per,-

2087 2487 2234 2540 misit
2263 2499 2506 2552 manum,
2533 2484 2623 2539 hic
2647 2480 2677 2522 ἀ
2708 2484 2909 2539 amovit
2935 2483 3261 2540 intellectum
3287 2503 3300 2551 ;
3335 2493 3392 2539 ut
3422 2485 3474 2541 in
3506 2487 3684 2544 homi-

2091 2592 2162 2631 ne
2190 2576 2410 2631 Christo
2438 2575 2772 2631 resuscitata:
2802 2576 2984 2632 carnis
3013 2583 3322 2645 tangerctur
3346 2577 3547 2633 veritas
3571 2618 3588 2645 ,
3625 2584 3685 2636 et

2094 2669 2148 2722 in
2179 2667 2370 2722 eodem
2395 2667 2511 2721 Deo
2535 2665 2755 2721 Christo
2781 2674 3020 2736 paternae
3052 2666 3346 2721 divinitatis
3372 2667 3678 2722 crederetur

2091 2757 2386 2826 inqualitas.
2423 2756 2549 2810 ldeo
2589 2756 2750 2824 igitur
2787 2756 2950 2810 dicit:
2990 2753 3114 2810 Noli
3155 2769 3234 2810 tne
3276 2766 3519 2828 tangere,
3568 2760 3686 2829 quia

2093 2850 2319 2903 nondum
2351 2846 2559 2902 accendi
2589 2848 2657 2901 ad
2689 2847 2901 2902 Patrem
2935 2864 3122 2911 malm,
3166 2850 3291 2919 quia
3331 2847 3497 2904 Maria
3537 2851 3686 2922 Mag-

2093 2939 2286 2994 dalene
2307 2938 2545 2992 nondum
2578 2935 2726 2992 Patri
2753 2936 3014 3006 mquaiem
3039 2937 3315 3005 credebat,
3341 2953 3501 3009 quem
3541 2941 3688 2994 velut

2095 3032 2415 3086 exstindtum
2439 3030 2669 3084 leniinea
2692 3031 2894 3099 pietate
2916 3030 3221 3099 plangebat.
3253 3031 3391 3097 Quid
3413 3043 3493 3088 est
3515 3034 3687 3088 enim:

2099 3121 2227 3176 Noli
2270 3136 2352 3174 me
2379 3130 2592 3190 tangere
2617 3163 2630 3186 ,
2679 3121 3076 3175 nondumenim
3119 3122 3328 3174 ascendi
3369 3123 3438 3175 ad
3477 3121 3692 3196 Patrem

406 3205 560 3278 102
580 3216 722 3296 vera:
742 3202 994 3256 carnis-in
1017 3202 1112 3296 Dei
1135 3201 1268 3256 Filio
1293 3217 1403 3256 non
1425 3202 1668 3296 abnuunt
1686 3215 1992 3296 saeuam-
2020 3231 2066 3296 ε
2098 3225 2288 3277 meum,
2311 3210 2433 3275 nisi,
2453 3210 2579 3264 Noli
2604 3211 2716 3264 hoc
2740 3210 2798 3263 in
2829 3223 2914 3264 me
2941 3217 3151 3264 tantum
3183 3209 3403 3266 credere
3428 3212 3571 3281 quod
3595 3230 3694 3283 pu-

401 3300 548 3358 tum,
611 3291 824 3347 diversa
879 3291 1331 3360 multiformisque
1379 3291 1711 3353 credulitas,
1761 3291 1993 3346 univooo

403 3400 622 3456 prorsus
648 3383 993 3438 concelebrat
1020 3383 1299 3451 assensu),
1331 3383 1376 3439 si
1407 3383 1720 3452 priusquam
1738 3383 1996 3437 Dominus

403 3472 735 3528 ascendisset
763 3471 832 3526 ad
852 3470 1067 3527 Patrem
1087 3512 1101 3537 ,
1139 3472 1312 3527 noluit
1339 3473 1863 3541 corporali-accessu
1891 3472 1998 3525 Ma-

403 3566 497 3623 ria:
522 3565 794 3634 contingi,
826 3564 1100 3634 quomodo
1129 3563 1411 3627 Matthseus
1443 3566 1560 3634 ipso
1590 3565 2000 3620 resurrectionis

371 3708 378 3715 .
403 3657 491 3714 die
507 3698 531 3724 λ,
558 3655 778 3714 Mariam
810 3654 1178 3724 Magdalenam
1207 3697 1221 3721 ,
1258 3663 1314 3710 et
1333 3656 1493 3710 aliam
1523 3655 1786 3720 Mariam,
1829 3656 2000 3724 pedes

405 3747 828 3805 lesumemorat
866 3747 1150 3801 tenuisse?
1188 3745 1345 3812 Quod
1376 3754 1435 3800 ut
1463 3745 1799 3802 manifestius
1825 3761 1998 3814 agno-

406 3848 604 3905 scatur,
635 3848 810 3894 totum
837 3838 1075 3907 eiusdem
1099 3837 1205 3892 loci
1228 3839 1543 3908 capitulum,
1566 3839 1704 3894 sicut
1719 3838 2004 3893 Matthteus

408 3932 610 4003 posuit,
642 3929 767 3983 huic
796 3928 948 3997 operi
971 3919 1226 3982 duximus
1261 3929 1628 3984 inserendum.
1671 3929 1763 3983 Ait
1802 3929 1998 3996 igitur:

416 4022 644 4094 Vespere
667 4019 1082 4086 autemsabbati,
1115 4036 1231 4090 qua:
1266 4020 1476 4074 lucescit
1502 4022 1558 4074 in
1578 4022 1748 4090 prima
1775 4020 2000 4086 sabbati,

412 4115 547 4169 venit
581 4112 757 4166 Maria
785 4112 1100 4184 Magdalene
1121 4152 1136 4177 ,
1182 4122 1231 4167 et
1262 4114 1428 4167 altera
1463 4113 1641 4169 Maria
1664 4155 1678 4179 ,
1725 4115 1896 4169 uidere
1923 4131 2006 4168 se-

413 4206 670 4276 pulcrum.
706 4204 771 4258 Et
793 4221 907 4259 ecce
939 4213 1286 4261 terrazmotus
1307 4208 1486 4276 =factus
1527 4216 1603 4259 est
1633 4223 1871 4277 magnus.
1905 4209 2007 4259 An-

415 4294 560 4367 gelus
583 4305 753 4350 autem
772 4294 985 4351 Domini
1013 4296 1278 4352 descendit
1307 4297 1370 4349 de
1395 4297 1541 4360 ctelo,
1574 4307 1624 4350 et
1659 4297 1910 4351 accedens
1932 4315 2008 4351 re-

415 4387 567 4442 volvit
606 4386 872 4458 lapidem,
912 4396 962 4440 et
1009 4385 1216 4440 sedebat
1266 4403 1420 4457 super
1461 4405 1579 4442 eum
1616 4404 1634 4442 :
1693 4397 1807 4442 erat
1834 4397 2007 4442 autem

419 4487 655 4548 aspectus
697 4479 807 4548 ejus
844 4479 978 4532 sicut
1000 4478 1211 4549 fulgur,
1256 4487 1306 4532 et
1337 4480 1695 4536 uestimentum
1722 4479 1835 4550 ejus
1872 4480 2009 4534 sicut

419 4570 529 4624 nix.
571 4568 697 4623 Prw
726 4571 908 4624 timore
937 4579 1108 4623 autem
1134 4569 1248 4640 ejus
1269 4571 1502 4624 exterriti
1524 4579 1644 4625 sunt
1663 4570 1900 4625 custodes
1919 4612 1934 4637 ,
1959 4580 2010 4625 et

421 4663 546 4733 [acti
577 4670 698 4716 sunt
733 4661 866 4716 velut
889 4662 980 4731 (al.
1017 4662 1173 4733 sicut)
1203 4652 1415 4718 mortui.
1463 4662 1800 4735 Respondeas
1833 4673 2010 4719 autem

395 4755 634 4824 ~angelus
663 4754 796 4809 dixit
825 4755 1119 4810 mulieribus
1144 4773 1161 4809 :
1193 4754 1372 4811 Nolite
1392 4758 1571 4830 timere
1591 4773 1717 4812 vos:
1747 4759 1853 4812 scio
1874 4759 2015 4812 enim

423 4845 558 4918 quod
584 4844 781 4912 Jesum,
809 4846 898 4918 qui
927 4846 1207 4916 cruciﬁxus
1234 4854 1332 4911 est,
1365 4849 1595 4916 σώσει-ἱείς
1618 4865 1636 4912 ;
1663 4864 1766 4903 non
1787 4857 1864 4902 est
1886 4849 1967 4901 hic
1991 4865 2010 4902 :

425 4936 647 4988 surrexit
668 4936 826 5002 enim,
849 4937 1134 5003 sicutdixit
1155 4954 1172 5002 ;
1197 4938 1388 5002 venite,
1420 4938 1585 4992 uidete
1623 4939 1791 4992 locum
1811 4939 1897 4991 ubi
1920 4955 2014 5008 po-
2043 4983 2057 5001 .

410 5028 553 5098 Isitus
585 5035 698 5080 erat
727 5025 1004 5084 Dominus.
1056 5029 1125 5082 Et
1152 5031 1254 5084 cito
1275 5039 1461 5084 :euntes
1487 5068 1503 5094 ,
1545 5031 1702 5085 dicite
1743 5031 2014 5100 discipulis

422 5117 538 5189 ejus
574 5119 694 5188 quia
725 5122 1000 5186 surrexit;
1049 5131 1101 5175 et
1140 5138 1257 5177 ecce
1299 5123 1545 5196 prwcedit
1595 5122 1691 5192 (al.
1735 5123 2011 5196 prwcedet)

429 5225 514 5263 vos
542 5209 594 5262 in
621 5207 895 5264 Galilaram
918 5227 936 5263 :
971 5210 1049 5266 .ibi
1078 5230 1192 5267 eum
1226 5193 1479 5270 uidebitis.
1531 5213 1670 5268 Ecce
1707 5214 1821 5268 dixi
1851 5193 2014 5269 vobis.

429 5295 498 5350 Et
527 5299 762 5353 exierunt
800 5301 900 5356 cito
941 5299 1003 5354 de
1029 5311 1358 5358 monumento
1391 5319 1510 5358 cum
1532 5305 1716 5358 timore
1743 5313 1793 5358 et
1829 5303 2020 5374 gaudio

429 5403 636 5460 magno,
668 5402 927 5448 currentes
963 5394 1206 5448 nuntiare
1233 5393 1500 5465 discipulis
1529 5396 1661 5466 ejus.
1693 5393 1765 5449 Et
1802 5410 1915 5450 ecce
1931 5394 2025 5450 Je-

429 5493 517 5530 sus
551 5481 774 5535 occurrit
811 5481 916 5537 illis
941 5522 957 5548 ,
999 5481 1215 5536 dicens:
1257 5482 1428 5538 Aucte.
1475 5485 1596 5542 Illce
1621 5494 1806 5540 autem
1851 5501 2026 5541 acces-

502 5650 829 5734 l‘lta‘editi;
859 5664 915 5711 at
939 5671 1041 5734 ms.
1063 5656 1260 5734 Corn,
1285 5674 1392 5734 non
1423 5659 1619 5734 [niteat
1639 5667 1691 5724 et
1717 5677 1841 5730 non,
1869 5663 2024 5734 juxta

435 5728 642 5802 ιεξιειξη
666 5724 914 5802 graecum
942 5731 1033 5782 οὐκ
1055 5729 1246 5802 ἐνέβη-ρ
1270 5733 1352 5784 ναὶ
1380 5724 1464 5784 xui
1490 5730 1568 5785 οὕ.

430 5837 485 5914 ὡ
501 5791 823 5924 1glht’ae‘iiasil.
855 5814 868 5863 ;
901 5804 956 5851 at
983 5791 1097 5854 ηιδί
1113 5799 1283 5856 (Σαὼ.
1307 5815 1409 5855 nec
1429 5813 1538 5858 non
1561 5800 1755 5859 Colon.
1791 5813 1849 5861 et
1871 5805 2020 5880 Ant,

1773 5972 1860 6014 ἐκ

2064 3334 2071 3344 ο
2101 3310 2186 3355 tas
2211 3345 2224 3367 ,
2255 3301 2377 3356 enoli
2397 3301 2510 3354 hoc
2550 3302 2599 3354 in
2630 3299 2793 3355 corde
2813 3300 3035 3354 ﬁrmare
3079 3301 3221 3370 quod
3250 3301 3529 3356 aestimas?
3567 3305 3695 3371 quia

2101 3394 2339 3464 quandiu
2370 3394 2541 3448 inme
2569 3392 2660 3447 illa
2690 3399 2899 3446 tantum
2929 3407 3047 3462 qua:
3077 3400 3201 3446 sunt
3229 3395 3406 3446 carnis
3437 3395 3692 3459 attendis,

2102 3485 2466 3555 mqualitatem
2501 3499 2674 3538 meam
2706 3497 2827 3537 cum
2859 3481 3015 3535 Patre
3042 3496 3148 3536 non
3182 3481 3368 3535 sentis.
3407 3479 3473 3535 Et
3504 3469 3693 3538 revera

2105 3577 2341 3631 nondum
2361 3574 2475 3628 illis
2493 3573 2751 3627 ’Ghristus
2780 3569 2932 3644 103
2961 3571 3203 3626 ascendit
3233 3570 3297 3624 ad
3322 3570 3569 3636 Patrem,
3600 3574 3693 3641 qni

2102 3665 2252 3719 Patri
2283 3665 2473 3718 Filium
2505 3675 2614 3718 non
2641 3661 2966 3717 conﬁtentur
2989 3661 3270 3729 aequalem.
3309 3660 3696 3718 Festinandum

2107 3757 2288 3823 itaque
2316 3763 2416 3818 est,
2455 3767 2510 3807 ut
2541 3753 2906 3820 unusquisque
2925 3751 3311 3823 perfectionem
3340 3759 3394 3805 et
3414 3754 3697 3806 veritatem

2104 3846 2356 3898 humanm
2381 3853 2591 3897 nam
2623 3844 2686 3897 in
2718 3841 2811 3898 Dei
2837 3839 2980 3897 Filio
3004 3844 3231 3898 credens
3255 3882 3271 3908 ,
3321 3850 3574 3911 tanquam
3607 3861 3702 3913 pe-

2108 3937 2206 3992 dos
2232 3935 2632 3991 Christi-teneat
2656 3980 2671 4006 ,
2715 3936 3066 4006 ejusdemque
3083 3933 3207 3990 Filii
3237 3935 3306 3990 de
3324 3935 3487 3990 Patre
3517 3945 3700 3990 natam
3778 3948 3781 3949 '

2108 4028 2467 4083 substantiam
2483 4027 2744 4092 fateatur,
2776 4036 2834 4080 ut
2849 4024 2936 4080 "illi
2963 4025 3212 4080 Christus
3233 4025 3298 4078 ad
3323 4023 3535 4080 Patrem
3559 4068 3573 4090 ,
3609 4042 3704 4096 per

2110 4117 2475 4188 aequalitatem
2509 4117 2768 4171 naturalis
2791 4114 3107 4181 divinitatis,
3138 4114 3412 4169 ascendat.
3455 4114 3591 4181 Quid
3623 4123 3705 4169 est

2111 4207 2254 4262 enim
2282 4224 2295 4259 :
2331 4203 2581 4260 Nondum
2605 4205 2817 4259 escendi
2839 4205 2908 4257 ad
2929 4203 3143 4257 'Patrem
3173 4221 3370 4266 meum,
3405 4206 3534 4271 nisi,
3569 4208 3706 4261 infra

2113 4297 2328 4352 Patrem
2355 4298 2630 4352 existimas
2655 4335 2670 4361 ,
2699 4311 2860 4364 quem
2891 4301 3167 4349 mortuum
3204 4293 3430 4364 ploras?
3479 4294 3544 4348 Et
3576 4296 3706 4364 quid

2113 4397 2197 4443 est
2225 4407 2237 4443 :
2273 4386 2326 4440 Ν
2331 4389 2402 4442 ali
2429 4397 2778 4457 nte-tangere,
2803 4383 2935 4448 Nisi,
2971 4384 3079 4439 noli
3109 4384 3162 4438 in
3194 4400 3260 4440 eo
3300 4385 3422 4440 ﬁdei
3452 4394 3555 4440 tua:
3577 4404 3706 4441 ino-

2114 4494 2228 4536 tum
2253 4479 2985 4548 statuere?‘Qnotiescunque
3015 4478 3158 4532 enim
3186 4476 3437 4533 volumus
3464 4479 3712 4550 quolibet

2037 4607 2091 4670 Β
2116 4570 2358 4625 membro
2385 4569 2586 4638 aliquid
2613 4576 2836 4635 tangere
2854 4611 2868 4635 ,
2901 4567 3002 4623 nisi
3029 4567 3269 4637 ejusdem
3295 4569 3522 4624 membri
3551 4571 3707 4626 ﬁnie-

2117 4665 2284 4719 rimus
2310 4672 2513 4716 motum
2539 4703 2552 4726 ,
2607 4673 2713 4715 non
2755 4661 2983 4716 dicimus
3014 4669 3255 4717 tactum:
3308 4662 3488 4717 tandiu
3526 4676 3706 4718 autem

2121 4755 2420 4811 membrum
2463 4753 2602 4807 illud
2652 4767 2870 4809 necesse
2914 4761 2998 4808 est
3032 4769 3384 4819 moveamus,
3434 4755 3608 4810 donec
3639 4753 3710 4810 ad

2120 4865 2271 4914 rem,
2320 4863 2480 4917 quam
2507 4849 2756 4904 volumus
2779 4856 3030 4916 tangere,
3072 4846 3350 4900 veniamus
3379 4887 3394 4911 ,
3440 4857 3462 4882 ε
3489 4849 3716 4903 ulterius

2121 4950 2300 4995 autem
2330 4947 2536 4994 motum
2565 4939 2792 4992 membri
2822 4954 2931 4992 non
2961 4938 3299 5008 porrigimus,
3333 4949 3613 5009 postquam
3646 4931 3720 4994 ad

2123 5039 2322 5084 tactum
2350 5030 2614 5096 integrum
2645 5029 2972 5083 venerimus.
3015 5028 3105 5082 Sic
3127 5036 3182 5082 et
3207 5028 3368 5083 animi
3399 5029 3566 5085 nostri
3599 5046 3713 5082 nm-

2129 5129 2239 5174 tum
2271 5119 2380 5174 illic
2409 5119 2711 5182 statuimus,
2745 5105 2889 5188 quod
2920 5119 2971 5172 in
3004 5118 3167 5174 corde
3198 5126 3381 5172 nostro
3402 5119 3724 5175 credulitate

2130 5207 2422 5264 ﬁrmamus.
2482 5207 2716 5264 Proinde
2741 5252 2756 5277 ,
2799 5209 2849 5263 "si
2880 5223 3000 5277 quae
3029 5207 3189 5278 digna
3217 5219 3272 5263 et
3301 5225 3536 5278 congrua
3575 5219 3724 5276 sunt,

2131 5300 2417 5355 credamus
2465 5301 2534 5356 de
2581 5301 2836 5365 Christo,
2921 5308 3050 5353 tunc
3110 5300 3378 5367 tangimus
3425 5301 3724 5356 Christum.

2099 5457 2104 5462 η
2132 5392 2380 5464 Quisquis
2410 5403 2589 5450 autem
2613 5393 2710 5448 Dei
2737 5391 2953 5458 Filium,
2979 5392 3278 5448 secundum
3307 5392 3724 5446 divinamnatn-

2132 5499 2247 5540 ram
2273 5527 2287 5552 ,
2319 5486 2581 5556 aequalem
2601 5483 2754 5538 Patri
2787 5500 2892 5539 non
2917 5482 3126 5548 credit,
3163 5482 3398 5538 nondum
3429 5483 3502 5536 illi
3534 5484 3601 5538 ad
3629 5481 3728 5536 Pa-

2215 5677 2234 5704 ε
2268 5665 2343 5721 Ita
2368 5667 2495 5722 editi
2523 5685 2536 5732 ;
2568 5673 2753 5722 atms.
2785 5664 2954 5721 Corb.
2987 5673 3250 5721 etrtextus
3283 5663 3503 5719 Griecus
3525 5703 3541 5730 ,
3588 5664 3733 5734 ideo,

2139 5747 2187 5792 et
2211 5756 2302 5806 per
2328 5740 2495 5808 ipsum
2523 5737 2682 5792 Amen
2712 5737 2922 5792 Deo-ad
2941 5738 3441 5808 gloriam-nostram.

2211 5797 2234 5844 δ
2265 5797 2361 5862 Ms:
2396 5809 2621 5874 Victor.,
2647 5797 2956 5867 admonuit.~

2212 5889 2231 5916 °
2260 5878 2357 5936 Ms.
2381 5878 2569 5947 C0rb.,
2599 5880 2830 5938 alterius.
