4026 6336
284 348 382 408 Ilii
1511 285 1621 389 Ἀι)
1657 302 1886 387 rasSu

1996 329 2156 386 mnu
2193 327 2322 384 me.
2363 328 2428 384 ιι.
3463 339 3572 396 ,οι

287 473 424 521 trem
441 459 689 518 Christus
715 451 988 519 succutit;
1008 457 1066 508 et
1091 448 1179 507 cui
1203 445 1374 504 Filius
1399 460 1511 502 non
1540 444 1782 500 ascendit
1809 443 1878 498 ad
1906 452 1947 510 Α
1980 444 2171 500 licetur
2199 458 2392 500 nomen
2421 449 2595 506 tuum,
2623 457 2731 498 non
2753 444 2890 516 quod
2915 451 3144 517 optemus
3165 445 3276 505 Deo
3298 458 3354 504 ut
3375 457 3572 511 sancti-

291 556 528 618 Patretn,
583 546 840 619 tangendi
865 543 1139 600 Christum
1165 556 1277 596 non
1307 538 1502 609 accipit
1530 537 1836 592 laeultatem
1863 554 1875 589 :
1985 537 2166 606 ﬁcetur
2189 534 2509 590 orationibus
2535 538 2748 600 nostris.
2797 538 2888 591 sed
2912 541 3048 610 quod
3079 544 3295 612 petimus
3325 544 3389 599 ab
3417 565 3476 602 eo
3514 557 3572 604 ut

291 649 364 704 illi
386 653 573 701 autem
595 656 729 698 vere
748 639 915 695 Filius
939 633 1184 692 ascendit
1211 633 1279 688 ad
1307 633 1542 698 Patrem,
1566 631 1658 701 qui
1685 629 1882 684 Filium
1981 645 2169 683 nomen
2189 627 2301 698 ejus
2325 628 2676 698 sanctiﬁcetur
2695 629 2750 682 in
2772 629 2937 684 nobis.
2964 640 2988 668 ⁸
3003 631 3253 689 Craterum
3275 654 3306 690 a
3321 654 3418 709 quo
3431 637 3571 696 Deus

293 736 436 790 Patri
463 730 751 804 aequalem,
779 723 1224 798 sempiternitatis
1247 733 1306 778 et
1331 718 1710 776 immensitatis
1733 717 1884 788 pari-
1983 720 2360 791 sanetiﬁcatur,
2390 722 2473 794 qui
2502 722 2611 791 ipse
2634 723 2968 793 sanctiﬁcat?
2999 726 3090 778 sed
3108 729 3230 798 quia
3261 731 3371 800 ipse
3399 733 3531 788 dixit
3553 751 3572 790 :

290 828 440 882 litate
473 839 584 880 non
611 819 836 888 ambigit
854 859 871 886 ,
919 822 981 872 ut
1009 815 1201 870 Filium
1229 813 1400 868 Deum
1422 853 1438 879 ,
1487 810 1556 866 de
1584 810 1698 866 Deo
1723 809 1884 865 Patre
1979 808 2168 865 Sancti
2188 818 2381 877 estote,
2405 811 2530 880 quia
2551 817 2606 866 et
2632 825 2733 880 ego
2761 821 2978 868 sanctus
2999 829 3116 869 sum
3141 815 3327 888 (Levit.
3354 837 3428 887 xi,
3459 822 3571 894 44),

291 915 609 973 naturaliter
633 910 875 980 genitum
898 948 912 974 ,
941 921 1047 962 nec
1071 904 1432 975 posteriorem
1459 901 1691 956 aestimet
1712 941 1726 966 ,
1780 913 1887 956 nec
1977 900 2042 955 id
2067 903 2305 972 petimus,
2337 911 2385 956 et
2407 919 2671 974 rogamus,
2700 911 2758 956 ut
2786 905 2870 976 qui
2899 907 2955 960 in
2985 905 3236 978 baptismo
3261 905 3577 985 sancti/irati

289 1006 557 1060 minorem
583 1019 596 1056 :
623 1001 751 1070 quia
775 1015 886 1054 non
907 995 1156 1066 :equaiis,
1183 994 1229 1050 si
1247 993 1428 1048 minor
1453 992 1746 1058 immenso,
1778 1005 1883 1046 nec

289 1101 597 1150 conatur-nus
616 1128 633 1153 ,
664 1090 712 1147 si
738 1088 1012 1160 posterior
1037 1086 1370 1156 sempiterno
1395 1101 1409 1150 ;
1443 1092 1672 1152 uterque
1699 1089 1884 1137 autem

219 1257 222 1260 g
286 1201 476 1243 sexiens
500 1199 533 1240 a
561 1181 763 1239 Christi
791 1189 941 1236 tactu
962 1186 1198 1250 separat,
1227 1178 1354 1250 quia
1373 1192 1486 1233 non
1513 1184 1761 1245 exaequat
1783 1174 1886 1228 Pa-

289 1276 357 1332 tri
383 1275 604 1341 Filium,
631 1272 730 1329 sed
755 1271 1010 1327 minores.
1051 1267 1369 1338 Hujusotli
1398 1279 1577 1324 autem
1605 1267 1765 1337 digne
1785 1282 1884 1322 au-

287 1368 416 1424 dita
433 1365 654 1423 Christo
677 1383 692 1419 :
724 1363 857 1419 Noli
881 1379 966 1418 me
987 1373 1218 1434 tangere,
1245 1359 1481 1415 nondum
1498 1359 1643 1414 enim
1671 1358 1884 1413 accendi

286 1460 355 1514 ad
383 1458 603 1514 Patrem
629 1472 822 1512 mum.
869 1455 1124 1525 Quisquis
1157 1454 1309 1509 enim
1343 1461 1565 1521 tangere
1603 1450 1881 1508 Christum

288 1565 396 1608 nou
426 1549 648 1615 sinitur,
675 1549 747 1603 ab
768 1547 888 1617 ejus
916 1547 1103 1617 utique
1130 1560 1362 1616 corpore
1384 1552 1704 1615 separatur;
1736 1544 1899 1613 quod-

289 1649 368 1698 est
393 1649 581 1696 autem
599 1653 800 1708 corpus
821 1635 1044 1700 Christi,
1061 1637 1170 1696 nisi
1189 1635 1429 1694 ECCIesia
1453 1635 1655 1690 ChriSti
1677 1636 1701 1688 ll
1730 1633 1885 1689 Unde

290 1732 610 1802 intelligitur
627 1731 777 1801 quia,
805 1729 983 1786 donec
1012 1728 1206 1800 aliquis
1231 1725 1425 1783 Filium
1447 1725 1550 1782 Dei
1586 1725 1881 1783 secundum

1985 1011 2178 1060 sumus,
2209 997 2265 1049 in
2294 1012 2353 1050 eo
2380 997 2515 1066 quod
2539 1013 2651 1051 esse
2679 999 2940 1067 cwpimus,
2973 1018 3372 1071 perseveremus,
3404 1018 3454 1061 et
3482 1011 3577 1064 hoc

1983 1083 2208 1154 quotidie
2234 1085 2590 1156 deprecamur.
2615 1086 2765 1156 Opus
2803 1097 2880 1143 est
2906 1091 3043 1144 enim
3081 1092 3229 1148 nobis
3271 1097 3580 1166 quotidiana

1985 1176 2419 1246 sanctiﬁcatione,
2459 1185 2515 1230 ut
2557 1178 2644 1248 qui
2692 1181 2919 1248 quotidie
2965 1183 3330 1255 delinquimus,
3388 1187 3578 1243 delicta

1983 1274 2165 1320 nostra
2194 1268 2605 1337 sanctiﬁcatione
2630 1270 2844 1323 assidua
2863 1269 2891 1308 δ
2917 1288 3266 1346 repurgemus.
3290 1276 3347 1333 Si
3378 1277 3470 1347 (al.
3505 1280 3578 1336 si-

1985 1359 2099 1428 cut)
2125 1373 2257 1427 ergo
2286 1357 2681 1415 sanctiﬁcantes
2697 1358 2997 1431 Christum,
3028 1380 3128 1420 nos
3156 1367 3573 1439 sanctiﬁcamur,

1985 1458 2042 1505 et
2053 1464 2245 1505 nomen
2261 1451 2356 1505 Dei
2375 1449 2700 1506 sanctiﬁcari
2715 1461 3020 1522 poscentes,
3040 1471 3138 1511 nos
3155 1456 3356 1513 donum
3377 1462 3578 1517 sancti-

1984 1540 2249 1598 ﬁcationis
2268 1543 2579 1614 accipimus,
2607 1558 2704 1598 cur
2719 1545 3023 1602 exultantes
3037 1545 3231 1617 Deum,
3264 1566 3368 1606 non
3397 1553 3577 1622 potius

1985 1649 2084 1688 nos
2112 1649 2210 1704 per
2231 1634 2592 1702 intelligentizc
2611 1633 2914 1704 profectum
2949 1636 3174 1692 exaltari
3211 1649 3232 1678 ε
3260 1639 3578 1697 credamus?

1985 1723 2141 1790 Quod
2178 1725 2222 1778 si
2261 1723 2429 1778 Deum
2463 1724 2786 1792 exultantes,
2817 1738 2917 1779 nos
2937 1726 3119 1796 potius
3150 1729 3452 1784 excitamur
3480 1731 3574 1802 (al.

286 1824 522 1881 divinam
543 1820 900 1879 substantiam
920 1819 1185 1889 aqualem
1203 1833 1315 1874 non
1335 1817 1510 1874 credit
1527 1815 1694 1883 Patri,
1719 1832 1884 1873 mem-
1912 1829 1960 1892 Β
1977 1814 2329 1882 ιθιιιιιιιιιιιιε),
2349 1813 2597 1869 similiter
2623 1830 2744 1870 cum
2787 1815 2940 1871 nobis
2982 1817 3170 1874 venire
3215 1819 3428 1888 dicitur,
3475 1812 3576 1878 tio-

250 1950 255 1954 .
287 1918 395 1974 bris
421 1915 630 1972 Christi
673 1929 773 1984 per
817 1921 1026 1969 tactum
1065 1912 1194 1968 ﬁdei
1245 1927 1353 1966 non
1387 1918 1573 1981 potest
1596 1910 1879 1982 copulari;

289 2011 376 2065 ille
401 2018 587 2064 autem
630 2004 887 2063 dominici
925 2003 1173 2075 corporis
1212 2010 1364 2058 tenet
1391 2000 1638 2072 profecto
1663 2015 1884 2072 compa-

287 2115 430 2170 ge,
449 2099 542 2155 cui
568 2095 736 2153 Filius
755 2094 999 2151 ascendit
1024 2093 1090 2148 ad
1125 2093 1375 2160 Patrem;
1400 2093 1479 2147 illi
1507 2100 1691 2149 autem
1714 2091 1885 2148 Filius

289 2192 532 2250 ascendit
553 2191 623 2247 ad
643 2189 880 2256 Patrem,
907 2188 1001 2259 qui
1029 2186 1286 2243 deitatem
1298 2185 1421 2241 Filii
1438 2185 1551 2241 Deo
1568 2183 1714 2239 Patri
1743 2184 1881 2241 fate-

290 2294 374 2340 tur
417 2282 705 2355 aequalem.
746 2278 1030 2337 Manifesta
1073 2279 1259 2348 itaque
1301 2277 1478 2332 claret
1506 2289 1604 2346 per
1636 2275 1784 2330 illum
1813 2273 1886 2330 ad

292 2373 504 2430 Patrem
551 2385 842 2428 ascensum
875 2367 1041 2434 Filii,
1089 2376 1289 2423 nostra:
1347 2366 1528 2437 potius
1577 2364 1883 2434 profectum

293 2466 411 2520 ﬁdei
445 2462 831 2528 demonstrari,
872 2476 977 2517 nos
1023 2459 1168 2516 enim
1203 2475 1334 2518 eum
1379 2457 1782 2528 quodammodo
1827 2459 1885 2514 in

293 2557 487 2612 nostris
509 2554 767 2610 cordibus
786 2551 1115 2619 exultamus,
1141 2551 1358 2621 quando
1387 2551 1466 2605 sic
1494 2551 1546 2605 in
1578 2550 1695 2619 ejus
1721 2551 1886 2606 {intel-

294 2649 509 2718 ligentia
539 2647 866 2710 crescimus,
885 2653 945 2700 ut
972 2645 1042 2700 de
1067 2644 1181 2708 illo,
1213 2650 1472 2712 tanquam
1499 2642 1568 2697 de
1590 2642 1704 2698 Deo
1727 2658 1879 2708 vero,

291 2756 403 2811 quas.
428 2739 629 2795 divinas
655 2736 964 2795 celsitudini
997 2735 1097 2808 (al.
1128 2734 1314 2789 divina
1344 2733 1689 2805 celsitudine)
1720 2734 1883 2804 digna

291 2838 411 2887 sunt
435 2830 759 2898 cogitemus.

354 2943 538 3000 CAPUT
584 2957 695 2998 m.
741 2940 882 3006 Quid
920 2943 990 2995 sit
1026 2939 1195 2994 Deum
1233 2940 1484 2995 exaltare.
1540 2938 1678 3004 Quid
1718 2942 1788 2994 sit

908 3011 1261 3082 sanctiﬁcare.

357 3107 435 3161 Ad
463 3105 610 3160 hanc
637 3119 739 3159 nos
777 3102 875 3158 Dei
897 3102 1286 3158 exaltatione
1315 3101 1485 3156 David
1511 3108 1734 3157 sanctus
1761 3101 1886 3156 hor-

1986 1913 2154 1960 strum
2182 1905 2483 1975 proiectum
2513 1905 2770 1960 debemus
2791 1906 3034 1974 credere,
3052 1907 3116 1962 ‘in
3146 1924 3212 1964 eo
3227 1911 3382 1980 quod
3409 1927 3469 1966 se
3495 1913 3580 1967 di.

1983 1997 2110 2052 vina
2136 1996 2391 2067 maiestas
2420 1998 2619 2054 nostris
2642 1998 2893 2068 dignatur
2915 1999 3168 2056 cordibus
3195 2003 3455 2059 revelare.

1987 2133 2169 2207 Csrur
2208 2150 2297 2189 xv.
2333 2131 2600 2207 Quomodo
2641 2153 2673 2189 a
2717 2135 2921 2207 Christo
2967 2139 3130 2207 virtus
3171 2141 3325 2207 exiit,
3357 2143 3582 2198 muliere

2056 2204 2317 2276 ﬁmbriam
2346 2205 2454 2276 ejus
2487 2215 2745 2276 tangente.
2775 2205 3040 2270 Quomodo
3061 2204 3296 2264 Christus
3311 2204 3471 2266 nobis
3503 2230 3580 2267 ve-

2058 2275 2172 2355 nire
2199 2275 2406 2340 dicitur,
2423 2285 2530 2355 (aut
2629 2277 2861 2355 propria.
2884 2277 3126 2355 _Spiritus
3153 2288 3362 2336 sanctus
3385 2299 3581 2355 quoque

2048 2349 2334 2402 .immeasus
2354 2353 2451 2400 est.
2484 2345 2614 2400 Tota
2637 2345 2862 2402 Trinitas
2880 2345 3148 2404 immensa.
3397 2345 3408 2354 ’
3451 2419 3454 2422 _
3497 2345 3509 2355 ’
3592 2357 3606 2367 “

2049 2461 2191 2514 Nam
2219 2460 2266 2516 si
2305 2458 2471 2513 Filius
2503 2458 2596 2513 Dei
2633 2459 2700 2513 ad
2739 2475 2838 2515 nos
2877 2460 3036 2516 locali
3082 2469 3234 2518 motu
3279 2463 3576 2530 descendit,

1988 2554 2233 2609 localiter
2278 2553 2345 2607 de
2393 2552 2486 2610 illo
2513 2552 2683 2606 virtus
2731 2553 2897 2608 exivit
2932 2571 2945 2606 :
2979 2569 3099 2608 cum
3141 2556 3283 2610 enim
3332 2556 3578 2626 quaedam

1984 2646 2200 2710 mulier,
2234 2647 2285 2699 in
2319 2644 2582 2715 proﬂuvio
2625 2645 2899 2712 sanguinis
2944 2646 3233 2701 constituta
3268 2645 3416 2718 (Luc.
3467 2665 3578 2716 vm,

1987 2735 2059 2790 1'3
2081 2744 2130 2790 et
2160 2736 2314 2807 sequ),
2347 2735 2692 2791 facultatibus
2737 2736 3048 2806 viribusque
3075 2740 3431 2810 consumptis,
3459 2757 3579 2796 oni-

1991 2828 2078 2880 nis
2107 2842 2226 2895 qua:
2247 2827 2433 2880 habuit
2461 2835 2684 2895 propter
2710 2825 3073 2882 inﬁmitatem
3102 2828 3298 2895 ﬁniret,
3324 2839 3377 2886 et
3411 2832 3581 2890 solam

1991 2916 2379 2984 inﬁrmitatem,
2413 2933 2573 2987 quam
2601 2918 2805 2972 habere
2844 2918 3035 2986 nollet,
3061 2919 3215 2978 ﬁnire
3239 2939 3348 2978 non
3378 2934 3582 2994 posset,

1990 3009 2017 3046 Α
2041 3017 2201 3078 atque
2239 3025 2268 3063 a
2309 3010 2517 3065 ccelesti
2563 3008 2774 3065 medico
2815 3012 2982 3078 gratis
3029 3013 3206 3068 curari
3251 3013 3583 3082 desiderans,

1989 3103 2204 3157 occulte
2252 3102 2514 3158 fimbriam
2547 3111 2794 3170 tangens,
2847 3102 2988 3158 lidcli
3019 3113 3178 3175 raptu
3206 3107 3454 3161 sanitatis
3484 3107 3583 3164 sibi

292 3205 446 3261 tatur,
467 3196 656 3252 dicens
681 3211 694 3247 :
727 3193 977 3247 Exaltate
1007 3191 1292 3248 Dominum
1321 3190 1490 3245 Deum
1529 3199 1786 3257 nostrum,
1831 3198 1882 3245 et
1907 3195 1956 3260 ε
1987 3193 2260 3248 iuraretur
2280 3193 2550 3261 ell'ectum,
2574 3195 2662 3249 ille
2675 3195 3007 3251 credulitatis
3029 3199 3274 3253 conscius
3296 3204 3351 3254 et
3373 3200 3580 3268 salutis,

291 3286 498 3340 adorata
524 3283 808 3339 scabellum
834 3282 1022 3352 pedum
1049 3281 1181 3350 ejus,
1227 3280 1476 3350 quoniam
1511 3270 1751 3334 sanctum
1784 3290 1880 3336 est.

293 3375 456 3447 (Psal.
491 3390 688 3436 xcvnt,
723 3369 798 3442 5).
823 3371 894 3426 Et
922 3371 1084 3442 paulo
1109 3380 1238 3441 post
1270 3387 1283 3423 :
1317 3369 1570 3426 Exaltate
1602 3371 1886 3428 Dominum

295 3467 452 3522 Deum
479 3475 715 3525 nostrum
735 3505 749 3530 ,
777 3473 826 3518 et
853 3463 1068 3518 adorata
1105 3464 1160 3517 in
1196 3471 1370 3518 monte
1391 3473 1574 3520 sancto
1601 3466 1733 3536 ejus.
1767 3482 1889 3537 quo-

295 3561 430 3613 niam
461 3567 676 3613 sanctus
711 3556 967 3612 Dominus
995 3553 1138 3610 Deus
1178 3565 1356 3610 noster
1403 3556 1598 3625 (Ibit,
1629 3556 1706 3627 9).
1748 3557 1889 3623 Quid

294 3660 370 3706 est
394 3660 580 3706 autem
602 3649 848 3705 exaltare
867 3646 1177 3712 Dominum,
1202 3646 1305 3702 nisi
1323 3660 1444 3715 quae
1460 3647 1718 3703 altissima
1739 3658 1885 3715 sunt,

289 3742 628 3797 dealtissimo
651 3740 874 3797 credere
885 3740 908 3794 i
919 3736 1036 3795 Hoc
1049 3746 1134 3794 est
1149 3738 1336 3808 utique
1357 3739 1411 3793 in
1436 3747 1621 3794 monte
1635 3740 1884 3806 adorare,

295 3843 475 3888 ntcum
489 3833 562 3888 de
575 3832 687 3887 Deo
699 3831 1016 3898 cogitamus,
1034 3829 1168 3884 nihil
1180 3829 1248 3884 de
1262 3827 1353 3883 illo
1369 3828 1574 3884 humile
1582 3822 1854 3900 sapiamus
1869 3849 1883 3884 :

291 3924 364 3980 sic
380 3925 434 3979 in
457 3923 621 3979 nobis
648 3935 782 3978 vero
807 3921 964 3993 ιω
983 3919 1271 3985 exaltatur,
1297 3919 1516 3988 quando
1530 3934 1653 3975 eum
1681 3920 1889 3975 exalta-

289 4032 425 4078 mns,
442 4031 570 4072 cum
588 4015 662 4070 sit
676 4014 791 4084 ipse
805 4027 1025 4082 semper
1045 4011 1359 4077 altissimus;
1371 4013 1512 4066 sicut
1522 4013 1579 4067 in
1592 4013 1745 4068 nobis
1763 4027 1888 4067 san-

294 4104 806 4176 ctiﬁcatw,-quando
823 4119 947 4161 eum
967 4102 1388 4169 sanetilicamus,
1399 4118 1524 4158 cum
1541 4117 1757 4174 semper
1775 4105 1893 4174 ipse

296 4207 505 4254 maneat
539 4199 784 4254 sanctus.
833 4195 971 4250 Nam
999 4193 1192 4250 beatus
1233 4192 1428 4248 Petrus
1467 4195 1720 4250 admonet
1767 4212 1890 4265 nos,

297 4292 498 4346 dicens:
527 4288 810 4343 Dominum
827 4301 949 4340 uero
978 4283 1243 4339 Christum
1279 4283 1610 4354 sanctiﬁcate
1634 4286 1689 4338 in
1717 4286 1890 4339 cordi-

1990 3291 2067 3340 ait
2096 3303 2108 3336 :
2145 3285 2332 3355 Tetigit
2359 3301 2438 3338 me
2466 3287 2692 3357 aliquis:
2717 3297 2840 3339 nam
2868 3303 2961 3358 ego
2991 3289 3108 3341 novi
3139 3289 3376 3343 virtutem
3405 3290 3469 3343 de
3501 3307 3584 3344 me

1989 3377 2178 3429 exisse.
2207 3375 2347 3441 Quid
2373 3376 2532 3442 igitur
2557 3376 2669 3430 haec
2695 3376 2864 3430 virtus
2892 3389 3010 3443 quae
3039 3376 3105 3430 de
3127 3376 3354 3430 Domino
3382 3373 3583 3432 eiii-it?

1992 3469 2230 3539 nunquid
2283 3468 2532 3524 exeundo
2581 3467 2864 3522 discessit?
2906 3484 2973 3521 an
3026 3467 3091 3521 ad
3149 3469 3448 3523 sanandam
3508 3469 3583 3527 sic

1989 3560 2176 3614 exiens
2206 3559 2377 3627 potuit
2399 3557 2704 3627 pervenire,
2735 3564 2795 3611 ut
2826 3573 2855 3610 a
2881 3557 3163 3613 Saivatore
3192 3558 3438 3613 localiter
3476 3575 3583 3618 non

1992 3656 2175 3718 posset
2195 3648 2378 3702 exire?
2405 3646 2564 3712 Quod
2611 3646 2656 3700 si
2684 3645 2933 3701 localiter
2957 3647 3024 3700 ab
3053 3661 3138 3713 eo,
3172 3647 3262 3716 qui
3288 3647 3463 3701 virtus
3504 3648 3583 3702 di-

1991 3741 2153 3804 citur,
2183 3739 2355 3792 virtus
2373 3737 2564 3804 exivit,
2595 3736 2805 3791 dicatur
2832 3737 3064 3807 qualiter
3095 3737 3264 3791 virtus
3307 3752 3337 3792 a
3385 3737 3584 3794 virtute

1992 3833 2283 3888 discessit?
2328 3831 2384 3886 Si
2430 3845 2561 3885 vero
2602 3830 2724 3885 talis
2761 3828 3052 3885 credulitas
3098 3828 3223 3884 ﬁdei
3263 3829 3584 3886 Christianas

1994 3924 2206 3977 videtur
2271 3923 2588 3990 incongrua,
2639 3935 2746 3974 non
2795 3919 2959 3974 alium
3017 3925 3265 3989 putemus
3312 3918 3461 3973 illum
3515 3919 3584 3976 de

1995 4014 2211 4068 Christo
2238 4012 2456 4068 virtutis
2483 4012 2709 4076 exitum,
2747 4012 2900 4082 105
2929 4009 3029 4066 nisi
3059 4010 3251 4065 divina:
3290 4011 3583 4068 curationis

1993 4105 2280 4160 enectum:
2313 4114 2441 4161 tunc
2487 4103 2631 4160 enim
2653 4101 2724 4157 ad
2765 4102 3046 4158 mulierem
3071 4088 3245 4157 virtus
3285 4101 3587 4159 Salvatoris

1994 4200 2180 4262 exivit,
2208 4198 2424 4268 quando
2444 4198 2498 4251 in
2526 4213 2586 4252 se
2608 4197 2863 4251 virtutem
2887 4195 3080 4250 divina:
3107 4195 3400 4251 curationis
3421 4186 3582 4264 agnae

1993 4295 2091 4349 vit.
2124 4291 2214 4347 Sic
2241 4305 2371 4359 ergo
2399 4290 2497 4344 Dei
2523 4288 2711 4351 Filius,
2756 4289 2848 4358 qui
2893 4296 2979 4343 est
3015 4287 3186 4342 virtus
3225 4294 3280 4342 et
3320 4273 3582 4357 sapientia

293 4391 380 4434 sus
404 4377 586 4433 uestris
613 4373 674 4447 (l
700 4374 847 4430 Petr.
877 4390 955 4440 ιιι,
985 4371 1099 4444 15);
1127 4373 1254 4442 quid
1284 4380 1369 4428 est
1410 4382 1592 4430 autem
1617 4373 1890 4429 Christum
1995 4385 2110 4449 Dei,
2155 4384 2396 4437 locorum
2423 4391 2639 4436 creator
2658 4388 2715 4434 et
2757 4387 3084 4450 temporum,
3127 4377 3582 4447 quemadmodum

297 4469 654 4536 sanctiﬁcare,
667 4467 768 4522 nisi
788 4465 858 4522 de
875 4464 1094 4520 Christo
1115 4479 1238 4534 quae
1260 4471 1445 4520 sanus
1463 4471 1591 4519 sunt
1617 4465 1886 4533 cogitare!

1996 4487 2206 4547 tempus
2227 4489 2387 4530 omne
2405 4474 2764 4544 sempiternus
2777 4473 3049 4543 prmcedit,
3073 4473 3152 4528 sic
3169 4487 3382 4526 omnem
3403 4471 3582 4526 locum

303 4561 420 4628 Qua:
449 4559 708 4630 cogitatio
736 4573 845 4612 non
867 4557 1042 4622 illum,
1071 4556 1168 4614 sed
1192 4571 1292 4611 nos
1331 4555 1649 4623 sanctiﬁcat,
1673 4566 1733 4611 et
1759 4572 1886 4613 san-

1996 4569 2288 4623 immensus
2331 4565 2714 4634 exoeditjqui
2754 4565 2911 4620 nobis
2965 4572 3096 4619 tunc
3139 4564 3324 4619 venire
3366 4563 3582 4627 dicitur,

300 4654 576 4709 ctilicando
606 4658 912 4714 conservat,
943 4649 1085 4708 sicut
1113 4647 1371 4704 Salomon
1410 4648 1543 4703 dicit
1572 4667 1584 4701 :
1629 4648 1888 4721 Cogitatio

301 4755 471 4800 sancta
491 4742 719 4799 servabit
751 4751 816 4796 te.
844 4741 970 4810 ipse
1009 4752 1229 4812 quoque
1260 4738 1522 4794 Dominus
1565 4739 1722 4807 jubet
1747 4749 1804 4794 ut
1835 4741 1891 4795 in

266 4876 282 4884 -
307 4837 541 4890 oratione
585 4834 831 4890 dicamus
855 4850 866 4884 :
899 4830 1268 4900 Sanctiﬁcatur
1294 4845 1480 4884 nomen
1526 4839 1696 4894 manu;
1723 4839 1779 4886 et
1807 4839 1890 4886 ta-

303 4943 417 4982 men
470 4927 614 4984 hunc
664 4922 925 4984 orationis
964 4922 1150 4982 locum
1197 4920 1283 4976 .sic
1321 4922 1514 4980 beatus
1559 4921 1892 4980 inteliexisse

306 5021 634 5087 cognoscitur
655 5016 978 5090 Cyprianus,
1001 5023 1062 5080 ut
1090 5016 1145 5074 in
1173 5015 1279 5071 hac
1301 5013 1471 5070 divini
1497 5017 1733 5072 nominis
1760 5032 1890 5072 san-

305 5110 640 5180 ctiﬁcatione,
677 5089 784 5165 non
813 5089 984 5165 Deum
1009 5107 1218 5172 diceret
1237 5106 1586 5172 sanetiﬁcari,
1608 5108 1705 5164 sed
1726 5109 1893 5165 nobis

307 5203 494 5259 donum
531 5200 977 5260 sanctiﬁcationis
1024 5199 1220 5261 divina
1261 5199 1514 5259 conferri.
1555 5200 1617 5255 In
1663 5201 1889 5272 epistola

309 5313 528 5370 namque
554 5300 624 5355 de
645 5297 916 5355 dominica
937 5294 1550 5367 orationequibusdun
1579 5296 1890 5366 pramissis,

296 5389 381 5445 ita
404 5390 636 5463 loquitur
660 5408 675 5444 :
701 5388 831 5446 Post
849 5389 946 5446 hoc
967 5388 1064 5458 (al.
1091 5387 1346 5460 posthaec)
1381 5388 1602 5442 dicimus
1624 5405 1648 5443 :
1672 5387 1888 5445 Sancti-

371 5602 404 5631 ⁴
423 5592 505 5650 ita
529 5609 637 5649 ms.
658 5591 830 5648 ﬂorb.
856 5597 912 5646 et
937 5590 1098 5656 editi;
1119 5595 1185 5644 at
1219 5603 1324 5646 ms.
1363 5587 1592 5655 Victam,
1621 5602 1726 5643 non
1753 5603 1889 5662 quoa

309 5661 444 5734 Deus
469 5663 849 5734 sanctiﬁcatur,
880 5670 988 5717 etc.

381 5733 404 5770 δ
432 5733 526 5789 Ms.
554 5733 786 5804 Victam,
810 5749 1103 5804 purgemus.

389 5816 406 5843 ε
427 5804 533 5862 Ms.
564 5803 753 5870 Corb.,
771 5803 1080 5858 credemur.

1968 4675 2119 4714 'cum
2147 4673 2245 4712 nos
2275 4657 2577 4711 illuminare
2603 4656 2872 4722 dignatur.
2913 4655 2989 4709 De
3037 4655 3154 4725 ipso
3184 4667 3414 4722 namque
3456 4651 3582 4707 dicit

2000 4749 2368 4817 evangelista:
2423 4747 2487 4800 In
2535 4745 2726 4798 mundo
2769 4754 2896 4810 erat,
2943 4755 2991 4798 et
3027 4745 3245 4798 mundus
3288 4761 3378 4814 per
3416 4745 3585 4813 ipsum

2001 4841 2094 4910 (al.
2128 4839 2267 4910 eum)
2298 4841 2464 4911 factus
2494 4847 2587 4903 est,
2619 4847 2668 4890 et
2702 4836 2926 4890 mundus
2951 4853 3065 4890 eum
3095 4853 3198 4890 non
3228 4836 3502 4907 cognovit:
3532 4838 3586 4892 in

2001 4934 2212 5003 propria
2239 4933 2392 4998 venit,
2424 4942 2473 4986 et
2517 4932 2596 4985 sui
2635 4947 2749 4985 eum
2787 4947 2887 4983 non
2941 4939 3256 5000 receperunt.
3305 4928 3590 4996 Quomodo

1999 5026 2164 5095 igitur
2185 5033 2238 5080 et
2263 5026 2316 5080 in
2348 5023 2545 5080 mundo
2577 5022 2740 5078 fuisse
2769 5022 2982 5087 dicitur,
3017 5030 3072 5076 et
3115 5021 3169 5075 in
3197 5020 3452 5078 mundum
3503 5038 3591 5074 vc—

2001 5120 2145 5173 nisse
2185 5117 2467 5172 ﬁrmatur?
2510 5133 2577 5171 an
2623 5115 2748 5169 illud
2779 5122 2862 5169 est
2899 5115 3176 5184 potentia},
3223 5100 3362 5170 istud
3405 5115 3592 5183 gratim

1997 5208 2396 5278 deputandum?
2425 5206 2500 5260 ιω
2529 5207 2688 5276 plane
2720 5223 2731 5257 :
2763 5204 3056 5264 secundum
3085 5204 3414 5260 divinitatem
3448 5219 3593 5257 nam.

1999 5316 2104 5371 que
2134 5315 2284 5354 suam
2316 5315 2414 5354 nec
2443 5299 2580 5354 cmlo
2615 5313 2848 5370 unquam
2879 5299 3071 5367 deluit,
3101 5314 3202 5354 nec
3230 5296 3460 5360 inferno,
3494 5310 3593 5348 nec

2001 5391 2244 5446 mundo:
2279 5391 2469 5444 Omnia
2511 5390 2646 5444 enim
2693 5407 2784 5456 per
2836 5391 3005 5460 ipsum
3059 5399 3108 5444 et
3155 5391 3208 5446 in
3261 5391 3374 5457 ipso
3415 5394 3593 5442 creata

2073 5585 2107 5662 ἀγ
2133 5588 2256 5662 Haec
2286 5589 2466 5655 verba,
2498 5599 2648 5662 atque
2677 5607 2709 5642 a
2749 5591 2938 5662 cwlesti
2968 5590 3190 5662 _medico
3221 5591 3384 5662 gratis
3411 5599 3582 5662 curari

2002 5659 2322 5724 desiderans,
2353 5659 2623 5716 absunt'a
2665 5661 2784 5716 cod.
2834 5659 3502 5727 ms.‘V=iotor..;'habeuur
3530 5659 3582 5714 in

1996 5730 2203 5785 ceteris
2233 5730 2418 5800 codd.,
2442 5732 2562 5788 edd.
2593 5743 2651 5787 et
2669 5748 2772 5788 ius.
2806 5729 2968 5786 (ἔοι-ιι.
