4072 6332
510 349 614 418 265

1723 354 1778 410 s.
1821 316 2181 412 FULCENTII
2220 323 2590 417 RUSPEI‘iSlS

3689 374 3797 430 264

509 455 653 541 sunt,
683 481 733 530 et
758 474 869 546 ipse
893 480 970 530 est
989 481 1110 529 ante
1131 489 1326 538 omnes,
1357 476 1407 524 et
1430 471 1605 525 omnia
1627 472 1682 522 in
1720 470 1832 540 ipso
1861 477 2099 525 constant
2122 475 2178 535 Α
2204 473 2262 528 Si
2293 474 2642 533 absconditus
2665 477 2828 534 fuerit
2867 480 3031 538 homo
3072 481 3128 538 in
3154 483 3504 552 absconditis,
3531 499 3634 558 ego
3666 507 3798 562 ergo

516 568 738 640 (Coloss.
770 581 807 632 ι,
841 565 926 632 16,
958 565 1082 635 17);
1113 561 1405 617 secundum
1443 560 1674 630 gratiam
1721 574 1848 614 vero
1887 567 2016 617 tunc
2046 560 2100 616 in
2127 602 2130 605 -

515 660 771 716 mundum
800 658 967 724 venit,
996 653 1211 724 quando
1240 653 1483 723 pereunti
1509 650 1709 707 mundo
1737 652 1871 707 mira
1900 653 2101 724 pietate

514 753 780 819 subvenit,
840 748 983 820 quod
1031 747 1193 801 etiam
1247 746 1362 816 ipse
1411 752 1655 812 testatur,
1711 744 1942 802 dicens:
1974 743 2100 801 Non

514 825 649 900 etiim
672 843 809 898 misit
835 840 973 895 Deus
995 837 1194 894 Filium
1223 856 1372 894 suum
1399 847 1456 892 ut
1476 837 1677 910 judicet
1715 839 1984 906 mundum,
2009 839 2103 894 sed

512 945 568 991 ut
596 936 817 990 salvetur
844 932 1064 987 mundus
1092 949 1183 1003 per
1215 933 1383 1001 ipsum
1413 931 1593 1002 (Joan.
1625 947 1703 999 ιιι,
1737 931 1846 1002 i7).
1879 929 1976 986 Est
1998 931 2101 1000 igi-

516 1037 603 1082 tur
640 1030 933 1081 immensus
988 1025 1084 1079 Dei
1127 1023 1312 1090 Filius,
1356 1022 1498 1079 sicut
1536 1021 1698 1078 Pater
1748 1031 1803 1080 et
1849 1022 2100 1092 Spiritus,

514 1119 768 1190 quoniam
799 1118 868 1174 de
896 1117 1011 1189 ipso
1039 1117 1241 1172 dictum
1267 1124 1350 1172 est
1381 1135 1393 1170 :
1426 1116 1656 1190 Magnus
1676 1125 1774 1186 est,
1806 1127 1980 1173 etnon
2009 1119 2105 1173 ha-

515 1210 608 1277 bet,
624 1210 800 1280 finem,
845 1208 1077 1262 excelsus
1119 1218 1167 1261 et
1203 1208 1483 1262 immensus
1515 1207 1743 1278 (Baruch
1773 1224 1849 1274 ιιι,
1881 1207 1973 1279 25)
1996 1225 2012 1275 ;
2037 1208 2107 1265 de
2127 1248 2143 1253 -

515 1316 624 1370 quo
652 1300 815 1371 paulo
840 1307 962 1371 post
996 1299 1191 1355 dicitur
1222 1317 1234 1352 :
1267 1298 1399 1354 Post
1425 1300 1536 1354 haec
1565 1302 1619 1354 in
1658 1301 1810 1355 terris
1838 1301 1974 1355 visus
2005 1308 2102 1366 est,

515 1401 565 1446 et
591 1409 706 1447 cum
735 1391 1024 1447 hominibus
1055 1400 1384 1447 conversatus
1413 1401 1488 1446 est
1513 1391 1700 1464 (Ibid.,
1731 1389 1845 1462 58).
1875 1391 2109 1447 immen-

515 1498 606 1538 sus
634 1490 716 1538 est
744 1482 909 1537 etiam
936 1481 1167 1552 Spiritus
1195 1488 1414 1536 sanctus
1443 1498 1456 1534 :
1488 1480 1633 1550 quod
1672 1481 1850 1535 sciens
1873 1481 2108 1551 prophe-

515 1573 821 1642 ta,dicebat
845 1573 912 1628 ad
935 1573 1103 1628 Deum
1127 1591 1140 1625 :
1167 1570 1280 1637 Quo
1310 1571 1392 1627 ibo
1421 1590 1454 1625 a
1481 1571 1685 1644 Spiritu
1711 1581 1815 1637 tuo,
1838 1580 1888 1626 et
1915 1589 1949 1625 a
1973 1573 2119 1643 facie.

517 1673 606 1718 tua
634 1681 732 1734 quo
781 1665 979 1736 fugiam
1011 1663 1182 1734 (Psal.
1235 1679 1490 1728 cxxsvm,
1531 1663 1621 1733 7)?
1647 1661 1819 1730 Quem
1845 1662 2107 1733 Spiritum

515 1756 631 1823 Dei,
672 1763 731 1810 ut
756 1756 932 1826 ipsum
960 1763 1204 1811 sanctum
1240 1754 1500 1826 Spiritum
1538 1756 1802 1826 propheta
1840 1770 2107 1811 memora-
2143 1790 2145 1792 -

2175 582 2314 622 'non
2337 566 2531 623 videbo
2553 569 2714 623 eum?
2737 586 2916 627 nonne
2943 573 3138 628 coelum
3167 583 3224 630 et
3246 584 3444 632 terram
3474 594 3575 648 ego
3598 580 3800 652 impleo

2207 656 2339 728 (Jer.
2366 673 2514 725 χχιιι,
2547 657 2636 723 25,
2661 657 2795 728 24)?
2838 659 2908 714 Et
2944 662 3168 718 iterant:
3198 662 3255 719 ln
3299 668 3446 722 omni
3493 667 3614 725 loco
3655 675 3800 729 oculi

2204 747 2302 804 Dei
2347 749 2695 820 speculantur
2739 749 2914 806 bonos
2961 760 3018 807 et
3057 754 3231 810 malos
3279 755 3460 826 (Prov.
3495 776 3583 823 xv,
3616 762 3696 830 5).
3730 762 3802 818 Et

2203 839 2410 913 quando
2438 841 2494 894 in
2517 857 2678 894 unum
2721 855 2834 896 cum
2862 843 3110 914 fratribus
3139 850 3487 917 convenimus,
3518 862 3568 906 et
3589 857 3798 926 sacriﬁ-

2206 935 2287 989 cia
2316 934 2492 988 divina
2529 949 2644 988 cum
2674 933 2774 989 Dei
2800 937 3070 992 sacerdote
3110 939 3447 1010 celebramus,
3481 949 3803 1004 verecundia:

2205 1034 2255 1082 et
2277 1026 2570 1096 disciplinae
2592 1043 2846 1082 memores
2873 1044 2985 1082 esse
3024 1030 3303 1087 debemus:
3337 1052 3439 1090 non
3462 1039 3660 1106 passim
3681 1058 3804 1096 ven-

2207 1117 2357 1172 tilare
2381 1134 2555 1188 preces
2578 1126 2787 1172 nostras
2812 1120 3098 1176 inconditis
3131 1125 3359 1194 vocibus,
3387 1143 3482 1181 nec
3500 1131 3804 1198 petitionem

2205 1206 2670 1262 commendandam
2711 1210 2942 1266 modeste
2965 1211 3078 1267 Deo
3127 1215 3442 1271 tumultuosa
3489 1219 3804 1290 loquacitate

2199 1300 2427 1372 jactare,
2475 1303 2596 1371 quia
2637 1303 2778 1359 Deus
2829 1322 2933 1360 non
2960 1307 3118 1375 vocis,
3146 1309 3239 1362 sed
3272 1310 3442 1364 cordis
3470 1312 3677 1368 auditor
3703 1325 3803 1382 est,

2209 1405 2301 1443 nec
2329 1391 2685 1447 admouendus
2713 1403 2790 1448 est
2817 1395 3150 1460 clamoribus.
3174 1399 3261 1469 qui
3287 1401 3622 1470 cogitationes
3643 1404 3800 1471 videt,

2209 1481 2462 1552 probante
2505 1482 2733 1540 Domino
2759 1494 2810 1539 et
2837 1487 3042 1542 dicente
3063 1505 3081 1542 :
3111 1487 3250 1555 Quid
3277 1492 3526 1558 cogitatis
3568 1509 3801 1563 nequam

2210 1574 2265 1629 in
2280 1574 2532 1630 cordibus
2559 1576 2756 1632 vestris
2781 1576 2996 1650 (Matth.
3021 1595 3096 1645 rx,
3119 1579 3210 1650 4)?
3228 1579 3300 1634 Et
3321 1583 3426 1636 alio
3446 1583 3558 1639 loco
3581 1584 3802 1643 :Scient

2208 1678 2401 1718 omnes
2429 1663 2686 1721 Ecclesite
2731 1666 2864 1736 quia,
2907 1681 3008 1736 ego
3054 1684 3174 1724 sum
3213 1680 3488 1727 scrutator
3512 1673 3538 1712 ἀ
3572 1675 3717 1731 renis
3743 1685 3801 1733 et

2209 1753 2386 1809 cordis
2414 1755 2598 1826 (Apoc.
2631 1771 2689 1823 ιι,
2707 1755 2820 1828 23).
2857 1775 2878 1810 ι
2913 1757 3112 1816 Beatus
3125 1762 3588 1834 certeCyprianus
3606 1766 3796 1836 Deum,

445 1839 448 1842 ’
516 1857 601 1902 tus
645 1846 970 1913 ostenderet,
1003 1845 1147 1902 dicit
1191 1845 1303 1902 Deo
1335 1864 1347 1899 :
1380 1844 1467 1900 Ne
1503 1846 1753 1916 projicias
1790 1861 1871 1900 me
1910 1862 1943 1899 α
1972 1847 2104 1917 facie
2129 1848 2180 1911 Β
2206 1859 2370 1915 quem
2395 1845 2532 1901 dixit
2552 1848 2753 1918 ubique
2791 1863 2914 1906 esse
2942 1859 3284 1922 praesentem,
3317 1857 3502 1912 audire
3529 1874 3720 1916 omnes
3745 1869 3801 1919 et

515 1948 623 2006 tua,
654 1948 706 1994 et
733 1939 990 2010 Spiritum
1013 1945 1249 1994 sanctum
1275 1947 1415 1991 tuum
1444 1954 1507 1991 ne
1531 1939 1740 2009 auferas
1769 1955 1802 1994 α
1828 1953 1909 1990 me
1928 1936 2101 2007 (Psal.
2144 1972 2149 1976 -

514 2047 569 2097 ι,
602 2028 710 2098 15).
743 2029 913 2095 Quem
941 2027 1198 2098 Spiritum
1229 2028 1324 2082 Dei
1355 2029 1528 2098 ipsum
1554 2043 1674 2083 esse
1699 2028 1956 2098 Spiritum
1979 2042 2107 2082 san-
2137 2076 2146 2081 -

513 2129 661 2176 ctum
696 2119 988 2191 Apostolus
1029 2134 1246 2191 quoque
1273 2121 1376 2175 hac
1414 2121 1759 2175 attestatione
1789 2119 2056 2190 signiﬁcat
2087 2138 2102 2174 :

514 2210 694 2267 Nolite
733 2212 1042 2267 contristare
1085 2211 1339 2284 Spiritum
1377 2221 1613 2266 sanctum
1636 2211 1764 2278 Dei,
1811 2214 1867 2266 in
1894 2229 1993 2284 quo
2033 2212 2108 2266 si-
2145 2261 2150 2265 .

512 2304 659 2375 gnati
686 2303 808 2357 estis
855 2303 912 2357 in
942 2312 968 2339 ιι
996 2303 1080 2356 die
1120 2303 1485 2373 redemptionis
1517 2301 1736 2374 (Ephes.
1781 2319 1854 2370 ιν,
1893 2301 2007 2372 50).
2038 2301 2108 2358 Et

513 2393 622 2448 alio
650 2394 771 2449 loco
803 2411 816 2446 :
845 2391 948 2458 Qui
969 2403 1140 2448 autem
1163 2394 1274 2449 [uec
1300 2395 1515 2465 spernit,
1548 2410 1652 2448 non
1680 2394 1936 2448 hominem
1963 2410 2108 2465 sper-

513 2493 610 2550 ntt,
636 2485 729 2539 sed
753 2483 940 2552 Deum,
965 2485 1053 2557 qui
1071 2487 1226 2540 etiam
1255 2487 1394 2541 dedit
1419 2486 1673 2556 Spiritum
1691 2495 1930 2541 sanctum
1956 2501 2107 2540 suum

512 2578 566 2630 in
596 2576 743 2631 nobis
774 2575 830 2648 (I
861 2576 1041 2634 Thess.
1067 2595 1139 2647 tv,
1169 2578 1248 2649 8).
1272 2577 1426 2635 Hunc
1449 2580 1706 2649 Spiritum
1736 2579 1833 2634 Dei
1859 2587 2108 2636 sanctum

511 2670 592 2726 sic
618 2670 938 2727 immensum
976 2671 1142 2726 David
1184 2672 1519 2742 pronuntiat,
1569 2679 1627 2726 ut
1675 2672 1785 2728 Deo
1814 2671 1976 2744 (sicut
2013 2687 2107 2728 su-

511 2761 694 2832 perius
718 2761 1160 2832 memoravimus)
1190 2762 1334 2816 dicat
1366 2780 1379 2815 :
1414 2761 1528 2827 Quo
1558 2761 1641 2818 ibo
1685 2779 1719 2816 a
1761 2762 1965 2833 Spiritu
1994 2771 2104 2834 tuo,

511 2863 561 2910 et
586 2871 618 2908 a
643 2855 779 2926 facie
809 2864 896 2908 tua
923 2871 1021 2925 quo
1054 2855 1286 2926 fugiam?
1335 2854 1396 2910 Si
1426 2855 1707 2910 escendero
1733 2856 1788 2909 in
1825 2856 2023 2922 calum,
2049 2863 2106 2910 tu

511 2943 618 2998 illic
646 2960 729 3010 es;
772 2953 822 2998 et
869 2944 917 2997 si
962 2943 1272 2998 descendero
1321 2945 1374 2999 in
1412 2945 1693 3017 infernum,
1733 2946 1890 3011 ades;
1919 2955 1970 3000 et
2001 2945 2027 2985 δ
2056 2947 2106 3003 si

512 3051 838 3104 assumpsero
868 3051 1065 3106 pennas
1094 3052 1234 3091 meas
1262 3037 1315 3090 in
1337 3036 1639 3102 directione,
1670 3037 1785 3093 sive
1814 3037 1976 3116 (sicut
1999 3037 2104 3094 alia

511 3126 791 3182 translatio
829 3127 1014 3198 habet)
1053 3136 1174 3182 ante
1201 3129 1387 3194 lucem,
1425 3137 1475 3182 et
1514 3129 1810 3184 habitavero
1846 3131 1902 3184 in
1931 3131 2101 3185 nouis-

2207 1932 2410 2001 videre,
2437 1943 2495 1992 et
2521 1936 2820 2007 majestatis
2843 1955 2954 1995 sua
2981 1940 3315 2012 plenitudine
3337 1945 3441 2001 "in
3469 1946 3649 2003 abdita
3672 1965 3801 2019 quo-

2205 2039 2312 2094 que
2338 2034 2394 2081 et
2433 2027 2645 2082 occulta
2671 2038 2988 2099 penetrare,
3019 2033 3194 2103 ipsum
3234 2050 3448 2106 quoque
3474 2054 3586 2093 non
3614 2043 3798 2112 vocis,

2207 2115 2303 2172 sed
2331 2117 2510 2175 cordis
2537 2122 2732 2176 asserit
2759 2122 3083 2192 auditOrem,
3116 2141 3218 2182 nec
3257 2128 3653 2186 admonendum
3684 2137 3800 2190 cla-

2207 2211 2467 2276 moribus,
2499 2212 2590 2280 qui
2617 2214 2978 2282 cogitationes
3003 2217 3176 2284 videt;
3208 2219 3380 2290 ipsum
3407 2237 3622 2293 quoque
3646 2229 3800 2296 ponit

2207 2304 2474 2360 dicentem
2501 2323 2515 2362 :
2551 2305 2690 2372 Quid
2709 2312 2951 2382 cogitatis
2991 2331 3212 2386 nequam
3239 2319 3294 2371 in
3317 2321 3557 2376 cordibus
3579 2327 3800 2381 vestris?
3885 2351 3890 2354 -

2145 2457 2148 2461 ἴ
2207 2396 2271 2451 Et
2286 2399 2394 2454 alio
2407 2400 2528 2458 loco
2553 2420 2567 2455 :
2600 2403 2780 2459 Scient
2807 2423 2982 2463 omnes
3006 2407 3257 2468 Ecclesia!
3273 2416 3396 2483 quia
3417 2433 3510 2487 ego
3529 2435 3643 2472 sum
3663 2438 3800 2476 seruo

2210 2497 2348 2544 tutor
2387 2492 2530 2547 renis
2559 2503 2610 2547 et
2647 2496 2841 2550 cordis.
2875 2494 3003 2554 Haec
3030 2507 3210 2555 autem
3230 2503 3352 2571 quis
3378 2508 3583 2561 nesciat
3610 2525 3639 2562 a
3663 2509 3798 2568 Filio

2209 2577 2306 2634 Dei
2335 2579 2500 2646 dicta,
2519 2584 2660 2640 sicut
2678 2585 3032 2659 Apocalypsis
3051 2589 3512 2666 Evangeliumque
3535 2605 3798 2659 testatur?

2209 2669 2377 2727 Filius
2405 2673 2565 2742 igitur
2594 2675 2758 2749 (sicut
2785 2687 3002 2736 sanctus
3031 2685 3224 2740 asserit
3252 2685 3572 2760 Cyprianus)
3603 2693 3797 2764 ubique

2209 2779 2446 2833 praesens
2473 2776 2578 2829 est.
2610 2768 2752 2824 idem
2782 2786 2971 2828 omnes
2999 2775 3148 2830 audit
3189 2786 3245 2832 et
3268 2778 3434 2845 videt,
3463 2791 3520 2837 et
3548 2785 3796 2853 majesta-

2209 2855 2278 2910 tis
2306 2872 2416 2912 sum
2459 2859 2793 2929 plenitudine
2822 2863 2877 2917 in
2916 2864 3098 2921 abdita
3126 2883 3341 2940 quoque
3382 2881 3438 2927 et
3465 2876 3675 2930 occulta
3703 2893 3797 2948 pe~

2208 2953 2411 3016 netrat,
2441 2964 2542 3005 nec
2566 2951 2895 3010 clamoribus
2923 2955 3294 3015 admonendus
3336 2972 3421 3017 est
3457 2965 3549 3033 qui
3588 2968 3796 3036 cogita~

2208 3036 2386 3092 tiones
2432 3038 2595 3095 videt.
2660 3040 2798 3099 Huic
2823 3046 3008 3100 sensui
3035 3045 3257 3104 Joannis
3285 3053 3626 3121 evangelista:
3652 3055 3798 3117 dicta

2207 3128 2558 3196 concordant,
2589 3131 2683 3200 qui
2710 3131 2842 3189 dicit
2867 3133 2936 3189 de
2959 3137 3280 3204 quibusdam
3307 3158 3318 3193 :
3353 3138 3488 3205 Quia
3513 3143 3666 3199 Jesus
3693 3163 3798 3205 non

511 3219 640 3274 simo
683 3220 890 3274 maris:
922 3219 1112 3274 etenim
1151 3219 1272 3273 illuc
1311 3234 1494 3273 manus
1537 3227 1626 3272 tua
1664 3219 1878 3274 deducet
1913 3237 2013 3286 me,
2053 3228 2104 3276 et

2209 3219 2448 3274 credebat
2473 3223 2804 3292 semetipsum
2831 3224 2962 3291 illis,
2986 3243 3046 3281 eo
3074 3231 3212 3298 quod
3251 3231 3361 3302 ipse
3389 3244 3561 3289 nosset
3587 3253 3797 3299 omnes-

511 3313 788 3370 continebit
817 3331 896 3369 me
923 3314 1139 3369 dextera
1167 3323 1271 3369 tua.
1304 3314 1519 3370 Manum
1553 3315 1728 3372 Patris
1756 3317 1949 3373 Filium
1978 3319 2099 3374 nul-

511 3406 593 3462 lus
621 3407 844 3478 ambigit
870 3407 1239 3474 nominari,de
1257 3422 1366 3476 quo
1395 3408 1513 3478 ipse
1534 3408 1674 3464 Deus
1702 3409 1834 3465 dicit
1859 3428 1870 3463 :
1901 3409 2098 3466 Nonne

511 3515 694 3552 manus
721 3515 834 3552 mea
863 3499 984 3571 fecit
1012 3497 1123 3552 haec
1151 3498 1367 3553 omnia?
1399 3508 1422 3537 ο
1454 3498 1705 3555 Attamen
1730 3501 2016 3571 propheta,
2041 3509 2100 3557 ut

508 3591 824 3646 Trinitatem
854 3585 1133 3661 aequaliter
1179 3591 1496 3661 prmdicaret
1542 3591 1882 3658 immensam,
1907 3600 1962 3648 et
1990 3592 2096 3649 Pa-

511 3690 647 3738 trem
669 3681 1010 3750 signiﬁcavit,
1042 3681 1128 3737 cui
1168 3681 1344 3737 dixit:
1379 3680 1492 3746 Quo
1520 3684 1606 3738 ibo
1649 3701 1682 3739 a
1727 3684 1928 3756 Spiritu
1970 3687 2098 3742 tuo?

509 3780 565 3828 et
585 3773 757 3842 ipsum
786 3771 1066 3842 Spiritum,
1082 3786 1114 3826 a
1129 3788 1237 3842 quo
1265 3777 1326 3827 se
1350 3772 1430 3826 ire
1450 3773 1537 3827 vel
1557 3772 1742 3842 fugere
1768 3775 1914 3830 nullo
1933 3776 2098 3834 modo

508 3878 670 3934 posse
698 3869 960 3928 testatur;
984 3870 1040 3917 et
1065 3861 1262 3917 Filium
1291 3863 1703 3933 demonstravit,
1733 3865 1825 3920 ubi
1853 3881 1912 3922 se
1933 3882 1966 3921 a
2000 3868 2098 3924 Dei

508 3968 674 4007 manu
702 3953 865 4007 etiam
904 3952 959 4006 in
1001 3953 1295 4010 novissimo
1333 3953 1498 4010 maris
1543 3955 1797 4024 praedicat
1822 3956 2097 4015 deducen»

509 4043 635 4099 dum
660 4062 674 4115 :_
707 4051 767 4099 ut
794 4053 1118 4114 agnoscatur
1143 4044 1320 4100 Patris
1335 4052 1398 4100 'et
1426 4045 1548 4101 Filii
1577 4054 1633 4102 et
1659 4046 1892 4118 Spiritus
1921 4052 2097 4108 sancti

509 4150 616 4192 una
646 4149 766 4192 esse
793 4135 1147 4204 immensitas,
1197 4146 1253 4193 et
1303 4153 1409 4193 una
1456 4124 1820 4209 praesentiain
1849 4144 2097 4202 omnibus

508 4227 794 4283 creaturis.
825 4226 952 4283 litec
976 4236 1059 4284 est
1088 4228 1322 4286 Trinitas
1343 4247 1479 4287 unus
1509 4232 1669 4300 Deus,
1700 4235 1791 4304 qui
1834 4237 1972 4292 sicut
1997 4253 2097 4308 po-

509 4319 614 4376 tuit
639 4319 786 4376 solus
825 4321 1076 4378 universa
1124 4323 1376 4391 condere,
1407 4325 1487 4380 sic
1530 4333 1708 4396 potest
1735 4330 1918 4384 omnia
1948 4332 2096 4388 solus

507 4411 757 4483 implere,
789 4428 890 4470 nec
910 4415 1103 4472 localis
1135 4416 1190 4470 in
1220 4417 1360 4483 loco,
1393 4433 1495 4474 nec
1526 4422 1840 4490 temporalis
1874 4423 1928 4478 in
1958 4433 2094 4481 tem-

505 4518 661 4574 pore,
693 4518 796 4560 nec
817 4506 1169 4562 terminabilis
1199 4511 1430 4565 termino
1452 4519 1733 4567 creatum.

2205 3319 2254 3363 et
2282 3311 2404 3381 quia
2427 3328 2556 3382 opus
2581 3313 2628 3367 ei
2651 3330 2757 3369 non
2785 3326 2917 3382 erat,
2946 3327 3002 3370 ut
3039 3321 3154 3390 quis
3188 3325 3535 3380 testimonium
3562 3329 3795 3396 perhibe,

2156 3455 2162 3460 ,
2203 3407 2283 3452 ret
2311 3401 2376 3454 de
2410 3401 2638 3470 homine,
2667 3404 2779 3474 ipse
2816 3407 2955 3463 enim
2977 3409 3170 3463 sciebat
3195 3413 3320 3480 quid
3340 3423 3470 3469 esset
3510 3417 3565 3470 in
3588 3418 3800 3476 homins

2205 3489 2387 3561 (Joan.
2418 3509 2479 3562 ιι,
2501 3493 2613 3565 24).

2203 3598 2388 3657 CAPUT
2419 3620 2546 3688 svnt.
2590 3605 2825 3691 Christus
2856 3626 3116 3691 nunquam
3136 3629 3254 3669 suos
3279 3617 3598 3691 derelinquit
3627 3623 3799 3691 solos,

2347 3675 2470 3744 quia
2498 3677 2575 3730 eis
2598 3677 2786 3749 ubique
2813 3675 2986 3736 adest:
3012 3683 3122 3739 Deo
3151 3687 3324 3740 omnia
3345 3675 3643 3761 manifesta.

2273 3762 2462 3821 Simile
2481 3768 2737 3838 quiddam
2763 3772 2956 3830 beatus
2981 3775 3282 3847 Cyprianus
3319 3780 3483 3835 etiam
3519 3782 3588 3836 ad
3612 3777 3805 3854 Tyba-

2202 3853 2409 3912 ritanos
2447 3859 2692 3916 scribens
2740 3861 2813 3918 de
2857 3863 2980 3920 Filii
3029 3867 3124 3923 Dei
3156 3870 3535 3938 immensitate,
3565 3853 3804 3932 testatur

2201 3943 2287 4000 his
2316 3948 2526 4004 verbis:
2554 3950 2711 4006 Solus
2740 3970 2843 4008 non
2867 3965 2965 4020 est,
2996 3961 3078 4012 cui
3119 3958 3350 4016 Christus
3380 3963 3434 4016 in
3471 3965 3596 4035 fuga
3625 3982 3804 4024 comes

2200 4047 2307 4104 est;
2335 4040 2475 4095 solus
2503 4058 2608 4096 non
2635 4053 2732 4111 est,
2763 4046 2850 4115 qui
2884 4049 3130 4118 templum
3168 4050 3270 4105 Dei
3309 4069 3542 4123 servans,
3572 4056 3802 4119 ubicun-

2199 4146 2297 4200 que
2327 4133 2501 4202 fuerit,
2543 4135 2656 4188 sine
2704 4135 2929 4192 Domino
2960 4156 3064 4194 non
3107 4150 3206 4209 est,
3254 4151 3305 4197 et
3343 4146 3392 4198 si
3433 4147 3714 4218 fugientem
3740 4152 3806 4206 in

2201 4222 2480 4278 solitudine
2503 4241 2564 4279 ac
2587 4227 2844 4281 montibus
2865 4229 2999 4283 latro
3025 4236 3357 4302 oppresserit,
3393 4238 3505 4307 fera
3525 4237 3802 4309 invaserit,

2200 4315 2387 4384 fames,
2404 4325 2493 4370 aut
2514 4319 2646 4384 sitis,
2672 4328 2761 4373 aut
2783 4322 2950 4392 frigus
2971 4323 3235 4393 amiserit,
3262 4327 3341 4380 vel
3363 4345 3456 4398 per
3477 4331 3644 4395 maria
3663 4348 3806 4402 pra:-

2199 4409 2346 4477 cipiti
2367 4411 2702 4482 navigatione
2721 4425 3106 4484 properantem,
3152 4427 3429 4490 tempestas
3454 4432 3543 4476 aut
3563 4427 3807 4492 procella

2197 4500 2547 4569 submerserit,
2573 4514 2775 4574 spectat
2802 4508 3020 4562 militem
3059 4526 3209 4564 suum
3249 4513 3484 4569 Christus
3507 4517 3806 4591 ubicunque

506 4594 688 4651 Carur
719 4613 823 4652 ινι.
867 4597 1008 4653 Deus
1035 4609 1112 4654 est
1139 4599 1343 4680 ubique,
1389 4605 1492 4658 imo
1519 4613 1569 4658 et
1605 4607 1662 4660 in
1699 4616 1893 4664 secreto
1916 4626 2092 4680 preces

2202 4601 2529 4662 pugnantem.
2555 4597 2706 4665 107
2735 4596 2793 4651 In
2815 4598 3043 4668 epistola
3069 4617 3288 4673 quoque
3317 4606 3384 4662 de
3405 4606 3612 4678 Lapsis,
3639 4612 3805 4680 quis-

1207 4673 1371 4728 audit.

485 4783 489 4787 «
581 4761 738 4833 106
765 4761 897 4816 Nam
926 4763 1344 4820 immensitatem
1375 4765 1668 4823 divinitatis
1696 4769 1815 4824 Filii
1849 4769 1946 4826 Dei
1970 4788 2089 4829 ma-

502 4856 694 4912 nifesta
721 4856 1120 4926 przedicatione,
1149 4867 1206 4914 et
1231 4859 1568 4928 eloquiorum
1597 4862 1897 4920 divinorum
1925 4873 2089 4922 attes-

501 4947 727 5013 tatione,
758 4947 948 5004 beatus
975 4957 1182 5021 martyr
1204 4950 1503 5021 Cyprianus
1531 4951 1764 5008 afﬁrmat
1781 4955 1836 5008 in
1862 4956 2088 5025 epistola

501 5036 570 5090 de
598 5037 854 5095 Oratione
883 5041 1180 5109 Dominica,
1213 5042 1396 5099 dicens
1422 5062 1433 5096 :
1476 5062 1494 5096 ι
1531 5043 1761 5117 Denique
1793 5049 2088 5119 magisterio

501 5142 594 5181 suo
621 5126 878 5183 Dominus
903 5142 1097 5187 secreto
1126 5150 1220 5188 nos
1249 5151 1400 5189 orare
1440 5135 1702 5206 prwcepit,
1743 5138 1797 5192 in
1827 5136 2016 5193 abditis
2040 5150 2091 5196 et

499 5220 710 5276 secretis
740 5219 888 5286 locis,
920 5223 975 5276 in
1005 5226 1252 5283 cubiculis
1295 5229 1442 5299 ipsis,
1492 5229 1629 5300 quod
1651 5231 1818 5301 magis
1859 5234 2090 5288 convenit

498 5312 622 5382 ﬁdei
635 5329 655 5378 ;
686 5321 743 5366 ut
767 5312 990 5367 sciamus
1015 5314 1181 5370 Deum
1208 5319 1391 5391 ubique
1418 5336 1528 5374 esse
1557 5330 1882 5390 prtesentem,
1908 5324 2089 5378 audire

497 5418 673 5457 omnes
701 5413 750 5457 et
775 5403 964 5469 videre,
1007 5414 1057 5459 et
1103 5408 1392 5478 majestatis
1423 5427 1531 5466 sua:
1559 5411 1876 5482 plenitudine
1908 5415 1963 5468 in
1991 5415 2086 5467 ab-

497 5493 606 5548 dita
636 5512 832 5567 quoque
859 5507 908 5551 et
935 5497 1138 5554 occulta
1183 5510 1473 5570 penetrare,
1519 5507 1652 5559 sicut
1690 5508 1938 5578 scriptum
1966 5519 2085 5563 est:

497 5582 612 5654 Ego
637 5587 778 5643 Deus
805 5593 1213 5662 approximans,
1247 5601 1302 5647 et
1331 5610 1440 5649 non
1470 5597 1612 5666 Deus
1657 5598 1725 5654 de
1771 5601 2081 5672 longinquo.

497 5717 510 5726 ’
553 5689 595 5812 ’ἒ
625 5720 825 5812 ἔξξείξῇ
841 5725 895 5812 in
917 5729 1076 5794 diem,
1093 5689 1246 5796 juxta
1269 5726 1517 5812 Gnaeum
1535 5736 1609 5812 si;
1632 5735 1841 5812 ἡμέραν.

565 5789 594 5830 δ
625 5789 724 5868 bis.
757 5793 940 5868 Cori»,
964 5789 1319 5868 suntpsero....
1352 5799 1559 5860 tenebit.

571 5872 593 5902 ε
625 5859 725 5922 Ms.
757 5859 962 5934 Corb.,.
978 5867 1048 5925 Et
1071 5859 1262 5946 tamen.
1651 5885 1654 5888 ’

2200 4682 2320 4750 quis
2350 4683 2514 4746 volet,
2550 4684 2663 4740 haec
2692 4686 2893 4743 inserta
2937 4693 3212 4763 reperiet:
3247 4695 3400 4752 Videt
3437 4700 3527 4755 ille
3555 4703 3720 4757 corda
3747 4714 3809 4760 et

2200 4782 2410 4844 pectora
2449 4776 2770 4849 singulorum
2821 4790 2873 4835 et
2901 4781 3232 4852 judicaturus
3261 4805 3364 4843 non
3392 4800 3589 4848 tantum
3616 4795 3680 4850 de
3712 4799 3808 4869 fa-

2187 4867 2316 4933 ctis,
2365 4868 2457 4923 sed
2481 4881 2532 4924 et
2572 4870 2735 4925 verbis
2762 4882 2812 4926 et
2858 4878 3252 4947 cogitationibus
3301 4887 3513 4954 nostris,
3561 4867 3808 4947 omnium

2198 4969 2390 5016 mentes
2410 4962 2794 5037 voluntatesque
2813 4979 3086 5040 conceptas
3112 4974 3252 5027 intra
3268 4975 3410 5046 ipsas
3435 4978 3605 5033 adhuc
3627 4983 3808 5040 clausi

2200 5053 2424 5119 pectoris
2453 5053 2681 5110 latebras
2709 5057 2956 5115 intuetur.
2987 5061 3301 5144 Filiusergo
3329 5065 3444 5133 Dei,
3461 5075 3569 5124 tam
3595 5080 3807 5129 aucto-

2202 5144 2362 5200 ritate
2389 5144 2570 5202 divina
2598 5163 2760 5219 quam
2788 5161 3101 5210 sanctorum
3139 5156 3357 5213 Patrum
3412 5159 3552 5216 ﬁdeli
3580 5167 3809 5222 veraci-

2197 5251 2303 5306 que
2331 5241 2620 5308 sententia,
2651 5244 2946 5300 secundum
2993 5245 3228 5303 divinam
3268 5258 3518 5308 naturam
3548 5253 3806 5314 inﬁnitus

2197 5327 2598 5402 immensusque
2627 5336 2903 5404 probatur,
2934 5336 3134 5407 ubique
3179 5355 3433 5411 praesens,
3465 5347 3645 5401 omnia
3695 5363 3805 5405 re-

2197 5421 2555 5490 plens,,testis
2601 5442 2747 5483 nunc
2773 5428 3160 5498 cogitationum
3211 5441 3268 5488 et
3295 5449 3543 5506 operum,
3572 5438 3808 5499 futurus

2193 5510 2359 5581 judex
2389 5516 2790 5588 retributorque
2817 5527 3155 5578 cunctorum.
3195 5523 3331 5592 Quia
3358 5541 3488 5583 vero
3517 5527 3660 5584 idem
3689 5529 3804 5587 Fi-

2198 5605 2302 5663 lius
2329 5607 2445 5675 Dei,
2477 5624 2635 5667 verus
2662 5611 2823 5680 Deus,
2853 5620 3012 5670 natus
3052 5615 3120 5672 de
3142 5615 3255 5674 Deo
3282 5615 3462 5685 Patre,
3491 5635 3653 5678 verus
3673 5620 3802 5685 ho-

2264 5739 2288 5778 δ
2314 5741 2416 5812 Ms.
2447 5744 2677 5812 Victor.,
2709 5764 2905 5802 renum.

2268 5822 2290 5850 ⁸
2310 5811 2405 5869 Ed.
2433 5812 2623 5872 Colon.
2648 5824 2703 5874 et
2731 5817 2892 5876 Basil.
2919 5835 3026 5882 non
3046 5821 3246 5883 habent
3269 5823 3348 5882 in.
3578 5849 3617 5880 ιι,

3762 5810 3854 5894 ξςὲ
