4072 6332
294 419 402 479 ωδ

1471 424 1562 480 AD
1595 426 2090 486 TRASIMUNDUM
2131 431 2254 485 UB.
2296 431 2362 486 11.

292 550 387 588 suo
414 532 588 587 factus
607 540 691 587 est
712 548 807 603 pro
834 534 990 589 nobis
1010 548 1078 589 ex
1103 536 1318 590 homine
1339 539 1529 609 (factus
1558 547 1633 591 est
1653 541 1793 592 enim
1815 557 1881 593 ex
1909 546 1953 602 Α
1982 558 2133 596 suam
2160 544 2407 599 localiter
2438 554 2563 600 tunc
2588 557 2731 602 esset
2759 549 2808 602 in
2843 559 3006 617 terra,
3049 556 3341 610 secundum
3370 557 3563 623 divini-

291 626 490 678 semine
516 623 688 678 Dauid
710 625 992 687 secundum
1032 641 1239 680 carnem
1265 627 1440 697 [Rom
1475 644 1524 693 ι,
1555 627 1653 698 5]).
1687 629 1877 684 divina:

292 715 650 785 humanasque
680 722 806 768 natu
836 730 883 768 ιιι
917 714 969 769 in
1001 730 1064 771 se
1092 718 1375 772 continens
1405 720 1721 784 veritatem,
1765 734 1881 787 quae

290 804 512 861 fuerunt
568 823 710 862 vene
759 808 1056 865 divinitatis
1086 825 1192 864 non
1243 812 1450 875 amisit,
1506 819 1561 865 et
1597 827 1715 881 qua:
1752 820 1882 867 sunt

288 914 433 954 vera:
462 899 813 955 humanitatis
840 900 1049 969 accepit
1082 919 1095 954 :
1128 917 1264 956 unus
1293 902 1543 971 idemque
1586 902 1879 957 secundum

288 1005 514 1046 carnem
542 990 611 1045 de
637 999 811 1045 matre
841 992 1210 1062 temporaliter
1247 999 1436 1057 natus,
1466 992 1558 1060 qui
1584 991 1880 1047 secundum

291 1083 635 1137 divinitatem
672 1082 743 1137 de
771 1080 932 1137 Patre
984 1094 1264 1153 permanet
1297 1084 1694 1153 sempiternus;
1744 1097 1881 1137 unus

289 1173 545 1243 idemque
574 1173 737 1227 homo
766 1172 957 1227 localis
1003 1188 1069 1227 ex
1114 1173 1352 1239 homine,
1385 1173 1476 1242 qui
1500 1180 1583 1227 est
1611 1172 1751 1227 Deus
1777 1172 1879 1225 im-

286 1279 512 1319 mensus
540 1278 608 1319 ex
633 1262 841 1330 Patre;
883 1279 1022 1319 unus
1068 1265 1317 1334 idemque
1345 1264 1636 1321 secundum
1686 1265 1879 1319 huma-

286 1372 415 1411 nam
445 1355 826 1419 substantiam,
858 1357 1055 1411 absens
1104 1357 1246 1413 caelo
1295 1374 1419 1413 cum
1457 1366 1600 1413 esset
1628 1358 1683 1411 in
1712 1365 1878 1424 terra,

286 1456 342 1502 et
367 1445 751 1516 derelinquens
798 1456 998 1501 terram
1040 1462 1161 1502 eum
1201 1447 1531 1503 ascendisset
1559 1448 1610 1501 in
1640 1447 1876 1513 cadum;

284 1535 586 1590 secundum
625 1535 864 1590 divinam
889 1549 1020 1591 vero
1050 1536 1475 1607 immensamque
1501 1537 1875 1603 substantiam,

287 1642 389 1682 nec
417 1626 616 1682 celum
663 1626 940 1683 dimittens
979 1634 1103 1683 cum
1148 1629 1215 1683 de
1254 1628 1393 1685 coelo
1438 1627 1736 1697 descendit,
1781 1643 1880 1683 nec

284 1725 487 1771 terram
509 1717 764 1773 deserens
796 1734 918 1774 cum
941 1718 1009 1773 ad
1042 1719 1236 1774 ctelum
1259 1719 1520 1774 ascendit.
1539 1718 1693 1786 Quod
1714 1719 1880 1789 ipsius

286 1807 499 1863 Domini
527 1810 830 1866 certissimo
874 1818 1054 1881 potest
1095 1812 1351 1881 cognosci
1379 1826 1668 1875 sermone,
1701 1811 1791 1881 qui
1819 1819 1878 1866 ut

1984 642 2147 688 tatem
2179 643 2354 690 tamen
2378 640 2518 707 (qua:
2539 637 2660 694 loco
2686 640 2988 699 nullatenus
3014 646 3343 717 continetur)
3368 649 3565 704 ctelum

1983 731 2128 777 totus
2148 725 2394 793 impleret
2415 737 2470 781 et
2493 737 2709 783 terram.

1979 831 2162 911 Cswr
2194 852 2339 911 svnt.
2372 835 2456 911 Ea:
2484 838 2653 911 verbis
2677 842 2907 911 Apostoli
2946 842 3180 907 Christus
3208 856 3257 900 et
3286 851 3562 909 immensus

2050 913 2105 981 et
2128 906 2310 981 localis
2337 906 2912 981 p_robqt‘ur.Carporalis
2942 913 3130 968 Christi
3152 906 3412 974 ascensus.
3448 906 3564 976 Ha;

2055 974 2182 1047 bitat
2211 978 2263 1029 in
2290 974 2436 1031 nobis
2464 974 2958 1036 Christusfllabitat
2978 985 3031 1038 in
3055 985 3201 1040 nobis
3215 987 3356 1043 Deus
3382 974 3557 1047 Pater.

2053 1043 2274 1099 Habitat
2297 1048 2351 1100 in
2375 1047 2522 1102 nobis
2543 1050 2771 1120 Spiritus
2793 1063 3029 1107 sanctus.

2051 1154 2211 1211 Istam
2233 1156 2432 1213 Christi
2462 1175 2641 1215 veram
2663 1162 3068 1233 humanitatem,
3097 1183 3215 1237 qua:
3243 1170 3429 1227 localis
3458 1185 3559 1239 est,

1981 1254 2037 1300 et
2060 1262 2242 1302 veram
2272 1248 2625 1315 divinitatem,
2653 1266 2772 1320 quze
2793 1252 3053 1312 immensa
3076 1272 3289 1328 semper
3313 1268 3413 1326 est,
3438 1278 3565 1332 apo-

1980 1338 2170 1394 stolica
2191 1341 2408 1409 quoque
2429 1342 2584 1396 nobis
2607 1342 2850 1398 doctrina
2873 1348 3141 1403 cernimus
3158 1350 3409 1407 intimari.
3427 1353 3560 1408 Nam

1980 1435 2040 1481 ut
2066 1427 2265 1483 Christi
2303 1430 2417 1484 veri
2465 1431 2697 1488 hominis
2749 1449 2948 1506 corpus
2996 1437 3239 1494 localiter
3290 1444 3561 1500 contineri

1982 1514 2179 1571 Paulus
2209 1529 2535 1575 monstraret
2563 1524 2856 1592 apostolus,
2890 1526 2966 1581 ait
3016 1528 3083 1582 ad
3110 1528 3561 1590 Thessalonicen-

1979 1623 2066 1662 ses
2099 1627 2111 1661 :
2162 1609 2431 1673 Quomodo
2478 1615 2709 1669 conversi
2744 1618 2866 1671 estis
2895 1619 2965 1672 ad
2992 1618 3157 1674 Deum
3185 1639 3217 1675 a
3248 1623 3558 1692 simulacris,

1976 1701 2167 1754 seruire
2198 1700 2303 1756 Deo
2349 1703 2458 1756 viro
2486 1713 2536 1757 et
2561 1721 2695 1772 vero,
2726 1716 2776 1760 et
2798 1719 3098 1780 exspectare
3127 1710 3320 1767 Filium
3350 1715 3460 1786 ejus
3497 1717 3562 1772 de

1978 1792 2140 1858 cretis,
2187 1810 2333 1864 quem
2357 1797 2622 1850 suscitavit
2665 1815 2696 1851 a
2744 1802 2956 1855 mortuis
2999 1801 3175 1857 Jesum
3228 1804 3281 1877 (1
3312 1802 3486 1863 Thess.
3518 1824 3559 1878 ι,

285 1902 514 1958 Iocalem
530 1902 842 1958 ostenderet
860 1880 1244 1958 humanitatem
1256 1919 1432 1968 suam,
1451 1902 1580 1958 dicit
1600 1880 1873 1972 discipulis
1906 1904 1948 1962 Β
1977 1880 2032 1949 99
2060 1881 2147 1953 ίθ)
2171 1902 2182 1936 ³
2208 1884 2382 1953 ipsum
2413 1887 2595 1955 utique
2621 1898 2926 1945 monstrans
2949 1893 3307 1962 corporaliter
3332 1895 3399 1951 de
3419 1897 3559 1953 caelo

276 1995 425 2050 suis:
458 1994 694 2048 Ascendo
715 1994 784 2048 ad
810 1993 1022 2049 Patrem
1041 2012 1209 2048 meum
1233 2004 1283 2048 et
1303 1995 1372 2048 ad
1397 1994 1609 2048 Putrem
1628 2001 1872 2062 vestrum,

279 2085 449 2140 Deum
479 2103 646 2140 meum
669 2095 716 2140 et
751 2086 913 2140 Deum
937 2095 1156 2141 oestrum
1185 2085 1363 2159 (Joan.
1398 2102 1492 2145 xx.
1525 2074 1641 2153 i7).
1661 2085 1737 2139 De
1768 2083 1872 2138 La-

273 2194 407 2232 zaro
428 2192 648 2248 quoque
688 2193 810 2232 cum
841 2175 1095 2231 dixisset:
1133 2175 1366 2231 Lazarus
1395 2184 1625 2231 nter-tuus
1649 2185 1747 2240 est,
1771 2174 1872 2229 ad-

258 2266 447 2336 junxit
499 2266 721 2320 dicens:
772 2263 844 2319 Et
883 2266 1082 2337 gaudes
1121 2274 1333 2336 propter
1378 2283 1499 2334 vos,
1542 2275 1599 2319 ut
1651 2266 1873 2320 credatis

268 2358 522 2429 quonins
563 2373 666 2411 ηοιι
692 2373 837 2410 erant
861 2356 930 2410 ibi
961 2355 1139 2426 (Joan.
1174 2373 1244 2423 ιιι,
1285 2355 1370 2423 ii,
1400 2355 1508 2429 15).
1538 2356 1889 2437 lmmensita-q

275 2458 381 2502 tein
414 2464 549 2501 vero
592 2462 701 2501 sua:
729 2446 1023 2509 divinitatis
1051 2448 1341 2503 ostendens
1388 2448 1666 2519 discipulis
1695 2448 1822 2503 dicit
1854 2468 1865 2502 :

272 2535 410 2589 Ecce
429 2554 529 2608 ego
560 2536 812 2591 vobiscum
843 2554 953 2591 sum
981 2538 1215 2591 omnibus
1236 2537 1435 2606 diebus,
1464 2555 1622 2609 usque
1650 2539 1719 2592 ad
1748 2555 1872 2593 con-

268 2631 671 2684 summationem
726 2628 901 2683 sazculi
953 2629 1173 2700 (Matth.
1211 2646 1411 2695 xxvm,
1441 2629 1550 2701 ΞΟ).
1584 2629 1869 2697 Quomodo

268 2729 452 2776 autem
507 2719 754 2776 ascendit
801 2720 859 2774 in
884 2720 1107 2784 cadum,
1133 2720 1234 2775 nisi
1260 2720 1384 2790 quia
1414 2720 1602 2776 localis
1626 2728 1682 2775 et
1708 2736 1870 2776 verus

267 2820 352 2868 est
400 2813 617 2868 homo?
664 2812 768 2866 Aut
797 2811 1072 2883 quomodo
1112 2811 1266 2867 adest
1317 2810 1563 2867 ﬁdelibus
1592 2813 1731 2878 suis,
1766 2812 1869 2867 nisi

267 2906 396 2976 quia
421 2905 567 2961 idem
624 2905 920 2960 immensus
954 2913 1013 2959 et
1067 2920 1228 2959 verus
1276 2911 1360 2959 est
1396 2900 1589 2959 Deus?
1632 2903 1707 2958 De
1751 2905 1868 2974 ipso

268 3012 480 3051 rursum
512 2995 646 3051 dicit
673 2994 952 3066 Scriptura
975 3013 992 3049 :
1017 2994 1151 3060 Quia
1176 3011 1289 3049 vere
1314 2993 1560 3048 habitavit
1586 2992 1724 3048 Deus
1749 3010 1866 3047 cum

268 3086 561 3142 hominibus
589 3088 644 3141 in
660 3096 808 3141 terra
838 3085 927 3158 (II
955 3076 1142 3139 Paral.
1167 3102 1237 3150 vt,
1264 3083 1375 3154 18),
1409 3084 1476 3139 de
1504 3100 1611 3155 quo
1640 3098 1868 3154 evange-

261 3176 385 3232 lista
415 3177 590 3232 dicit:
633 3175 856 3231 Verbum
882 3192 1007 3229 cara
1050 3177 1243 3247 factum
1291 3184 1388 3238 est,
1430 3183 1477 3229 et
1520 3173 1767 3228 habitavit
1808 3174 1862 3228 in

1974 1980 2280 2041 venturum,
2321 1990 2478 2045 quem
2506 1979 2866 2048 corporaliter
2904 1997 2935 2035 a
2965 1986 3191 2039 mortuis
3220 1996 3445 2042 noverat
3463 2000 3559 2055 su:

1974 2064 2246 2122 scitatum.
2279 2065 2573 2138 Propterea
2589 2085 2775 2126 rursus
2800 2071 2903 2125 ait:
2929 2070 3130 2128 Nostra
3156 2083 3327 2130 autem
3355 2094 3561 2133 convor-

1972 2157 2108 2209 satia
2136 2157 2191 2210 in
2213 2158 2353 2212 castis
2375 2167 2475 2213 est.
2502 2159 2652 2225 Unde
2678 2162 2835 2215 etiam
2858 2161 3183 2219 Salvatorem
3204 2176 3560 2237 exspectamus

1974 2242 2255 2301 Dominum
2280 2246 2458 2302 Jesum
2487 2247 2770 2323 Christum,
2818 2255 2905 2325 qui
2934 2255 3235 2326 reformabit
3264 2256 3358 2331 (al.
3391 2261 3559 2332 refor—

1972 2336 2152 2409 mavit)
2184 2355 2368 2411 corpus
2395 2341 2700 2398 humilitatis
2724 2355 2917 2401 uostrce
2944 2348 3210 2418 conforme
3234 2352 3437 2421 corpori
3456 2351 3562 2405 cla-

1970 2429 2143 2483 ritatis
2179 2447 2306 2496 suae,
2334 2434 2612 2489 secundum
2650 2439 3002 2506 operationem
3046 2458 3147 2513 qua
3189 2450 3358 2512 potest
3399 2444 3557 2499 etiam

1968 2519 2221 2590 subjicere
2237 2521 2341 2575 sibi
2362 2524 2535 2577 omnia
2557 2523 2779 2596 (Philip.
2811 2543 2885 2594 ιιι,
2918 2527 3030 2599 20).
3059 2528 3276 2585 Interim
3298 2532 3554 2599 quoniam

1904 2615 1919 2627 '
1974 2620 1995 2648 ε
2011 2609 2114 2665 loci
2137 2614 2511 2682 opportunitas
2531 2631 2638 2669 non
2654 2624 2743 2671 est
2754 2620 3126 2687 prmtereunda
3138 2621 3369 2690 silentio,
3385 2632 3558 2680 atten-

1967 2702 2127 2757 datur
2155 2704 2242 2759 hic
2271 2705 2421 2760 locus
2450 2707 2503 2761 in
2529 2704 2980 2779 quodApostolus
3002 2710 3193 2767 Filium
3222 2712 3351 2769 dicit
3372 2717 3554 2771 omnia

1968 2792 2068 2847 sibi
2094 2808 2255 2863 posse
2283 2794 2569 2864 subjicere,
2598 2812 2669 2852 ne
2698 2797 2794 2868 (at.
2819 2807 2874 2853 et
2900 2799 2992 2871 ne)
3023 2799 3182 2856 Pater
3214 2802 3554 2859 existimetur

1962 2891 2156 2938 cuncta
2179 2892 2431 2955 tanquam
2454 2886 2688 2943 invalido
2717 2888 3032 2959 subjecisse,
3063 2890 3193 2946 dicit
3241 2893 3403 2948 etiam
3432 2909 3554 2950 cor-

1966 2990 2068 3046 pus
2089 2976 2403 3031 humilitatis
2423 2968 2628 3032 nostra:
2648 2978 3065 3035 reformaturum
3108 2979 3386 3038 conforme
3426 2999 3553 3041 cor-

1960 3068 2083 3137 pori
2106 3067 2371 3124 claritatis
2396 3086 2521 3125 sum.
2547 3069 2702 3137 Quod
2724 3071 2769 3126 si
2794 3081 2979 3127 verum
3004 3081 3088 3128 est
3103 3089 3305 3145 corpus
3332 3074 3550 3144 Christi,

1964 3156 2086 3213 loco
2116 3167 2296 3229 potest
2324 3159 2509 3231 utique
2531 3162 2821 3217 contineri.
2835 3161 2985 3219 lianc
3004 3164 3287 3220 veritatem
3309 3169 3554 3238 corporis

263 3266 436 3320 nobis.
487 3264 642 3332 Quod
673 3265 943 3333 Verbum,
978 3246 1481 3334 utiaguosceretur,
1530 3265 1691 3319 etiam
1736 3280 1860 3320 cum

1965 3246 2163 3303 Christi
2188 3248 2255 3304 de
2280 3250 2420 3321 caelo
2463 3252 2694 3318 venturi,
2724 3251 2962 3309 Joannes
2999 3268 3218 3326 quoque
3242 3256 3553 3328 confirmat,

256 3375 395 3414 caro
426 3359 625 3413 factum
674 3367 758 3413 est
786 3366 841 3413 et
886 3357 1149 3412 habitavit
1175 3357 1230 3411 in
1262 3358 1437 3426 nobis,
1474 3372 1745 3427 nunquam
1778 3358 1860 3413 di-

262 3451 523 3505 scessisse
545 3449 611 3505 de
634 3450 794 3517 coelo,
818 3456 1104 3520 propterea
1132 3447 1295 3503 David
1318 3447 1476 3504 dicit:
1502 3447 1568 3502 In
1590 3457 1860 3529 uernum,

267 3541 510 3601 Domine,
544 3548 811 3611 permanet
844 3539 1065 3594 Verbum
1087 3548 1231 3593 tuum
1254 3540 1312 3593 in
1333 3543 1461 3595 caelo
1486 3539 1655 3611 (Psal.
1679 3556 1859 3606 cxvtu,

260 3630 377 3701 93).
411 3629 491 3685 De
523 3631 641 3701 ipso
669 3646 780 3686 uno
809 3630 1106 3700 eodemque
1137 3630 1232 3686 Dei
1261 3632 1593 3702 sempiterno
1619 3631 1778 3700 Filio,
1807 3639 1865 3688 et

161 3730 170 3737 ‘
263 3718 443 3774 futuro
469 3728 600 3775 tunc
646 3720 878 3774 hominis
906 3719 1063 3785 Filio,
1090 3720 1143 3775 in
1172 3736 1280 3791 quo
1310 3721 1695 3791 permansisset
1734 3737 1861 3778 vera

259 3816 320 3864 et
349 3810 615 3865 immensa
647 3808 915 3876 divinitas,
941 3818 996 3865 et
1013 3826 1045 3865 a
1074 3825 1182 3880 quo
1202 3810 1541 3887 suscipienda
1564 3820 1705 3867 esset
1731 3827 1860 3869 vera

259 3898 563 3968 locatisque
594 3897 922 3965 humanitas,
948 3899 1275 3970 prophetica:
1311 3900 1677 3971 inspirationis
1706 3901 1858 3970 agni-

257 3989 411 4045 tione
440 3988 707 4059 repletus,
732 3989 944 4045 dixerat
971 3989 1231 4046 Jeremias
1261 4009 1273 4045 :
1300 3989 1405 4045 Hic
1430 3990 1568 4046 Deus
1590 4003 1780 4059 noster,
1810 4003 1862 4047 et

258 4097 365 4135 non
393 4079 740 4136 (estimabitur
764 4082 897 4135 alius
924 4081 993 4135 ad
1019 4099 1153 4136 eum.
1182 4081 1457 4137 Adinvenit
1485 4100 1689 4138 omnem
1726 4085 1860 4139 viam

251 4173 581 4244 disciplinae,
613 4181 663 4226 et
690 4172 830 4227 dedit
861 4190 975 4228 eant
1002 4172 1165 4228 Jacob
1195 4190 1353 4245 puero
1392 4193 1483 4230 suo
1514 4185 1563 4230 et
1590 4174 1759 4231 Israel
1787 4178 1864 4231 di-

252 4261 388 4317 lecto
412 4281 533 4318 suo.
560 4261 688 4317 Post
714 4262 822 4318 haec
843 4264 894 4317 in
920 4265 1069 4319 terris
1092 4265 1226 4320 visus
1245 4274 1341 4330 est,
1366 4276 1416 4320 et
1434 4284 1550 4321 cum
1571 4267 1859 4323 hominibus

252 4364 597 4408 conversatus
626 4362 703 4408 est
738 4354 966 4426 (Baruch
1001 4372 1082 4423 ιιι,
1115 4355 1205 4421 '56,
1230 4355 1320 4425 57,
1350 4355 1465 4428 38).
1511 4356 1580 4411 Et
1603 4359 1858 4427 quoniam

252 4441 323 4497 de
357 4443 476 4513 ipso
513 4444 765 4513 superius
809 4443 1061 4500 dixerat:
1107 4444 1332 4516 Magnus
1360 4456 1456 4514 est,
1479 4456 1527 4502 et
1564 4466 1667 4503 non
1707 4448 1858 4503 habet

251 4532 437 4600 finem,
469 4534 705 4587 excelsus
730 4543 779 4587 et
799 4535 1096 4596 immensus.
1124 4550 1194 4588 ne
1220 4536 1321 4590 ista
1351 4535 1444 4592 Dei
1468 4538 1520 4591 in
1550 4546 1696 4593 terra
1722 4538 1858 4594 visio

1965 3338 2181 3395 dicens:
2208 3339 2343 3397 Ecce
2362 3344 2524 3398 ueniet
2552 3360 2669 3398 cum
2696 3344 2933 3411 nubibus,
2952 3355 3002 3399 et
3030 3347 3217 3402 ridebit
3244 3365 3359 3403 eum
3385 3351 3556 3406 omnis

1960 3433 2161 3501 oculus,
2189 3440 2238 3487 et
2256 3435 2343 3505 qui
2369 3450 2484 3488 eum
2505 3443 2918 3505 compunzreruut
2951 3435 3131 3508 (Apoc.
3158 3453 3195 3504 ι,
3229 3437 3303 3507 7).
3327 3437 3384 3492 In
3413 3439 3554 3493 libro

1963 3538 2179 3594 quoque
2201 3526 2430 3580 Actuum
2461 3525 2832 3594 apostolorum
2859 3527 2937 3581 sic
2965 3527 3083 3595 ejus
3110 3529 3408 3598 corporalis
3434 3529 3554 3585 inti-

1962 3621 2140 3666 matur
2161 3627 2414 3668 ascensus
2445 3631 2459 3666 :
2494 3613 2565 3667 Et
2584 3631 2703 3668 cum
2732 3614 2840 3668 hac
2866 3616 3104 3677 dixisset.
3138 3617 3423 3672 videntibus
3444 3619 3550 3676 illis

1960 3703 2186 3756 elevatus
2233 3711 2340 3767 est,
2380 3712 2431 3757 et
2484 3703 2641 3759 nubes
2677 3711 2899 3776 suscepit
2926 3722 3041 3759 eum
3066 3704 3130 3759 ab
3156 3706 3321 3762 oculis
3350 3724 3546 3765 eorum.

1962 3791 2187 3866 Cumque
2213 3794 2535 3849 intuerentur
2562 3796 2616 3848 in
2640 3794 2824 3851 cadum
2866 3804 3069 3850 euntem
3100 3797 3268 3863 illum,
3305 3815 3419 3853 ecce
3446 3800 3550 3855 duo

1960 3885 2056 3939 viri
2102 3885 2378 3938 astiterunt
2396 3886 2558 3957 juxta
2593 3903 2683 3940 eos
2705 3886 2758 3940 in
2786 3885 3006 3941 vestibus
3035 3886 3187 3956 albis,
3217 3891 3302 3960 qui
3322 3898 3372 3943 et
3400 3890 3551 3947 dixe-

1961 3985 2122 4030 runt:
2155 3974 2268 4029 Viri
2299 3973 2525 4041 Caliltei,
2558 3977 2684 4049 quid
2708 3978 2861 4032 statis
2910 3980 3216 4048 aspicientes
3244 3982 3300 4035 in
3329 3982 3554 4037 calum!

1963 4063 2066 4120 llic
2092 4064 2263 4132 Jesus,
2305 4082 2454 4137 quem
2478 4066 2679 4120 vidistis
2725 4075 2926 4121 euntem
2953 4068 3007 4122 in
3030 4069 3238 4133 caelum,
3268 4070 3345 4124 sic
3383 4074 3551 4127 veniet

1954 4156 2387 4228 quemadmodum
2410 4156 2607 4211 vidistis
2630 4174 2749 4212 eum
2772 4168 2977 4212 euntem
3000 4159 3054 4212 in
3083 4160 3263 4213 emtum
3287 4160 3423 4232 (Act.
3454 4179 3492 4229 ι,
3516 4160 3552 4215 9

1959 4258 2010 4304 et
2036 4250 2167 4323 seq).
2195 4248 2328 4306 Cum
2357 4265 2487 4320 ergo
2508 4266 2638 4306 caro
2666 4251 2867 4306 Christi
2893 4252 3080 4309 localis
3101 4254 3303 4324 absque
3331 4255 3548 4311 dubita-

1960 4341 2108 4396 tione
2136 4350 2466 4397 monstretur
2488 4342 2583 4413 (al.
2613 4343 3050 4414 monstraretur),
3082 4344 3334 4400 divinitas
3366 4354 3546 4401 tamen

1956 4433 2076 4503 ejus
2102 4434 2301 4502 ubique
2321 4449 2536 4504 semper
2556 4449 2695 4497 esse,
2719 4434 2886 4489 Paulo
2910 4442 3161 4502 testante,
3179 4438 3542 4506 cognoscitur.

1957 4529 2049 4596 qui
2097 4524 2342 4581 ﬁdelibus
2387 4525 2556 4581 dicit:
2608 4527 2689 4581 An
2709 4529 3113 4599 experimentum
3141 4530 3369 4601 queritis
3409 4530 3541 4601 ejus.

247 4631 305 4678 ct
338 4642 467 4680 cum
497 4626 807 4682 hominibus
848 4628 1187 4683 conversatio
1210 4627 1381 4683 Deum
1408 4628 1728 4697 immensum
1757 4647 1855 4701 pu-

1963 4621 2043 4690 qui
2063 4619 2117 4672 in
2146 4635 2228 4673 me
2256 4618 2500 4691 loquitur,
2526 4617 2761 4674 Christus
2792 4620 2886 4693 (al.
2913 4619 3131 4691 Christi)
3163 4620 3253 4689 (il
3281 4619 3400 4675 Cor.
3426 4637 3541 4689 xm,

247 4722 470 4770 taretur
486 4716 754 4771 alienasse
784 4715 853 4771 de
879 4717 1047 4784 coelo,
1070 4725 1290 4787 propter
1318 4717 1422 4773 hoc
1442 4716 1557 4788 ipse
1583 4717 1768 4782 Filius,
1794 4726 1851 4771 ut

244 4807 679 4863 immensitatem
730 4808 1021 4864 divinitatis
1066 4824 1175 4863 suae
1222 4809 1275 4863 in
1317 4817 1462 4864 terra
1508 4810 1716 4879 positus
1751 4809 1846 4865 de-

240 4906 626 4962 monstraret,
678 4907 705 4936 ι
751 4906 807 4954 et
835 4915 942 4954 non
990 4900 1283 4955 secundum
1338 4900 1639 4967 hominem,
1686 4916 1848 4971 quem

238 4996 576 5057 susceperat
631 4987 683 5041 in
741 4996 882 5043 terra
937 4988 1174 5058 positus,
1229 4989 1322 5044 sed
1361 4989 1657 5045 secundum
1694 4991 1851 5062 108

128 5132 143 5149 ,
236 5076 489 5144 Deum,b
511 5078 659 5148 quod
685 5094 901 5151 semper
920 5088 1057 5147 erat,
1089 5090 1407 5151 praesentem
1436 5096 1495 5136 se
1520 5084 1680 5137 etiam
1710 5083 1849 5139 caelo

232 5169 501 5235 doceret,
527 5170 643 5225 ait:
666 5168 833 5225 Nemo
853 5172 1086 5226 ascendit
1115 5174 1169 5225 in
1197 5172 1399 5235 cadum,
1412 5164 1516 5227 nisi
1538 5174 1624 5246 qui
1649 5174 1849 5231 decreta

230 5260 540 5325 descendit,
594 5260 768 5316 Filius
807 5263 1032 5317 hominis
1074 5266 1163 5336 qui
1195 5265 1353 5318 estin
1394 5265 1517 5319 cado
1557 5265 1737 5337 (Joan.
1772 5283 1848 5334 nt,

232 5348 370 5420 £3);
408 5365 520 5404 non
538 5350 668 5420 quia
697 5350 929 5407 humana
958 5352 1159 5408 Christi
1188 5353 1486 5408 substantia
1511 5353 1699 5410 fuisset
1726 5356 1847 5411 ubi-

1960 4709 2047 4780 5)?
2071 4707 2352 4775 Quomodo
2381 4716 2562 4764 autem
2592 4710 2645 4765 in
2673 4725 2744 4765 eo
2770 4710 2917 4780 loqui
2939 4712 3135 4782 potuit,
3163 4712 3209 4767 si
3235 4712 3288 4767 in
3309 4712 3403 4766 illo
3433 4728 3540 4766 non

1957 4802 2100 4858 fuit?
2126 4801 2225 4857 Vel
2266 4802 2541 4872 quomodo
2566 4802 2930 4873 corporaliter
2952 4804 3202 4861 ascendit
3238 4804 3291 4859 in
3321 4803 3539 4873 omlum,

1953 4903 2012 4951 et
2036 4895 2089 4950 in
2115 4894 2227 4950 suis
2247 4892 2489 4950 ﬁdelibus
2510 4908 2631 4950 esse
2651 4893 2969 4965 praedicatur
2987 4895 3042 4950 in
3066 4903 3230 4959 terra,
3251 4894 3297 4950 si
3328 4909 3435 4949 non
3458 4903 3543 4950 est

1957 4987 2011 5042 in
2043 4985 2137 5043 illo
2183 4982 2480 5041 divinitatis
2515 4984 2848 5041 immensitas
2898 5000 3017 5056 qua:
3061 4984 3258 5042 coelum
3314 4984 3563 5055 implere"

1956 5081 2127 5149 possit
2167 5085 2224 5133 et
2259 5078 2495 5132 terram?
2520 5076 2656 5132 Nam
2684 5075 2980 5132 Corinthiis
3023 5074 3223 5131 Paulus
3249 5075 3381 5131 dicit
3411 5093 3424 5129 :
3456 5074 3536 5130 An

1950 5186 2054 5225 non
2076 5170 2387 5241 cognoscitis
2414 5170 2661 5250 vosipsos
2685 5208 2701 5234 ,
2744 5168 2864 5241 quia
2888 5166 3042 5223 Iesus
3070 5166 3304 5223 Christus
3324 5169 3377 5222 in
3398 5164 3537 5221 vobis

1952 5273 2030 5317 est
2059 5262 2247 5335 (Ibid,
2266 5260 2354 5334 5)?
2378 5261 2447 5316 Et
2474 5262 2543 5317 ad
2564 5261 2829 5331 Ephesios
2850 5261 2953 5317 ait:
2982 5260 3048 5318 In
3066 5261 3303 5318 interiori
3331 5262 3539 5317 homine

1948 5352 2184 5407 habitare
2206 5350 2464 5408 Christum
2484 5369 2577 5422 per
2593 5351 2752 5422 ﬁdem
2773 5353 2830 5406 in
2847 5353 3085 5408 cordibus
3111 5354 3289 5407 vestris
3316 5350 3533 5424 (Ephes.

1950 5460 2026 5508 ιιι,
2060 5442 2172 5516 16).
2202 5441 2295 5499 Est
2323 5443 2503 5513 itaque
2524 5441 2690 5496 Filius
2716 5442 2769 5497 in
2793 5443 2952 5510 caelo,
2985 5451 3038 5499 et
3062 5443 3271 5498 habitat
3296 5441 3347 5496 in
3377 5442 3535 5496 nobis

3458 441 3563 499 206
3665 448 3674 459 '

225 5453 349 5509 que
402 5439 623 5507 diil'usa,
656 5440 749 5495 sed
800 5443 1055 5511 quoniam
1106 5461 1246 5499 unus
1276 5444 1524 5516 idemque
1569 5444 1663 5500 Dei
1710 5443 1852 5501 ﬁlius

225 5539 418 5601 atque
448 5532 683 5587 hominis
706 5532 843 5587 titius
868 5549 1028 5589 verus
1055 5534 1198 5591 Deus
1219 5551 1286 5592 ex
1314 5535 1493 5603 Patre,
1520 5537 1658 5592 sicut
1683 5537 1846 5593 homo

225 5626 412 5679 veris
441 5638 507 5679 ex
523 5625 762 5692 homine,
783 5625 911 5682 licet
929 5627 1226 5683 secundum
1255 5645 1436 5686 veram
1462 5631 1845 5687 humanitatem

1950 5536 2005 5592 in
2034 5545 2198 5602 terra,
2222 5535 2429 5591 scilicet
2457 5533 2545 5589 illa
2568 5550 2679 5590 sum
2707 5534 3081 5590 immensitatis
3100 5535 3402 5606 prmsentia,
3426 5550 3535 5606 qua

1949 5628 2006 5683 in
2054 5627 2209 5683 nobis
2254 5624 2417 5681 Pater
2463 5624 2804 5698 Spiritusque
2838 5626 2996 5698 109
3019 5631 3259 5680 -sanctus
3287 5624 3532 5680 habitat:

302 5769 336 5834 ξ
371 5758 528 5814 Editi
560 5757 723 5814 codd.
755 5756 950 5834 Colon.
971 5768 1043 5834 et
1067 5760 1325 5834 Antuerp.
1358 5774 1413 5823 et
1442 5784 1543 5825 ms.
1570 5762 1734 5821 Corb.
1762 5762 1843 5819 sic
2020 5757 2046 5798 ³
2077 5757 2174 5834 Et!-
2201 5755 2387 5834 [Μεῖζον
2418 5756 2524 5834 φυᾷ·
2598 5826 2608 5834 ,
2679 5828 2690 5834 ,
2981 5826 2994 5834 ,
3181 5825 3211 5834 ..
3448 5823 3457 5832 .

220 5828 487 5915 habent,
526 5826 876 5915 ethsecundum
906 5830 1161 5885 hominem
1203 5825 1352 5903 quem
1371 5843 1760 5915 susceperat...
1789 5841 1842 5887 et
2022 5841 2045 5915 ξ
2411 5825 2563 5915 hujus
2580 5826 2691 5915 logi
2710 5826 3077 5915 opportunitqs
3096 5825 3242 5915 nullo
3270 5835 3365 5893 est,
3390 5825 3499 5881 etc.

216 5899 533 5957 nandum
566 5895 749 5953 Deum.
1040 5938 1045 5943 .
1212 5895 1227 5903 ’
1498 5895 1531 5915 γ’
2019 5897 2045 5938 δ
2072 5897 2171 5955 Ed.
2197 5897 2384 5969 Basil.,
2417 5895 2593 5953 beatus
2623 5895 2821 5953 Paulus
2846 5896 3129 5970 apostolus.

502 5990 773 6053 ιἠιιοι..
822 5991 1017 6053 LXV.

3100 5991 3141 6050 9
