4026 6336
360 485 372 499 _
464 421 583 480 ‘ss't
637 408 652 428 ‘
1695 424 1750 477 s.
1791 417 2152 483 remearn
2192 417 2561 485 nus‘esusrs
3636 428 3743 504 eos

478 556 602 594 nam
652 539 790 593 Deus
838 538 995 593 Pater
1037 554 1185 592 suam
1236 539 1289 591 in
1340 537 1493 593 nobis
1546 537 1930 593 habitationem
1959 540 2055 603 sic,
2094 542 2139 599 Α
2169 539 2539 613 immensitatis
2588 543 2728 597 illius
2772 540 3364 612 incomprehensibilem
3407 539 3748 611 maiestatem

481 630 740 702 pmplteta
773 630 1043 701 loquente,
1086 630 1404 683 monstravit
1435 646 1448 681 :
1482 626 1741 693 Quoniam
1765 616 2064 686 inhabitabo
2168 628 2509 685 inell‘abiliter
2549 631 2836 702 designari,
2867 640 2922 687 et
2948 647 3072 687 cum
3115 630 3282 686 Deum
3313 632 3366 685 in
3394 630 3549 687 nobis
3587 632 3744 687 habi-

477 723 532 774 in
564 720 687 785 illis,
715 728 763 773 et
792 718 1120 773 inambulabo
1170 717 1262 788 (al.
1296 715 1616 789 ambulabo),
1648 726 1698 772 et
1726 734 1817 773 ero
1858 718 2065 773 illorum
2169 727 2282 775 tare
2311 729 2472 790 atque
2519 719 2850 776 inambulare
2896 720 3161 786 audimus,
3192 720 3265 774 ita
3294 718 3611 790 spiritaliter
3649 736 3749 777 co—

482 810 640 875 Deus,
661 821 710 864 et
737 811 836 881 ipsi
856 816 1005 863 erant
1034 807 1159 861 mihi
1179 806 1417 879 populus.
1444 806 1667 875 Propter
1691 806 1828 879 quod
1847 808 1983 861 exite
2004 808 2067 861 de
2171 824 2515 879 gnoscamus,
2548 819 2608 867 ut
2650 826 2759 866 non
2809 810 3092 867 credamus
3135 808 3280 879 quod
3317 809 3461 864 Deus
3506 809 3754 866 localiter

481 901 650 953 medio
669 914 865 962 eorum,
887 905 937 950 et
964 898 1304 966 separamini,
1327 898 1452 951 dicit
1473 896 1757 952 Dominus:
1781 906 1828 951 et
1852 900 2070 951 immun-
2169 910 2452 956 mnveatur
2471 902 2524 956 in
2553 900 2715 956 corde
2745 909 2950 966 nostro,
2977 896 3069 956 sed
3099 899 3244 969 quod
3262 915 3367 955 cor
3390 907 3642 954 nostrum
3670 901 3755 954 di-

481 987 603 1040 dum
632 1002 696 1039 ne
720 986 1006 1056 teiigeritis,
1038 995 1087 1038 et
1115 1004 1208 1056 ego
1235 987 1624 1056 recipiamloos;
1653 996 1703 1041 et
1730 1005 1817 1043 ero
1845 987 1984 1041 vobis
2013 988 2068 1040 in
2169 991 2369 1045 latetur
2408 991 2461 1044 in
2506 991 2641 1046 Deo.
2676 990 2752 1045 De
2777 1006 2882 1058 qua
2912 990 3091 1045 cordis
3135 989 3418 1044 latitudine
3460 989 3757 1059 Apostolus

479 1086 702 1148 patrem,
733 1084 782 1130 et
826 1093 912 1130 vos
956 1079 1100 1131 eritis
1133 1078 1261 1132 mihi
1290 1079 1344 1132 in
1373 1079 1510 1148 filios
1539 1088 1589 1132 et
1616 1079 1777 1148 ﬁlias,
1808 1079 1933 1133 dicit
1959 1078 2069 1133 Do-
2167 1079 2511 1148 loquebatur,
2549 1079 2736 1134 dicens
2767 1095 2783 1131 ;
2815 1076 2888 1133 Os
2916 1087 3151 1133 nostrum
3188 1088 3325 1149 patet
3354 1079 3424 1132 ad
3450 1095 3558 1143 vos,
3588 1095 3620 1133 o
3656 1078 3758 1133 Co-

480 1169 651 1222 minus
672 1168 993 1235 omnipotens
1020 1166 1101 1247 (Il
1127 1166 1832 1236 Cor.v1,l5-l7).Spiritum
1854 1182 2069 1237 quoque
2169 1169 2348 1224 rinthii
2394 1186 2412 1223 :
2459 1186 2548 1224 cor
2576 1158 2808 1223 nostrum
2846 1170 3120 1223 dilatatum
3160 1177 3259 1223 est.
3305 1169 3559 1223 Eamdem
3584 1182 3759 1223 autem

482 1268 726 1313 sanctum
749 1260 803 1313 in
828 1259 983 1314 nobis
1003 1262 1206 1330 pariter
1225 1260 1468 1314 habitare
1488 1257 1686 1313 Paulus
1713 1259 1967 1324 ostendit,
1996 1260 2070 1313 ita
2173 1259 2415 1314 habentes
2443 1261 2928 1324 remunerationem,
2976 1270 3221 1332 tauquam
3248 1261 3377 1330 ﬁliis
3396 1261 3530 1324 dico,
3562 1260 3760 1313 dilata-

484 1348 777 1404 Corinthiis
803 1350 1045 1406 scribens
1076 1367 1089 1403 :
1125 1348 1355 1404 Nescitis
1384 1350 1503 1421 quia
1532 1348 1773 1419 templum
1804 1347 1903 1402 Dei
1926 1348 2067 1413 estis,
2172 1351 2299 1404 mini
2318 1360 2366 1405 et
2394 1368 2479 1406 ros
2502 1350 2592 1424 (II
2621 1351 2745 1407 Cor.
2768 1368 2840 1418 vr,
2875 1352 2984 1425 ll).
3020 1351 3117 1407 Ubi
3161 1352 3322 1421 paulo
3358 1361 3479 1422 post
3510 1353 3760 1406 testimo-

485 1448 538 1495 et
558 1438 785 1510 Spiritus
812 1437 905 1494 Dei
931 1437 1129 1493 habitat
1156 1440 1210 1492 in
1242 1438 1379 1493 vobis
1414 1436 1467 1508 (I
1496 1434 1617 1491 Cor.
1649 1453 1727 1502 nt,
1758 1435 1866 1505 46).
1900 1435 1976 1489 Ac
2003 1450 2072 1490 ne
2173 1442 2318 1514 nium
2350 1443 2626 1513 prophetae
2656 1444 2835 1510 posuit
2862 1444 3109 1513 superius
3134 1441 3758 1507 memoratum,dicens:

483 1530 606 1599 quis
633 1544 821 1585 eorum
850 1528 942 1599 qui
973 1527 1228 1598 Spiritum
1252 1535 1494 1583 sanctum
1526 1526 1790 1580 minorem
1812 1523 1971 1578 Patre
1993 1522 2074 1577 [δίο
2183 1535 2286 1590 γο,
2324 1537 2464 1590 enim
2488 1538 2611 1590 εειί,
2657 1537 2901 1607 templum
2944 1534 3039 1591 De;
3084 1536 3205 1601 vivi,
3235 1537 3368 1589 ,ξονι
3411 1534 3539 1588 άεείι
3590 1533 3760 1601 θεκῆ

486 1619 668 1689 lioque
705 1619 1073 1685 constituunt,
1105 1616 1193 1672 hic
1215 1616 1307 1671 ubi
1335 1616 1533 1671 dictum
1572 1623 1674 1681 est,
1720 1614 1947 1685 Spiritus
1973 1612 2073 1667 Dei

2173 1628 2417 1697 quoniam
2442 1627 2743 1682 inhabitabo
2768 1628 2821 1681 in
2857 1627 2959 1683 illis
2979 1636 3029 1681 et
3055 1623 3385 1680 inambulatio
3421 1624 3607 1693 (lbid.,
3645 1624 3757 1695 15).

487 1707 687 1762 habitat
725 1708 779 1762 in
800 1705 959 1772 vobis,
984 1705 1053 1761 ad
1080 1720 1368 1777 personam
1395 1705 1566 1760 sancti
1588 1704 1819 1775 Spiritus
1845 1703 2075 1772 deneget
2175 1724 2355 1781 cum.
2396 1742 2485 1780 η.
2528 1725 2857 1781 Immensum
2903 1725 3174 1780 τήηεηηε,
3204 1741 3270 1779 α
3309 1726 3478 1802 {0mm
3518 1723 3765 1788 (mnu-mi

489 1799 765 1869 pertinere
790 1838 806 1864 ,
852 1796 981 1868 quid
1026 1797 1082 1851 in
1131 1796 1223 1852 illo
1271 1796 1628 1866 replicaturus
1676 1803 1762 1851 est
1817 1795 1936 1850 loco
1982 1794 2074 1849 ubi
2246 1794 2876 1869 ostenditur._l_3_onglusio
2917 1795 3126 1850 secundi
3166 1795 3283 1849 libri
3310 1794 3381 1848 ‘de
3414 1795 3765 1848 immensitate

490 1864 780 1958 'Apostolus
837 1864 1176 1942 Timotheum
1231 1864 1590 1940 sollicitudine
1654 1882 1864 1955 paterni
1923 1896 2075 1938 amo-

1923 1896 2154 1970 amo-tt
2249 1864 2852 1970 ἵίῖίῗίῖίίὶθίίίίῗῗίκ
2948 1964 2960 1970 -
3043 1955 3079 1970 ..
3196 1962 3209 1970 ,
3330 1968 3400 1970 η
3472 1954 3483 1966 .

488 1953 566 2033 ris
611 1976 916 2032 informat?
953 1974 1154 2030 Bonum
1200 1974 1515 2046 depositum,
1559 1953 1837 2044 inquiens,
1879 1972 2078 2028 custodi

2255 1957 2412 2028 ιιο
2437 1955 2547 2011 Sed
2584 1971 2685 2012 nec
2726 1954 2855 2010 illud
2884 1964 2967 2010 est
3011 1955 3350 2024 aliquatenus
3378 1953 3767 2022 omittendum,

488 2090 582 2146 per
611 2072 867 2143 Spiritum
901 2077 1165 2133 sanctum,
1209 2069 1294 2141 qui
1340 2067 1540 2121 habitat
1562 2067 1615 2121 in
1643 2065 1788 2121 nobis
1820 2063 1906 2139 (II
1942 2063 2074 2119 Tim.

2179 2063 2289 2119 quo
2317 2048 2749 2104 manifestissima
2771 2047 3049 2102 Trinitatis
3070 2046 3421 2111 immensitas,
3448 2052 3503 2099 et
3524 2061 3623 2115 per
3642 2061 3769 2099 om-

491 2136 533 2231 ὶ,
560 2136 673 2228 is):
1219 2136 1232 2141 ⁷
1831 2136 1838 2139 ’
2182 2141 2267 2194 nia
2315 2155 2423 2194 non
2467 2139 2674 2205 localis,
2715 2137 2811 2193 sed
2837 2137 3019 2231 divina
3065 2136 3769 2231 inirabilisquetpi-msenti-a

458 2223 673 2309 .éitpur
714 2268 822 2306 xix.
865 2248 1137 2321 Ejusmodi
1167 2249 1419 2321 habitatio
1463 2265 1567 2321 non
1605 2248 1939 2321 (oculisest,
1988 2263 2048 2302 se

2181 2232 2599 2299 demonstratur,
2630 2231 2755 2286 dum
2795 2231 2851 2284 in
2881 2229 3089 2284 nomine
3122 2226 3303 2282 Patris
3329 2235 3379 2281 et
3409 2223 3539 2279 Filii
3559 2233 3606 2279 et
3639 2225 3770 2294 Spi-

564 2325 837 2376 immensa.
869 2317 971 2376 Cor
999 2329 1229 2374 nostrum
1250 2319 1501 2373 dilatatur
1527 2317 1637 2373 Deo
1663 2317 2003 2372 inhabitante.
2184 2326 2317 2379 ritu;
2340 2323 2530 2392 εαηειί,
2561 2321 2854 2379 secundum
2885 2321 3051 2390 ipsius
3078 2317 3289 2374 Domini
3311 2325 3631 2388 praeceptum
3656 2330 3774 2370 cre-

566 2414 691 2469 Haec
718 2408 899 2484 utique
916 2411 1087 2467 Patris
1102 2419 1156 2466 et
1176 2409 1296 2465 Filii
1321 2417 1378 2464 et
1405 2394 1636 2478 Spiritus
1656 2409 1827 2464 sancti
1844 2409 1896 2463 in
1927 2407 2081 2463 nobis
2183 2417 2392 2480 dentes,
2419 2415 2618 2486 ubique
2640 2424 2665 2453 ιι
2696 2412 3069 2481 cognoscimus
3091 2409 3369 2481 δεριίιπί,
3393 2407 3450 2462 Si
3476 2407 3617 2462 enim
3647 2422 3773 2460 om-

498 2503 762 2558 habi‘a‘io
793 2517 898 2556 που
947 2499 1133 2573 locans
1171 2506 1276 2567 θεῖν
1305 2499 1398 2553 sed
1443 2498 1738 2559 immensa:
1789 2513 1896 2552 ηοη
1932 2513 2083 2552 ϐοαὶ·
2187 2508 2269 2561 nis
2292 2505 2525 2561 Trinitas
2555 2507 2607 2560 in
2636 2505 2955 2576 baptismate
2985 2502 3326 2558 sanctiﬁcare
3367 2498 3628 2560 creditur.
3661 2514 3778 2553 om-

499 2595 874 2667 βτειιθηείδῗίίε
896 2593 1252 2662 εοείιίιιῖοηθν
1284 2592 1379 2646 θεά
1403 2590 1728 2645 venerabilis
1757 2589 1858 2645 “de
1886 2607 1898 2642 ί
1927 2588 2084 2642 inha-
2140 2638 2153 2651 η
2186 2598 2269 2652 nis
2298 2597 2481 2667 utique
2523 2595 2759 2650 Trinitas
2806 2595 2993 2650 adesse
3036 2602 3400 2658 monstratur;
3430 2607 3551 2646 cum
3590 2598 3777 2644 autem

500 2688 639 2740 bitat
682 2685 822 2740 enim
873 2682 1107 2738 Trinitas
1157 2682 1210 2736 in
1261 2683 1374 2737 suis
1411 2680 1674 2746 ﬁdelibus,
1705 2681 1843 2737 sicut
1871 2688 1984 2736 tota
2031 2680 2084 2735 in

2191 2690 2388 2761 ubique
2415 2705 2523 2745 uno
2545 2697 2790 2759 tempore
2818 2705 2914 2758 per
2945 2697 3114 2743 totum
3145 2687 3330 2743 orbem
3353 2685 3615 2757 baptisma
3637 2684 3777 2739 cele-

498 2778 742 2847 sinsulis.
773 2776 851 2831 sic
898 2783 1008 2830 tota
1039 2774 1091 2828 in
1122 2773 1352 2837 cunctis.
1384 2788 1505 2843 quae
1545 2788 1645 2828 nec
1673 2773 1796 2827 coeli
1824 2779 2088 2842 terraque
2189 2780 2377 2835 bratur
2402 2781 2495 2854 (al.
2543 2780 2868 2849 celebretur)
2902 2780 2954 2833 in
2988 2777 3204 2834 nomine
3234 2776 3532 2842 Trinitatis,
3580 2775 3625 2828 si
3658 2782 3776 2829 tota

500 2871 679 2941 spatio
722 2867 1064 2932 distenditur,
1114 2882 1213 2922 nec
1255 2866 1517 2921 universa:
1564 2875 1823 2921 creatura:
1863 2865 2089 2919 termino

2191 2874 2429 2929 Trinitas
2456 2874 2610 2928 adest
2638 2873 2703 2928 ad
2729 2871 3171 2928 sanctiﬁcandum
3196 2869 3292 2941 (al.
3323 2865 3773 2937 signiﬁcandum),

500 2961 839 3024 terminatur,
869 2973 969 3013 nec
997 2973 1094 3028 per
1140 2963 1421 3027 separatos
1469 2956 1713 3010 homines
1734 2956 1818 3010 vel
1851 2957 1867 3026 (
1890 2956 1961 3009 al.
1993 2954 2087 3026 et)
2191 2981 2317 3021 ecce
2339 2965 2535 3035 ubique
2564 2965 2880 3019 mirabililer
2899 2963 3119 3019 exhibet
3145 2961 3490 3032 prmsenﬁam
3520 2958 3780 3027 majesta-

501 3056 750 3119 5093mm
781 3047 919 3112 Ῑοεεις
960 3046 1359 3116 infamiam"
1404 3052 1708 3114 separaui".
1734 3059 1835 3098 ""0
1882 3043 2091 3098 ίηΓεΓηο
2193 3058 2264 3111 tis
2288 3058 2562 3112 immensa:
2588 3074 2600 3109 :
2630 3056 2884 3125 quoniam
2912 3054 3076 3110 solius
3092 3062 3180 3122 est
3210 3052 3325 3119 Dei,
3350 3051 3506 3107 simul
3530 3050 3779 3104 universa

502 3139 677 3203 deest,
708 3154 831 3193 cum
864 3147 1018 3193 terra:
1050 3152 1155 3191 non
1185 3136 1325 3191 desit
1355 3145 1407 3191 et
1438 3136 1594 3191 etelo.
1624 3135 1724 3201 Qui
1747 3135 1888 3189 enim
1919 3136 2092 3206 potuit

2194 3147 2491 3217 complere.
2526 3146 2582 3201 Si
2615 3154 2795 3200 autem
2827 3162 2934 3200 non
2961 3153 3073 3200 tota
3098 3144 3327 3198 Trinitas
3351 3142 3549 3211 ubique
3578 3142 3780 3212 pariter

508 3230 688 3285 omnia
719 3226 1077 3292 facere,solus
1108 3235 1285 3296 potest
1308 3228 1555 3280 universa
1586 3226 1816 3296 replere.
1841 3223 2093 3296 Quisquis

2197 3237 2366 3301 adest,
2393 3236 2439 3290 si
2476 3235 2641 3290 Filius
2684 3243 2778 3289 aut
2817 3234 3046 3305 Spiritus
3074 3243 3294 3289 sanctus
3323 3241 3541 3302 putatur
3565 3231 3779 3295 deesse,

514 3329 694 3374 autem
724 3318 947 3373 localem
972 3316 1090 3371 Filii
1120 3324 1174 3371 et
1205 3315 1436 3386 Spiritus
1463 3315 1639 3396 sancti
1664 3315 1951 3370 adventum
1991 3315 2093 3370 ba-
2121 3277 2167 3339 C
2200 3278 2559 3382 ηοηιίξιειηάυε
2606 3327 2793 3397 utique
2840 3277 2892 3380 εξ
2920 3326 3243 3396 baptismate
3281 3277 3386 3379 "5..
3431 3331 3533 3388 εει,
3572 3323 3666 3392 qui
3714 3322 3783 3376 ad

509 3412 891 3467 bitationemve
932 3407 1263 3474 considerat,
1287 3406 1437 3476 prius
1466 3416 1549 3462 est
1578 3414 1636 3459 ut
1664 3404 1880 3460 Patrem
1910 3406 1963 3460 in
1993 3422 2094 3461 no-

2198 3419 2642 3474 sanctillcandum
2672 3419 2860 3474 adesse
2884 3435 2990 3473 non
3021 3426 3219 3489 potest.
3247 3417 3497 3486 Quisquis
3525 3429 3655 3483 ergo
3676 3430 3782 3485 pu-

508 3503 876 3567 biSiocaiiit‘i‘.
905 3516 1012 3555 ιιοη
1043 3499 1218 3556 Silium
1262 3498 1532 3563 baiulare,
1561 3513 1747 3552 Verum
1778 3498 1941 3552 ﬁliam
1991 3513 2100 3551 ³1η·
2200 3516 2279 3563 tat
2318 3508 2681 3576 mqualitatem
2732 3508 3107 3563 immensitatis
3130 3513 3368 3577 paterna:
3413 3502 3787 3571 denegandam

511 3597 696 3652 buiare
726 3594 1039 3659 conﬁrmet;
1061 3607 1220 3662 quem
1247 3592 1436 3647 beatus
1465 3590 1664 3645 Paulus
1687 3589 1886 3645 dixisse
1907 3590 2121 3645 asseril‘
2200 3596 2337 3652 Filio
2368 3597 2448 3652 vel
2477 3597 2698 3667 Spiritui
2723 3606 2930 3664 sancto,
2957 3614 3153 3652 nomen
3183 3613 3369 3652 eorum
3398 3596 3539 3666 prius
3568 3592 3789 3649 auferat

513 3702 611 3756 per
637 3686 951 3756 prophClam
987 3700 1000 3736 ε
1037 3680 1293 3747 Quoniam
1322 3680 1620 3743 inhabiwbo
1642 3682 1693 3735 in
1719 3680 1823 3735 illis
1855 3688 1905 3734 ει
1931 3682 2100 3735 inam-
2202 3687 2271 3743 de
2299 3688 2631 3758 baptismatis
2659 3698 3019 3743 sacramento.
3050 3687 3109 3743 In
3129 3688 3233 3743 hoc
3255 3688 3414 3757 igitur
3431 3701 3587 3755 quam
3609 3685 3790 3741 maxi-

513 3774 699 3830 bulabo
733 3773 831 3844 (ΙΙ
854 3774 973 3827 Cor.
1004 3788 1079 3838 vr,
1106 3770 1215 3841 l5).
1269 3770 1578 3841 Explicetur
1622 3785 1751 3839 ergo
1792 3770 2021 3839 qualiter
2047 3770 2102 3826 in
2204 3794 2290 3833 me
2321 3778 2443 3833 ﬁdei
2484 3779 2761 3835 catholicae
2787 3780 2981 3834 veritas
3022 3781 3348 3846 agnoscitur,
3392 3793 3511 3849 qua:
3555 3775 3793 3834 rectein

515 3867 671 3922 nobis
692 3866 856 3919 Filius
875 3865 962 3917 vel
987 3863 1217 3933 Spiritus
1241 3871 1457 3917 sanctus
1476 3862 1747 3916 inhabitet
1770 3863 1865 3933 (al.
1888 3863 2101 3918 inhabi-
2206 3870 2424 3924 nomine
2453 3868 2629 3925 Patris
2674 3878 2729 3924 et
2773 3869 2895 3924 Filii
2941 3878 2997 3925 et
3033 3869 3263 3940 Spiritus
3304 3870 3472 3925 sancti
3513 3867 3793 3939 baptizare

516 3956 639 4025 ii“)-
672 3956 804 4008 Νίιηι
834 3955 879 4008 Si
906 3954 1026 4007 hinc
1056 3953 1292 4007 humano
1317 3967 1468 4007 πιοτθ
1509 3951 1783 4007 credimus
1812 3952 2102 4017 metienda.
2206 3961 2507 4028 consuevit,
2537 3960 2791 4029 quoniam
2823 3976 3042 4015 omnem
3069 3959 3385 4015 Trinitatem
3418 3960 3615 4028 ubique
3643 3959 3794 4029 pari-

518 4047 738 4114 majoris
765 4052 848 4099 est
873 4042 1190 4111 quantitatis
1214 4042 1305 4110 qui
1328 4040 1575 4095 habitare
1602 4041 1977 4096 tantummodo
2024 4040 2105 4096 di-

2209 4058 2290 4104 ter
2316 4050 2506 4105 alesse
2526 4050 2765 4106 conlidit.
2801 4049 2992 4105 Posset
3021 4049 3195 4105 adhuc
3234 4050 3567 4104 immensitas
3595 4048 3792 4103 divini-

518 4135 861 4202 σίιυννσιιιαιη
906 4131 995 4185 ille
1039 4131 1130 4201 qui
1170 4131 1334 4185 etiam
1363 4129 1415 4183 in
1448 4129 1603 4184 nobis
1630 4129 1906 4185 ambulare
1950 4147 2105 4186 mon-
2211 4142 2333 4196 tatis
2353 4141 2473 4197 Filii
2496 4141 2591 4196 Dei
2610 4142 2931 4196 testimoniis
2955 4141 3432 4196 innumerabilibus
3452 4139 3795 4197 demonstra-

518 4234 722 4281 είτθωτ
754 4243 767 4277 τ
794 4231 973 4294 Ροῑεδι
994 4222 1138 4276 enim
1165 4225 1256 4290 (Ιυί
1278 4219 1679 4277 “abnuimth
1709 4221 1934 4291 implere
1962 4222 2107 4291 quod
2209 4231 2286 4297 ri;
2317 4232 2415 4287 sed
2449 4248 2548 4288 nos
2577 4233 2864 4287 maluimus
2892 4248 3063 4303 pauca
3104 4232 3172 4288 de
3198 4232 3439 4303 pluribus
3464 4246 3800 4302 ponere,vo-

522 4316 758 4380 habitat;
791 4315 883 4386 qui
914 4323 1092 4368 autem
1122 4312 1454 4399 inambulare
1478 4312 1694 4379 dicitur,
1725 4313 1903 4367 minor
1927 4314 2109 4383 utique
2210 4322 2384 4378 lentes
2431 4324 2595 4381 etiam
2641 4323 2936 4379 secundum
2966 4323 3156 4377 librum
3184 4322 3411 4378 celerius
3459 4322 3796 4388 terminare;

521 4409 696 4480 spatio
729 4409 781 4462 in
810 4422 917 4477 quo
961 4405 1227 4473 ambulat,
1257 4405 1459 4474 absque
1495 4404 1827 4459 dubitatione
1855 4413 2113 4459 monstra-
2212 4427 2373 4481 quam
2423 4414 2658 4468 maxime
2697 4413 3112 4483 prospicientes,
3161 4421 3219 4467 ιιι
3246 4412 3301 4466 in
3344 4411 3426 4467 his
3463 4426 3583 4480 qua;
3602 4419 3798 4466 νοείτω

523 4511 630 4556 tur.
655 4500 761 4556 Sed
788 4501 927 4554 lianc
953 4497 1295 4568 cogitationis
1335 4497 1591 4567 ineptiam
1644 4496 1883 4552 deterior
1920 4513 2109 4553 conse-
2212 4504 2513 4558 clementia:
2544 4504 2896 4570 destinamus,
2927 4491 3162 4558 animum
3192 4504 3463 4573 regalibus
3483 4504 3628 4559 curis
3661 4502 3691 4541 ι’
3721 4503 3800 4557 fe-

527 4601 723 4664 quetur
746 4591 1068 4645 absurditas.
1104 4587 1296 4643 Procul
1339 4587 1505 4642 dubio
1547 4587 1690 4641 enim
1736 4587 1911 4643 cordis
1939 4589 2110 4644 nostri
2147 4648 2189 4665 ἢ
2215 4592 2391 4648 liciter
2431 4602 2774 4664 occupatum,
2818 4611 2927 4648 non
2975 4594 3221 4650 lectionis
3266 4595 3545 4665 prolixitas
3583 4602 3798 4660 oneret,

526 4648 701 4757 spatia
726 4684 1048 4738 videbuntur
1077 4681 1190 4749 ipsa
1222 4678 1484 4733 Trinitate
1510 4677 1735 4747 majora,
1756 4678 1810 4731 in
1832 4677 2024 4747 quibus
2044 4681 2114 4733 sit
2145 4648 2193 4707 θ
2216 4682 2308 4736 sed
2338 4648 2700 4738 manifesiatio
2723 4648 2966 4739 veritatis
2996 4648 3281 4741 informet:
3313 4683 3544 4739 Proinde
3570 4698 3691 4752 qua:

525 4773 679 4830 locns
706 4788 865 4844 quem
891 4770 1054 4825 Filius
1080 4777 1241 4838 atque
1268 4767 1500 4837 Spiritus
1528 4775 1744 4821 sanctus
1767 4766 2114 4833 inltabitando
2217 4771 2583 4829 immensitate
2626 4785 2647 4813 ο
2689 4774 2985 4832 divinitatis
3032 4775 3151 4829 Filii
3197 4773 3293 4829 Dei
3337 4774 3606 4843 disputata
3649 4781 3801 4840 sunt,

531 4864 753 4934 implere
777 4863 1008 4934 possint,
1049 4869 1105 4915 et
1152 4860 1303 4914 locus
1349 4873 1511 4928 quem
1541 4856 1922 4912 inambulando
1959 4856 2117 4911 Pater
2220 4863 2326 4918 isto
2350 4863 2735 4921 concludamus
2762 4867 3016 4930 termino,
3050 4873 3108 4921 ut
3133 4880 3196 4920 ea
3224 4879 3343 4934 qua:
3362 4864 3429 4919 de
3457 4871 3803 4918 sacramento

529 4957 754 5032 implere
780 4972 884 5010 non
915 4954 1101 5032 possit.
1136 4950 1289 5018 ρλοά
1314 4951 1357 5005 si
1392 4951 1509 5005 huic
1537 4965 1643 5003 non
1667 4949 1995 5004 conveniunt
2020 4964 2114 5001 γει·
2223 4951 2451 5008 dicenda
2499 4964 2624 5008 sunt
2668 4955 2950 5011 dominicae
2986 4950 3272 5028 passionis,
3314 4955 3423 5010 alio
3450 4969 3637 5009 rursus
3664 4952 3806 5009 inci.

529 5030 693 5107 ritati,
742 5045 1025 5099 credamus
1054 5030 1463 5096 "habitationem
1492 5037 1769 5090 Trinitatis
1817 5035 2115 5091 secundum
2225 5044 2432 5112 ρίεῑηιυε
2459 5046 2703 5101 exordio,
3301 5051 3305 5055 ν

602 5188 627 5216 ι
662 5178 827 5248 Abest
851 5178 1040 5248 ultique
1062 5177 1133 5248 ab,
1158 5175 1318 5242 edd.;
1350 5172 1545 5242 legitur
1574 5171 1628 5226 in
1659 5186 1759 5227 ms.
1790 5169 1951 5225 Corb.

1524 5188 1545 5227 r
1574 5171 1628 5226 in
1659 5186 1759 5227 ms.
1790 5169 1951 5225 Corb.
2299 5190 2320 5218 ο
2347 5178 2405 5235 ln
2436 5179 2609 5237 Basil.
2631 5181 2785 5239 deest
2811 5183 3114 5237 divinitatis.

604 5249 629 5288 δ
661 5248 757 5302 Ms.
792 5246 977 5309 Corlt.',
1010 5246 1253 5315 fideliter.

1693 5407 2031 5492 LIBER
2109 5411 2649 5497 TERTIUS.

1420 5533 1520 5581 nn
1558 5502 2058 5582 uanamn-ro
2097 5534 2484 5586 υοωιοε
2520 5536 2913 5588 ηειιοκιι.

1935 5621 2340 5638 _

524 5690 715 5747 C‘AWT
756 5705 974 5760 animi.
1012 5684 1463 5760 pimcultastertii
1490 5683 1610 5760 libri
1635 5684 1699 5760 de
1731 5683 1981 5760 Passione
2011 5680 2118 5752 Po-
2225 5690 2578 5760 opitulatione
2601 5691 2832 5757 subnixi,
2862 5688 3197 5745 divinitatem
3227 5684 3347 5740 Filii
3367 5682 3462 5738 Dei
3488 5648 3816 5752 probaveri-

606 5760 755 5814 mini.
797 5757 960 5813 Error
1008 5753 1517 5828 ThEopliscltitarum.
1571 5753 1791 5808 Verbum
1828 5754 1993 5807 crucis
2034 5771 2124 5823 pe-

606 5826 873 5887 reuntibus
900 5829 1121 5882 stultitia
1148 5838 1243 5880 est.
1573 5846 1585 5851 ί

2227 5806 2345 5849 mus
2360 5791 2694 5854 immensam,
2714 5803 2813 5844 nec
2830 5796 3075 5863 tempore
3092 5785 3320 5851 scilicet,
3335 5795 3437 5835 nec
3452 5779 3575 5833 loco
3585 5777 3814 5833 conclu-

1148 5877 1386 5963 secundo
1435 5902 1591 5981 libro,
1620 5901 1840 5973 superni
1887 5902 2127 5958 muneris
2231 5911 2342 5952 sam
2360 5936 2375 5962 ,
2406 5902 2465 5949 ut
2489 5900 2616 5964 pote
2644 5905 2762 5962 qua:
2790 5891 2967 5946 omnia
2988 5886 3179 5957 replet,
3204 5880 3385 5939 omnia
3404 5877 3669 5945 continet,
3694 5891 3820 5933 om-
