4026 6336
265 381 374 443 εᾶθ

1462 387 1551 448 AD
1589 390 2080 452 TRASIMUNDUM
2123 397 2246 454 LIB.
2288 369 2372 455 tu.

3431 401 3537 461 £70

263 498 353 553 nia
379 496 811 569 sempiternitate
839 497 1112 569 praecedit,
1146 501 1323 555 omnia
1353 503 1555 572 pariter
1582 504 1855 560 immensi.
1884 517 1927 569 Α
1960 508 2240 577 prietatem
2275 507 2468 562 divinae
2505 476 2856 578 liuntazmqne
2897 484 3098 567 ratum
3126 513 3417 583 pertinent,
3445 492 3539 572 de-

261 596 379 644 tate
398 588 702 654 concludit;
725 588 872 658 quod
894 588 1093 645 idcirco
1115 605 1274 661 quam
1299 592 1529 647 maxime
1547 594 1853 650 curavimus

258 667 765 739 demonstrandum,
793 684 853 731 ut
878 676 923 731 si
949 677 1041 747 qui
1067 693 1209 733 nunc
1241 694 1412 749 usque
1448 679 1761 749 spiritaliter
1786 680 1854 736 de

260 767 377 822 Deo
402 776 683 837 nequeunt
706 767 968 836 cogitare,
992 767 1177 823 localis
1205 768 1259 823 in
1292 769 1384 823 Dei
1417 769 1552 824 Filio
1593 770 1854 840 suspicio—

258 858 346 912 nis
378 857 794 912 absolverentur
821 872 1007 913 errore
1026 875 1044 911 :
1078 873 1185 913 non
1212 860 1390 914 minor
1416 860 1569 914 nobis
1598 870 1681 914 est
1706 860 1854 915 selli-

259 948 452 1003 citndo
470 949 706 1003 -residua
744 949 889 1003 tertii
930 964 1145 1020 quoque
1173 949 1332 1019 hujus
1360 949 1645 1005 voluminis
1672 951 1853 1005 absol-

260 1037 448 1103 vendi,
474 1052 588 1107 quo
617 1036 686 1092 de
712 1046 1054 1093 sacramento
1082 1038 1680 1109 deminicsa'passionis,
1709 1041 1855 1109 quod

270 1128 405 1197 ipse,
422 1128 524 1196 qui
547 1142 646 1196 pro
673 1128 833 1183 nobis
861 1142 1051 1198 passus
1076 1136 1182 1197 est,
1208 1129 1508 1193 donaverit,
1539 1146 1724 1186 sumus
1745 1133 1853 1185 uti-

263 1231 375 1287 que
410 1212 717 1284 tractaturi.
753 1214 856 1272 Ubi
885 1233 994 1273 non
1023 1219 1244 1274 minimo
1273 1220 1468 1276 timore
1495 1222 1853 1289 concutimur,

262 1327 371 1369 nec
398 1313 505 1368 levi
544 1310 834 1384 formidine
873 1324 1266 1381 perurgemur:
1298 1328 1484 1368 sumus
1517 1314 1659 1385 enim
1697 1329 1853 1383 pror-

261 1418 358 1459 sus
386 1402 672 1475 (quantum
705 1401 773 1456 ad
799 1417 896 1457 nos
922 1403 1135 1471 attinet)
1161 1403 1506 1473 explicationi
1536 1412 1697 1458 tanta:
1731 1420 1859 1474 pro-

264 1494 547 1550 funditatis
571 1493 813 1548 invalidi.
843 1492 951 1547 Sed
981 1492 1073 1547 ille
1106 1494 1193 1562 qui
1221 1495 1424 1562 aperuit
1445 1504 1467 1529 ⁸
1491 1509 1548 1546 os
1578 1502 1854 1560 mutorum,

264 1592 316 1638 et
342 1584 554 1655 linguas
583 1583 867 1654 infantium
896 1583 1019 1653 fecit
1047 1582 1138 1652 (al.
1170 1582 1319 1653 facit)
1360 1582 1579 1635 disertas
1612 1582 1767 1653 (Sap.
1800 1599 1855 1648 κ,

260 1672 381 1739 ﬁt),
405 1675 524 1743 ipse
554 1672 714 1744 (sicut
733 1670 1071 1742 conﬁdimus)
1099 1673 1247 1728 dabit
1273 1687 1576 1727 sermonem
1598 1673 1855 1727 directum

258 1770 324 1817 et
349 1764 490 1817 bene
524 1770 806 1818 sonantem
844 1762 898 1816 itt
937 1777 1000 1817 os
1042 1770 1304 1826 nostrum,
1330 1760 1355 1799 δ
1383 1769 1696 1831 tantamque
1732 1763 1859 1818 huic

1958 607 2279 667 monstrare,
2314 609 2405 679 aut
2441 600 2577 656 duos
2606 601 2849 658 Christos
2877 620 2973 660 nos
3002 606 3271 664 existimet
3298 608 3536 676 credere,

1953 692 2245 747 secundum
2278 703 2561 764 utramque
2592 704 2863 765 naturam,
2906 707 2997 751 aut
3024 707 3270 768 quartam
3310 716 3341 754 a
3385 703 3541 758 nobis

1953 785 2117 839 inseri
2146 795 2299 855 putet
2322 784 2573 842 Trinitati
2604 804 2910 859 personam.
2943 789 3051 844 Nos
3079 792 3220 845 enim
3248 791 3408 847 iidem
3453 809 3542 849 re-

1954 877 2190 932 tinentes
2216 878 2537 947 evangelicae
2565 880 2827 948 veritatis,
2857 880 3007 935 sicin
3041 879 3333 936 Mediatore
3363 882 3458 938 Dei
3485 893 3544 939 et
3641 881 3644 887 ’

1951 965 2230 1020 hominum
2246 967 2468 1023 homine
2487 967 2701 1025 Christo
2730 968 2854 1025 Jesu
2884 973 3097 1042 propria
3122 973 3540 1046 uniuscujusque

1950 1062 2160 1110 natura:
2184 1059 2576 1125 cognoscimus,
2598 1067 2657 1113 ut
2687 1061 2944 1114 unitatem
2969 1078 3211 1131 persona:
3236 1064 3541 1121 nullatenus

1954 1145 2270 1214 dividamus,
2293 1150 2524 1204 scientes
2539 1152 2687 1219 quod
2708 1151 2786 1205 sic
2806 1151 3079 1222 utriusque
3102 1152 3155 1206 in
3177 1152 3391 1209 Christo
3414 1156 3541 1210 sub-

1955 1235 2166 1290 stantia:
2186 1238 2441 1291 manserit
2464 1239 2610 1291 unita
2642 1240 2961 1308 proprietas,
2986 1250 3044 1294 ut
3071 1243 3122 1295 in
3145 1259 3308 1299 carne
3329 1247 3540 1315 patiens

1945 1325 2297 1395 'impassibilis
2336 1328 2497 1393 Deus,
2529 1337 2584 1382 et
2618 1345 2797 1383 veram
2830 1330 3133 1400 passionem
3167 1332 3313 1400 (quia
3346 1338 3538 1407 voluit)

1958 1415 2010 1469 in
2044 1427 2065 1454 α
2096 1431 2224 1471 veta
2252 1432 2411 1471 carne
2439 1418 2682 1483 sentiret,
2709 1429 2763 1473 et
2789 1419 2839 1472 in
2878 1419 3156 1473 divinitate
3186 1437 3405 1489 prorsus
3431 1425 3538 1479 im-

1956 1505 2283 1573 passibiiiter
2326 1516 2692 1576 permaneret,
2733 1524 2831 1565 nec
2875 1510 3009 1564 alius
3056 1511 3109 1564 in
3154 1526 3315 1567 carne
3352 1530 3541 1584 passus

1958 1593 2118 1648 fuerit
2146 1595 2247 1649 nisi
2276 1595 2365 1650 ille
2395 1597 2485 1667 qui
2515 1597 2567 1650 in
2597 1613 2723 1651 vera
2753 1599 2931 1652 carnis
2957 1598 3207 1667 passione
3229 1599 3538 1670 impassibi-

1958 1682 2024 1738 lis
2062 1685 2281 1739 omnino
2320 1687 2635 1755 permansit,
2675 1702 2775 1741 nec
2814 1688 2948 1743 alius
2986 1689 3334 1758 semetipsum
3380 1707 3486 1747 mox
3501 1693 3542 1748 ti

1960 1770 2207 1840 dignatus
2227 1774 2296 1829 sit
2317 1774 2547 1840 tradere,
2567 1790 2725 1843 quam
2744 1776 2840 1829 ille
2860 1776 2949 1845 qui
2971 1776 3048 1832 sic
3064 1779 3243 1848 potuit,
3260 1781 3539 1837 moriendo

265 1853 443 1923 operi,
468 1852 618 1922 quod
642 1868 739 1923 per
765 1867 867 1908 nos
895 1853 1146 1921 dignatur
1172 1850 1595 1909 misericorditer
1619 1856 1855 1923 operari,

1965 1873 2187 1918 mortem
2232 1865 2464 1931 vincere,
2509 1875 2568 1920 ut
2614 1878 2842 1922 mortem
2890 1884 2996 1923 non
3041 1880 3224 1940 posset
3265 1873 3319 1927 in
3364 1868 3543 1930 morte

266 1942 702 1998 demonstranda
733 1941 977 2021 veritatis
1008 1943 1235 2011 gratiam
1274 1943 1550 2012 largietur,
1582 1952 1641 1999 ut
1678 1946 1853 2000 mani-

267 2032 419 2089 festis
440 2032 845 2103 Scripturarum
877 2034 1093 2088 elareat
1117 2033 1478 2096 documentis,
1508 2041 1563 2089 et
1589 2035 1854 2091 rectitudo

266 2123 522 2180 catholici
563 2124 848 2192 dogmatis,
874 2132 930 2179 et
971 2130 1244 2179 tortuosus
1277 2138 1435 2177 error
1471 2138 1534 2178 ac
1576 2124 1855 2193 multiplex

269 2213 539 2268 haeretica
564 2213 866 2282 pravitatis.
898 2213 1035 2268 Sunt
1057 2212 1204 2267 enim
1230 2210 1448 2280 quidam
1471 2212 1563 2281 qui
1582 2211 1650 2266 de
1678 2227 1859 2266 sacra-

260 2314 455 2361 mento
483 2304 767 2359 dominicae
793 2305 1058 2375 passionis
1086 2304 1241 2358 aliter
1274 2317 1435 2372 quam
1476 2319 1537 2359 se
1561 2304 1733 2373 pietas
1756 2305 1857 2360 ha-

260 2393 381 2458 bet,
424 2394 747 2461 cogitantes,
785 2392 909 2448 dum
952 2392 1180 2447 salutem
1217 2399 1480 2461 quierunt,
1523 2392 1855 2463 dispendium

264 2483 461 2537 salutis
481 2482 780 2550 incurrunt,
804 2490 860 2536 et
879 2481 1005 2536 dum
1027 2481 1081 2534 in
1104 2479 1215 2534 Deo
1240 2480 1292 2534 id
1320 2480 1609 2549 accipiunt,
1634 2480 1781 2550 quod
1801 2482 1857 2535 in

268 2575 584 2635 hominibus
612 2582 875 2641 cernunt,
915 2571 1147 2640 quadam
1185 2571 1331 2625 velut
1370 2571 1553 2625 lancea
1593 2585 1858 2640 perversae

268 2663 566 2719 locutionis
592 2663 733 2717 latus
759 2662 1066 2732 percutiunt
1093 2659 1421 2725 Salvatoris;
1452 2668 1507 2715 et
1526 2674 1650 2715 cum
1680 2659 1857 2714 incre-

264 2755 385 2811 duli
414 2756 615 2811 milites
638 2754 924 2810 detrahere
945 2754 1061 2808 ausi
1093 2769 1198 2808 non
1224 2751 1418 2807 fuerint
1442 2752 1714 2815 morienti,
1739 2753 1858 2820 qni-

264 2842 396 2899 dam
426 2858 589 2907 nunc,
621 2843 721 2897 sub
743 2840 1031 2896 Christiani
1059 2840 1290 2895 nominis
1315 2837 1461 2903 fuco,
1486 2855 1593 2895 non
1615 2848 1861 2895 metuunt

266 2931 537 3000 derogare
562 2930 830 2998 regnanti.
860 2927 925 2982 Hi
955 2937 1081 2983 sunt
1119 2929 1211 2997 qui
1255 2944 1377 2983 cum
1418 2928 1473 2982 in
1504 2944 1610 2983 uno
1644 2928 1860 2984 Christo

268 3021 387 3080 Deo
424 3038 559 3078 vero
588 3022 916 3091 homineque
944 3019 1186 3090 perfecto
1210 3020 1496 3074 humanam
1522 3018 1861 3089 divinamque

270 3113 507 3170 forsitan
545 3115 698 3185 113
727 3117 1018 3179 nequeunt,
1049 3117 1145 3163 aut
1169 3117 1316 3163 certe
1346 3107 1641 3177 negligant,
1667 3122 1861 3162 secun-

270 3203 404 3257 dum
447 3201 749 3256 naturalem
776 3198 1062 3253 veritatem
1100 3196 1444 3252 considerare
1485 3196 1858 3263 substantiam,

268 3294 332 3347 in
361 3292 416 3348 id
439 3292 644 3347 erroris
669 3290 968 3350 incurrunt,
998 3296 1058 3341 ut
1083 3302 1189 3341 non
1218 3286 1505 3341 humanam
1527 3285 1579 3339 in
1604 3284 1697 3339 Dei
1726 3284 1862 3340 Filio

276 3392 561 3446 naturam,
613 3386 865 3434 manente
908 3375 1103 3431 divina:
1146 3374 1356 3429 virtutis
1400 3374 1860 3439 immutabilitate,

275 3477 646 3540 cansiderent,
688 3474 780 3529 sed
812 3482 868 3528 ut
896 3472 1131 3528 divinam
1161 3471 1534 3537 substantiam,
1564 3470 1755 3526 divinae
1783 3470 1865 3523 in-

280 3568 554 3623 ﬁrmitatis
576 3564 925 3636 passibilitate
946 3562 1289 3617 dedecorent.
1310 3560 1463 3627 Quod
1475 3561 1667 3629 utique
1686 3558 1865 3613 divino

277 3655 485 3726 Spiritu
512 3652 830 3725 pnevidens,
860 3650 1070 3706 dicebat
1106 3649 1433 3718 Apostolus:
1471 3646 1692 3702 Verbum
1726 3647 1866 3700 enim

278 3747 473 3812 crucis,
499 3742 828 3814 pereuntibus
861 3740 1064 3813 quidem
1093 3739 1314 3793 stultitia
1340 3746 1435 3799 est,
1470 3737 1549 3790 his
1584 3745 1750 3788 autem
1779 3737 1865 3806 qui

280 3836 414 3891 salvi
443 3835 600 3905 ﬁunt,
645 3834 804 3887 virtus
843 3830 939 3884 Dei
974 3838 1052 3883 est
1082 3828 1136 3900 (I
1178 3826 1297 3883 Cor.
1344 3843 1381 3891 ι,
1420 3826 1497 3897 8).
1537 3826 1773 3880 Pereunt
1812 3826 1866 3879 in

282 3925 457 3980 verbo
483 3924 659 3979 caucis
688 3939 794 3976 non
828 3920 1001 3975 solum
1043 3919 1133 3989 qui
1164 3925 1351 3988 putant
1374 3916 1474 3972 Dei
1515 3916 1705 3971 [Vitium
1747 3930 1867 3984 qua:

285 4014 523 4069 humana
543 4021 667 4067 sunt
688 4011 740 4064 in
762 4025 928 4065 carne
946 4009 1059 4079 pati
1077 4024 1184 4063 non
1212 4007 1473 4078 potuisse,
1495 4021 1680 4062 verum
1704 4006 1866 4060 etiam

284 4104 379 4170 qui
410 4101 637 4157 credunt
664 4099 995 4155 divinitatem
1022 4096 1139 4152 Filii
1168 4097 1265 4151 Dei
1300 4096 1514 4152 dolores
1540 4096 1626 4151 vel
1656 4097 1866 4166 passio-

284 4209 411 4249 nem
435 4189 919 4247 substantialiterin
936 4203 1095 4243 cruce
1116 4189 1367 4243 sensisse.
1386 4185 1668 4254 Quomodo
1688 4196 1867 4243 autem

283 4284 513 4339 verbum
542 4282 718 4338 crucis
748 4281 913 4336 virtus
934 4288 1016 4334 est
1043 4279 1157 4344 Dei,
1189 4280 1232 4335 si
1260 4280 1310 4334 in
1341 4295 1501 4335 cruce
1531 4279 1709 4356 divina
1742 4279 1869 4333 sub-

282 4376 487 4430 stantia
515 4373 692 4444 potuit
711 4370 1000 4426 inﬁrmari?
1028 4369 1112 4425 vel
1134 4370 1364 4438 qualiter
1392 4385 1490 4423 nos
1524 4368 1588 4422 ad
1619 4368 1870 4422 immuta-

285 4465 508 4519 bilitatis
548 4471 719 4531 atque
770 4458 1187 4528 incorruptionis
1240 4458 1462 4526 gratiam
1516 4456 1871 4526 perducturus

285 4553 382 4623 (at.
411 4549 752 4621 reducturus)
784 4557 867 4605 est
886 4548 1151 4612 Christus,
1179 4548 1224 4602 si
1262 4548 1377 4617 ipse
1400 4546 1696 4603 secundum
1726 4545 1866 4601 divi-

1958 1957 2177 2011 sentire.
2202 1956 2308 2011 Sed
2327 1958 2444 2013 haec
2465 1958 2694 2029 qualiter
2714 1959 2767 2014 in
2790 1960 2994 2016 unitate
3015 1978 3275 2032 personae,
3301 1965 3544 2020 substan-

1954 2045 2152 2100 t-iarum
2183 2047 2235 2100 in
2267 2046 2480 2103 Christo
2505 2049 2835 2118 proprietate
2864 2059 3094 2117 servata,
3123 2052 3378 2122 dicamus,
3411 2071 3539 2127 pros

1957 2136 2207 2195 fessionis
2236 2148 2433 2195 nostrm
2462 2141 2628 2196 series
2655 2139 2895 2211 subjecta
2926 2145 3262 2199 monstrabit.

1957 2229 2135 2285 CAPUT
2180 2247 2255 2285 ut.
2292 2231 2457 2302 Recta
2496 2233 2628 2302 ﬁdes
2672 2232 2741 2302 ide
2784 2234 3049 2288 divinitate
3088 2233 3217 2290 Filii
3264 2234 3381 2291 Dei.
3421 2237 3542 2292 Alia

2029 2318 2249 2372 persona
2280 2300 2479 2372 Patris,
2497 2300 2619 2357 alia
2659 2301 2791 2357 Filii
2826 2305 2879 2358 in
2921 2321 3027 2357 una
3067 2313 3275 2359 natura.
3309 2304 3542 2362 Christus

2028 2372 2324 2441 unigenitus
2354 2371 2471 2438 Dei,
2501 2373 2684 2443 plenus
2706 2375 2896 2444 gratia:
2919 2383 2968 2427 et
2995 2376 3244 2429 veritatis.

2027 2460 2309 2515 Credimus
2328 2461 2487 2528 igitur
2510 2461 2603 2517 Dei
2628 2462 2844 2527 Filium,
2868 2472 2995 2519 ante
3013 2480 3174 2519 omne
3196 2481 3416 2535 prorsus
3436 2468 3541 2521 ini-

1958 2551 2114 2613 tium,
2148 2551 2250 2606 hoc
2278 2559 2382 2616 est,
2421 2552 2539 2607 sine
2576 2554 2759 2623 aliquo
2787 2570 2899 2609 sua:
2933 2557 3228 2612 nativitatis
3263 2558 3436 2630 initio,
3469 2557 3542 2614 de

1961 2639 2134 2695 Patris
2161 2641 2458 2697 substantia
2496 2642 2755 2709 genitum,
2786 2644 2952 2699 Deum
2995 2643 3061 2699 de
3092 2646 3222 2712 Deo,
3254 2646 3543 2703 Dominum

1960 2733 2028 2789 de
2052 2734 2313 2800 Domino;
2345 2750 2543 2794 none:
2576 2735 2760 2801 nihilo,
2792 2737 2915 2805 quia
2941 2737 3008 2792 de
3039 2737 3228 2805 Patre;
3259 2740 3379 2795 non
3400 2757 3541 2795 nun-

1960 2826 2288 2894 eupativum,
2325 2826 2448 2893 quia
2484 2840 2687 2880 nomen
2733 2826 2894 2881 habet
2929 2839 2998 2882 ex
3034 2829 3260 2883 veritate
3289 2839 3540 2896 naturae;

1961 2929 2070 2971 non
2098 2930 2161 2968 ex
2186 2912 2211 2952 ἀ
2236 2915 2337 2970 alia
2369 2924 2590 2980 natura,
2631 2916 2755 2984 quia
2794 2932 2901 2972 non
2938 2918 3136 2987 aliquid
3180 2918 3279 2973 fuit
3316 2928 3543 2975 matter-

1965 3022 2090 3060 nnm
2117 3006 2249 3069 Deo,
2282 3007 2423 3060 unde
2466 3007 2619 3075 origo
2647 3006 2785 3062 Filio
2813 3016 3176 3077 praestaretur.
3204 3008 3329 3065 Nec
3356 3019 3544 3080 poste—

1963 3097 2163 3151 rioretn
2209 3096 2398 3151 Filium
2447 3113 2513 3152 eo
2558 3100 2649 3168 qui
2700 3100 2909 3167 genuit,
2962 3116 3063 3156 nec
3108 3096 3396 3168 minorem,
3449 3104 3545 3158 sed

1971 3172 2125 3259 113
2147 3187 2320 3261 (sicut
2347 3189 2509 3242 etiam
2539 3190 2591 3242 in
2639 3189 2878 3245 secundo
2906 3190 3087 3245 libello
3112 3190 3366 3264 diximus)
3400 3190 3547 3249 Patri
3584 3210 3589 3215 ·

1967 3288 2185 3347 prcrsus
2212 3286 2267 3332 et
2292 3278 2717 3348 sempiternitate
2771 3280 3147 3337 immensitatis
3181 3290 3244 3337 et
3270 3280 3547 3339 immensi-

1968 3377 2078 3424 tate
2101 3369 2544 3438 sempiternitatis
2584 3370 2865 3439 tequalem,
2900 3372 3281 3428 immutabilem
3311 3372 3547 3429 mutabi-

1966 3457 2094 3511 lium
2114 3458 2476 3526 conditorem,
2510 3458 2922 3528 intetnporaiem
2971 3462 3344 3530 temporalium
3372 3463 3550 3519 facto-

1967 3564 2080 3603 rem
2109 3558 2163 3603 et
2189 3558 2520 3619 temporum;
2552 3541 2709 3619 quem
2741 3552 2918 3606 nullus
2955 3554 3195 3607 continet
3239 3555 3408 3624 locus,
3440 3572 3549 3626 quo

1967 3642 2144 3696 nullus
2164 3651 2310 3696 caret
2330 3643 2499 3710 locus,
2516 3643 2644 3712 quia
2655 3653 2855 3699 cuncta
2881 3645 3053 3714 replet
3076 3643 3301 3700 Creator
3324 3647 3549 3702 immen-

1967 3749 2088 3799 sus;
2119 3735 2208 3803 qui
2236 3750 2344 3789 non
2392 3744 2678 3805 pr0pterea
2731 3751 2836 3790 non
2865 3744 2946 3791 est
2974 3736 3136 3802 Deus,
3181 3739 3305 3808 quia
3352 3740 3550 3795 dicitur

1966 3826 2209 3893 genitus;
2231 3825 2325 3880 sed
2356 3826 2476 3881 ideo
2507 3836 2529 3864 ο
2564 3842 2718 3881 verus
2744 3823 2901 3896 digne
2922 3828 3177 3897 creditur,
3201 3829 3323 3899 quia
3354 3829 3421 3885 de
3443 3830 3547 3885 Pa-

1968 3927 2050 3973 tre
2077 3918 2502 3975 substantialiter
2547 3920 2759 3988 genitus
2816 3920 3134 3989 prmdicatur
3163 3939 3178 3974 :
3207 3922 3351 3992 quod
3376 3924 3549 3978 'enim

1967 4009 2163 4064 dicitur
2189 4010 2418 4077 genitus,
2454 4027 2559 4064 non
2591 4011 2695 4065 hoc
2725 4018 2807 4064 est
2833 4026 3029 4065 nomen
3060 4010 3354 4066 divinitatis
3380 4011 3431 4067 in
3457 4011 3550 4067 Fi-

1967 4100 2072 4165 iio,
2114 4101 2207 4154 sed
2240 4115 2432 4155 nomen
2459 4108 2542 4154 est
2571 4100 2866 4154 nativitatis
2908 4101 2959 4154 in
2992 4100 3133 4164 Deo;
3158 4110 3215 4155 ttt
3237 4116 3396 4171 quem
3418 4118 3552 4158 con-

1969 4199 2075 4245 stat
2103 4190 2171 4245 de
2197 4188 2355 4244 Patre
2384 4191 2701 4246 naturaliter
2730 4192 2967 4259 genitum
2988 4231 3002 4254 ,
3032 4201 3243 4246 constet
3268 4209 3375 4249 non
3406 4193 3553 4249 aliud

1968 4294 2091 4333 esse
2117 4292 2278 4347 quam
2330 4279 2518 4334 Deum.
2544 4279 2645 4334 Hic
2674 4281 2854 4349 itaque
2903 4282 2970 4336 de
3007 4280 3165 4337 Patre
3193 4285 3551 4355 sempiternus

1970 4371 2222 4434 existens,
2256 4385 2414 4424 unam
2446 4371 2617 4425 tenuit
2642 4387 2762 4425 cum
2795 4371 2907 4426 Deo
2954 4370 3112 4426 Patre
3162 4383 3429 4442 naturam,
3455 4377 3550 4429 sed

1969 4459 2239 4529 propriam
2269 4460 2495 4531 sumpsit
2520 4477 2586 4514 ex
2614 4460 2857 4527 genitore
2884 4476 3190 4530 personam,
3222 4464 3346 4535 quia
3370 4463 3551 4519 divina

1974 4548 2223 4605 nativitas
2250 4564 2359 4604 non
2414 4550 2731 4606 divisionem
2787 4553 3044 4608 naturalis
3072 4555 3292 4608 unitatis
3343 4554 3548 4619 habuit,

284 4616 410 4699 nam
441 4630 689 4697 naturam
713 4616 972 4711 probatur
994 4638 1049 4693 in
1077 4616 1317 4692 deterius
1339 4642 1719 4700 commutallls.
1741 4650 1863 4690 cum
1900 4616 1945 4675 θ
1974 4641 2069 4698 sed
2094 4655 2378 4711 personam
2408 4641 2527 4697 Filii
2558 4643 2899 4699 subsistentis
2930 4659 2959 4697 a
2984 4642 3143 4698 Patre
3189 4643 3461 4710 distinxit;
3494 4616 3552 4703 et

281 4733 478 4789 divinae
513 4740 719 4788 natura:
757 4732 828 4786 sit
868 4728 1161 4802 proprium,
1194 4742 1293 4784 nec
1338 4726 1605 4783 defectum
1645 4740 1862 4796 capere,

282 4837 387 4881 nec
412 4820 756 4894 profectum?

278 4935 464 4997 Carus
500 4951 559 4991 ιι.
598 4934 759 4989 Caute
800 4932 864 4986 de
908 4929 1113 4985 Christo
1143 4925 1464 4994 tractandum
1491 4934 1697 4996 propter
1734 4924 1863 4976 duas

716 5010 946 5065 naturas
975 5002 1029 5054 in
1059 5014 1165 5052 una
1192 5013 1432 5069 persona.
1518 5044 1522 5048 Α

350 5115 519 5186 Igitur
546 5112 675 5184 quid
707 5113 760 5167 in
796 5110 1012 5167 Christo
1041 5124 1256 5180 semper
1293 5106 1639 5177 impassibile,
1670 5106 1867 5174 quidve

277 5214 408 5262 ante
437 5213 667 5260 mortem
697 5203 876 5259 carnis
913 5200 1162 5271 passibile
1202 5198 1383 5263 fuerit,
1414 5198 1716 5261 tractaturi,
1751 5197 1864 5266 pri-

278 5299 447 5353 tuitus
492 5295 674 5351 libello
719 5294 842 5348 huic
881 5290 1160 5347 inserenda
1200 5289 1468 5355 duximus,
1507 5304 1625 5356 quae
1653 5288 1719 5342 de
1758 5303 1865 5342 uno

275 5387 496 5444 Christo
534 5387 646 5442 Deo
691 5386 1018 5452 homineque
1062 5381 1333 5438 credimus
1379 5389 1436 5437 et
1479 5389 1763 5461 tenenms:
1797 5395 1866 5434 ne

270 5479 417 5548 quis,
449 5491 570 5533 cum
595 5476 649 5530 in
683 5489 792 5529 uno
819 5474 1036 5529 Christo
1064 5473 1384 5542 cmperimus
1412 5486 1477 5528 ea
1506 5486 1625 5540 quze
1650 5472 1715 5525 ad
1741 5487 1864 5541 pro-

346 5619 374 5646 ⁸·
400 5607 529 5664 lss.
559 5606 719 5664 codd.
749 5603 958 5659 'l‘huan.
988 5611 1047 5658 et
1064 5602 1205 5658 Vict.
1244 5602 1446 5657 habent
1474 5617 1535 5657 es
1565 5608 1856 5669 mutorum;

269 5689 331 5734 ιι
357 5678 491 5735 editi
512 5686 569 5733 et
594 5692 697 5733 ms.
726 5673 912 5738 Cotb.,
942 5689 1001 5728 os
1027 5681 1244 5731 mutum.

1168 5828 1180 5877 ;
1212 5811 1405 5879 legitur
1442 5811 1493 5865 in
1527 5810 1646 5865 edd.
1676 5817 1732 5864 et
1757 5823 1857 5865 ms.

1972 4750 2040 4790 ex
2062 4732 2324 4789 vocabulo
2354 4732 2526 4787 Patris
2548 4734 2706 4786 alium
2748 4734 2838 4801 qui
2886 4743 3042 4788 natus
3070 4745 3152 4789 est
3173 4745 3458 4798 monstrat,
3492 4743 3551 4792 ut

1971 4846 2208 4887 errorem
2239 4828 2555 4884 Sabelliantr.
2590 4826 2917 4884 confusionis
2945 4829 3210 4891 excludat,
3244 4828 3383 4884 sicut
3435 4831 3551 4901 ipse

1969 4922 2134 4979 Filius
2159 4930 2486 4993 protestatur
2512 4920 2696 4976 dicens
2727 4938 2740 4974 :
2771 4920 2917 4976 Alius
2960 4929 3034 4974 est
3071 4920 3157 4991 qui
3204 4922 3555 4977 testimonium

1968 5013 2197 5086 perhibet
2241 5015 2302 5069 de
2352 5031 2449 5077 me,
2483 5023 2531 5067 et
2579 5014 2686 5069 scio
2715 5013 2832 5085 quia
2884 5030 3053 5066 rerum
3081 5021 3155 5067 est
3203 5015 3548 5068 testimonium

1969 5107 2106 5179 quod
2131 5106 2361 5177 perhibet
2390 5106 2452 5160 de
2482 5123 2561 5160 me
2613 5103 2789 5176 (Joan.
2822 5121 2855 5157 v
2874 5146 2887 5168 ,
2912 5103 3024 5171 52).
3057 5103 3125 5160 Et
3153 5116 3210 5159 ut
3241 5106 3549 5161 ostenderet

1968 5213 2126 5267 quem
2155 5197 2315 5251 alium
2364 5197 2586 5259 diceret,
2611 5202 2745 5265 post-
2775 5209 2945 5265 pauca
2972 5196 3199 5265 subjecit
3230 5215 3241 5246 ε
3280 5195 3378 5259 Qui
3408 5197 3550 5250 misit

1968 5308 2047 5344 nte
2069 5290 2247 5356 Pater,
2273 5292 2381 5360 ipse
2410 5290 2751 5342 testimonium
2773 5287 2998 5356 perhibet
3019 5289 3081 5342 de
3111 5307 3189 5342 me
3220 5288 3402 5357 (Ibid.,
3429 5288 3542 5358 57).

1969 5381 2087 5434 Alio
2113 5380 2233 5433 loco
2278 5379 2524 5433 similiter
2548 5393 2704 5432 suam
2728 5394 3011 5447 personam
3039 5377 3317 5447 Patrisque
3345 5376 3547 5431 discer-

1968 5485 2099 5525 nens
2130 5487 2142 5523 :
2177 5467 2299 5523 Non
2327 5486 2440 5523 sum
2468 5467 2681 5539 (inquit)
2711 5471 2871 5533 solus,
2900 5471 3021 5540 quia
3063 5467 3220 5521 Pater
3249 5468 3441 5522 mecum
3468 5476 3548 5523 est

1978 5635 1985 5641 ο
2037 5600 2063 5643 ἀ
2095 5602 2297 5669 lta_ms.
2330 5600 2540 5657 Thuan.
2571 5611 2627 5656 et
2654 5602 2826 5665 Viet.;
2859 5612 2915 5656 at
2940 5602 3132 5671 legitur
3158 5603 3209 5658 in
3248 5619 3345 5659 ms.
3378 5603 3545 5662 Corb.

1965 5681 2020 5733 et
2041 5674 2126 5745 ed.
2154 5672 2429 5745 Basil.,ex
2451 5675 2631 5743 aliqua
2648 5674 2883 5726 materia.
2909 5672 2964 5725 ln
2995 5672 3115 5726 edd.
3140 5671 3330 5729 Colon.
3361 5681 3416 5730 ct
3437 5673 3549 5730 An-

1966 5746 2164 5808 tnerp.,
2190 5759 2254 5796 ea:
2283 5744 2456 5814 aliqua
2480 5754 2684 5814 natura.

2041 5822 2064 5849 ⁸
2088 5814 2144 5868 in
2175 5829 2274 5867 ms.
2305 5810 2490 5867 Tiiuan
2522 5855 2537 5880 ,
2570 5810 2711 5868 rer'us
2749 5811 2903 5867 Deus.
