4072 6332
448 414 571 472 ⁸871

1675 410 1731 465 S.
1770 409 2132 466 FULGENTH
2169 412 2346 468 RUSP
2355 413 2542 469 ENSIS
3421 477 3423 479 ,
3636 414 3744 472 27!

468 528 659 602 (Joan.
685 541 797 591 vni,
833 525 942 597 16).
983 525 1063 579 Ad
1093 525 1231 578 hanc
1259 523 1657 577 distinctionem
1688 523 1910 590 gemina:
1941 539 2061 592 per-
2091 528 2137 584 Α
2168 542 2278 578 rum
2308 543 2325 578 :
2370 527 2516 579 stella
2544 526 2681 578 enim
2723 524 2787 577 ab
2833 525 2981 578 stella
3010 523 3186 592 differt
3226 523 3279 576 in
3309 521 3568 590 claritate,
3592 523 3666 577 sic
3695 536 3746 580 et

478 638 646 690 sonte,
678 630 731 676 et
776 621 1165 692 professionem
1197 617 1354 672 unius
1376 616 1693 679 substantiae
1736 616 1786 669 in
1819 614 1976 670 Patre
2007 625 2060 670 et

478 713 616 769 Filio
643 711 1058 782 perdocendam,
1092 709 1208 778 ipse
1236 707 1402 761 Filius
1450 707 1578 761 dicit
1611 724 1624 760 :
1661 706 1760 769 Qui
1808 708 1967 759 credit
2007 708 2059 760 in

477 823 579 875 me,
608 823 712 860 non
740 804 901 857 credit
928 804 981 856 in
1008 819 1105 865 me,
1138 801 1227 855 sed
1252 801 1306 853 in
1334 817 1447 853 eum
1476 801 1560 869 qui
1590 801 1728 852 misit
1751 815 1828 851 me
1851 816 1867 853 :
1891 807 1940 851 et
1976 800 2063 868 qui

477 897 610 950 videt
632 911 731 954 me,
756 893 888 946 videt
919 908 1033 945 eum
1053 893 1139 961 qui
1167 907 1247 944 me
1284 892 1422 943 misit
1447 890 1624 959 (Joan.
1657 908 1749 955 xu,
1779 889 1890 963 44),
1915 889 2064 944 Unus

479 995 558 1040 cst
600 986 758 1054 igitur
797 983 962 1038 Filius
987 999 1053 1037 ex
1084 982 1259 1036 Patris
1312 989 1503 1036 natura
1541 983 1768 1048 genitus,
1802 981 1892 1051 qui
1943 980 2063 1036 ideo

480 1075 800 1144 Unigenitus
817 1075 1036 1141 dicitur,
1055 1081 1110 1127 ιιι
1142 1089 1208 1128 ex
1236 1072 1566 1143 proprietate
1589 1081 1825 1143 paternae
1840 1082 2062 1136 natum,

479 1182 615 1220 nitus
644 1174 698 1221 et
726 1165 936 1233 genitus
971 1164 1392 1218 demonstretur.
1423 1160 1530 1216 Sed
1559 1162 1647 1216 hic
1688 1161 1779 1232 qui
1813 1160 2065 1230 Unigeni-

483 1267 565 1308 tus
596 1270 664 1309 ex
696 1253 856 1308 Patre
905 1253 1222 1307 naturaliter
1262 1252 1474 1312 dicitur,
1505 1252 1643 1306 sicut
1695 1250 2066 1320 inseparabilis

478 1352 561 1398 cst
594 1344 802 1397 unitate
830 1352 1054 1408 naturm,
1096 1343 1175 1397 sic
1205 1341 1589 1397 inconfusibilis
1635 1351 1914 1412 permanet
1940 1358 2066 1412 pro-

479 1433 711 1502 prietate
741 1443 1004 1500 personae.
1050 1427 1131 1484 0b
1161 1430 1265 1484 hoc
1291 1445 1350 1484 se
1381 1431 1752 1485 tantummodo
1779 1431 1871 1484 Dei
1903 1431 2065 1484 Filius

479 1520 826 1589 Unigenitum
880 1519 1126 1573 nominat
1177 1520 1360 1575 dicens
1391 1537 1406 1572 :
1441 1520 1534 1574 Sic-
1556 1521 1691 1574 enim
1720 1520 1900 1572 dilexit
1926 1518 2064 1573 Deus

479 1609 744 1673 mundum,
768 1617 824 1661 ut
847 1606 1043 1661 Filium
1071 1625 1218 1661 suum
1246 1610 1568 1679 unigenitum
1609 1610 1785 1674 daret,
1815 1619 1871 1661 ut
1899 1611 2066 1664 omnis

475 1700 561 1767 qui
591 1699 752 1752 credit
779 1700 832 1751 in
878 1714 991 1750 eum
1021 1714 1124 1750 non
1153 1707 1345 1764 pereat,
1371 1700 1463 1752 sed
1507 1698 1692 1752 habeat
1735 1701 1889 1752 vitam
1918 1710 2067 1753 teter-

455 1803 599 1839 nam
648 1785 826 1855 (Joan.
875 1802 950 1848 ιιι,
986 1785 1097 1854 16).
1148 1784 1214 1838 Ει
1255 1787 1414 1856 paulo
1464 1793 1626 1856 post:
1663 1785 1762 1850 Qui
1807 1771 1967 1840 credit
2011 1788 2065 1840 in

476 1893 613 1941 curn,
643 1894 746 1932 non
767 1877 1120 1947 judicabitur;
1149 1879 1233 1948 qui
1265 1887 1433 1931 autem
1456 1895 1561 1931 non
1589 1879 1771 1945 credit,
1790 1879 1904 1948 jam
1916 1878 2065 1948 judi-

477 1979 623 2023 catus
641 1979 740 2036 est,
770 1970 887 2040 quia
922 1986 1026 2022 non
1052 1978 1074 2005 ⁸
1108 1969 1273 2022 credit
1301 1970 1353 2022 in
1402 1971 1608 2023 nomine
1657 1971 1906 2040 unigeniti
1937 1968 2066 2023 Filii

479 2057 597 2112 Dei.
633 2058 707 2112 De
735 2059 852 2114 solo
880 2057 909 2097 ι’
933 2059 1131 2128 quippe
1180 2059 1314 2114 Filio
1355 2058 1590 2115 Joannes
1637 2067 1969 2129 protestatur
2010 2067 2066 2118 et

480 2147 648 2203 dicit:
691 2147 913 2201 Verbum
959 2166 1082 2202 caro
1107 2149 1302 2220 factum
1344 2159 1436 2214 est,
1470 2157 1518 2202 et
1545 2148 1791 2202 habitarit
1815 2151 1869 2203 in
1897 2148 2063 2218 nobis,

482 2245 533 2290 et
553 2237 770 2292 vidimus
799 2237 1019 2308 gloriam
1049 2239 1177 2308 ejus,
1210 2239 1432 2309 gloriam
1451 2238 1599 2310 quasi
1623 2239 1873 2309 unigeniti
1893 2256 1925 2292 a
1951 2240 2063 2292 Ρα-

481 2336 578 2392 tre,
609 2328 813 2397 plenum
846 2328 1029 2398 gratim
1057 2337 1105 2380 et
1133 2329 1358 2381 veritatis
1391 2326 1571 2396 (Joan.
1604 2344 1639 2391 ι,
1673 2327 1784 2397 14).
1827 2327 2062 2382 Verbum

477 2432 605 2472 caro
630 2418 848 2483 factum,
873 2418 1089 2486 plenum
1117 2425 1198 2473 est
1217 2419 1401 2487 gratiae
1420 2419 1777 2488 susceptionis
1796 2420 2060 2486 humanae,

476 2510 602 2578 quia
627 2508 873 2564 Christus
897 2511 1028 2564 nihil
1051 2511 1104 2564 in
1133 2526 1192 2566 se
1219 2513 1394 2565 minus
1415 2511 1866 2577 hominishabet;
1895 2512 2064 2567 idem-

473 2613 583 2668 que
621 2597 936 2678 Unjgenitus
971 2616 1001 2654 a
1029 2599 1190 2656 Patre
1219 2601 1408 2670 plenus
1439 2608 1523 2655 est
1551 2602 1790 2655 veritatis
1825 2610 2063 2670 paternae

384 2738 401 2754 ,
473 2691 817 2756 substantiae,
848 2691 974 2760 quia
1021 2707 1235 2746 omnem
1287 2693 1341 2746 iu
1371 2707 1430 2747 se
1481 2692 1776 2747 divinitatis
1825 2701 2062 2763 paterna:

477 2779 862 2848 plenitudinem
885 2781 1204 2836 naturaliter
1233 2782 1414 2837 habet.
1451 2782 1671 2837 Plenum
1700 2783 1860 2851 igitur
1879 2784 2062 2853 gratiae

475 2880 528 2926 et
565 2873 797 2926 veritatis
852 2873 1178 2942 evangelista
1209 2874 1479 2942 cognovit,
1510 2887 1671 2944 quem
1700 2889 1863 2928 unum
1910 2889 2059 2928 eum-

478 2959 711 3029 demque
757 2976 940 3016 verum
993 2963 1264 3018 hominem
1295 2965 1466 3032 gratia
1508 2979 1650 3018 verae
1677 2965 2060 3020 incarnationis

475 3050 818 3119 ostenderet,
851 3060 905 3106 et
931 3067 1116 3107 verum
1145 3052 1313 3106 Deum
1344 3036 1686 3122 Unigenitum
1715 3071 1744 3108 a
1773 3053 1932 3109 Patre
1962 3070 2058 3108 na-

475 3139 702 3196 tivitatis
729 3135 945 3196 aeternae
969 3143 1170 3197 veritas
1195 3143 1514 3198 declararet.
1542 3143 1676 3210 Quid
1714 3154 1892 3200 autem
1924 3146 2057 3202 Filio

2163 615 2468 668 resurrectio
2510 623 2824 668 mortuorum
2873 611 2925 683 (Ι
2953 611 3074 666 Cor.
3101 628 3193 675 xv,
3217 611 3343 682 4i);
3372 621 3427 666 et
3454 612 3537 667 bis
3567 621 3746 668 tamen

2161 704 2426 766 omnibus,
2453 721 2552 774 pro
2581 705 2668 757 illa
2699 711 2967 774 potestate
2994 717 3155 770 quam
3189 702 3267 756 eis
3290 701 3441 756 dedit
3471 703 3608 757 tilios
3650 703 3746 758 Dei

2162 796 2297 862 lieri,
2331 798 2488 851 simul
2535 797 2742 851 dicetur
2784 795 2989 850 dextris
3013 794 3260 860 :,Venite,
3292 792 3541 847 benedicti
3566 793 3750 848 Patris

2163 894 2282 957 mei,
2308 893 2554 962 percipile
2584 909 2796 963 regnum
2848 891 2982 960 quod
3012 899 3253 959 paratum
3281 897 3357 942 est
3387 886 3525 942 vobis
3549 887 3613 941 ab
3635 889 3746 943 ori-

2163 986 2282 1054 gine
2309 983 2488 1036 mundi
2517 983 2732 1055 (Matth.
2776 997 2902 1047 xxv,
2927 980 3015 1050 54)
3052 998 3065 1032 :
3097 979 3255 1034 simul
3296 978 3456 1032 etiam
3481 977 3547 1032 de
3573 979 3748 1033 omni-

2165 1073 2263 1126 bus
2311 1073 2508 1126 dicitur
2539 1089 2552 1124 :
2582 1070 2723 1124 J'usti
2772 1078 2942 1123 autem
2965 1067 2990 1104 ά
3018 1069 3162 1121 ibunt
3191 1068 3244 1119 in
3295 1068 3449 1119 vitam
3502 1075 3749 1120 aeternam

2166 1161 2356 1233 (Ibid.,
2379 1160 2494 1230 46).
2521 1159 2820 1229 aEqualiter
2843 1158 3000 1227 igitur
3026 1156 3228 1211 tenebit
3247 1164 3470 1210 cunctos
3491 1155 3584 1208 Dei
3610 1153 3751 1212 ﬁlios

2168 1251 2344 1304 unitas
2373 1250 2612 1317 adoptivi
2642 1247 2890 1312 nominis,
2937 1247 3062 1300 licet
3091 1245 3405 1300 meritorum
3433 1245 3746 1312 qualitatem

2166 1350 2529 1398 monstratura
2550 1343 2621 1395 sit
2646 1339 2942 1394 diﬂ'erentia
2971 1338 3260 1402 claritatis;
3286 1353 3384 1390 nec
3409 1337 3462 1390 in
3491 1352 3578 1401 eo,
3599 1336 3747 1405 quod

2167 1434 2424 1503 spiritalis
2475 1434 2589 1504 (al.
2634 1431 2937 1501 spiritales)
2989 1445 3108 1486 esse
3150 1429 3410 1498 coepimus
3453 1428 3749 1482 nativitatis

2167 1531 2381 1588 exortu,
2405 1522 2760 1577 discernimur
2786 1521 3024 1586 nomine,
3050 1519 3293 1588 quamvis
3313 1533 3378 1571 ex
3411 1517 3652 1587 profectu
3677 1518 3748 1571 si-

2168 1626 2286 1664 mus
2305 1611 2644 1665 discernendi
2673 1609 2938 1665 mercede.
2963 1609 3021 1663 ιιι
3046 1624 3113 1664 eo
3138 1610 3367 1675 uanique
3396 1607 3538 1676 quod
3566 1609 3748 1662 volun-

2169 1700 2305 1754 tarie
2328 1701 2513 1768 genuit
2558 1715 2657 1754 nos
2685 1701 2851 1754 verbo
2880 1699 3120 1753 veritatis
3147 1698 3348 1767 pariter
3376 1697 3512 1750 tilios
3540 1713 3747 1752 nuncu-

2169 1795 2315 1864 pavit
2335 1794 2507 1861 gratia
2529 1793 2804 1861 genitoris.
2837 1790 2990 1857 Quod
3019 1791 3064 1845 si
3089 1791 3266 1845 divina
3292 1790 3381 1844 illa
3409 1789 3527 1843 Filii
3557 1789 3748 1860 sempi-

2098 1881 2140 1940 B
2173 1890 2429 1950 ternaque
2458 1882 2730 1948 nativitas,
2761 1896 2869 1936 non
2893 1880 2962 1935 de
2994 1886 3182 1933 natura
3214 1879 3307 1932 Dei
3338 1877 3534 1942 Patris,
3560 1878 3656 1932 sed
3677 1871 3747 1933 ex

2167 1971 2336 2038 gratia
2360 1971 2597 2024 creditur
2625 1970 2946 2036 substitisse,
2973 1985 3080 2023 non
3121 1969 3282 2023 debet
3313 1967 3624 2036 Unigenitus
3651 1984 3748 2025 vo-

2167 2060 2298 2124 cari,
2330 2059 2423 2115 sed
2445 2061 2819 2116 tantummodo
2844 2061 3072 2129 genitus.
3103 2059 3369 2126 Quoniam
3393 2061 3527 2115 sicut
3554 2062 3604 2115 ei
3641 2077 3748 2116 no.

2169 2165 2290 2202 men
2341 2149 2505 2217 geniti
2554 2149 2771 2217 largitas
2817 2149 3122 2218 adoptionis
3151 2158 3386 2218 paterna:
3432 2150 3743 2216 contribuit,

2167 2242 2243 2296 sic
2269 2230 2393 2296 eum
2421 2242 2489 2296 ab
2523 2240 2793 2310 Unigeniti
2825 2241 3042 2295 nomine
3084 2241 3240 2296 nobis
3287 2255 3502 2310 quoque
3541 2241 3740 2295 tributa

2167 2330 2476 2384 communio
2523 2339 2763 2398 paterna:
2792 2329 3096 2398 adoptionis
3142 2329 3388 2384 exclusit.
3435 2328 3748 2398 Unigenitus

2167 2422 2307 2473 enim
2341 2436 2446 2474 non
2471 2427 2692 2474 vocatur
2721 2420 2774 2472 in
2809 2429 2829 2455 ι·
2861 2419 3044 2473 multis
3073 2461 3088 2485 ,
3117 2419 3360 2487 quamvis
3380 2422 3589 2488 genitus
3618 2437 3746 2491 pos-

2164 2513 2235 2564 sit
2265 2512 2445 2566 vocari
2471 2527 2594 2565 cum
2624 2511 2836 2578 genitis.
2868 2511 3021 2576 Quod
3040 2511 3085 2565 si
3111 2511 3183 2564 ita
3205 2519 3309 2578 est,
3332 2511 3574 2565 deleatur
3599 2511 3748 2580 quod

2163 2598 2399 2654 Joannes
2421 2615 2583 2655 ausus
2613 2609 2698 2656 est
2725 2615 2922 2655 nomen
2955 2598 3221 2669 Unigeniti
3250 2601 3502 2665 scribere,
3537 2610 3593 2655 ut
3617 2617 3745 2670 pro-

2165 2692 2322 2745 betur
2352 2692 2560 2754 falsum,
2589 2692 2732 2760 quod
2755 2692 2949 2746 meruit
2972 2690 3040 2746 de
3071 2699 3288 2761 pectore
3329 2693 3572 2748 veritatis
3613 2694 3746 2747 hau-

2165 2782 2289 2835 rire.
2323 2781 2377 2836 Si
2400 2797 2529 2837 vero
2555 2783 2856 2852 proprietas
2887 2781 3154 2849 Unigeniti
3177 2783 3472 2836 manifesta:
3497 2782 3746 2838 demons-

2166 2871 2354 2926 tranda
2385 2880 2468 2926 est
2512 2872 2916 2940 significationis
2959 2872 3179 2940 indicio,
3209 2874 3287 2928 sic
3329 2874 3481 2928 multi
3530 2874 3620 2928 lilii
3652 2875 3746 2932 Dei

2162 2962 2409 3018 dicantur
2434 2980 2500 3018 ex
2526 2964 2717 3033 gratia,
2753 2973 2812 3018 ut
2858 2973 3211 3032 cognoscatur
3259 2981 3394 3024 unus
3443 2966 3652 3033 genitus
3678 2981 3745 3024 ex

2165 3061 2376 3108 natura.
2407 3054 2538 3120 Quis
2565 3056 2707 3108 enim
2738 3048 2904 3112 natus.
2923 3063 3005 3109 est
3027 3055 3166 3110 Deus
3188 3071 3345 3110 verus
3370 3056 3436 3110 de
3461 3055 3573 3110 Deo
3593 3071 3744 3124 vero,

2163 3143 2263 3197 nisi
2291 3144 2582 3214 unigenitus
2625 3143 2668 3196 F
2673 3146 2812 3209 ilius,
2841 3147 2927 3215 qui
2956 3154 3034 3198 est
3081 3146 3133 3198 in
3181 3147 3298 3199 sinu
3335 3146 3544 3200 Patris?
3566 3146 3736 3212 Quem

462 3232 699 3301 'prodest
719 3241 778 3288 ut
802 3242 1140 3304 nuncupetur
1182 3232 1446 3302 Unigeniti
1477 3237 1710 3300 nomine,
1739 3237 1783 3290 si
1825 3238 2062 3307 privatur
2086 3246 2130 3307 ο
2163 3234 2285 3289 ideo
2315 3235 2487 3289 solum
2518 3251 2547 3289 a
2576 3236 2785 3291 cteteris
2813 3235 2908 3290 Dei
2938 3236 3058 3291 liliis
3083 3237 3332 3306 exceptio
3362 3246 3608 3306 segregat
3657 3238 3742 3292 in-

476 3323 727 3379 vocabuli
756 3325 1022 3379 veritate?
1047 3324 1267 3379 Frustra
1298 3341 1530 3398 namque
1582 3325 1896 3395 Unigenitus
1925 3327 2058 3383 dici-

471 3423 581 3480 tur,
613 3416 657 3470 si
686 3416 738 3470 in
769 3415 883 3486 ejus
911 3418 1256 3485 generatione
1289 3435 1393 3472 non
1438 3420 1697 3474 naturalis
1725 3420 1792 3476 de
1821 3421 1932 3476 Deo
1959 3435 2056 3489 ge-

463 3513 698 3560 nerante
725 3507 944 3572 veritas,
971 3506 1064 3560 sed
1116 3505 1404 3561 creationis
1452 3522 1518 3561 ex
1567 3507 1804 3563 donante
1838 3509 2059 3577 largitas

477 3593 813 3661 pimdicatur.
847 3593 915 3648 Et
943 3594 1061 3650 aliis
1081 3595 1223 3649 enitn
1243 3635 1257 3661 ,
1291 3593 1548 3666 Quotquot
1579 3609 1874 3666 receperunt
1904 3599 2060 3670 115

472 3699 613 3746 eum,
637 3683 778 3737 dedit
798 3685 872 3738 eis
899 3693 1202 3754 potestatem
1229 3686 1370 3755 ﬁlios
1414 3685 1511 3740 Dei
1547 3688 1664 3756 ﬁeri
1713 3687 1874 3759 (Ibid.
1896 3731 1913 3757 ,
1945 3688 2053 3762 12).

470 3773 628 3840 Quod
656 3774 700 3828 si
728 3775 890 3829 etiam
923 3776 1226 3846 unigenitus
1254 3776 1419 3831 Filius
1439 3775 1611 3832 factus
1633 3777 1825 3833 dicitur
1847 3793 1914 3832 ex
1933 3793 2058 3848 gra-

467 3865 550 3917 tia
579 3906 592 3929 ,
623 3879 734 3918 non
764 3879 892 3919 vere
920 3867 1130 3933 genitus
1160 3881 1225 3920 ex
1265 3877 1486 3932 natura,
1517 3867 1708 3936 procul
1753 3866 1916 3923 dubio
1962 3884 2060 3924 no-

468 3967 599 4028 men
632 3960 686 4006 et
714 3953 995 4008 veritatem
1030 3952 1298 4021 Unigeniti
1339 3955 1598 4024 perdidit,
1628 3963 1915 4026 postquam
1943 3956 2052 4010 fra-

475 4050 587 4097 tres
614 4043 814 4098 habere
835 4042 947 4112 jam
977 4044 1138 4112 coepit
1168 4061 1179 4096 :
1214 4045 1454 4113 privatur
1476 4046 1617 4099 enim
1647 4045 1804 4114 hujus
1832 4047 2059 4103 veritate

469 4132 731 4198 noininis,
753 4133 799 4187 si
826 4133 877 4186 in
905 4130 1193 4201 Unigenito
1222 4149 1326 4188 non
1350 4141 1432 4190 est
1455 4133 1522 4188 de
1549 4132 1705 4189 Patre
1735 4136 1932 4191 veritas
1959 4153 2057 4191 na-

471 4222 678 4276 turalis.

471 4311 654 4368 CAPUT
695 4324 784 4368 tv:
803 4311 930 4368 Filii
959 4313 1058 4385 Dei
1084 4315 1307 4385 adoptivi
1337 4315 1582 4384 differunt
1611 4334 1714 4370 non
1744 4316 2055 4384 nominibus,

724 4384 813 4437 sed
841 4384 1164 4451 muneribus,
1188 4384 1300 4439 non
1341 4387 1471 4450 vita,
1501 4389 1591 4440 sed
1619 4387 1804 4457 gloria.

548 4472 758 4529 Etenim
790 4475 842 4530 in
875 4475 995 4530 liliis
1018 4475 1112 4530 Dei
1141 4477 1231 4546 qui
1265 4493 1369 4532 non
1401 4477 1467 4532 de
1497 4478 1590 4532 Dei
1615 4488 1639 4516 ε
1665 4477 1838 4533 Patris
1865 4486 2054 4532 natura

477 4564 792 4632 subsistunt,
820 4561 1086 4635 adoptiva:
1136 4567 1442 4623 communio
1469 4567 1745 4636 dignitatis
1773 4567 2054 4623 diversita-

476 4664 584 4708 tem
608 4670 888 4710 munerum
912 4665 1085 4726 potest
1109 4658 1327 4736 habere,
1352 4674 1458 4713 non
1486 4659 1788 4725 nominum;
1813 4667 1870 4714 et
1895 4660 2056 4729 adop-

466 4745 638 4799 tantis
662 4748 854 4814 gratia,
886 4749 1090 4803 cunctis
1133 4764 1199 4804 ex
1246 4750 1358 4805 Deo
1404 4752 1746 4807 nascentibus
1767 4791 1784 4817 ,
1813 4753 2054 4822 quamvis

471 4833 694 4890 diversae
734 4837 1102 4892 retributionis
1128 4854 1320 4893 munus
1361 4855 1458 4909 pro
1499 4840 1700 4896 laboris
1729 4842 1921 4896 merito
1962 4857 2052 4896 re-

471 4928 779 4994 promittat,
812 4945 974 4984 unum
1005 4938 1182 4984 tamen
1229 4931 1436 4985 cunctis
1465 4931 1694 4986 liliorum
1742 4947 1934 4987 nomen
1964 4948 2054 4987 ac-

474 5017 818 5085 commodat;
849 5027 906 5074 et
931 5035 1035 5074 una
1067 5036 1163 5091 per
1191 5020 1346 5074 ﬁdem
1378 5035 1558 5074 veram
1589 5022 1788 5075 renatis
1808 5022 1916 5075 vita
1945 5038 2054 5078 coe-

476 5106 625 5162 lestis
652 5109 804 5176 regni
860 5112 1206 5181 promittitur,
1237 5111 1481 5182 quamvis
1524 5108 1775 5165 dili'erens
1801 5121 2054 5180 regnatu-

473 5199 548 5254 ris
574 5201 742 5270 gloria
773 5204 1053 5270 tribuatur,
1087 5205 1253 5260 Paulo
1282 5205 1441 5260 beato
1470 5203 1681 5259 dicente
1707 5222 1720 5256 :
1751 5204 1869 5257 Alia
1895 5205 2053 5260 clari-

469 5296 556 5345 tas
582 5292 728 5358 solis,
749 5303 798 5346 et
818 5293 924 5345 alia
951 5293 1163 5347 claritas
1181 5295 1344 5360 lunw,
1373 5301 1420 5346 et
1451 5293 1556 5347 alia
1604 5293 1820 5346 claritas
1865 5295 2047 5348 stella-

547 5437 568 5462 ⁸
600 5426 698 5480 Ms.
733 5426 918 5482 Corb..
952 5425 1188 5489 credidit,
1213 5427 1364 5494 juxta
1384 5425 1628 5482 Grzecum
1659 5434 1884 5480 textum.

549 5495 572 5532 δ
599 5494 677 5550 Ita
702 5513 830 5550 mss.
858 5495 996 5549 Vict.
1019 5505 1078 5548 et
1105 5494 1343 5560 'l‘huan.;
1374 5505 1428 5550 at
1450 5499 1573 5552 edd.
1597 5497 1820 5563 habent,
1851 5495 1928 5548 De
1942 5494 2053 5551 solo

469 5563 702 5636 Joannes
729 5581 942 5636 quoque.

550 5648 569 5670 τ
594 5634 670 5705 ita
701 5632 800 5705 ms.
829 5632 988 5705 Corb.
1047 5651 1147 5690 nec
1191 5651 1295 5688 non
1320 5632 1531 5705 _C°0l0n.
1562 5644 1616 5691 et
1670 5635 1964 5705 Antucrp.;
1997 5644 2053 5688 at

464 5701 744 5776 Basil‘ssic
766 5703 944 5776 habet,
976 5707 1060 5776 qui
1090 5723 1190 5776 non
1214 5705 1278 5776 de
1305 5703 1502 5760 Patris.
1830 5706 1838 5714 ’

546 5769 569 5807 ά
599 5773 762 5844 Abest
789 5766 940 5826 ibunt
961 5766 998 5828 a'
1020 5791 1118 5829 ms.
1141 5766 1301 5829 (ἔοι-Ι).
1326 5792 1340 5836 ;
1365 5776 1629 5844 reperitur
1657 5775 1707 5829 in
1745 5776 1920 5828 editis.

554 5856 574 5879 tr
600 5841 682 5896 ita
718 5862 815 5900 ms.
859 5845 1018 5899 Cot'b.
1049 5863 1062 5910 ;
1108 5855 1161 5913 at
1202 5835 1338 5901 editi.
1359 5835 1546 5900 Colon.
1576 5855 1626 5900 ct
1654 5847 1780 5898 Ant.
1817 5860 1922 5900 non
1951 5835 2051 5899 ha-

2085 4611 2132 4668 D

2165 3327 2624 3381 communicabilis
2672 3328 2924 3394 nominis,
2953 3329 3077 3396 quia
3121 3329 3174 3382 in
3205 3329 3322 3384 solo
3369 3337 3647 3399 permanet
3674 3330 3742 3386 de

2162 3419 2319 3476 Patre
2345 3424 2542 3477 veritas
2572 3423 2842 3478 naturalis.

2161 3508 2340 3564 CAPUT
2369 3527 2419 3566 v.
2443 3511 2686 3570 Christus
2712 3513 2992 3566 exinanivit
3017 3513 3256 3580 seipsum,
3289 3523 3338 3565 et
3369 3524 3533 3567 tamen
3556 3515 3740 3584 plenus

2521 3585 2706 3653 gratiae
2736 3584 3058 3652 veritatisque
3086 3584 3385 3651 permansit.

2238 3675 2390 3744 115
2422 3672 2516 3728 Hic
2545 3689 2704 3728 verus
2727 3674 2866 3730 Deus
2893 3681 2948 3728 et
2974 3673 3082 3727 vita
3111 3681 3329 3737 mterna,
3359 3690 3472 3726 cum
3492 3675 3545 3727 in
3569 3676 3739 3744 forma

2162 3765 2257 3820 Dei
2295 3776 2445 3827 esset.
2480 3783 2581 3820 non
2613 3768 2852 3837 rapinam
2881 3766 3158 3819 arbitratus
3193 3763 3210 3802 9
3253 3782 3364 3818 esse
3399 3771 3454 3817 se
3495 3767 3741 3836 arqualem

2161 3854 2290 3919 Deo,
2349 3856 2675 3925 semetipsum
2712 3855 3017 3918 eainanirit,
3060 3841 3282 3924 formam
3318 3854 3447 3906 serri
3485 3855 3741 3916 accipiens

2163 3943 2386 4012 (Philip.
2417 3959 2473 4010 ιι,
2501 3944 2558 4012 6)
2588 3962 2599 3995 ;
2624 3943 2984 4013 mqualitatem
3009 3943 3151 3996 enim
3183 3941 3275 3996 Dei
3299 3943 3406 3996 veri
3427 3942 3565 3996 Deus
3585 3957 3740 3997 verus

2160 4047 2266 4087 non
2297 4035 2490 4103 rapuit,
2541 4047 2699 4100 quam
2740 4032 2943 4085 unitate
2982 4030 3208 4084 naturali
3236 4030 3592 4100 sempiternus
3619 4047 3739 4084 cum

2159 4125 2401 4192 genitore
2431 4123 2684 4192 possedit.
2706 4120 2908 4176 Idcirco
2935 4120 3238 4187 unigenitus
3258 4118 3352 4172 Dei
3371 4119 3552 4184 Filius,
3577 4121 3739 4173 etiam

2158 4213 2372 4282 quando
2417 4211 2641 4265 formam
2673 4209 2812 4264 servi
2850 4207 3119 4276 accipiens
3161 4208 3512 4276 semetipsum
3556 4208 3740 4261 exina-

2158 4302 2308 4367 nivit,
2340 4301 2528 4370 plenus
2556 4298 2739 4366 gratia:
2769 4295 3117 4363 veritatisque
3139 4295 3452 4364 permansit.
3483 4293 3737 4361 Vidimus,

2157 4391 2330 4458 inquit
2366 4388 2622 4450 Joannes,
2671 4386 2887 4458 gloriam
2909 4384 3040 4455 ejus,
3068 4385 3288 4456 gloriam
3309 4385 3456 4447 quasi
3476 4383 3740 4455 Unigeniti

2157 4499 2190 4534 a
2220 4481 2404 4548 Patre,
2451 4480 2657 4548 plenum
2703 4480 2943 4551 gratia”
2975 4486 3024 4532 et
3067 4479 3294 4532 veritatis
3325 4476 3501 4547 (Joan.
3547 4492 3583 4540 t,
3626 4475 3733 4547 14).

2159 4570 2271 4625 lloc
2297 4578 2380 4623 est
2416 4569 2623 4637 utique,
2665 4568 2807 4637 quod
2836 4569 2889 4621 in
2912 4582 3018 4622 uno
3063 4567 3361 4635 eodemque
3380 4558 3736 4635 'semetipsum

2157 4661 2516 4724 exinaniente,
2537 4668 2590 4714 et
2614 4660 2772 4729 pleno
2802 4659 2985 4727 gratiae
3005 4665 3060 4712 et
3081 4657 3342 4724 veritatis,
3358 4663 3576 4724 accepta
3597 4655 3739 4708 servi

2156 4752 2326 4806 forma
2372 4754 2655 4813 veritatem
2706 4749 3021 4806 voluntaria:
3052 4805 3055 4807 _
3089 4764 3308 4819 prorsus
3358 4746 3740 4802 exinanitionis

2157 4844 2410 4907 ostendit,
2457 4844 2510 4897 in
2539 4858 2646 4912 quo
2673 4849 2874 4896 (eterna
2900 4855 3220 4910 permanens
3246 4839 3342 4914 Dei
3367 4837 3537 4891 forma
3567 4836 3740 4906 pleni-

2159 4935 2393 4989 tudinem
2421 4934 2604 5002 gratize
2636 4933 2983 5001 veritatisque
3011 4930 3348 4986 monstravit.
3377 4929 3504 4995 Qua:
3530 4937 3611 4982 est
3637 4929 3739 4996 igi-

2160 5033 2247 5078 tur
2272 5024 2360 5077 illa
2388 5021 2656 5090 Unigeniti
2685 5021 2996 5085 exinanitio,
3021 5019 3120 5073 nisi
3149 5027 3370 5087 accepta
3398 5015 3662 5086 passibilis
3684 5026 3739 5070 et

2160 5117 2402 5172 mortalis
2426 5115 2730 5169 humanitas
2750 5114 2979 5168 Christi?
3007 5112 3134 5178 Quir.
3158 5120 3335 5164 autem
3365 5118 3445 5163 est
3471 5108 3738 5178 Unigeniti

2159 5207 2453 5278 plenitudo,
2487 5207 2586 5260 nisi
2613 5220 2933 5275 permanens
2959 5201 3297 5272 impassibilis
3325 5210 3486 5270 atque
3515 5201 3736 5255 immur-

2159 5299 2281 5353 talis
2308 5297 2558 5352 divinitas
2584 5295 2818 5351 Christi?
2849 5297 2901 5350 in
2927 5309 3032 5364 quo
3061 5292 3327 5363 perfectus
3355 5293 3516 5347 homo
3547 5292 3738 5362 plenus

2161 5428 2290 5481 bent
2311 5428 2408 5482 has
2432 5444 2590 5483 voces
2619 5431 2672 5482 in
2696 5427 2890 5480 multis.
2915 5425 2970 5479 In
3013 5425 3169 5478 Basil.
3213 5440 3340 5480 vero
3368 5427 3445 5480 sic
3494 5426 3687 5493 legitur
3719 5444 3732 5476 :

2165 5497 2472 5569 Unigenitus
2495 5501 2630 5564 enim
2660 5514 2762 5560 non
2793 5505 3001 5550 vocatur
3046 5498 3296 5567 (quamvis
3339 5499 3540 5567 genitus
3569 5497 3732 5567 possit

2155 5567 2347 5690 nauigii)
2378 5585 2491 5620 cum
2512 5569 2714 5638 genitis.

2234 5637 2252 5674 τ
2339 5655 2384 5690 s.
2415 5637 2600 5690 Corb..
2632 5654 2714 5690 nat

2234 5637 2252 5674 τ
2287 5636 2384 5691 Ms.
2415 5636 2600 5699 Corb.,
2632 5654 2734 5690 non
2757 5636 2993 5705 rapinam
3024 5636 3305 5691 arbitratus
3335 5647 3408 5691 est
3530 5636 3623 5690 sed
3647 5651 3731 5688 se-

2155 5709 2444 5776 metipsum.
2477 5707 2660 5767 Basil.,
2685 5723 2796 5759 esse
2821 5707 3091 5776 wqualem.

2173 5825 2177 5828 .
2225 5788 2250 5823 κ
2274 5777 2370 5830 Ms.
2397 5776 2581 5840 Corb..
2607 5777 2792 5847 gratia:
2819 5777 3066 5830 veritatis.
