  <div class='ocr_page' id='page_1' title='image "/cluster/home/n/w/nwhite01/storage/ocr_20150623/65/hvd.32044054128558/142.png"; bbox 0 0 4026 6336; ppageno 0'>
   <div class='ocr_carea' id='block_1_1' title="bbox 277 503 385 571">
    <p class='ocr_par' dir='ltr' id='par_1_1' title="bbox 277 503 385 571">
     <span class='ocr_line' id='line_1_1' title="bbox 277 503 385 571; baseline -0.028 0"><span class='ocrx_word' id='word_1_1' title='bbox 277 503 385 571; x_wconf 66' lang='grc' dir='ltr'><strong>επ</strong></span> 
     </span>
    </p>
   </div>
   <div class='ocr_carea' id='block_1_2' title="bbox 1471 507 2388 565">
    <p class='ocr_par' dir='ltr' id='par_1_2' title="bbox 1471 507 2388 565">
     <span class='ocr_line' id='line_1_2' title="bbox 1471 507 2388 565; baseline -0.002 -2"><span class='ocrx_word' id='word_1_2' title='bbox 1471 509 1561 564; x_wconf 79' lang='lat' dir='ltr'><strong>AD</strong></span> <span class='ocrx_word' id='word_1_3' title='bbox 1596 507 2097 565; x_wconf 66' lang='lat' dir='ltr'><strong>TRASIMUNDUM</strong></span> <span class='ocrx_word' id='word_1_4' title='bbox 2137 508 2261 564; x_wconf 81' lang='lat' dir='ltr'><strong>L13.</strong></span> <span class='ocrx_word' id='word_1_5' title='bbox 2304 507 2388 562; x_wconf 93' lang='grc'><strong>111.</strong></span> 
     </span>
    </p>
   </div>
   <div class='ocr_carea' id='block_1_3' title="bbox 3446 474 3581 561">
    <p class='ocr_par' dir='ltr' id='par_1_3' title="bbox 3446 474 3581 561">
     <span class='ocr_line' id='line_1_3' title="bbox 3446 474 3581 561; baseline 0.015 -2"><span class='ocrx_word' id='word_1_6' title='bbox 3446 474 3564 561; x_wconf 65' lang='lat' dir='ltr'><strong>an</strong></span> <span class='ocrx_word' id='word_1_7' title='bbox 3580 538 3581 541; x_wconf 35' lang='grc' dir='ltr'>γ</span> 
     </span>
    </p>
   </div>
   <div class='ocr_carea' id='block_1_4' title="bbox 277 586 3560 693">
    <p class='ocr_par' dir='ltr' id='par_1_4' title="bbox 277 586 3560 693">
     <span class='ocr_line' id='line_1_4' title="bbox 277 586 3560 693; baseline -0.002 -16"><span class='ocrx_word' id='word_1_8' title='bbox 277 634 359 682; x_wconf 76' lang='lat' dir='ltr'><strong>est</strong></span> <span class='ocrx_word' id='word_1_9' title='bbox 385 621 593 693; x_wconf 71' lang='lat' dir='ltr'><strong>gratiae,</strong></span> <span class='ocrx_word' id='word_1_10' title='bbox 625 620 759 675; x_wconf 90' lang='lat' dir='ltr'><strong>etin</strong></span> <span class='ocrx_word' id='word_1_11' title='bbox 788 634 897 689; x_wconf 77' lang='lat' dir='ltr'><strong>quo</strong></span> <span class='ocrx_word' id='word_1_12' title='bbox 928 618 1197 690; x_wconf 60' lang='lat' dir='ltr'><strong>perfectus</strong></span> <span class='ocrx_word' id='word_1_13' title='bbox 1223 619 1366 674; x_wconf 89' lang='lat' dir='ltr'><strong>Deus</strong></span> <span class='ocrx_word' id='word_1_14' title='bbox 1393 620 1581 690; x_wconf 83' lang='lat' dir='ltr'><strong>plenus</strong></span> <span class='ocrx_word' id='word_1_15' title='bbox 1610 629 1693 672; x_wconf 89' lang='lat' dir='ltr'><strong>est</strong></span> <span class='ocrx_word' id='word_1_16' title='bbox 1732 619 1873 673; x_wconf 86' lang='lat' dir='ltr'><strong>veri-</strong></span> <span class='ocrx_word' id='word_1_17' title='bbox 1902 622 1949 682; x_wconf 81' lang='grc' dir='ltr'>Α</span> <span class='ocrx_word' id='word_1_18' title='bbox 1977 618 2173 693; x_wconf 57' lang='lat' dir='ltr'><strong>Cum;</strong></span> <span class='ocrx_word' id='word_1_19' title='bbox 2189 635 2277 673; x_wconf 87' lang='lat' dir='ltr'><strong>vn.</strong></span> <span class='ocrx_word' id='word_1_20' title='bbox 2306 616 2673 693; x_wconf 66' lang='grc' dir='ltr'><strong>⁸Μρειιίᾳωνεηι</strong></span> <span class='ocrx_word' id='word_1_21' title='bbox 2710 592 2921 693; x_wconf 70' lang='lat' dir='ltr'><strong>decebat</strong></span> <span class='ocrx_word' id='word_1_22' title='bbox 2948 615 3080 693; x_wconf 79' lang='lat' dir='ltr'><strong>duas</strong></span> <span class='ocrx_word' id='word_1_23' title='bbox 3107 586 3304 693; x_wconf 57' lang='lat' dir='ltr'><strong>habere</strong></span> <span class='ocrx_word' id='word_1_24' title='bbox 3320 623 3560 672; x_wconf 82' lang='lat' dir='ltr'><strong>naturas.</strong></span> 
     </span>
    </p>
   </div>
   <div class='ocr_carea' id='block_1_5' title="bbox 279 707 1875 782">
    <p class='ocr_par' dir='ltr' id='par_1_5' title="bbox 279 707 1875 782">
     <span class='ocr_line' id='line_1_5' title="bbox 279 707 1875 782; baseline -0.004 -12"><span class='ocrx_word' id='word_1_25' title='bbox 279 714 411 769; x_wconf 84' lang='lat' dir='ltr'><strong>tatis</strong></span> <span class='ocrx_word' id='word_1_26' title='bbox 438 731 453 765; x_wconf 89' lang='lat'>:</span> <span class='ocrx_word' id='word_1_27' title='bbox 486 710 632 782; x_wconf 89' lang='lat' dir='ltr'><strong>quod</strong></span> <span class='ocrx_word' id='word_1_28' title='bbox 664 711 759 781; x_wconf 79' lang='lat' dir='ltr'><strong>(at.</strong></span> <span class='ocrx_word' id='word_1_29' title='bbox 792 708 923 779; x_wconf 90' lang='lat' dir='ltr'><strong>quo)</strong></span> <span class='ocrx_word' id='word_1_30' title='bbox 954 708 1141 779; x_wconf 82' lang='lat' dir='ltr'><strong>procul</strong></span> <span class='ocrx_word' id='word_1_31' title='bbox 1169 708 1333 763; x_wconf 89' lang='lat' dir='ltr'><strong>dubio</strong></span> <span class='ocrx_word' id='word_1_32' title='bbox 1377 707 1726 778; x_wconf 90' lang='lat' dir='ltr'><strong>plenitudinis</strong></span> <span class='ocrx_word' id='word_1_33' title='bbox 1775 723 1875 764; x_wconf 89' lang='lat' dir='ltr'><strong>no-</strong></span> 
     </span>
    </p>
   </div>
   <div class='ocr_carea' id='block_1_6' title="bbox 280 788 1876 870">
    <p class='ocr_par' dir='ltr' id='par_1_6' title="bbox 280 788 1876 870">
     <span class='ocr_line' id='line_1_6' title="bbox 280 788 1876 870; baseline -0.004 -8"><span class='ocrx_word' id='word_1_34' title='bbox 280 821 427 869; x_wconf 84' lang='lat' dir='ltr'><strong>men,</strong></span> <span class='ocrx_word' id='word_1_35' title='bbox 469 812 531 858; x_wconf 92' lang='lat' dir='ltr'><strong>ut</strong></span> <span class='ocrx_word' id='word_1_36' title='bbox 558 788 855 856; x_wconf 83' lang='lat' dir='ltr'><strong>divinitatis</strong></span> <span class='ocrx_word' id='word_1_37' title='bbox 892 816 1011 856; x_wconf 91' lang='lat' dir='ltr'><strong>esse</strong></span> <span class='ocrx_word' id='word_1_38' title='bbox 1058 809 1403 866; x_wconf 91' lang='lat' dir='ltr'><strong>monstretur,</strong></span> <span class='ocrx_word' id='word_1_39' title='bbox 1453 799 1770 870; x_wconf 79' lang='lat' dir='ltr'><strong>Apostolum</strong></span> <span class='ocrx_word' id='word_1_40' title='bbox 1809 800 1876 855; x_wconf 91' lang='lat' dir='ltr'><strong>de</strong></span> 
     </span>
    </p>
   </div>
   <div class='ocr_carea' id='block_1_7' title="bbox 276 892 1876 965">
    <p class='ocr_par' dir='ltr' id='par_1_7' title="bbox 276 892 1876 965">
     <span class='ocr_line' id='line_1_7' title="bbox 276 892 1876 965; baseline -0.004 -11"><span class='ocrx_word' id='word_1_41' title='bbox 276 897 501 955; x_wconf 91' lang='lat' dir='ltr'><strong>Christo</strong></span> <span class='ocrx_word' id='word_1_42' title='bbox 530 896 841 965; x_wconf 76' lang='lat' dir='ltr'><strong>loquentem</strong></span> <span class='ocrx_word' id='word_1_43' title='bbox 883 894 1086 964; x_wconf 87' lang='lat' dir='ltr'><strong>pariter</strong></span> <span class='ocrx_word' id='word_1_44' title='bbox 1121 892 1403 950; x_wconf 83' lang='lat' dir='ltr'><strong>audiamus</strong></span> <span class='ocrx_word' id='word_1_45' title='bbox 1450 914 1463 947; x_wconf 90' lang='lat'>:</span> <span class='ocrx_word' id='word_1_46' title='bbox 1501 892 1635 958; x_wconf 86' lang='lat' dir='ltr'><strong>Quia</strong></span> <span class='ocrx_word' id='word_1_47' title='bbox 1678 895 1733 947; x_wconf 84' lang='lat' dir='ltr'><strong>in</strong></span> <span class='ocrx_word' id='word_1_48' title='bbox 1761 895 1876 964; x_wconf 87' lang='lat' dir='ltr'><strong>ipso</strong></span> 
     </span>
    </p>
   </div>
   <div class='ocr_carea' id='block_1_8' title="bbox 273 987 1878 1058">
    <p class='ocr_par' dir='ltr' id='par_1_8' title="bbox 273 987 1878 1058">
     <span class='ocr_line' id='line_1_8' title="bbox 273 987 1878 1058; baseline -0.004 -13"><span class='ocrx_word' id='word_1_49' title='bbox 273 989 540 1045; x_wconf 80' lang='lat' dir='ltr'><strong>inhabitat</strong></span> <span class='ocrx_word' id='word_1_50' title='bbox 579 991 749 1042; x_wconf 89' lang='lat' dir='ltr'><strong>omnis</strong></span> <span class='ocrx_word' id='word_1_51' title='bbox 796 987 1062 1058; x_wconf 86' lang='lat' dir='ltr'><strong>plenitudo</strong></span> <span class='ocrx_word' id='word_1_52' title='bbox 1101 987 1385 1041; x_wconf 79' lang='lat' dir='ltr'><strong>divinitatis</strong></span> <span class='ocrx_word' id='word_1_53' title='bbox 1423 989 1780 1057; x_wconf 73' lang='lat' dir='ltr'><strong>corporaliter,</strong></span> <span class='ocrx_word' id='word_1_54' title='bbox 1828 997 1878 1040; x_wconf 90' lang='lat' dir='ltr'><strong>et</strong></span> 
     </span>
    </p>
   </div>
   <div class='ocr_carea' id='block_1_9' title="bbox 276 1074 1877 1149">
    <p class='ocr_par' dir='ltr' id='par_1_9' title="bbox 276 1074 1877 1149">
     <span class='ocr_line' id='line_1_9' title="bbox 276 1074 1877 1149; baseline -0.001 -16"><span class='ocrx_word' id='word_1_55' title='bbox 276 1080 405 1133; x_wconf 79' lang='lat' dir='ltr'><strong>estis</strong></span> <span class='ocrx_word' id='word_1_56' title='bbox 433 1080 490 1131; x_wconf 90' lang='lat' dir='ltr'><strong>in</strong></span> <span class='ocrx_word' id='word_1_57' title='bbox 537 1077 630 1131; x_wconf 88' lang='lat' dir='ltr'><strong>illo</strong></span> <span class='ocrx_word' id='word_1_58' title='bbox 662 1077 759 1149; x_wconf 90' lang='lat' dir='ltr'><strong>(al.</strong></span> <span class='ocrx_word' id='word_1_59' title='bbox 792 1074 903 1147; x_wconf 90' lang='lat' dir='ltr'><strong>illa)</strong></span> <span class='ocrx_word' id='word_1_60' title='bbox 951 1077 1131 1148; x_wconf 75' lang='lat' dir='ltr'><strong>repleti</strong></span> <span class='ocrx_word' id='word_1_61' title='bbox 1159 1076 1383 1147; x_wconf 87' lang='lat' dir='ltr'><strong>(Coloss.</strong></span> <span class='ocrx_word' id='word_1_62' title='bbox 1423 1094 1479 1142; x_wconf 85' lang='grc' dir='ltr'><strong>ιι,</strong></span> <span class='ocrx_word' id='word_1_63' title='bbox 1512 1077 1565 1141; x_wconf 90' lang='lat'><strong>9,</strong></span> <span class='ocrx_word' id='word_1_64' title='bbox 1608 1077 1715 1143; x_wconf 87' lang='grc'><strong>10).</strong></span> <span class='ocrx_word' id='word_1_65' title='bbox 1746 1077 1877 1145; x_wconf 62' lang='lat' dir='ltr'><strong>Quae</strong></span> 
     </span>
    </p>
   </div>
   <div class='ocr_carea' id='block_1_10' title="bbox 275 1167 1881 1239">
    <p class='ocr_par' dir='ltr' id='par_1_10' title="bbox 275 1167 1881 1239">
     <span class='ocr_line' id='line_1_10' title="bbox 275 1167 1881 1239; baseline -0.001 -14"><span class='ocrx_word' id='word_1_66' title='bbox 275 1179 466 1225; x_wconf 82' lang='lat' dir='ltr'><strong>autem</strong></span> <span class='ocrx_word' id='word_1_67' title='bbox 495 1169 567 1225; x_wconf 88' lang='lat' dir='ltr'><strong>sit</strong></span> <span class='ocrx_word' id='word_1_68' title='bbox 593 1183 713 1239; x_wconf 80' lang='lat' dir='ltr'><strong>qua:</strong></span> <span class='ocrx_word' id='word_1_69' title='bbox 742 1168 796 1223; x_wconf 93' lang='lat' dir='ltr'><strong>in</strong></span> <span class='ocrx_word' id='word_1_70' title='bbox 825 1167 1041 1224; x_wconf 88' lang='lat' dir='ltr'><strong>Christo</strong></span> <span class='ocrx_word' id='word_1_71' title='bbox 1070 1168 1335 1223; x_wconf 82' lang='lat' dir='ltr'><strong>inhabitat</strong></span> <span class='ocrx_word' id='word_1_72' title='bbox 1382 1169 1660 1239; x_wconf 80' lang='lat' dir='ltr'><strong>plenitudo</strong></span> <span class='ocrx_word' id='word_1_73' title='bbox 1690 1169 1881 1224; x_wconf 56' lang='lat' dir='ltr'><strong>divini.</strong></span> 
     </span>
    </p>
   </div>
   <div class='ocr_carea' id='block_1_11' title="bbox 281 1258 1876 1331">
    <p class='ocr_par' dir='ltr' id='par_1_11' title="bbox 281 1258 1876 1331">
     <span class='ocr_line' id='line_1_11' title="bbox 281 1258 1876 1331; baseline -0.001 -16"><span class='ocrx_word' id='word_1_74' title='bbox 281 1261 412 1316; x_wconf 88' lang='lat' dir='ltr'><strong>tatis</strong></span> <span class='ocrx_word' id='word_1_75' title='bbox 431 1258 672 1315; x_wconf 76' lang='lat' dir='ltr'><strong>Joannes</strong></span> <span class='ocrx_word' id='word_1_76' title='bbox 695 1258 948 1315; x_wconf 74' lang='lat' dir='ltr'><strong>ostendat</strong></span> <span class='ocrx_word' id='word_1_77' title='bbox 971 1258 1067 1331; x_wconf 87' lang='lat' dir='ltr'><strong>(al.</strong></span> <span class='ocrx_word' id='word_1_78' title='bbox 1090 1259 1345 1322; x_wconf 85' lang='lat' dir='ltr'><strong>ostendit)</strong></span> <span class='ocrx_word' id='word_1_79' title='bbox 1374 1277 1387 1312; x_wconf 90' lang='lat'><strong>:</strong></span> <span class='ocrx_word' id='word_1_80' title='bbox 1418 1258 1657 1322; x_wconf 82' lang='lat' dir='ltr'><strong>Verbum,</strong></span> <span class='ocrx_word' id='word_1_81' title='bbox 1683 1259 1876 1329; x_wconf 88' lang='lat' dir='ltr'><strong>inquit,</strong></span> 
     </span>
    </p>
   </div>
   <div class='ocr_carea' id='block_1_12' title="bbox 280 1349 1881 1423">
    <p class='ocr_par' dir='ltr' id='par_1_12' title="bbox 280 1349 1881 1423">
     <span class='ocr_line' id='line_1_12' title="bbox 280 1349 1881 1423; baseline -0.001 -16"><span class='ocrx_word' id='word_1_82' title='bbox 280 1369 409 1407; x_wconf 87' lang='lat' dir='ltr'><strong>caro</strong></span> <span class='ocrx_word' id='word_1_83' title='bbox 437 1352 637 1423; x_wconf 79' lang='lat' dir='ltr'><strong>factum</strong></span> <span class='ocrx_word' id='word_1_84' title='bbox 664 1359 761 1415; x_wconf 91' lang='lat' dir='ltr'><strong>est,</strong></span> <span class='ocrx_word' id='word_1_85' title='bbox 793 1358 843 1404; x_wconf 86' lang='lat' dir='ltr'><strong>et</strong></span> <span class='ocrx_word' id='word_1_86' title='bbox 870 1350 1118 1404; x_wconf 81' lang='lat' dir='ltr'><strong>habitavit</strong></span> <span class='ocrx_word' id='word_1_87' title='bbox 1137 1351 1191 1405; x_wconf 90' lang='lat' dir='ltr'><strong>iu</strong></span> <span class='ocrx_word' id='word_1_88' title='bbox 1221 1349 1368 1405; x_wconf 88' lang='lat' dir='ltr'><strong>nobis</strong></span> <span class='ocrx_word' id='word_1_89' title='bbox 1397 1349 1578 1421; x_wconf 78' lang='lat' dir='ltr'><strong>(Ioau.</strong></span> <span class='ocrx_word' id='word_1_90' title='bbox 1605 1366 1641 1416; x_wconf 84' lang='grc' dir='ltr'><strong>ι,</strong></span> <span class='ocrx_word' id='word_1_91' title='bbox 1668 1349 1777 1422; x_wconf 71' lang='grc'><strong>14).</strong></span> <span class='ocrx_word' id='word_1_92' title='bbox 1804 1350 1881 1406; x_wconf 91' lang='lat' dir='ltr'><strong>De</strong></span> 
     </span>
    </p>
   </div>
   <div class='ocr_carea' id='block_1_13' title="bbox 283 1438 1880 1513">
    <p class='ocr_par' dir='ltr' id='par_1_13' title="bbox 283 1438 1880 1513">
     <span class='ocr_line' id='line_1_13' title="bbox 283 1438 1880 1513; baseline -0.001 -15"><span class='ocrx_word' id='word_1_93' title='bbox 283 1443 387 1498; x_wconf 77' lang='lat' dir='ltr'><strong>ista</strong></span> <span class='ocrx_word' id='word_1_94' title='bbox 423 1441 762 1513; x_wconf 86' lang='lat' dir='ltr'><strong>plenitudine</strong></span> <span class='ocrx_word' id='word_1_95' title='bbox 800 1438 1037 1510; x_wconf 86' lang='lat' dir='ltr'><strong>Baptista</strong></span> <span class='ocrx_word' id='word_1_96' title='bbox 1079 1439 1318 1497; x_wconf 82' lang='lat' dir='ltr'><strong>Joannes</strong></span> <span class='ocrx_word' id='word_1_97' title='bbox 1355 1455 1456 1496; x_wconf 90' lang='lat' dir='ltr'><strong>nos</strong></span> <span class='ocrx_word' id='word_1_98' title='bbox 1493 1441 1688 1497; x_wconf 87' lang='lat' dir='ltr'><strong>asserit</strong></span> <span class='ocrx_word' id='word_1_99' title='bbox 1722 1457 1880 1497; x_wconf 91' lang='lat' dir='ltr'><strong>acce-</strong></span> 
     </span>
    </p>
   </div>
   <div class='ocr_carea' id='block_1_14' title="bbox 283 1528 1881 1604">
    <p class='ocr_par' dir='ltr' id='par_1_14' title="bbox 283 1528 1881 1604">
     <span class='ocr_line' id='line_1_14' title="bbox 283 1528 1881 1604; baseline -0.001 -18"><span class='ocrx_word' id='word_1_100' title='bbox 283 1532 453 1604; x_wconf 85' lang='lat' dir='ltr'><strong>pisse,</strong></span> <span class='ocrx_word' id='word_1_101' title='bbox 492 1530 680 1585; x_wconf 90' lang='lat' dir='ltr'><strong>dicens</strong></span> <span class='ocrx_word' id='word_1_102' title='bbox 709 1548 724 1584; x_wconf 90' lang='lat'><strong>:</strong></span> <span class='ocrx_word' id='word_1_103' title='bbox 748 1528 816 1583; x_wconf 82' lang='lat' dir='ltr'><strong>Et</strong></span> <span class='ocrx_word' id='word_1_104' title='bbox 846 1529 910 1584; x_wconf 88' lang='lat' dir='ltr'><strong>de</strong></span> <span class='ocrx_word' id='word_1_105' title='bbox 931 1529 1249 1600; x_wconf 86' lang='lat' dir='ltr'><strong>plenitudine</strong></span> <span class='ocrx_word' id='word_1_106' title='bbox 1277 1531 1390 1602; x_wconf 87' lang='lat' dir='ltr'><strong>ejus</strong></span> <span class='ocrx_word' id='word_1_107' title='bbox 1418 1547 1512 1585; x_wconf 86' lang='lat' dir='ltr'><strong>nos</strong></span> <span class='ocrx_word' id='word_1_108' title='bbox 1533 1547 1708 1585; x_wconf 89' lang='lat' dir='ltr'><strong>omnes</strong></span> <span class='ocrx_word' id='word_1_109' title='bbox 1736 1546 1881 1585; x_wconf 78' lang='lat' dir='ltr'><strong>acce-</strong></span> 
     </span>
    </p>
   </div>
   <div class='ocr_carea' id='block_1_15' title="bbox 285 1621 1149 1693">
    <p class='ocr_par' dir='ltr' id='par_1_15' title="bbox 285 1621 1149 1693">
     <span class='ocr_line' id='line_1_15' title="bbox 285 1621 1149 1693; baseline -0.001 -17"><span class='ocrx_word' id='word_1_110' title='bbox 285 1624 475 1693; x_wconf 82' lang='lat' dir='ltr'><strong>pimus,</strong></span> <span class='ocrx_word' id='word_1_111' title='bbox 504 1628 554 1674; x_wconf 90' lang='lat' dir='ltr'><strong>et</strong></span> <span class='ocrx_word' id='word_1_112' title='bbox 576 1622 801 1692; x_wconf 85' lang='lat' dir='ltr'><strong>gratiam</strong></span> <span class='ocrx_word' id='word_1_113' title='bbox 829 1637 923 1690; x_wconf 88' lang='lat' dir='ltr'><strong>pro</strong></span> <span class='ocrx_word' id='word_1_114' title='bbox 952 1621 1149 1690; x_wconf 84' lang='lat' dir='ltr'><strong>gratia.</strong></span> 
     </span>
    </p>
   </div>
   <div class='ocr_carea' id='block_1_16' title="bbox 286 1730 1880 1857">
    <p class='ocr_par' dir='ltr' id='par_1_16' title="bbox 286 1730 1880 1857">
     <span class='ocr_line' id='line_1_16' title="bbox 286 1730 1880 1857; baseline 0.002 -70"><span class='ocrx_word' id='word_1_115' title='bbox 286 1730 472 1788; x_wconf 70' lang='lat' dir='ltr'><strong>Cum</strong></span> <span class='ocrx_word' id='word_1_116' title='bbox 504 1749 576 1787; x_wconf 76' lang='lat' dir='ltr'><strong>vr.</strong></span> <span class='ocrx_word' id='word_1_117' title='bbox 621 1730 686 1786; x_wconf 85' lang='lat' dir='ltr'><strong>In</strong></span> <span class='ocrx_word' id='word_1_118' title='bbox 714 1750 818 1787; x_wconf 89' lang='lat' dir='ltr'><strong>uno</strong></span> <span class='ocrx_word' id='word_1_119' title='bbox 844 1732 1048 1857; x_wconf 52' lang='lat' dir='ltr'><strong>Christ:</strong></span> <span class='ocrx_word' id='word_1_120' title='bbox 1095 1734 1213 1818; x_wconf 67' lang='lat' dir='ltr'><strong>duce</strong></span> <span class='ocrx_word' id='word_1_121' title='bbox 1249 1745 1471 1803; x_wconf 68' lang='lat' dir='ltr'><strong>naturae,</strong></span> <span class='ocrx_word' id='word_1_122' title='bbox 1499 1752 1603 1790; x_wconf 82' lang='lat' dir='ltr'><strong>non</strong></span> <span class='ocrx_word' id='word_1_123' title='bbox 1632 1738 1880 1807; x_wconf 78' lang='lat' dir='ltr'><strong>confusw,</strong></span> 
     </span>
     <span class='ocr_line' id='line_1_17' title="bbox 937 1813 1239 1857; baseline 0 0"><span class='ocrx_word' id='word_1_124' title='bbox 937 1820 992 1857; x_wconf 90' lang='lat' dir='ltr'><strong>se</strong></span> <span class='ocrx_word' id='word_1_125' title='bbox 1063 1813 1239 1857; x_wconf 73' lang='lat' dir='ltr'><strong>umtw.</strong></span> 
     </span>
    </p>
   </div>
   <div class='ocr_carea' id='block_1_17' title="bbox 937 1813 1239 1859">
    <p class='ocr_par' dir='ltr' id='par_1_17' title="bbox 937 1813 1239 1859">
     <span class='ocr_line' id='line_1_18' title="bbox 937 1813 1239 1859; baseline 0.007 -2"><span class='ocrx_word' id='word_1_126' title='bbox 937 1813 1027 1859; x_wconf 83' lang='lat' dir='ltr'><strong>sed</strong></span> <span class='ocrx_word' id='word_1_127' title='bbox 1063 1813 1151 1858; x_wconf 85' lang='lat' dir='ltr'><strong>uni</strong></span> <span class='ocrx_word' id='word_1_128' title='bbox 1158 1813 1239 1859; x_wconf 69' lang='grc' dir='ltr'><strong>ια».</strong></span> 
     </span>
    </p>
   </div>
   <div class='ocr_carea' id='block_1_18' title="bbox 365 1913 1879 1985">
    <p class='ocr_par' dir='ltr' id='par_1_18' title="bbox 365 1913 1879 1985">
     <span class='ocr_line' id='line_1_19' title="bbox 365 1913 1879 1985; baseline -0.001 -14"><span class='ocrx_word' id='word_1_129' title='bbox 365 1914 516 1971; x_wconf 87' lang='lat' dir='ltr'><strong>Unus</strong></span> <span class='ocrx_word' id='word_1_130' title='bbox 539 1914 702 1985; x_wconf 89' lang='lat' dir='ltr'><strong>igitur</strong></span> <span class='ocrx_word' id='word_1_131' title='bbox 716 1914 963 1984; x_wconf 86' lang='lat' dir='ltr'><strong>idemque</strong></span> <span class='ocrx_word' id='word_1_132' title='bbox 978 1913 1221 1971; x_wconf 87' lang='lat' dir='ltr'><strong>Christus</strong></span> <span class='ocrx_word' id='word_1_133' title='bbox 1240 1915 1337 1971; x_wconf 89' lang='lat' dir='ltr'><strong>Dei</strong></span> <span class='ocrx_word' id='word_1_134' title='bbox 1360 1924 1416 1971; x_wconf 90' lang='lat' dir='ltr'><strong>et</strong></span> <span class='ocrx_word' id='word_1_135' title='bbox 1443 1916 1675 1972; x_wconf 83' lang='lat' dir='ltr'><strong>hominis</strong></span> <span class='ocrx_word' id='word_1_136' title='bbox 1697 1915 1879 1980; x_wconf 86' lang='lat' dir='ltr'><strong>Filius,</strong></span> 
     </span>
    </p>
   </div>
   <div class='ocr_carea' id='block_1_19' title="bbox 204 1997 1963 2080">
    <p class='ocr_par' dir='ltr' id='par_1_19' title="bbox 204 1997 1963 2080">
     <span class='ocr_line' id='line_1_20' title="bbox 204 1997 1963 2080; baseline -0.003 -16"><span class='ocrx_word' id='word_1_137' title='bbox 204 1997 225 2019; x_wconf 75' lang='grc'>’</span> <span class='ocrx_word' id='word_1_138' title='bbox 287 2010 384 2080; x_wconf 85' lang='lat' dir='ltr'><strong>qui</strong></span> <span class='ocrx_word' id='word_1_139' title='bbox 410 2016 467 2064; x_wconf 90' lang='lat' dir='ltr'><strong>et</strong></span> <span class='ocrx_word' id='word_1_140' title='bbox 493 2009 842 2079; x_wconf 85' lang='lat' dir='ltr'><strong>semetipsum</strong></span> <span class='ocrx_word' id='word_1_141' title='bbox 870 2008 1190 2074; x_wconf 77' lang='lat' dir='ltr'><strong>exinanivit,</strong></span> <span class='ocrx_word' id='word_1_142' title='bbox 1234 2016 1292 2063; x_wconf 90' lang='lat' dir='ltr'><strong>et</strong></span> <span class='ocrx_word' id='word_1_143' title='bbox 1320 2008 1509 2078; x_wconf 89' lang='lat' dir='ltr'><strong>plenus</strong></span> <span class='ocrx_word' id='word_1_144' title='bbox 1533 2008 1717 2077; x_wconf 76' lang='lat' dir='ltr'><strong>gratia:</strong></span> <span class='ocrx_word' id='word_1_145' title='bbox 1744 2007 1885 2062; x_wconf 84' lang='lat' dir='ltr'><strong>veri-</strong></span> <span class='ocrx_word' id='word_1_146' title='bbox 1920 2000 1963 2059; x_wconf 89' lang='lat' dir='ltr'>B</span> 
     </span>
    </p>
   </div>
   <div class='ocr_carea' id='block_1_20' title="bbox 287 2098 1884 2172">
    <p class='ocr_par' dir='ltr' id='par_1_20' title="bbox 287 2098 1884 2172">
     <span class='ocr_line' id='line_1_21' title="bbox 287 2098 1884 2172; baseline -0.001 -17"><span class='ocrx_word' id='word_1_147' title='bbox 287 2100 529 2172; x_wconf 83' lang='lat' dir='ltr'><strong>tatisque</strong></span> <span class='ocrx_word' id='word_1_148' title='bbox 559 2099 882 2169; x_wconf 83' lang='lat' dir='ltr'><strong>permansit;</strong></span> <span class='ocrx_word' id='word_1_149' title='bbox 922 2114 1049 2154; x_wconf 89' lang='lat' dir='ltr'><strong>vere</strong></span> <span class='ocrx_word' id='word_1_150' title='bbox 1087 2099 1356 2154; x_wconf 87' lang='lat' dir='ltr'><strong>mutabilis</strong></span> <span class='ocrx_word' id='word_1_151' title='bbox 1383 2098 1579 2165; x_wconf 80' lang='lat' dir='ltr'><strong>factus,</strong></span> <span class='ocrx_word' id='word_1_152' title='bbox 1629 2100 1884 2154; x_wconf 89' lang='lat' dir='ltr'><strong>immuta-</strong></span> 
     </span>
    </p>
   </div>
   <div class='ocr_carea' id='block_1_21' title="bbox 287 2188 1882 2260">
    <p class='ocr_par' dir='ltr' id='par_1_21' title="bbox 287 2188 1882 2260">
     <span class='ocr_line' id='line_1_22' title="bbox 287 2188 1882 2260; baseline -0.001 -14"><span class='ocrx_word' id='word_1_153' title='bbox 287 2188 417 2246; x_wconf 82' lang='lat' dir='ltr'><strong>bilis</strong></span> <span class='ocrx_word' id='word_1_154' title='bbox 452 2204 697 2257; x_wconf 86' lang='lat' dir='ltr'><strong>maneas,</strong></span> <span class='ocrx_word' id='word_1_155' title='bbox 736 2204 864 2245; x_wconf 85' lang='lat' dir='ltr'><strong>vere</strong></span> <span class='ocrx_word' id='word_1_156' title='bbox 901 2204 1108 2259; x_wconf 80' lang='lat' dir='ltr'><strong>passus,</strong></span> <span class='ocrx_word' id='word_1_157' title='bbox 1154 2190 1394 2259; x_wconf 88' lang='lat' dir='ltr'><strong>passioni</strong></span> <span class='ocrx_word' id='word_1_158' title='bbox 1434 2205 1539 2245; x_wconf 90' lang='lat' dir='ltr'><strong>non</strong></span> <span class='ocrx_word' id='word_1_159' title='bbox 1570 2190 1882 2260; x_wconf 88' lang='lat' dir='ltr'><strong>subjacens;</strong></span> 
     </span>
    </p>
   </div>
   <div class='ocr_carea' id='block_1_22' title="bbox 285 2278 1884 2347">
    <p class='ocr_par' dir='ltr' id='par_1_22' title="bbox 285 2278 1884 2347">
     <span class='ocr_line' id='line_1_23' title="bbox 285 2278 1884 2347; baseline 0.001 -16"><span class='ocrx_word' id='word_1_160' title='bbox 285 2292 422 2333; x_wconf 83' lang='lat' dir='ltr'><strong>vere</strong></span> <span class='ocrx_word' id='word_1_161' title='bbox 448 2286 718 2345; x_wconf 88' lang='lat' dir='ltr'><strong>mortuus,</strong></span> <span class='ocrx_word' id='word_1_162' title='bbox 744 2285 975 2332; x_wconf 90' lang='lat' dir='ltr'><strong>mortem</strong></span> <span class='ocrx_word' id='word_1_163' title='bbox 1004 2291 1110 2331; x_wconf 90' lang='lat' dir='ltr'><strong>non</strong></span> <span class='ocrx_word' id='word_1_164' title='bbox 1138 2278 1395 2343; x_wconf 86' lang='lat' dir='ltr'><strong>sentiens,</strong></span> <span class='ocrx_word' id='word_1_165' title='bbox 1411 2278 1504 2333; x_wconf 91' lang='lat' dir='ltr'><strong>sed</strong></span> <span class='ocrx_word' id='word_1_166' title='bbox 1518 2280 1884 2347; x_wconf 78' lang='lat' dir='ltr'><strong>exstinguens.</strong></span> 
     </span>
    </p>
   </div>
   <div class='ocr_carea' id='block_1_23' title="bbox 287 2364 1885 2439">
    <p class='ocr_par' dir='ltr' id='par_1_23' title="bbox 287 2364 1885 2439">
     <span class='ocr_line' id='line_1_24' title="bbox 287 2364 1885 2439; baseline -0.001 -15"><span class='ocrx_word' id='word_1_167' title='bbox 287 2364 422 2424; x_wconf 60' lang='lat' dir='ltr'><strong>Haec</strong></span> <span class='ocrx_word' id='word_1_168' title='bbox 444 2376 628 2424; x_wconf 73' lang='lat' dir='ltr'><strong>autem</strong></span> <span class='ocrx_word' id='word_1_169' title='bbox 655 2376 849 2424; x_wconf 88' lang='lat' dir='ltr'><strong>cuncta</strong></span> <span class='ocrx_word' id='word_1_170' title='bbox 879 2383 1015 2421; x_wconf 91' lang='lat' dir='ltr'><strong>unus</strong></span> <span class='ocrx_word' id='word_1_171' title='bbox 1041 2365 1286 2422; x_wconf 88' lang='lat' dir='ltr'><strong>Christus</strong></span> <span class='ocrx_word' id='word_1_172' title='bbox 1310 2375 1362 2422; x_wconf 90' lang='lat' dir='ltr'><strong>et</strong></span> <span class='ocrx_word' id='word_1_173' title='bbox 1387 2368 1550 2438; x_wconf 81' lang='lat' dir='ltr'><strong>gessit</strong></span> <span class='ocrx_word' id='word_1_174' title='bbox 1570 2377 1625 2423; x_wconf 92' lang='lat' dir='ltr'><strong>et</strong></span> <span class='ocrx_word' id='word_1_175' title='bbox 1646 2369 1885 2439; x_wconf 87' lang='lat' dir='ltr'><strong>pertulit,</strong></span> 
     </span>
    </p>
   </div>
   <div class='ocr_carea' id='block_1_24' title="bbox 286 2455 1891 2529">
    <p class='ocr_par' dir='ltr' id='par_1_24' title="bbox 286 2455 1891 2529">
     <span class='ocr_line' id='line_1_25' title="bbox 286 2455 1891 2529; baseline 0.001 -17"><span class='ocrx_word' id='word_1_176' title='bbox 286 2458 420 2529; x_wconf 85' lang='lat' dir='ltr'><strong>quia</strong></span> <span class='ocrx_word' id='word_1_177' title='bbox 450 2458 506 2513; x_wconf 90' lang='lat' dir='ltr'><strong>in</strong></span> <span class='ocrx_word' id='word_1_178' title='bbox 534 2473 642 2513; x_wconf 89' lang='lat' dir='ltr'><strong>uno</strong></span> <span class='ocrx_word' id='word_1_179' title='bbox 670 2457 973 2528; x_wconf 92' lang='lat' dir='ltr'><strong>eodemque</strong></span> <span class='ocrx_word' id='word_1_180' title='bbox 999 2455 1217 2512; x_wconf 85' lang='lat' dir='ltr'><strong>Christo</strong></span> <span class='ocrx_word' id='word_1_181' title='bbox 1243 2473 1372 2513; x_wconf 86' lang='lat' dir='ltr'><strong>vera</strong></span> <span class='ocrx_word' id='word_1_182' title='bbox 1396 2458 1709 2525; x_wconf 81' lang='lat' dir='ltr'><strong>divinitatis,</strong></span> <span class='ocrx_word' id='word_1_183' title='bbox 1741 2474 1891 2514; x_wconf 85' lang='lat' dir='ltr'><strong>vera-</strong></span> 
     </span>
    </p>
   </div>
   <div class='ocr_carea' id='block_1_25' title="bbox 286 2549 1891 2623">
    <p class='ocr_par' dir='ltr' id='par_1_25' title="bbox 286 2549 1891 2623">
     <span class='ocr_line' id='line_1_26' title="bbox 286 2549 1891 2623; baseline 0.001 -17"><span class='ocrx_word' id='word_1_184' title='bbox 286 2566 400 2623; x_wconf 83' lang='lat' dir='ltr'><strong>que</strong></span> <span class='ocrx_word' id='word_1_185' title='bbox 414 2550 765 2606; x_wconf 85' lang='lat' dir='ltr'><strong>humanitatis</strong></span> <span class='ocrx_word' id='word_1_186' title='bbox 786 2557 976 2605; x_wconf 88' lang='lat' dir='ltr'><strong>natura</strong></span> <span class='ocrx_word' id='word_1_187' title='bbox 1003 2550 1316 2620; x_wconf 87' lang='lat' dir='ltr'><strong>permansit,</strong></span> <span class='ocrx_word' id='word_1_188' title='bbox 1337 2549 1463 2605; x_wconf 93' lang='lat' dir='ltr'><strong>dum</strong></span> <span class='ocrx_word' id='word_1_189' title='bbox 1479 2549 1622 2608; x_wconf 85' lang='lat' dir='ltr'><strong>Deus</strong></span> <span class='ocrx_word' id='word_1_190' title='bbox 1636 2568 1745 2608; x_wconf 91' lang='lat' dir='ltr'><strong>non</strong></span> <span class='ocrx_word' id='word_1_191' title='bbox 1766 2568 1891 2608; x_wconf 90' lang='lat' dir='ltr'><strong>con-</strong></span> 
     </span>
    </p>
   </div>
   <div class='ocr_carea' id='block_1_26' title="bbox 285 2637 1888 2710">
    <p class='ocr_par' dir='ltr' id='par_1_26' title="bbox 285 2637 1888 2710">
     <span class='ocr_line' id='line_1_27' title="bbox 285 2637 1888 2710; baseline 0.004 -17"><span class='ocrx_word' id='word_1_192' title='bbox 285 2637 446 2696; x_wconf 76' lang='lat' dir='ltr'><strong>fusus</strong></span> <span class='ocrx_word' id='word_1_193' title='bbox 472 2638 700 2705; x_wconf 90' lang='lat' dir='ltr'><strong>homini,</strong></span> <span class='ocrx_word' id='word_1_194' title='bbox 734 2637 830 2694; x_wconf 85' lang='lat' dir='ltr'><strong>sed</strong></span> <span class='ocrx_word' id='word_1_195' title='bbox 853 2638 1055 2707; x_wconf 89' lang='lat' dir='ltr'><strong>unitus,</strong></span> <span class='ocrx_word' id='word_1_196' title='bbox 1086 2639 1165 2695; x_wconf 91' lang='lat' dir='ltr'><strong>sic</strong></span> <span class='ocrx_word' id='word_1_197' title='bbox 1192 2640 1248 2693; x_wconf 94' lang='lat' dir='ltr'><strong>in</strong></span> <span class='ocrx_word' id='word_1_198' title='bbox 1292 2656 1396 2694; x_wconf 89' lang='lat' dir='ltr'><strong>una</strong></span> <span class='ocrx_word' id='word_1_199' title='bbox 1428 2655 1654 2710; x_wconf 87' lang='lat' dir='ltr'><strong>persona</strong></span> <span class='ocrx_word' id='word_1_200' title='bbox 1686 2643 1888 2699; x_wconf 88' lang='lat' dir='ltr'><strong>utrius-</strong></span> 
     </span>
    </p>
   </div>
   <div class='ocr_carea' id='block_1_27' title="bbox 287 2730 1895 2802">
    <p class='ocr_par' dir='ltr' id='par_1_27' title="bbox 287 2730 1895 2802">
     <span class='ocr_line' id='line_1_28' title="bbox 287 2730 1895 2802; baseline 0.004 -18"><span class='ocrx_word' id='word_1_201' title='bbox 287 2745 404 2802; x_wconf 86' lang='lat' dir='ltr'><strong>que</strong></span> <span class='ocrx_word' id='word_1_202' title='bbox 437 2739 647 2786; x_wconf 69' lang='lat' dir='ltr'><strong>natura:</strong></span> <span class='ocrx_word' id='word_1_203' title='bbox 674 2731 1036 2801; x_wconf 80' lang='lat' dir='ltr'><strong>permanentis</strong></span> <span class='ocrx_word' id='word_1_204' title='bbox 1062 2730 1259 2786; x_wconf 88' lang='lat' dir='ltr'><strong>indicia</strong></span> <span class='ocrx_word' id='word_1_205' title='bbox 1294 2730 1705 2799; x_wconf 90' lang='lat' dir='ltr'><strong>demonstravit,</strong></span> <span class='ocrx_word' id='word_1_206' title='bbox 1726 2742 1787 2788; x_wconf 92' lang='lat' dir='ltr'><strong>ut</strong></span> <span class='ocrx_word' id='word_1_207' title='bbox 1807 2749 1895 2791; x_wconf 90' lang='lat' dir='ltr'><strong>ve-</strong></span> 
     </span>
    </p>
   </div>
   <div class='ocr_carea' id='block_1_28' title="bbox 287 2822 1896 2894">
    <p class='ocr_par' dir='ltr' id='par_1_28' title="bbox 287 2822 1896 2894">
     <span class='ocr_line' id='line_1_29' title="bbox 287 2822 1896 2894; baseline 0.002 -15"><span class='ocrx_word' id='word_1_208' title='bbox 287 2839 387 2879; x_wconf 86' lang='lat' dir='ltr'><strong>rus</strong></span> <span class='ocrx_word' id='word_1_209' title='bbox 415 2822 560 2879; x_wconf 87' lang='lat' dir='ltr'><strong>Deus</strong></span> <span class='ocrx_word' id='word_1_210' title='bbox 588 2831 644 2878; x_wconf 90' lang='lat' dir='ltr'><strong>et</strong></span> <span class='ocrx_word' id='word_1_211' title='bbox 671 2822 881 2894; x_wconf 90' lang='lat' dir='ltr'><strong>plenus,</strong></span> <span class='ocrx_word' id='word_1_212' title='bbox 912 2824 1053 2879; x_wconf 91' lang='lat' dir='ltr'><strong>veris</strong></span> <span class='ocrx_word' id='word_1_213' title='bbox 1078 2823 1384 2894; x_wconf 87' lang='lat' dir='ltr'><strong>divinisque</strong></span> <span class='ocrx_word' id='word_1_214' title='bbox 1404 2824 1693 2881; x_wconf 88' lang='lat' dir='ltr'><strong>virtutibus</strong></span> <span class='ocrx_word' id='word_1_215' title='bbox 1718 2827 1773 2881; x_wconf 91' lang='lat' dir='ltr'><strong>in</strong></span> <span class='ocrx_word' id='word_1_216' title='bbox 1801 2827 1896 2883; x_wconf 84' lang='lat' dir='ltr'><strong>ho-</strong></span> 
     </span>
    </p>
   </div>
   <div class='ocr_carea' id='block_1_29' title="bbox 289 2916 1891 2987">
    <p class='ocr_par' dir='ltr' id='par_1_29' title="bbox 289 2916 1891 2987">
     <span class='ocr_line' id='line_1_30' title="bbox 289 2916 1891 2987; baseline 0.001 -15"><span class='ocrx_word' id='word_1_217' title='bbox 289 2917 445 2972; x_wconf 86' lang='lat' dir='ltr'><strong>mine</strong></span> <span class='ocrx_word' id='word_1_218' title='bbox 470 2916 705 2972; x_wconf 89' lang='lat' dir='ltr'><strong>elareret</strong></span> <span class='ocrx_word' id='word_1_219' title='bbox 723 2925 1023 2987; x_wconf 90' lang='lat' dir='ltr'><strong>assumpto,</strong></span> <span class='ocrx_word' id='word_1_220' title='bbox 1052 2924 1109 2972; x_wconf 91' lang='lat' dir='ltr'><strong>et</strong></span> <span class='ocrx_word' id='word_1_221' title='bbox 1129 2916 1330 2971; x_wconf 89' lang='lat' dir='ltr'><strong>veritas</strong></span> <span class='ocrx_word' id='word_1_222' title='bbox 1355 2916 1680 2974; x_wconf 80' lang='lat' dir='ltr'><strong>inﬁrmitatis</strong></span> <span class='ocrx_word' id='word_1_223' title='bbox 1708 2919 1891 2974; x_wconf 90' lang='lat' dir='ltr'><strong>huma-</strong></span> 
     </span>
    </p>
   </div>
   <div class='ocr_carea' id='block_1_30' title="bbox 288 3005 1891 3076">
    <p class='ocr_par' dir='ltr' id='par_1_30' title="bbox 288 3005 1891 3076">
     <span class='ocr_line' id='line_1_31' title="bbox 288 3005 1891 3076; baseline 0.002 -16"><span class='ocrx_word' id='word_1_224' title='bbox 288 3017 382 3060; x_wconf 70' lang='lat' dir='ltr'><strong>na:</strong></span> <span class='ocrx_word' id='word_1_225' title='bbox 411 3019 602 3060; x_wconf 76' lang='lat' dir='ltr'><strong>verum</strong></span> <span class='ocrx_word' id='word_1_226' title='bbox 638 3006 967 3076; x_wconf 88' lang='lat' dir='ltr'><strong>plenumque</strong></span> <span class='ocrx_word' id='word_1_227' title='bbox 1004 3005 1280 3060; x_wconf 88' lang='lat' dir='ltr'><strong>hominem</strong></span> <span class='ocrx_word' id='word_1_228' title='bbox 1309 3013 1638 3062; x_wconf 88' lang='lat' dir='ltr'><strong>monstraret</strong></span> <span class='ocrx_word' id='word_1_229' title='bbox 1671 3008 1725 3062; x_wconf 92' lang='lat' dir='ltr'><strong>in</strong></span> <span class='ocrx_word' id='word_1_230' title='bbox 1756 3008 1891 3064; x_wconf 91' lang='lat' dir='ltr'><strong>Deo.</strong></span> 
     </span>
    </p>
   </div>
   <div class='ocr_carea' id='block_1_31' title="bbox 293 3094 1896 3169">
    <p class='ocr_par' dir='ltr' id='par_1_31' title="bbox 293 3094 1896 3169">
     <span class='ocr_line' id='line_1_32' title="bbox 293 3094 1896 3169; baseline 0.002 -18"><span class='ocrx_word' id='word_1_231' title='bbox 293 3094 533 3167; x_wconf 79' lang='lat' dir='ltr'><strong>Propter</strong></span> <span class='ocrx_word' id='word_1_232' title='bbox 566 3095 710 3166; x_wconf 91' lang='lat' dir='ltr'><strong>quod</strong></span> <span class='ocrx_word' id='word_1_233' title='bbox 756 3095 947 3151; x_wconf 91' lang='lat' dir='ltr'><strong>beatus</strong></span> <span class='ocrx_word' id='word_1_234' title='bbox 993 3095 1283 3167; x_wconf 80' lang='lat' dir='ltr'><strong>Apostolus</strong></span> <span class='ocrx_word' id='word_1_235' title='bbox 1337 3113 1500 3152; x_wconf 91' lang='lat' dir='ltr'><strong>unum</strong></span> <span class='ocrx_word' id='word_1_236' title='bbox 1541 3099 1896 3169; x_wconf 89' lang='lat' dir='ltr'><strong>eumdemque</strong></span> 
     </span>
    </p>
   </div>
   <div class='ocr_carea' id='block_1_32' title="bbox 290 3187 1898 3260">
    <p class='ocr_par' dir='ltr' id='par_1_32' title="bbox 290 3187 1898 3260">
     <span class='ocr_line' id='line_1_33' title="bbox 290 3187 1898 3260; baseline 0.002 -16"><span class='ocrx_word' id='word_1_237' title='bbox 290 3187 595 3255; x_wconf 81' lang='lat' dir='ltr'><strong>Christum,</strong></span> <span class='ocrx_word' id='word_1_238' title='bbox 620 3197 675 3244; x_wconf 89' lang='lat' dir='ltr'><strong>et</strong></span> <span class='ocrx_word' id='word_1_239' title='bbox 698 3187 1012 3243; x_wconf 74' lang='lat' dir='ltr'><strong>crucifixum</strong></span> <span class='ocrx_word' id='word_1_240' title='bbox 1039 3187 1313 3260; x_wconf 58' lang='lat' dir='ltr'><strong>praedicat,</strong></span> <span class='ocrx_word' id='word_1_241' title='bbox 1346 3197 1401 3245; x_wconf 91' lang='lat' dir='ltr'><strong>et</strong></span> <span class='ocrx_word' id='word_1_242' title='bbox 1423 3188 1519 3245; x_wconf 89' lang='lat' dir='ltr'><strong>Dei</strong></span> <span class='ocrx_word' id='word_1_243' title='bbox 1539 3190 1789 3247; x_wconf 86' lang='lat' dir='ltr'><strong>virtutem</strong></span> <span class='ocrx_word' id='word_1_244' title='bbox 1809 3206 1898 3247; x_wconf 90' lang='lat' dir='ltr'><strong>sa-</strong></span> 
     </span>
    </p>
   </div>
   <div class='ocr_carea' id='block_1_33' title="bbox 296 3277 1897 3352">
    <p class='ocr_par' dir='ltr' id='par_1_33' title="bbox 296 3277 1897 3352">
     <span class='ocr_line' id='line_1_34' title="bbox 296 3277 1897 3352; baseline 0.001 -16"><span class='ocrx_word' id='word_1_245' title='bbox 296 3280 677 3352; x_wconf 85' lang='lat' dir='ltr'><strong>pientiamque</strong></span> <span class='ocrx_word' id='word_1_246' title='bbox 703 3279 1018 3349; x_wconf 91' lang='lat' dir='ltr'><strong>pronuntiat</strong></span> <span class='ocrx_word' id='word_1_247' title='bbox 1056 3278 1241 3334; x_wconf 88' lang='lat' dir='ltr'><strong>dicens</strong></span> <span class='ocrx_word' id='word_1_248' title='bbox 1268 3297 1281 3331; x_wconf 92' lang='lat'>:</span> <span class='ocrx_word' id='word_1_249' title='bbox 1307 3277 1423 3335; x_wconf 78' lang='lat' dir='ltr'><strong>Nos</strong></span> <span class='ocrx_word' id='word_1_250' title='bbox 1446 3289 1616 3335; x_wconf 82' lang='lat' dir='ltr'><strong>autem</strong></span> <span class='ocrx_word' id='word_1_251' title='bbox 1642 3282 1897 3352; x_wconf 78' lang='lat' dir='ltr'><strong>prwdica-</strong></span> 
     </span>
    </p>
   </div>
   <div class='ocr_carea' id='block_1_34' title="bbox 295 3367 1897 3442">
    <p class='ocr_par' dir='ltr' id='par_1_34' title="bbox 295 3367 1897 3442">
     <span class='ocr_line' id='line_1_35' title="bbox 295 3367 1897 3442; baseline 0.001 -17"><span class='ocrx_word' id='word_1_252' title='bbox 295 3386 421 3425; x_wconf 73' lang='lat' dir='ltr'><strong>ntus</strong></span> <span class='ocrx_word' id='word_1_253' title='bbox 448 3368 706 3424; x_wconf 77' lang='lat' dir='ltr'><strong>Christum</strong></span> <span class='ocrx_word' id='word_1_254' title='bbox 735 3369 1042 3439; x_wconf 74' lang='lat' dir='ltr'><strong>cruciﬁxum</strong></span> <span class='ocrx_word' id='word_1_255' title='bbox 1059 3409 1077 3436; x_wconf 95' lang='lat'><strong>,</strong></span> <span class='ocrx_word' id='word_1_256' title='bbox 1106 3367 1308 3424; x_wconf 69' lang='lat' dir='ltr'><strong>Iudicis</strong></span> <span class='ocrx_word' id='word_1_257' title='bbox 1336 3369 1542 3442; x_wconf 80' lang='lat' dir='ltr'><strong>quidem</strong></span> <span class='ocrx_word' id='word_1_258' title='bbox 1566 3372 1897 3440; x_wconf 86' lang='lat' dir='ltr'><strong>scandalum,</strong></span> 
     </span>
    </p>
   </div>
   <div class='ocr_carea' id='block_1_35' title="bbox 294 3461 1899 3534">
    <p class='ocr_par' dir='ltr' id='par_1_35' title="bbox 294 3461 1899 3534">
     <span class='ocr_line' id='line_1_36' title="bbox 294 3461 1899 3534; baseline 0.001 -17"><span class='ocrx_word' id='word_1_259' title='bbox 294 3461 541 3534; x_wconf 70' lang='lat' dir='ltr'><strong>gratibus</strong></span> <span class='ocrx_word' id='word_1_260' title='bbox 567 3471 736 3516; x_wconf 85' lang='lat' dir='ltr'><strong>autem</strong></span> <span class='ocrx_word' id='word_1_261' title='bbox 767 3462 1063 3528; x_wconf 82' lang='lat' dir='ltr'><strong>stultitiam,</strong></span> <span class='ocrx_word' id='word_1_262' title='bbox 1110 3462 1239 3533; x_wconf 84' lang='lat' dir='ltr'><strong>ipsis</strong></span> <span class='ocrx_word' id='word_1_263' title='bbox 1283 3470 1457 3516; x_wconf 89' lang='lat' dir='ltr'><strong>autem</strong></span> <span class='ocrx_word' id='word_1_264' title='bbox 1484 3465 1677 3518; x_wconf 67' lang='lat' dir='ltr'><strong>uocatis</strong></span> <span class='ocrx_word' id='word_1_265' title='bbox 1698 3463 1899 3519; x_wconf 76' lang='lat' dir='ltr'><strong>Judteis</strong></span> 
     </span>
    </p>
   </div>
   <div class='ocr_carea' id='block_1_36' title="bbox 295 3548 1899 3626">
    <p class='ocr_par' dir='ltr' id='par_1_36' title="bbox 295 3548 1899 3626">
     <span class='ocr_line' id='line_1_37' title="bbox 295 3548 1899 3626; baseline 0.003 -21"><span class='ocrx_word' id='word_1_266' title='bbox 295 3562 458 3624; x_wconf 80' lang='lat' dir='ltr'><strong>atque</strong></span> <span class='ocrx_word' id='word_1_267' title='bbox 502 3548 720 3617; x_wconf 76' lang='lat' dir='ltr'><strong>Cnecis,</strong></span> <span class='ocrx_word' id='word_1_268' title='bbox 760 3550 1021 3606; x_wconf 84' lang='lat' dir='ltr'><strong>Christ</strong></span> <span class='ocrx_word' id='word_1_269' title='bbox 1050 3550 1149 3606; x_wconf 91' lang='lat' dir='ltr'><strong>Dei</strong></span> <span class='ocrx_word' id='word_1_270' title='bbox 1186 3553 1440 3619; x_wconf 84' lang='lat' dir='ltr'><strong>virtutem,</strong></span> <span class='ocrx_word' id='word_1_271' title='bbox 1481 3562 1530 3607; x_wconf 90' lang='lat' dir='ltr'><strong>et</strong></span> <span class='ocrx_word' id='word_1_272' title='bbox 1559 3553 1658 3609; x_wconf 87' lang='lat' dir='ltr'><strong>Dei</strong></span> <span class='ocrx_word' id='word_1_273' title='bbox 1687 3556 1899 3626; x_wconf 86' lang='lat' dir='ltr'><strong>sapien-</strong></span> 
     </span>
    </p>
   </div>
   <div class='ocr_carea' id='block_1_37' title="bbox 299 3639 1905 3715">
    <p class='ocr_par' dir='ltr' id='par_1_37' title="bbox 299 3639 1905 3715">
     <span class='ocr_line' id='line_1_38' title="bbox 299 3639 1905 3715; baseline 0.005 -22"><span class='ocrx_word' id='word_1_274' title='bbox 299 3640 503 3711; x_wconf 84' lang='lat' dir='ltr'><strong>tiam(l</strong></span> <span class='ocrx_word' id='word_1_275' title='bbox 523 3639 645 3695; x_wconf 87' lang='lat' dir='ltr'><strong>Cor.</strong></span> <span class='ocrx_word' id='word_1_276' title='bbox 672 3657 708 3703; x_wconf 81' lang='grc' dir='ltr'><strong>ι,</strong></span> <span class='ocrx_word' id='word_1_277' title='bbox 727 3640 818 3706; x_wconf 74' lang='grc'><strong>25,</strong></span> <span class='ocrx_word' id='word_1_278' title='bbox 840 3640 951 3712; x_wconf 65' lang='grc'><strong>21),</strong></span> <span class='ocrx_word' id='word_1_279' title='bbox 978 3650 1032 3696; x_wconf 91' lang='lat' dir='ltr'><strong>et</strong></span> <span class='ocrx_word' id='word_1_280' title='bbox 1059 3650 1114 3697; x_wconf 92' lang='lat' dir='ltr'><strong>ut</strong></span> <span class='ocrx_word' id='word_1_281' title='bbox 1141 3652 1164 3679; x_wconf 77' lang='grc' dir='ltr'>ι</span> <span class='ocrx_word' id='word_1_282' title='bbox 1192 3642 1244 3698; x_wconf 92' lang='lat' dir='ltr'><strong>in</strong></span> <span class='ocrx_word' id='word_1_283' title='bbox 1272 3642 1585 3698; x_wconf 78' lang='lat' dir='ltr'><strong>infirmitate</strong></span> <span class='ocrx_word' id='word_1_284' title='bbox 1614 3645 1905 3715; x_wconf 90' lang='lat' dir='ltr'><strong>susceptio-</strong></span> 
     </span>
    </p>
   </div>
   <div class='ocr_carea' id='block_1_38' title="bbox 299 3732 1902 3802">
    <p class='ocr_par' dir='ltr' id='par_1_38' title="bbox 299 3732 1902 3802">
     <span class='ocr_line' id='line_1_39' title="bbox 299 3732 1902 3802; baseline 0.004 -15"><span class='ocrx_word' id='word_1_285' title='bbox 299 3732 386 3787; x_wconf 89' lang='lat' dir='ltr'><strong>nis</strong></span> <span class='ocrx_word' id='word_1_286' title='bbox 413 3732 664 3787; x_wconf 66' lang='lat' dir='ltr'><strong>humanae</strong></span> <span class='ocrx_word' id='word_1_287' title='bbox 700 3734 1120 3802; x_wconf 77' lang='lat' dir='ltr'><strong>magnitudinem</strong></span> <span class='ocrx_word' id='word_1_288' title='bbox 1151 3734 1341 3790; x_wconf 78' lang='lat' dir='ltr'><strong>divina:</strong></span> <span class='ocrx_word' id='word_1_289' title='bbox 1381 3736 1594 3792; x_wconf 89' lang='lat' dir='ltr'><strong>virtutis</strong></span> <span class='ocrx_word' id='word_1_290' title='bbox 1634 3748 1902 3793; x_wconf 85' lang='lat' dir='ltr'><strong>monstra-</strong></span> 
     </span>
    </p>
   </div>
   <div class='ocr_carea' id='block_1_39' title="bbox 298 3821 1905 3900">
    <p class='ocr_par' dir='ltr' id='par_1_39' title="bbox 298 3821 1905 3900">
     <span class='ocr_line' id='line_1_40' title="bbox 298 3821 1905 3900; baseline 0.003 -21"><span class='ocrx_word' id='word_1_291' title='bbox 298 3831 387 3879; x_wconf 87' lang='lat' dir='ltr'><strong>ret</strong></span> <span class='ocrx_word' id='word_1_292' title='bbox 413 3822 611 3893; x_wconf 83' lang='lat' dir='ltr'><strong>adjecit</strong></span> <span class='ocrx_word' id='word_1_293' title='bbox 642 3840 655 3875; x_wconf 90' lang='lat'><strong>:</strong></span> <span class='ocrx_word' id='word_1_294' title='bbox 683 3821 834 3887; x_wconf 84' lang='lat' dir='ltr'><strong>Quod</strong></span> <span class='ocrx_word' id='word_1_295' title='bbox 852 3827 991 3879; x_wconf 88' lang='lat' dir='ltr'><strong>enim</strong></span> <span class='ocrx_word' id='word_1_296' title='bbox 1023 3830 1065 3898; x_wconf 77' lang='grc' dir='ltr'><strong>ι</strong></span> <span class='ocrx_word' id='word_1_297' title='bbox 1082 3826 1183 3898; x_wconf 76' lang='lat'><strong>16</strong></span> <span class='ocrx_word' id='word_1_298' title='bbox 1208 3826 1424 3882; x_wconf 89' lang='lat' dir='ltr'><strong>stultum</strong></span> <span class='ocrx_word' id='word_1_299' title='bbox 1450 3838 1529 3882; x_wconf 90' lang='lat' dir='ltr'><strong>est</strong></span> <span class='ocrx_word' id='word_1_300' title='bbox 1552 3827 1667 3894; x_wconf 90' lang='lat' dir='ltr'><strong>Dei,</strong></span> <span class='ocrx_word' id='word_1_301' title='bbox 1691 3830 1905 3900; x_wconf 85' lang='lat' dir='ltr'><strong>sapien-</strong></span> 
     </span>
    </p>
   </div>
   <div class='ocr_carea' id='block_1_40' title="bbox 302 3915 1902 3992">
    <p class='ocr_par' dir='ltr' id='par_1_40' title="bbox 302 3915 1902 3992">
     <span class='ocr_line' id='line_1_41' title="bbox 302 3915 1902 3992; baseline 0.004 -22"><span class='ocrx_word' id='word_1_302' title='bbox 302 3915 409 3970; x_wconf 77' lang='lat' dir='ltr'><strong>tius</strong></span> <span class='ocrx_word' id='word_1_303' title='bbox 435 3925 513 3969; x_wconf 88' lang='lat' dir='ltr'><strong>est</strong></span> <span class='ocrx_word' id='word_1_304' title='bbox 539 3915 851 3983; x_wconf 82' lang='lat' dir='ltr'><strong>hominibus,</strong></span> <span class='ocrx_word' id='word_1_305' title='bbox 900 3926 952 3971; x_wconf 88' lang='lat' dir='ltr'><strong>et</strong></span> <span class='ocrx_word' id='word_1_306' title='bbox 977 3918 1114 3990; x_wconf 89' lang='lat' dir='ltr'><strong>quod</strong></span> <span class='ocrx_word' id='word_1_307' title='bbox 1156 3919 1421 3990; x_wconf 87' lang='lat' dir='ltr'><strong>inﬁrmum</strong></span> <span class='ocrx_word' id='word_1_308' title='bbox 1445 3929 1523 3974; x_wconf 91' lang='lat' dir='ltr'><strong>est</strong></span> <span class='ocrx_word' id='word_1_309' title='bbox 1562 3920 1683 3987; x_wconf 90' lang='lat' dir='ltr'><strong>Dei,</strong></span> <span class='ocrx_word' id='word_1_310' title='bbox 1714 3924 1902 3992; x_wconf 76' lang='lat' dir='ltr'><strong>fortius</strong></span> 
     </span>
    </p>
   </div>
   <div class='ocr_carea' id='block_1_41' title="bbox 300 4006 1904 4080">
    <p class='ocr_par' dir='ltr' id='par_1_41' title="bbox 300 4006 1904 4080">
     <span class='ocr_line' id='line_1_42' title="bbox 300 4006 1904 4080; baseline 0.006 -20"><span class='ocrx_word' id='word_1_311' title='bbox 300 4015 384 4061; x_wconf 85' lang='lat' dir='ltr'><strong>est</strong></span> <span class='ocrx_word' id='word_1_312' title='bbox 409 4006 705 4061; x_wconf 86' lang='lat' dir='ltr'><strong>hominibus</strong></span> <span class='ocrx_word' id='word_1_313' title='bbox 733 4006 916 4079; x_wconf 90' lang='lat' dir='ltr'><strong>(Ibid.,</strong></span> <span class='ocrx_word' id='word_1_314' title='bbox 948 4008 1064 4080; x_wconf 75' lang='grc'>25).</span> <span class='ocrx_word' id='word_1_315' title='bbox 1093 4009 1191 4065; x_wconf 89' lang='lat' dir='ltr'><strong>llle</strong></span> <span class='ocrx_word' id='word_1_316' title='bbox 1234 4010 1396 4078; x_wconf 84' lang='lat' dir='ltr'><strong>igitur</strong></span> <span class='ocrx_word' id='word_1_317' title='bbox 1430 4010 1526 4067; x_wconf 85' lang='lat' dir='ltr'><strong>Dei</strong></span> <span class='ocrx_word' id='word_1_318' title='bbox 1571 4012 1757 4079; x_wconf 87' lang='lat' dir='ltr'><strong>Filius,</strong></span> <span class='ocrx_word' id='word_1_319' title='bbox 1808 4013 1904 4070; x_wconf 88' lang='lat' dir='ltr'><strong>Dei</strong></span> 
     </span>
    </p>
   </div>
   <div class='ocr_carea' id='block_1_42' title="bbox 300 4097 1905 4175">
    <p class='ocr_par' dir='ltr' id='par_1_42' title="bbox 300 4097 1905 4175">
     <span class='ocr_line' id='line_1_43' title="bbox 300 4097 1905 4175; baseline 0.006 -23"><span class='ocrx_word' id='word_1_320' title='bbox 300 4097 495 4164; x_wconf 79' lang='lat' dir='ltr'><strong>virtus,</strong></span> <span class='ocrx_word' id='word_1_321' title='bbox 522 4107 578 4154; x_wconf 91' lang='lat' dir='ltr'><strong>et</strong></span> <span class='ocrx_word' id='word_1_322' title='bbox 603 4098 699 4155; x_wconf 89' lang='lat' dir='ltr'><strong>Dei</strong></span> <span class='ocrx_word' id='word_1_323' title='bbox 728 4100 1010 4171; x_wconf 89' lang='lat' dir='ltr'><strong>sapientia,</strong></span> <span class='ocrx_word' id='word_1_324' title='bbox 1044 4101 1097 4156; x_wconf 91' lang='lat' dir='ltr'><strong>in</strong></span> <span class='ocrx_word' id='word_1_325' title='bbox 1127 4103 1353 4159; x_wconf 83' lang='lat' dir='ltr'><strong>exordio</strong></span> <span class='ocrx_word' id='word_1_326' title='bbox 1381 4104 1768 4175; x_wconf 86' lang='lat' dir='ltr'><strong>redemptionis</strong></span> <span class='ocrx_word' id='word_1_327' title='bbox 1805 4120 1905 4161; x_wconf 91' lang='lat' dir='ltr'><strong>no-</strong></span> 
     </span>
    </p>
   </div>
   <div class='ocr_carea' id='block_1_43' title="bbox 307 4190 1903 4267">
    <p class='ocr_par' dir='ltr' id='par_1_43' title="bbox 307 4190 1903 4267">
     <span class='ocr_line' id='line_1_44' title="bbox 307 4190 1903 4267; baseline 0.005 -23"><span class='ocrx_word' id='word_1_328' title='bbox 307 4197 456 4255; x_wconf 69' lang='lat' dir='ltr'><strong>strae,</strong></span> <span class='ocrx_word' id='word_1_329' title='bbox 485 4190 754 4267; x_wconf 84' lang='lat' dir='ltr'><strong>diversum</strong></span> <span class='ocrx_word' id='word_1_330' title='bbox 781 4191 1033 4261; x_wconf 79' lang='lat' dir='ltr'><strong>quiddam</strong></span> <span class='ocrx_word' id='word_1_331' title='bbox 1065 4193 1159 4264; x_wconf 89' lang='lat' dir='ltr'><strong>(al.</strong></span> <span class='ocrx_word' id='word_1_332' title='bbox 1190 4194 1428 4265; x_wconf 86' lang='lat' dir='ltr'><strong>quidem)</strong></span> <span class='ocrx_word' id='word_1_333' title='bbox 1460 4197 1668 4267; x_wconf 85' lang='lat' dir='ltr'><strong>peregit</strong></span> <span class='ocrx_word' id='word_1_334' title='bbox 1708 4197 1763 4251; x_wconf 92' lang='lat' dir='ltr'><strong>in</strong></span> <span class='ocrx_word' id='word_1_335' title='bbox 1801 4196 1903 4252; x_wconf 92' lang='lat' dir='ltr'><strong>ho-</strong></span> 
     </span>
    </p>
   </div>
   <div class='ocr_carea' id='block_1_44' title="bbox 302 4280 1909 4358">
    <p class='ocr_par' dir='ltr' id='par_1_44' title="bbox 302 4280 1909 4358">
     <span class='ocr_line' id='line_1_45' title="bbox 302 4280 1909 4358; baseline 0.007 -26"><span class='ocrx_word' id='word_1_336' title='bbox 302 4280 476 4345; x_wconf 87' lang='lat' dir='ltr'><strong>mine,</strong></span> <span class='ocrx_word' id='word_1_337' title='bbox 500 4295 662 4350; x_wconf 88' lang='lat' dir='ltr'><strong>quam</strong></span> <span class='ocrx_word' id='word_1_338' title='bbox 692 4280 835 4349; x_wconf 90' lang='lat' dir='ltr'><strong>quod</strong></span> <span class='ocrx_word' id='word_1_339' title='bbox 862 4297 1079 4352; x_wconf 87' lang='lat' dir='ltr'><strong>semper</strong></span> <span class='ocrx_word' id='word_1_340' title='bbox 1116 4284 1349 4340; x_wconf 85' lang='lat' dir='ltr'><strong>habebat</strong></span> <span class='ocrx_word' id='word_1_341' title='bbox 1388 4286 1441 4340; x_wconf 92' lang='lat' dir='ltr'><strong>in</strong></span> <span class='ocrx_word' id='word_1_342' title='bbox 1472 4285 1650 4353; x_wconf 85' lang='lat' dir='ltr'><strong>Patre,</strong></span> <span class='ocrx_word' id='word_1_343' title='bbox 1685 4288 1811 4358; x_wconf 90' lang='lat' dir='ltr'><strong>quia</strong></span> <span class='ocrx_word' id='word_1_344' title='bbox 1835 4289 1909 4344; x_wconf 90' lang='lat' dir='ltr'><strong>vi-</strong></span> 
     </span>
    </p>
   </div>
   <div class='ocr_carea' id='block_1_45' title="bbox 303 4358 1909 4453">
    <p class='ocr_par' dir='ltr' id='par_1_45' title="bbox 303 4358 1909 4453">
     <span class='ocr_line' id='line_1_46' title="bbox 303 4358 1909 4453; baseline 0.006 -29"><span class='ocrx_word' id='word_1_345' title='bbox 303 4369 507 4425; x_wconf 87' lang='lat' dir='ltr'><strong>delicet</strong></span> <span class='ocrx_word' id='word_1_346' title='bbox 530 4370 673 4453; x_wconf 77' lang='lat' dir='ltr'><strong>aliud</strong></span> <span class='ocrx_word' id='word_1_347' title='bbox 691 4358 763 4427; x_wconf 84' lang='lat' dir='ltr'><strong>ibi</strong></span> <span class='ocrx_word' id='word_1_348' title='bbox 780 4371 1077 4441; x_wconf 91' lang='lat' dir='ltr'><strong>majestatis</strong></span> <span class='ocrx_word' id='word_1_349' title='bbox 1097 4372 1124 4412; x_wconf 69' lang='grc' dir='ltr'>δ</span> <span class='ocrx_word' id='word_1_350' title='bbox 1153 4375 1403 4431; x_wconf 89' lang='lat' dir='ltr'><strong>uativitas</strong></span> <span class='ocrx_word' id='word_1_351' title='bbox 1423 4376 1628 4443; x_wconf 89' lang='lat' dir='ltr'><strong>habuit,</strong></span> <span class='ocrx_word' id='word_1_352' title='bbox 1654 4378 1796 4433; x_wconf 66' lang='lat' dir='ltr'><strong>aliud</strong></span> <span class='ocrx_word' id='word_1_353' title='bbox 1821 4380 1909 4434; x_wconf 92' lang='lat' dir='ltr'><strong>hic</strong></span> 
     </span>
    </p>
   </div>
   <div class='ocr_carea' id='block_1_46' title="bbox 306 4458 1906 4538">
    <p class='ocr_par' dir='ltr' id='par_1_46' title="bbox 306 4458 1906 4538">
     <span class='ocr_line' id='line_1_47' title="bbox 306 4458 1906 4538; baseline 0.008 -27"><span class='ocrx_word' id='word_1_354' title='bbox 306 4459 487 4529; x_wconf 88' lang='lat' dir='ltr'><strong>pietas</strong></span> <span class='ocrx_word' id='word_1_355' title='bbox 529 4458 916 4530; x_wconf 90' lang='lat' dir='ltr'><strong>redemptionis</strong></span> <span class='ocrx_word' id='word_1_356' title='bbox 944 4464 1124 4532; x_wconf 78' lang='lat' dir='ltr'><strong>exegit</strong></span> <span class='ocrx_word' id='word_1_357' title='bbox 1171 4465 1265 4534; x_wconf 83' lang='lat' dir='ltr'><strong>(al.</strong></span> <span class='ocrx_word' id='word_1_358' title='bbox 1292 4466 1482 4538; x_wconf 78' lang='lat' dir='ltr'><strong>exigit)</strong></span> <span class='ocrx_word' id='word_1_359' title='bbox 1516 4486 1527 4521; x_wconf 91' lang='lat'><strong>:</strong></span> <span class='ocrx_word' id='word_1_360' title='bbox 1557 4468 1609 4522; x_wconf 93' lang='lat' dir='ltr'><strong>in</strong></span> <span class='ocrx_word' id='word_1_361' title='bbox 1645 4469 1737 4523; x_wconf 91' lang='lat' dir='ltr'><strong>illo</strong></span> <span class='ocrx_word' id='word_1_362' title='bbox 1763 4470 1906 4525; x_wconf 90' lang='lat' dir='ltr'><strong>enim</strong></span> 
     </span>
    </p>
   </div>
   <div class='ocr_carea' id='block_1_47' title="bbox 309 4549 1907 4631">
    <p class='ocr_par' dir='ltr' id='par_1_47' title="bbox 309 4549 1907 4631">
     <span class='ocr_line' id='line_1_48' title="bbox 309 4549 1907 4631; baseline 0.009 -30"><span class='ocrx_word' id='word_1_363' title='bbox 309 4549 656 4619; x_wconf 72' lang='lat' dir='ltr'><strong>sempiterna:</strong></span> <span class='ocrx_word' id='word_1_364' title='bbox 679 4551 977 4608; x_wconf 73' lang='lat' dir='ltr'><strong>nativitat’s</strong></span> <span class='ocrx_word' id='word_1_365' title='bbox 1006 4549 1204 4610; x_wconf 75' lang='lat' dir='ltr'><strong>a&#39;rcano</strong></span> <span class='ocrx_word' id='word_1_366' title='bbox 1230 4559 1592 4628; x_wconf 89' lang='lat' dir='ltr'><strong>sempiternus</strong></span> <span class='ocrx_word' id='word_1_367' title='bbox 1619 4568 1783 4631; x_wconf 89' lang='lat' dir='ltr'><strong>atque</strong></span> <span class='ocrx_word' id='word_1_368' title='bbox 1825 4561 1907 4615; x_wconf 86' lang='lat' dir='ltr'><strong>in-</strong></span> 
     </span>
    </p>
   </div>
   <div class='ocr_carea' id='block_1_48' title="bbox 308 4635 1911 4718">
    <p class='ocr_par' dir='ltr' id='par_1_48' title="bbox 308 4635 1911 4718">
     <span class='ocr_line' id='line_1_49' title="bbox 308 4635 1911 4718; baseline 0.009 -29"><span class='ocrx_word' id='word_1_369' title='bbox 308 4638 709 4693; x_wconf 84' lang='lat' dir='ltr'><strong>commutabilis</strong></span> <span class='ocrx_word' id='word_1_370' title='bbox 741 4639 833 4709; x_wconf 90' lang='lat' dir='ltr'><strong>(al.</strong></span> <span class='ocrx_word' id='word_1_371' title='bbox 863 4635 1236 4713; x_wconf 87' lang='lat' dir='ltr'><strong>immutabilis)</strong></span> <span class='ocrx_word' id='word_1_372' title='bbox 1269 4643 1430 4702; x_wconf 90' lang='lat' dir='ltr'><strong>Pater</strong></span> <span class='ocrx_word' id='word_1_373' title='bbox 1454 4647 1685 4703; x_wconf 87' lang='lat' dir='ltr'><strong>alterqu</strong></span> <span class='ocrx_word' id='word_1_374' title='bbox 1724 4650 1911 4718; x_wconf 86' lang='lat' dir='ltr'><strong>genuit</strong></span> 
     </span>
    </p>
   </div>
   <div class='ocr_carea' id='block_1_49' title="bbox 2133 684 3407 759">
    <p class='ocr_par' dir='ltr' id='par_1_49' title="bbox 2133 684 3407 759">
     <span class='ocr_line' id='line_1_50' title="bbox 2133 684 3407 759; baseline -0.002 -16"><span class='ocrx_word' id='word_1_375' title='bbox 2133 688 2272 744; x_wconf 84' lang='lat' dir='ltr'><strong>Deus</strong></span> <span class='ocrx_word' id='word_1_376' title='bbox 2295 689 2446 743; x_wconf 86' lang='lat' dir='ltr'><strong>homo</strong></span> <span class='ocrx_word' id='word_1_377' title='bbox 2470 688 2638 759; x_wconf 73' lang='lat' dir='ltr'><strong>factus</strong></span> <span class='ocrx_word' id='word_1_378' title='bbox 2666 695 2762 749; x_wconf 84' lang='lat' dir='ltr'><strong>est,</strong></span> <span class='ocrx_word' id='word_1_379' title='bbox 2794 684 2983 754; x_wconf 81' lang='lat' dir='ltr'><strong>absque</strong></span> <span class='ocrx_word' id='word_1_380' title='bbox 3000 688 3080 740; x_wconf 88' lang='lat' dir='ltr'><strong>sui</strong></span> <span class='ocrx_word' id='word_1_381' title='bbox 3103 686 3407 741; x_wconf 80' lang='lat' dir='ltr'><strong>mutatione.</strong></span> 
     </span>
    </p>
   </div>
   <div class='ocr_carea' id='block_1_50' title="bbox 2047 775 3567 845">
    <p class='ocr_par' dir='ltr' id='par_1_50' title="bbox 2047 775 3567 845">
     <span class='ocr_line' id='line_1_51' title="bbox 2047 775 3567 845; baseline -0.001 -12"><span class='ocrx_word' id='word_1_382' title='bbox 2047 777 2146 835; x_wconf 83' lang='lat' dir='ltr'><strong>llic</strong></span> <span class='ocrx_word' id='word_1_383' title='bbox 2175 787 2376 843; x_wconf 85' lang='lat' dir='ltr'><strong>autem,</strong></span> <span class='ocrx_word' id='word_1_384' title='bbox 2400 777 2526 831; x_wconf 93' lang='lat' dir='ltr'><strong>dum</strong></span> <span class='ocrx_word' id='word_1_385' title='bbox 2554 785 2754 831; x_wconf 74' lang='lat' dir='ltr'><strong>nostra:</strong></span> <span class='ocrx_word' id='word_1_386' title='bbox 2774 775 3163 845; x_wconf 86' lang='lat' dir='ltr'><strong>redemptionis</strong></span> <span class='ocrx_word' id='word_1_387' title='bbox 3182 775 3567 832; x_wconf 88' lang='lat' dir='ltr'><strong>commercium</strong></span> 
     </span>
    </p>
   </div>
   <div class='ocr_carea' id='block_1_51' title="bbox 1976 866 3569 939">
    <p class='ocr_par' dir='ltr' id='par_1_51' title="bbox 1976 866 3569 939">
     <span class='ocr_line' id='line_1_52' title="bbox 1976 866 3569 939; baseline -0.001 -14"><span class='ocrx_word' id='word_1_388' title='bbox 1976 877 2276 937; x_wconf 84' lang='lat' dir='ltr'><strong>gereretur,</strong></span> <span class='ocrx_word' id='word_1_389' title='bbox 2323 868 2483 938; x_wconf 91' lang='lat' dir='ltr'><strong>pleno</strong></span> <span class='ocrx_word' id='word_1_390' title='bbox 2509 866 2745 936; x_wconf 73' lang='lat' dir='ltr'><strong>veroque</strong></span> <span class='ocrx_word' id='word_1_391' title='bbox 2786 866 2991 922; x_wconf 91' lang='lat' dir='ltr'><strong>homini</strong></span> <span class='ocrx_word' id='word_1_392' title='bbox 3031 867 3250 938; x_wconf 90' lang='lat' dir='ltr'><strong>plenum</strong></span> <span class='ocrx_word' id='word_1_393' title='bbox 3274 883 3569 939; x_wconf 88' lang='lat' dir='ltr'><strong>verumque</strong></span> 
     </span>
    </p>
   </div>
   <div class='ocr_carea' id='block_1_52' title="bbox 1978 959 3577 1030">
    <p class='ocr_par' dir='ltr' id='par_1_52' title="bbox 1978 959 3577 1030">
     <span class='ocr_line' id='line_1_53' title="bbox 1978 959 3577 1030; baseline 0.002 -15"><span class='ocrx_word' id='word_1_394' title='bbox 1978 960 2147 1015; x_wconf 89' lang='lat' dir='ltr'><strong>Deum</strong></span> <span class='ocrx_word' id='word_1_395' title='bbox 2174 960 2400 1014; x_wconf 85' lang='lat' dir='ltr'><strong>decebat</strong></span> <span class='ocrx_word' id='word_1_396' title='bbox 2421 959 2563 1013; x_wconf 86' lang='lat' dir='ltr'><strong>uniri</strong></span> <span class='ocrx_word' id='word_1_397' title='bbox 2597 978 2610 1012; x_wconf 88' lang='lat'><em>:</em></span> <span class='ocrx_word' id='word_1_398' title='bbox 2642 960 2721 1014; x_wconf 91' lang='lat' dir='ltr'><strong>sic</strong></span> <span class='ocrx_word' id='word_1_399' title='bbox 2746 966 2948 1020; x_wconf 90' lang='lat' dir='ltr'><strong>tamen,</strong></span> <span class='ocrx_word' id='word_1_400' title='bbox 2980 968 3040 1013; x_wconf 93' lang='lat' dir='ltr'><strong>ut</strong></span> <span class='ocrx_word' id='word_1_401' title='bbox 3069 960 3121 1014; x_wconf 94' lang='lat' dir='ltr'><strong>in</strong></span> <span class='ocrx_word' id='word_1_402' title='bbox 3152 960 3359 1015; x_wconf 88' lang='lat' dir='ltr'><strong>unitate</strong></span> <span class='ocrx_word' id='word_1_403' title='bbox 3388 976 3577 1030; x_wconf 77' lang='lat' dir='ltr'><strong>perso-</strong></span> 
     </span>
    </p>
   </div>
   <div class='ocr_carea' id='block_1_53' title="bbox 1979 1049 3570 1120">
    <p class='ocr_par' dir='ltr' id='par_1_53' title="bbox 1979 1049 3570 1120">
     <span class='ocr_line' id='line_1_54' title="bbox 1979 1049 3570 1120; baseline 0.001 -16"><span class='ocrx_word' id='word_1_404' title='bbox 1979 1065 2082 1117; x_wconf 78' lang='lat' dir='ltr'><strong>um,</strong></span> <span class='ocrx_word' id='word_1_405' title='bbox 2122 1065 2223 1105; x_wconf 80' lang='lat' dir='ltr'><strong>nec</strong></span> <span class='ocrx_word' id='word_1_406' title='bbox 2252 1050 2305 1104; x_wconf 89' lang='lat' dir='ltr'><strong>in</strong></span> <span class='ocrx_word' id='word_1_407' title='bbox 2344 1049 2562 1105; x_wconf 92' lang='lat' dir='ltr'><strong>homine</strong></span> <span class='ocrx_word' id='word_1_408' title='bbox 2608 1050 2769 1115; x_wconf 88' lang='lat' dir='ltr'><strong>Deus,</strong></span> <span class='ocrx_word' id='word_1_409' title='bbox 2813 1065 2913 1105; x_wconf 90' lang='lat' dir='ltr'><strong>nec</strong></span> <span class='ocrx_word' id='word_1_410' title='bbox 2942 1050 3105 1105; x_wconf 87' lang='lat' dir='ltr'><strong>homo</strong></span> <span class='ocrx_word' id='word_1_411' title='bbox 3134 1058 3318 1120; x_wconf 88' lang='lat' dir='ltr'><strong>posset</strong></span> <span class='ocrx_word' id='word_1_412' title='bbox 3355 1051 3411 1105; x_wconf 90' lang='lat' dir='ltr'><strong>in</strong></span> <span class='ocrx_word' id='word_1_413' title='bbox 3455 1051 3570 1107; x_wconf 89' lang='lat' dir='ltr'><strong>Deo</strong></span> 
     </span>
    </p>
   </div>
   <div class='ocr_carea' id='block_1_54' title="bbox 1978 1138 3575 1209">
    <p class='ocr_par' dir='ltr' id='par_1_54' title="bbox 1978 1138 3575 1209">
     <span class='ocr_line' id='line_1_55' title="bbox 1978 1138 3575 1209; baseline 0.001 -15"><span class='ocrx_word' id='word_1_414' title='bbox 1978 1138 2232 1194; x_wconf 79' lang='lat' dir='ltr'><strong>confundi</strong></span> <span class='ocrx_word' id='word_1_415' title='bbox 2259 1156 2273 1193; x_wconf 89' lang='lat'><strong>:</strong></span> <span class='ocrx_word' id='word_1_416' title='bbox 2305 1154 2576 1208; x_wconf 88' lang='lat' dir='ltr'><strong>nunquam</strong></span> <span class='ocrx_word' id='word_1_417' title='bbox 2598 1140 2739 1193; x_wconf 90' lang='lat' dir='ltr'><strong>enim</strong></span> <span class='ocrx_word' id='word_1_418' title='bbox 2766 1140 3047 1209; x_wconf 88' lang='lat' dir='ltr'><strong>quisquam</strong></span> <span class='ocrx_word' id='word_1_419' title='bbox 3071 1140 3351 1196; x_wconf 77' lang='lat' dir='ltr'><strong>hominum</strong></span> <span class='ocrx_word' id='word_1_420' title='bbox 3372 1140 3442 1196; x_wconf 89' lang='lat' dir='ltr'><strong>ad</strong></span> <span class='ocrx_word' id='word_1_421' title='bbox 3461 1142 3575 1197; x_wconf 82' lang='lat' dir='ltr'><strong>vin-</strong></span> 
     </span>
    </p>
   </div>
   <div class='ocr_carea' id='block_1_55' title="bbox 1981 1224 3569 1301">
    <p class='ocr_par' dir='ltr' id='par_1_55' title="bbox 1981 1224 3569 1301">
     <span class='ocr_line' id='line_1_56' title="bbox 1981 1224 3569 1301; baseline 0.001 -15"><span class='ocrx_word' id='word_1_422' title='bbox 1981 1230 2213 1287; x_wconf 88' lang='lat' dir='ltr'><strong>cendum</strong></span> <span class='ocrx_word' id='word_1_423' title='bbox 2236 1233 2462 1287; x_wconf 88' lang='lat' dir='ltr'><strong>humani</strong></span> <span class='ocrx_word' id='word_1_424' title='bbox 2491 1233 2703 1300; x_wconf 87' lang='lat' dir='ltr'><strong>generis</strong></span> <span class='ocrx_word' id='word_1_425' title='bbox 2732 1233 3004 1287; x_wconf 88' lang='lat' dir='ltr'><strong>inimicum</strong></span> <span class='ocrx_word' id='word_1_426' title='bbox 3039 1232 3226 1288; x_wconf 83' lang='lat' dir='ltr'><strong>fuisset</strong></span> <span class='ocrx_word' id='word_1_427' title='bbox 3252 1233 3497 1301; x_wconf 87' lang='lat' dir='ltr'><strong>idoneus,</strong></span> <span class='ocrx_word' id='word_1_428' title='bbox 3518 1224 3569 1289; x_wconf 54' lang='lat' dir='ltr'><strong>&#39;si</strong></span> 
     </span>
    </p>
   </div>
   <div class='ocr_carea' id='block_1_56' title="bbox 1983 1320 3573 1389">
    <p class='ocr_par' dir='ltr' id='par_1_56' title="bbox 1983 1320 3573 1389">
     <span class='ocr_line' id='line_1_57' title="bbox 1983 1320 3573 1389; baseline -0.001 -13"><span class='ocrx_word' id='word_1_429' title='bbox 1983 1321 2036 1376; x_wconf 93' lang='lat' dir='ltr'><strong>in</strong></span> <span class='ocrx_word' id='word_1_430' title='bbox 2063 1320 2359 1377; x_wconf 83' lang='lat' dir='ltr'><strong>Mediatore</strong></span> <span class='ocrx_word' id='word_1_431' title='bbox 2387 1321 2483 1376; x_wconf 89' lang='lat' dir='ltr'><strong>Dei</strong></span> <span class='ocrx_word' id='word_1_432' title='bbox 2512 1329 2568 1376; x_wconf 92' lang='lat' dir='ltr'><strong>et</strong></span> <span class='ocrx_word' id='word_1_433' title='bbox 2595 1321 2893 1389; x_wconf 87' lang='lat' dir='ltr'><strong>hominum,</strong></span> <span class='ocrx_word' id='word_1_434' title='bbox 2936 1323 3154 1379; x_wconf 89' lang='lat' dir='ltr'><strong>homine</strong></span> <span class='ocrx_word' id='word_1_435' title='bbox 3179 1324 3397 1379; x_wconf 86' lang='lat' dir='ltr'><strong>Christo</strong></span> <span class='ocrx_word' id='word_1_436' title='bbox 3419 1322 3573 1388; x_wconf 83' lang='lat' dir='ltr'><strong>Jesu,</strong></span> 
     </span>
    </p>
   </div>
   <div class='ocr_carea' id='block_1_57' title="bbox 1983 1411 3572 1484">
    <p class='ocr_par' dir='ltr' id='par_1_57' title="bbox 1983 1411 3572 1484">
     <span class='ocr_line' id='line_1_58' title="bbox 1983 1411 3572 1484; baseline 0.003 -17"><span class='ocrx_word' id='word_1_437' title='bbox 1983 1418 2079 1467; x_wconf 90' lang='lat' dir='ltr'><strong>aut</strong></span> <span class='ocrx_word' id='word_1_438' title='bbox 2117 1412 2320 1484; x_wconf 88' lang='lat' dir='ltr'><strong>aliquid</strong></span> <span class='ocrx_word' id='word_1_439' title='bbox 2348 1411 2539 1469; x_wconf 79' lang='lat' dir='ltr'><strong>fuisset</strong></span> <span class='ocrx_word' id='word_1_440' title='bbox 2576 1412 2809 1469; x_wconf 90' lang='lat' dir='ltr'><strong>hominis</strong></span> <span class='ocrx_word' id='word_1_441' title='bbox 2839 1415 3032 1478; x_wconf 83' lang='lat' dir='ltr'><strong>minus,</strong></span> <span class='ocrx_word' id='word_1_442' title='bbox 3086 1425 3178 1470; x_wconf 91' lang='lat' dir='ltr'><strong>aut</strong></span> <span class='ocrx_word' id='word_1_443' title='bbox 3207 1417 3371 1472; x_wconf 92' lang='lat' dir='ltr'><strong>homo</strong></span> <span class='ocrx_word' id='word_1_444' title='bbox 3399 1432 3429 1471; x_wconf 90' lang='lat' dir='ltr'><strong>a</strong></span> <span class='ocrx_word' id='word_1_445' title='bbox 3459 1416 3572 1472; x_wconf 87' lang='lat' dir='ltr'><strong>Deo</strong></span> 
     </span>
    </p>
   </div>
   <div class='ocr_carea' id='block_1_58' title="bbox 1982 1502 3593 1576">
    <p class='ocr_par' dir='ltr' id='par_1_58' title="bbox 1982 1502 3593 1576">
     <span class='ocr_line' id='line_1_59' title="bbox 1982 1502 3593 1576; baseline -0.001 -18"><span class='ocrx_word' id='word_1_446' title='bbox 1982 1510 2300 1572; x_wconf 88' lang='lat' dir='ltr'><strong>susceptus,</strong></span> <span class='ocrx_word' id='word_1_447' title='bbox 2350 1502 2527 1557; x_wconf 89' lang='lat' dir='ltr'><strong>divina</strong></span> <span class='ocrx_word' id='word_1_448' title='bbox 2578 1502 2765 1559; x_wconf 79' lang='lat' dir='ltr'><strong>fuisset</strong></span> <span class='ocrx_word' id='word_1_449' title='bbox 2810 1506 3150 1575; x_wconf 87' lang='lat' dir='ltr'><strong>susceptione</strong></span> <span class='ocrx_word' id='word_1_450' title='bbox 3194 1513 3593 1576; x_wconf 84' lang='lat' dir='ltr'><strong>consumptus-,.</strong></span> 
     </span>
    </p>
   </div>
   <div class='ocr_carea' id='block_1_59' title="bbox 1984 1593 3575 1666">
    <p class='ocr_par' dir='ltr' id='par_1_59' title="bbox 1984 1593 3575 1666">
     <span class='ocr_line' id='line_1_60' title="bbox 1984 1593 3575 1666; baseline 0.003 -19"><span class='ocrx_word' id='word_1_451' title='bbox 1984 1609 2092 1647; x_wconf 89' lang='lat' dir='ltr'><strong>non</strong></span> <span class='ocrx_word' id='word_1_452' title='bbox 2133 1600 2312 1648; x_wconf 89' lang='lat' dir='ltr'><strong>autem</strong></span> <span class='ocrx_word' id='word_1_453' title='bbox 2362 1593 2593 1648; x_wconf 90' lang='lat' dir='ltr'><strong>humana</strong></span> <span class='ocrx_word' id='word_1_454' title='bbox 2638 1603 2827 1649; x_wconf 85' lang='lat' dir='ltr'><strong>natura</strong></span> <span class='ocrx_word' id='word_1_455' title='bbox 2874 1603 3089 1665; x_wconf 87' lang='lat' dir='ltr'><strong>poterat</strong></span> <span class='ocrx_word' id='word_1_456' title='bbox 3135 1597 3187 1650; x_wconf 92' lang='lat' dir='ltr'><strong>in</strong></span> <span class='ocrx_word' id='word_1_457' title='bbox 3234 1597 3575 1666; x_wconf 84' lang='lat' dir='ltr'><strong>reparatione</strong></span> 
     </span>
    </p>
   </div>
   <div class='ocr_carea' id='block_1_60' title="bbox 1984 1685 3577 1756">
    <p class='ocr_par' dir='ltr' id='par_1_60' title="bbox 1984 1685 3577 1756">
     <span class='ocr_line' id='line_1_61' title="bbox 1984 1685 3577 1756; baseline 0.001 -14"><span class='ocrx_word' id='word_1_458' title='bbox 1984 1686 2255 1754; x_wconf 89' lang='lat' dir='ltr'><strong>consumi,</strong></span> <span class='ocrx_word' id='word_1_459' title='bbox 2284 1685 2438 1755; x_wconf 88' lang='lat' dir='ltr'><strong>cujus</strong></span> <span class='ocrx_word' id='word_1_460' title='bbox 2462 1701 2589 1756; x_wconf 89' lang='lat' dir='ltr'><strong>pars</strong></span> <span class='ocrx_word' id='word_1_461' title='bbox 2614 1686 2867 1741; x_wconf 89' lang='lat' dir='ltr'><strong>damnata</strong></span> <span class='ocrx_word' id='word_1_462' title='bbox 2906 1703 3012 1743; x_wconf 92' lang='lat' dir='ltr'><strong>non</strong></span> <span class='ocrx_word' id='word_1_463' title='bbox 3040 1697 3393 1744; x_wconf 87' lang='lat' dir='ltr'><strong>consumetur</strong></span> <span class='ocrx_word' id='word_1_464' title='bbox 3425 1696 3577 1744; x_wconf 72' lang='lat' dir='ltr'><strong>(eter-</strong></span> 
     </span>
    </p>
   </div>
   <div class='ocr_carea' id='block_1_61' title="bbox 1987 1775 3579 1850">
    <p class='ocr_par' dir='ltr' id='par_1_61' title="bbox 1987 1775 3579 1850">
     <span class='ocr_line' id='line_1_62' title="bbox 1987 1775 3579 1850; baseline 0.005 -21"><span class='ocrx_word' id='word_1_465' title='bbox 1987 1775 2155 1831; x_wconf 88' lang='lat' dir='ltr'><strong>nitate</strong></span> <span class='ocrx_word' id='word_1_466' title='bbox 2181 1775 2448 1846; x_wconf 76' lang='lat' dir='ltr'><strong>supplici.</strong></span> <span class='ocrx_word' id='word_1_467' title='bbox 2497 1776 2632 1831; x_wconf 92' lang='lat' dir='ltr'><strong>Cum</strong></span> <span class='ocrx_word' id='word_1_468' title='bbox 2677 1785 2856 1833; x_wconf 86' lang='lat' dir='ltr'><strong>autem</strong></span> <span class='ocrx_word' id='word_1_469' title='bbox 2904 1794 3075 1848; x_wconf 70' lang='lat' dir='ltr'><strong>poma:</strong></span> <span class='ocrx_word' id='word_1_470' title='bbox 3114 1779 3186 1835; x_wconf 90' lang='lat' dir='ltr'><strong>sit</strong></span> <span class='ocrx_word' id='word_1_471' title='bbox 3232 1794 3579 1850; x_wconf 84' lang='lat' dir='ltr'><strong>consumere,</strong></span> 
     </span>
    </p>
   </div>
   <div class='ocr_carea' id='block_1_62' title="bbox 1985 1868 3575 1943">
    <p class='ocr_par' dir='ltr' id='par_1_62' title="bbox 1985 1868 3575 1943">
     <span class='ocr_line' id='line_1_63' title="bbox 1985 1868 3575 1943; baseline 0.003 -22"><span class='ocrx_word' id='word_1_472' title='bbox 1985 1869 2171 1937; x_wconf 70' lang='lat' dir='ltr'><strong>gratia:</strong></span> <span class='ocrx_word' id='word_1_473' title='bbox 2216 1884 2494 1939; x_wconf 87' lang='lat' dir='ltr'><strong>reparare,</strong></span> <span class='ocrx_word' id='word_1_474' title='bbox 2538 1868 2873 1940; x_wconf 84' lang='lat' dir='ltr'><strong>Redemptor</strong></span> <span class='ocrx_word' id='word_1_475' title='bbox 2908 1870 3130 1925; x_wconf 91' lang='lat' dir='ltr'><strong>humani</strong></span> <span class='ocrx_word' id='word_1_476' title='bbox 3177 1873 3408 1941; x_wconf 87' lang='lat' dir='ltr'><strong>generis,</strong></span> <span class='ocrx_word' id='word_1_477' title='bbox 3458 1870 3575 1943; x_wconf 91' lang='lat' dir='ltr'><strong>ple-</strong></span> 
     </span>
    </p>
   </div>
   <div class='ocr_carea' id='block_1_63' title="bbox 1988 1958 3575 2032">
    <p class='ocr_par' dir='ltr' id='par_1_63' title="bbox 1988 1958 3575 2032">
     <span class='ocr_line' id='line_1_64' title="bbox 1988 1958 3575 2032; baseline 0.001 -18"><span class='ocrx_word' id='word_1_478' title='bbox 1988 1975 2089 2015; x_wconf 90' lang='lat' dir='ltr'><strong>nus</strong></span> <span class='ocrx_word' id='word_1_479' title='bbox 2134 1959 2225 2031; x_wconf 90' lang='lat' dir='ltr'><strong>(al.</strong></span> <span class='ocrx_word' id='word_1_480' title='bbox 2259 1960 2490 2031; x_wconf 81' lang='lat' dir='ltr'><strong>plenius)</strong></span> <span class='ocrx_word' id='word_1_481' title='bbox 2533 1958 2869 2015; x_wconf 78' lang='lat' dir='ltr'><strong>conﬁtendus</strong></span> <span class='ocrx_word' id='word_1_482' title='bbox 2914 1968 2997 2015; x_wconf 84' lang='lat' dir='ltr'><strong>est</strong></span> <span class='ocrx_word' id='word_1_483' title='bbox 3025 1961 3184 2025; x_wconf 88' lang='lat' dir='ltr'><strong>Deus,</strong></span> <span class='ocrx_word' id='word_1_484' title='bbox 3232 1961 3447 2032; x_wconf 89' lang='lat' dir='ltr'><strong>plenum</strong></span> <span class='ocrx_word' id='word_1_485' title='bbox 3484 1976 3575 2015; x_wconf 62' lang='lat' dir='ltr'><strong>suo</strong></span> 
     </span>
    </p>
   </div>
   <div class='ocr_carea' id='block_1_64' title="bbox 1986 2050 3574 2121">
    <p class='ocr_par' dir='ltr' id='par_1_64' title="bbox 1986 2050 3574 2121">
     <span class='ocr_line' id='line_1_65' title="bbox 1986 2050 3574 2121; baseline 0.002 -17"><span class='ocrx_word' id='word_1_486' title='bbox 1986 2050 2220 2120; x_wconf 88' lang='lat' dir='ltr'><strong>scipiens</strong></span> <span class='ocrx_word' id='word_1_487' title='bbox 2269 2051 2571 2113; x_wconf 87' lang='lat' dir='ltr'><strong>hominem,</strong></span> <span class='ocrx_word' id='word_1_488' title='bbox 2618 2051 2812 2120; x_wconf 87' lang='lat' dir='ltr'><strong>plenus</strong></span> <span class='ocrx_word' id='word_1_489' title='bbox 2857 2053 3040 2120; x_wconf 77' lang='lat' dir='ltr'><strong>gratia:</strong></span> <span class='ocrx_word' id='word_1_490' title='bbox 3088 2067 3193 2121; x_wconf 85' lang='lat' dir='ltr'><strong>qua</strong></span> <span class='ocrx_word' id='word_1_491' title='bbox 3248 2053 3409 2109; x_wconf 91' lang='lat' dir='ltr'><strong>homo</strong></span> <span class='ocrx_word' id='word_1_492' title='bbox 3440 2050 3574 2107; x_wconf 77' lang='lat' dir='ltr'><strong>‘lleri</strong></span> 
     </span>
    </p>
   </div>
   <div class='ocr_carea' id='block_1_65' title="bbox 1987 2140 3579 2215">
    <p class='ocr_par' dir='ltr' id='par_1_65' title="bbox 1987 2140 3579 2215">
     <span class='ocr_line' id='line_1_66' title="bbox 1987 2140 3579 2215; baseline 0.003 -20"><span class='ocrx_word' id='word_1_493' title='bbox 1987 2140 2237 2210; x_wconf 90' lang='lat' dir='ltr'><strong>dignatus</strong></span> <span class='ocrx_word' id='word_1_494' title='bbox 2281 2150 2366 2197; x_wconf 90' lang='lat' dir='ltr'><strong>est</strong></span> <span class='ocrx_word' id='word_1_495' title='bbox 2412 2141 2573 2209; x_wconf 89' lang='lat' dir='ltr'><strong>Deus,</strong></span> <span class='ocrx_word' id='word_1_496' title='bbox 2631 2151 2688 2197; x_wconf 88' lang='lat' dir='ltr'><strong>et</strong></span> <span class='ocrx_word' id='word_1_497' title='bbox 2732 2142 2924 2213; x_wconf 88' lang='lat' dir='ltr'><strong>plenus</strong></span> <span class='ocrx_word' id='word_1_498' title='bbox 2968 2144 3229 2211; x_wconf 81' lang='lat' dir='ltr'><strong>veritatis,</strong></span> <span class='ocrx_word' id='word_1_499' title='bbox 3280 2160 3384 2215; x_wconf 89' lang='lat' dir='ltr'><strong>qua</strong></span> <span class='ocrx_word' id='word_1_500' title='bbox 3434 2144 3579 2201; x_wconf 86' lang='lat' dir='ltr'><strong>Deus</strong></span> 
     </span>
    </p>
   </div>
   <div class='ocr_carea' id='block_1_66' title="bbox 1988 2230 3579 2304">
    <p class='ocr_par' dir='ltr' id='par_1_66' title="bbox 1988 2230 3579 2304">
     <span class='ocr_line' id='line_1_67' title="bbox 1988 2230 3579 2304; baseline 0.004 -19"><span class='ocrx_word' id='word_1_501' title='bbox 1988 2230 2104 2301; x_wconf 87' lang='lat' dir='ltr'><strong>ipse</strong></span> <span class='ocrx_word' id='word_1_502' title='bbox 2124 2231 2215 2300; x_wconf 91' lang='lat' dir='ltr'><strong>qui</strong></span> <span class='ocrx_word' id='word_1_503' title='bbox 2243 2232 2405 2287; x_wconf 90' lang='lat' dir='ltr'><strong>homo</strong></span> <span class='ocrx_word' id='word_1_504' title='bbox 2433 2230 2605 2287; x_wconf 81' lang='lat' dir='ltr'><strong>factus</strong></span> <span class='ocrx_word' id='word_1_505' title='bbox 2627 2230 2651 2269; x_wconf 75' lang='grc' dir='ltr'><em>δ</em></span> <span class='ocrx_word' id='word_1_506' title='bbox 2675 2241 2759 2288; x_wconf 85' lang='lat' dir='ltr'><strong>est</strong></span> <span class='ocrx_word' id='word_1_507' title='bbox 2782 2245 3062 2304; x_wconf 87' lang='lat' dir='ltr'><strong>permanet</strong></span> <span class='ocrx_word' id='word_1_508' title='bbox 3086 2234 3416 2300; x_wconf 85' lang='lat' dir='ltr'><strong>immutatus,</strong></span> <span class='ocrx_word' id='word_1_509' title='bbox 3437 2234 3579 2292; x_wconf 85' lang='lat' dir='ltr'><strong>sicut</strong></span> 
     </span>
    </p>
   </div>
   <div class='ocr_carea' id='block_1_67' title="bbox 1986 2323 3575 2398">
    <p class='ocr_par' dir='ltr' id='par_1_67' title="bbox 1986 2323 3575 2398">
     <span class='ocr_line' id='line_1_68' title="bbox 1986 2323 3575 2398; baseline 0.003 -21"><span class='ocrx_word' id='word_1_510' title='bbox 1986 2337 2087 2393; x_wconf 88' lang='lat' dir='ltr'><strong>per</strong></span> <span class='ocrx_word' id='word_1_511' title='bbox 2131 2323 2448 2393; x_wconf 88' lang='lat' dir='ltr'><strong>prophetam</strong></span> <span class='ocrx_word' id='word_1_512' title='bbox 2488 2332 2614 2379; x_wconf 86' lang='lat' dir='ltr'><strong>ante</strong></span> <span class='ocrx_word' id='word_1_513' title='bbox 2647 2324 2757 2393; x_wconf 87' lang='lat' dir='ltr'><strong>jam</strong></span> <span class='ocrx_word' id='word_1_514' title='bbox 2810 2323 3023 2380; x_wconf 82' lang='lat' dir='ltr'><strong>dixerat</strong></span> <span class='ocrx_word' id='word_1_515' title='bbox 3056 2342 3069 2378; x_wconf 89' lang='lat'><strong>:</strong></span> <span class='ocrx_word' id='word_1_516' title='bbox 3111 2325 3293 2380; x_wconf 84' lang='lat' dir='ltr'><strong>Videte</strong></span> <span class='ocrx_word' id='word_1_517' title='bbox 3333 2326 3455 2397; x_wconf 81' lang='lat' dir='ltr'><strong>quia</strong></span> <span class='ocrx_word' id='word_1_518' title='bbox 3481 2342 3575 2398; x_wconf 85' lang='lat' dir='ltr'><strong>ego</strong></span> 
     </span>
    </p>
   </div>
   <div class='ocr_carea' id='block_1_68' title="bbox 1987 2414 3576 2486">
    <p class='ocr_par' dir='ltr' id='par_1_68' title="bbox 1987 2414 3576 2486">
     <span class='ocr_line' id='line_1_69' title="bbox 1987 2414 3576 2486; baseline 0 -18"><span class='ocrx_word' id='word_1_519' title='bbox 1987 2430 2102 2468; x_wconf 83' lang='lat' dir='ltr'><strong>sum</strong></span> <span class='ocrx_word' id='word_1_520' title='bbox 2129 2422 2180 2467; x_wconf 85' lang='lat' dir='ltr'><strong>et</strong></span> <span class='ocrx_word' id='word_1_521' title='bbox 2198 2431 2301 2469; x_wconf 89' lang='lat' dir='ltr'><strong>non</strong></span> <span class='ocrx_word' id='word_1_522' title='bbox 2320 2431 2432 2468; x_wconf 87' lang='lat' dir='ltr'><strong>sum</strong></span> <span class='ocrx_word' id='word_1_523' title='bbox 2461 2422 2685 2469; x_wconf 82' lang='lat' dir='ltr'><strong>mutatus</strong></span> <span class='ocrx_word' id='word_1_524' title='bbox 2709 2414 2960 2486; x_wconf 77' lang='lat' dir='ltr'><strong>(Malach.</strong></span> <span class='ocrx_word' id='word_1_525' title='bbox 2986 2432 3064 2484; x_wconf 83' lang='lat' dir='ltr'><strong>Ill,</strong></span> <span class='ocrx_word' id='word_1_526' title='bbox 3085 2415 3162 2486; x_wconf 87' lang='lat'><strong>6).</strong></span> <span class='ocrx_word' id='word_1_527' title='bbox 3190 2416 3264 2471; x_wconf 91' lang='lat' dir='ltr'><strong>De</strong></span> <span class='ocrx_word' id='word_1_528' title='bbox 3286 2431 3393 2486; x_wconf 89' lang='lat' dir='ltr'><strong>quo</strong></span> <span class='ocrx_word' id='word_1_529' title='bbox 3414 2415 3576 2471; x_wconf 87' lang='lat' dir='ltr'><strong>etiam</strong></span> 
     </span>
    </p>
   </div>
   <div class='ocr_carea' id='block_1_69' title="bbox 1990 2502 3579 2562">
    <p class='ocr_par' dir='ltr' id='par_1_69' title="bbox 1990 2502 3579 2562">
     <span class='ocr_line' id='line_1_70' title="bbox 1990 2502 3579 2562; baseline -0.001 -1"><span class='ocrx_word' id='word_1_530' title='bbox 1990 2505 2187 2561; x_wconf 90' lang='lat' dir='ltr'><strong>Paulus</strong></span> <span class='ocrx_word' id='word_1_531' title='bbox 2224 2508 2439 2561; x_wconf 87' lang='lat' dir='ltr'><strong>beatum</strong></span> <span class='ocrx_word' id='word_1_532' title='bbox 2490 2504 2671 2562; x_wconf 82' lang='lat' dir='ltr'><strong>David</strong></span> <span class='ocrx_word' id='word_1_533' title='bbox 2692 2507 2957 2562; x_wconf 87' lang='lat' dir='ltr'><strong>cecinisse</strong></span> <span class='ocrx_word' id='word_1_534' title='bbox 2987 2516 3376 2562; x_wconf 91' lang='lat' dir='ltr'><strong>commemorat</strong></span> <span class='ocrx_word' id='word_1_535' title='bbox 3408 2524 3421 2560; x_wconf 89' lang='lat'>:</span> <span class='ocrx_word' id='word_1_536' title='bbox 3456 2502 3579 2560; x_wconf 55' lang='grc' dir='ltr'><strong>Μνα-</strong></span> 
     </span>
    </p>
   </div>
   <div class='ocr_carea' id='block_1_70' title="bbox 1992 2596 3577 2670">
    <p class='ocr_par' dir='ltr' id='par_1_70' title="bbox 1992 2596 3577 2670">
     <span class='ocr_line' id='line_1_71' title="bbox 1992 2596 3577 2670; baseline 0.002 -19"><span class='ocrx_word' id='word_1_537' title='bbox 1992 2598 2124 2651; x_wconf 87' lang='lat' dir='ltr'><strong>tabis</strong></span> <span class='ocrx_word' id='word_1_538' title='bbox 2145 2614 2252 2664; x_wconf 85' lang='lat' dir='ltr'><strong>eos,</strong></span> <span class='ocrx_word' id='word_1_539' title='bbox 2280 2608 2330 2651; x_wconf 84' lang='lat' dir='ltr'><strong>et</strong></span> <span class='ocrx_word' id='word_1_540' title='bbox 2358 2597 2709 2665; x_wconf 84' lang='lat' dir='ltr'><strong>mutabuntur,</strong></span> <span class='ocrx_word' id='word_1_541' title='bbox 2743 2608 2794 2652; x_wconf 89' lang='lat' dir='ltr'><strong>tu</strong></span> <span class='ocrx_word' id='word_1_542' title='bbox 2824 2609 2993 2653; x_wconf 85' lang='lat' dir='ltr'><strong>autem</strong></span> <span class='ocrx_word' id='word_1_543' title='bbox 3023 2600 3156 2652; x_wconf 87' lang='lat' dir='ltr'><strong>idem</strong></span> <span class='ocrx_word' id='word_1_544' title='bbox 3178 2600 3288 2670; x_wconf 88' lang='lat' dir='ltr'><strong>ipse</strong></span> <span class='ocrx_word' id='word_1_545' title='bbox 3307 2616 3361 2653; x_wconf 93' lang='lat' dir='ltr'><strong>es</strong></span> <span class='ocrx_word' id='word_1_546' title='bbox 3385 2596 3577 2670; x_wconf 83' lang='lat' dir='ltr'><strong>(Hebr.</strong></span> 
     </span>
    </p>
   </div>
   <div class='ocr_carea' id='block_1_71' title="bbox 1992 2688 3577 2759">
    <p class='ocr_par' dir='ltr' id='par_1_71' title="bbox 1992 2688 3577 2759">
     <span class='ocr_line' id='line_1_72' title="bbox 1992 2688 3577 2759; baseline 0.001 -16"><span class='ocrx_word' id='word_1_547' title='bbox 1992 2704 2029 2754; x_wconf 88' lang='grc' dir='ltr'><strong>ι,</strong></span> <span class='ocrx_word' id='word_1_548' title='bbox 2062 2688 2156 2754; x_wconf 73' lang='lat'><strong>12;</strong></span> <span class='ocrx_word' id='word_1_549' title='bbox 2187 2688 2334 2743; x_wconf 87' lang='lat' dir='ltr'><strong>Psal.</strong></span> <span class='ocrx_word' id='word_1_550' title='bbox 2364 2704 2435 2755; x_wconf 85' lang='grc' dir='ltr'><strong>(ι,</strong></span> <span class='ocrx_word' id='word_1_551' title='bbox 2459 2688 2573 2759; x_wconf 70' lang='lat'><strong>28).</strong></span> <span class='ocrx_word' id='word_1_552' title='bbox 2609 2688 2755 2743; x_wconf 89' lang='lat' dir='ltr'><strong>Unus</strong></span> <span class='ocrx_word' id='word_1_553' title='bbox 2783 2704 2913 2759; x_wconf 81' lang='lat' dir='ltr'><strong>ergo</strong></span> <span class='ocrx_word' id='word_1_554' title='bbox 2942 2689 3191 2758; x_wconf 85' lang='lat' dir='ltr'><strong>idemque</strong></span> <span class='ocrx_word' id='word_1_555' title='bbox 3219 2689 3482 2756; x_wconf 87' lang='lat' dir='ltr'><strong>Christus,</strong></span> <span class='ocrx_word' id='word_1_556' title='bbox 3522 2690 3577 2744; x_wconf 90' lang='lat' dir='ltr'><strong>in</strong></span> 
     </span>
    </p>
   </div>
   <div class='ocr_carea' id='block_1_72' title="bbox 1992 2778 3580 2849">
    <p class='ocr_par' dir='ltr' id='par_1_72' title="bbox 1992 2778 3580 2849">
     <span class='ocr_line' id='line_1_73' title="bbox 1992 2778 3580 2849; baseline 0.001 -15"><span class='ocrx_word' id='word_1_557' title='bbox 1992 2793 2060 2835; x_wconf 92' lang='lat' dir='ltr'><strong>eo</strong></span> <span class='ocrx_word' id='word_1_558' title='bbox 2087 2778 2231 2848; x_wconf 84' lang='lat' dir='ltr'><strong>quod</strong></span> <span class='ocrx_word' id='word_1_559' title='bbox 2262 2778 2448 2849; x_wconf 90' lang='lat' dir='ltr'><strong>plenus</strong></span> <span class='ocrx_word' id='word_1_560' title='bbox 2476 2779 2681 2848; x_wconf 75' lang='lat' dir='ltr'><strong>gratim,</strong></span> <span class='ocrx_word' id='word_1_561' title='bbox 2728 2780 2858 2834; x_wconf 87' lang='lat' dir='ltr'><strong>nihil</strong></span> <span class='ocrx_word' id='word_1_562' title='bbox 2887 2780 3064 2834; x_wconf 91' lang='lat' dir='ltr'><strong>minus</strong></span> <span class='ocrx_word' id='word_1_563' title='bbox 3099 2779 3301 2835; x_wconf 90' lang='lat' dir='ltr'><strong>habens</strong></span> <span class='ocrx_word' id='word_1_564' title='bbox 3330 2781 3580 2836; x_wconf 73' lang='lat' dir='ltr'><strong>humana:</strong></span> 
     </span>
    </p>
   </div>
   <div class='ocr_carea' id='block_1_73' title="bbox 1994 2868 3585 2941">
    <p class='ocr_par' dir='ltr' id='par_1_73' title="bbox 1994 2868 3585 2941">
     <span class='ocr_line' id='line_1_74' title="bbox 1994 2868 3585 2941; baseline -0.001 -15"><span class='ocrx_word' id='word_1_565' title='bbox 1994 2879 2219 2935; x_wconf 62' lang='lat' dir='ltr'><strong>natura},</strong></span> <span class='ocrx_word' id='word_1_566' title='bbox 2252 2870 2445 2941; x_wconf 89' lang='lat' dir='ltr'><strong>plenus</strong></span> <span class='ocrx_word' id='word_1_567' title='bbox 2473 2870 2637 2925; x_wconf 89' lang='lat' dir='ltr'><strong>homo</strong></span> <span class='ocrx_word' id='word_1_568' title='bbox 2666 2876 2825 2925; x_wconf 90' lang='lat' dir='ltr'><strong>natus</strong></span> <span class='ocrx_word' id='word_1_569' title='bbox 2852 2878 2936 2924; x_wconf 91' lang='lat' dir='ltr'><strong>est</strong></span> <span class='ocrx_word' id='word_1_570' title='bbox 2963 2883 3029 2924; x_wconf 74' lang='lat' dir='ltr'><strong>ex</strong></span> <span class='ocrx_word' id='word_1_571' title='bbox 3059 2868 3309 2934; x_wconf 89' lang='lat' dir='ltr'><strong>homine;</strong></span> <span class='ocrx_word' id='word_1_572' title='bbox 3340 2876 3396 2925; x_wconf 90' lang='lat' dir='ltr'><strong>et</strong></span> <span class='ocrx_word' id='word_1_573' title='bbox 3433 2869 3485 2923; x_wconf 91' lang='lat' dir='ltr'><strong>in</strong></span> <span class='ocrx_word' id='word_1_574' title='bbox 3514 2883 3585 2925; x_wconf 89' lang='lat' dir='ltr'><strong>eo</strong></span> 
     </span>
    </p>
   </div>
   <div class='ocr_carea' id='block_1_74' title="bbox 1993 2958 3591 3032">
    <p class='ocr_par' dir='ltr' id='par_1_74' title="bbox 1993 2958 3591 3032">
     <span class='ocr_line' id='line_1_75' title="bbox 1993 2958 3591 3032; baseline -0.003 -16"><span class='ocrx_word' id='word_1_575' title='bbox 1993 2960 2139 3032; x_wconf 90' lang='lat' dir='ltr'><strong>quod</strong></span> <span class='ocrx_word' id='word_1_576' title='bbox 2167 2961 2359 3032; x_wconf 90' lang='lat' dir='ltr'><strong>plenus</strong></span> <span class='ocrx_word' id='word_1_577' title='bbox 2387 2960 2650 3026; x_wconf 88' lang='lat' dir='ltr'><strong>veritatis,</strong></span> <span class='ocrx_word' id='word_1_578' title='bbox 2684 2959 2815 3015; x_wconf 90' lang='lat' dir='ltr'><strong>nihil</strong></span> <span class='ocrx_word' id='word_1_579' title='bbox 2838 2960 3014 3013; x_wconf 89' lang='lat' dir='ltr'><strong>minus</strong></span> <span class='ocrx_word' id='word_1_580' title='bbox 3034 2967 3271 3029; x_wconf 73' lang='lat' dir='ltr'><strong>paterna:</strong></span> <span class='ocrx_word' id='word_1_581' title='bbox 3291 2958 3591 3013; x_wconf 88' lang='lat' dir='ltr'><strong>divinitatis</strong></span> 
     </span>
    </p>
   </div>
   <div class='ocr_carea' id='block_1_75' title="bbox 1994 3048 3578 3122">
    <p class='ocr_par' dir='ltr' id='par_1_75' title="bbox 1994 3048 3578 3122">
     <span class='ocr_line' id='line_1_76' title="bbox 1994 3048 3578 3122; baseline -0.003 -14"><span class='ocrx_word' id='word_1_582' title='bbox 1994 3053 2221 3121; x_wconf 88' lang='lat' dir='ltr'><strong>habens,</strong></span> <span class='ocrx_word' id='word_1_583' title='bbox 2265 3052 2407 3107; x_wconf 91' lang='lat' dir='ltr'><strong>Deus</strong></span> <span class='ocrx_word' id='word_1_584' title='bbox 2433 3052 2623 3122; x_wconf 90' lang='lat' dir='ltr'><strong>plenus</strong></span> <span class='ocrx_word' id='word_1_585' title='bbox 2659 3058 2951 3122; x_wconf 88' lang='lat' dir='ltr'><strong>generatur</strong></span> <span class='ocrx_word' id='word_1_586' title='bbox 2978 3065 3046 3105; x_wconf 79' lang='lat' dir='ltr'><strong>ex</strong></span> <span class='ocrx_word' id='word_1_587' title='bbox 3085 3048 3264 3104; x_wconf 88' lang='lat' dir='ltr'><strong>Patre.</strong></span> <span class='ocrx_word' id='word_1_588' title='bbox 3305 3049 3440 3103; x_wconf 82' lang='lat' dir='ltr'><strong>Nam</strong></span> <span class='ocrx_word' id='word_1_589' title='bbox 3471 3065 3578 3105; x_wconf 90' lang='lat' dir='ltr'><strong>non</strong></span> 
     </span>
    </p>
   </div>
   <div class='ocr_carea' id='block_1_76' title="bbox 1996 3140 3596 3217">
    <p class='ocr_par' dir='ltr' id='par_1_76' title="bbox 1996 3140 3596 3217">
     <span class='ocr_line' id='line_1_77' title="bbox 1996 3140 3596 3217; baseline -0.003 -18"><span class='ocrx_word' id='word_1_590' title='bbox 1996 3152 2115 3200; x_wconf 89' lang='lat' dir='ltr'><strong>erat</strong></span> <span class='ocrx_word' id='word_1_591' title='bbox 2140 3146 2329 3215; x_wconf 88' lang='lat' dir='ltr'><strong>plenus</strong></span> <span class='ocrx_word' id='word_1_592' title='bbox 2354 3145 2541 3213; x_wconf 67' lang='lat' dir='ltr'><strong>gratiae</strong></span> <span class='ocrx_word' id='word_1_593' title='bbox 2568 3141 2885 3211; x_wconf 83' lang='lat' dir='ltr'><strong>‘Unigenitus</strong></span> <span class='ocrx_word' id='word_1_594' title='bbox 2908 3158 2939 3198; x_wconf 91' lang='lat' dir='ltr'><strong>a</strong></span> <span class='ocrx_word' id='word_1_595' title='bbox 2969 3140 3148 3208; x_wconf 86' lang='lat' dir='ltr'><strong>Patre,</strong></span> <span class='ocrx_word' id='word_1_596' title='bbox 3179 3143 3223 3198; x_wconf 91' lang='lat' dir='ltr'><strong>si</strong></span> <span class='ocrx_word' id='word_1_597' title='bbox 3247 3142 3299 3195; x_wconf 88' lang='lat' dir='ltr'><strong>in</strong></span> <span class='ocrx_word' id='word_1_598' title='bbox 3329 3141 3424 3197; x_wconf 91' lang='lat' dir='ltr'><strong>Dei</strong></span> <span class='ocrx_word' id='word_1_599' title='bbox 3451 3140 3596 3217; x_wconf 83' lang='lat' dir='ltr'><strong>Filio</strong></span> 
     </span>
    </p>
   </div>
   <div class='ocr_carea' id='block_1_77' title="bbox 1998 3234 3613 3306">
    <p class='ocr_par' dir='ltr' id='par_1_77' title="bbox 1998 3234 3613 3306">
     <span class='ocr_line' id='line_1_78' title="bbox 1998 3234 3613 3306; baseline -0.002 -13"><span class='ocrx_word' id='word_1_600' title='bbox 1998 3238 2177 3293; x_wconf 89' lang='lat' dir='ltr'><strong>minus</strong></span> <span class='ocrx_word' id='word_1_601' title='bbox 2208 3237 2307 3292; x_wconf 83' lang='lat' dir='ltr'><strong>fuit</strong></span> <span class='ocrx_word' id='word_1_602' title='bbox 2329 3236 2816 3306; x_wconf 74' lang='lat' dir='ltr'><strong>aliquidhominis;</strong></span> <span class='ocrx_word' id='word_1_603' title='bbox 2841 3250 2941 3291; x_wconf 89' lang='lat' dir='ltr'><strong>nec</strong></span> <span class='ocrx_word' id='word_1_604' title='bbox 2965 3243 3082 3290; x_wconf 90' lang='lat' dir='ltr'><strong>erat</strong></span> <span class='ocrx_word' id='word_1_605' title='bbox 3110 3235 3299 3306; x_wconf 90' lang='lat' dir='ltr'><strong>plenus</strong></span> <span class='ocrx_word' id='word_1_606' title='bbox 3327 3234 3613 3300; x_wconf 78' lang='lat' dir='ltr'><strong>veritatis,.</strong></span> 
     </span>
    </p>
   </div>
   <div class='ocr_carea' id='block_1_78' title="bbox 1925 3324 3588 3417">
    <p class='ocr_par' dir='ltr' id='par_1_78' title="bbox 1925 3324 3588 3417">
     <span class='ocr_line' id='line_1_79' title="bbox 1925 3324 3588 3417; baseline -0.001 -35"><span class='ocrx_word' id='word_1_607' title='bbox 1925 3354 1971 3417; x_wconf 68' lang='grc' dir='ltr'><strong>ρ</strong></span> <span class='ocrx_word' id='word_1_608' title='bbox 2002 3328 2050 3382; x_wconf 90' lang='lat' dir='ltr'><strong>si</strong></span> <span class='ocrx_word' id='word_1_609' title='bbox 2079 3329 2132 3382; x_wconf 92' lang='lat' dir='ltr'><strong>in</strong></span> <span class='ocrx_word' id='word_1_610' title='bbox 2165 3328 2355 3383; x_wconf 90' lang='lat' dir='ltr'><strong>eodem</strong></span> <span class='ocrx_word' id='word_1_611' title='bbox 2385 3326 2619 3417; x_wconf 82' lang='lat' dir='ltr'><strong>hominis</strong></span> <span class='ocrx_word' id='word_1_612' title='bbox 2642 3326 2759 3417; x_wconf 64' lang='lat' dir='ltr'><strong>lilio</strong></span> <span class='ocrx_word' id='word_1_613' title='bbox 2782 3326 2961 3417; x_wconf 81' lang='lat' dir='ltr'><strong>minus</strong></span> <span class='ocrx_word' id='word_1_614' title='bbox 2995 3325 3095 3380; x_wconf 79' lang='lat' dir='ltr'><strong>fuit</strong></span> <span class='ocrx_word' id='word_1_615' title='bbox 3120 3324 3588 3417; x_wconf 78' lang='lat' dir='ltr'><strong>aliquiddeitatis.</strong></span> 
     </span>
    </p>
   </div>
   <div class='ocr_carea' id='block_1_79' title="bbox 2002 3415 3601 3487">
    <p class='ocr_par' dir='ltr' id='par_1_79' title="bbox 2002 3415 3601 3487">
     <span class='ocr_line' id='line_1_80' title="bbox 2002 3415 3601 3487; baseline -0.003 -15"><span class='ocrx_word' id='word_1_616' title='bbox 2002 3418 2095 3474; x_wconf 93' lang='lat' dir='ltr'><strong>llle</strong></span> <span class='ocrx_word' id='word_1_617' title='bbox 2125 3418 2287 3487; x_wconf 86' lang='lat' dir='ltr'><strong>igitur</strong></span> <span class='ocrx_word' id='word_1_618' title='bbox 2326 3415 2611 3473; x_wconf 76' lang='lat' dir='ltr'><strong>ineffabilis</strong></span> <span class='ocrx_word' id='word_1_619' title='bbox 2640 3415 2802 3483; x_wconf 89' lang='lat' dir='ltr'><strong>Deus,</strong></span> <span class='ocrx_word' id='word_1_620' title='bbox 2835 3416 2905 3471; x_wconf 92' lang='lat' dir='ltr'><strong>de</strong></span> <span class='ocrx_word' id='word_1_621' title='bbox 2934 3416 3095 3470; x_wconf 88' lang='lat' dir='ltr'><strong>Patre</strong></span> <span class='ocrx_word' id='word_1_622' title='bbox 3131 3415 3451 3469; x_wconf 88' lang='lat' dir='ltr'><strong>naturaliter</strong></span> <span class='ocrx_word' id='word_1_623' title='bbox 3476 3415 3601 3469; x_wconf 85' lang='lat' dir='ltr'><strong>sine</strong></span> 
     </span>
    </p>
   </div>
   <div class='ocr_carea' id='block_1_80' title="bbox 2002 3507 3597 3579">
    <p class='ocr_par' dir='ltr' id='par_1_80' title="bbox 2002 3507 3597 3579">
     <span class='ocr_line' id='line_1_81' title="bbox 2002 3507 3597 3579; baseline -0.001 -13"><span class='ocrx_word' id='word_1_624' title='bbox 2002 3511 2158 3566; x_wconf 87' lang='lat' dir='ltr'><strong>initio</strong></span> <span class='ocrx_word' id='word_1_625' title='bbox 2185 3509 2418 3579; x_wconf 90' lang='lat' dir='ltr'><strong>genitus,</strong></span> <span class='ocrx_word' id='word_1_626' title='bbox 2443 3517 2728 3579; x_wconf 90' lang='lat' dir='ltr'><strong>postquam</strong></span> <span class='ocrx_word' id='word_1_627' title='bbox 2753 3510 2900 3563; x_wconf 90' lang='lat' dir='ltr'><strong>venit</strong></span> <span class='ocrx_word' id='word_1_628' title='bbox 2925 3507 3204 3578; x_wconf 82' lang='lat' dir='ltr'><strong>plenitudo</strong></span> <span class='ocrx_word' id='word_1_629' title='bbox 3236 3508 3513 3578; x_wconf 88' lang='lat' dir='ltr'><strong>temporis,</strong></span> <span class='ocrx_word' id='word_1_630' title='bbox 3534 3516 3597 3564; x_wconf 87' lang='lat' dir='ltr'><strong>ut</strong></span> 
     </span>
    </p>
   </div>
   <div class='ocr_carea' id='block_1_81' title="bbox 2001 3597 3619 3669">
    <p class='ocr_par' dir='ltr' id='par_1_81' title="bbox 2001 3597 3619 3669">
     <span class='ocr_line' id='line_1_82' title="bbox 2001 3597 3619 3669; baseline -0.002 -14"><span class='ocrx_word' id='word_1_631' title='bbox 2001 3603 2197 3656; x_wconf 90' lang='lat' dir='ltr'><strong>missus</strong></span> <span class='ocrx_word' id='word_1_632' title='bbox 2226 3616 2255 3654; x_wconf 91' lang='lat' dir='ltr'><strong>a</strong></span> <span class='ocrx_word' id='word_1_633' title='bbox 2288 3599 2466 3663; x_wconf 91' lang='lat' dir='ltr'><strong>Patre,</strong></span> <span class='ocrx_word' id='word_1_634' title='bbox 2505 3609 2528 3637; x_wconf 75' lang='grc' dir='ltr'><strong><em>ο</em></strong></span> <span class='ocrx_word' id='word_1_635' title='bbox 2557 3599 2712 3654; x_wconf 79' lang='lat' dir='ltr'><strong>ﬁeret</strong></span> <span class='ocrx_word' id='word_1_636' title='bbox 2739 3614 2807 3655; x_wconf 78' lang='lat' dir='ltr'><strong>ex</strong></span> <span class='ocrx_word' id='word_1_637' title='bbox 2845 3600 3086 3666; x_wconf 81' lang='lat' dir='ltr'><strong>muliere,</strong></span> <span class='ocrx_word' id='word_1_638' title='bbox 3146 3597 3299 3654; x_wconf 74' lang='lat' dir='ltr'><strong>fieret</strong></span> <span class='ocrx_word' id='word_1_639' title='bbox 3326 3600 3425 3654; x_wconf 90' lang='lat' dir='ltr'><strong>sub</strong></span> <span class='ocrx_word' id='word_1_640' title='bbox 3456 3599 3619 3669; x_wconf 86' lang='lat' dir='ltr'><strong>lege,.</strong></span> 
     </span>
    </p>
   </div>
   <div class='ocr_carea' id='block_1_82' title="bbox 2002 3691 3595 3763">
    <p class='ocr_par' dir='ltr' id='par_1_82' title="bbox 2002 3691 3595 3763">
     <span class='ocr_line' id='line_1_83' title="bbox 2002 3691 3595 3763; baseline 0.001 -18"><span class='ocrx_word' id='word_1_641' title='bbox 2002 3701 2059 3746; x_wconf 88' lang='lat' dir='ltr'><strong>ut</strong></span> <span class='ocrx_word' id='word_1_642' title='bbox 2087 3709 2173 3747; x_wconf 87' lang='lat' dir='ltr'><strong>eos</strong></span> <span class='ocrx_word' id='word_1_643' title='bbox 2203 3693 2289 3763; x_wconf 79' lang='lat' dir='ltr'><strong>qui</strong></span> <span class='ocrx_word' id='word_1_644' title='bbox 2313 3691 2406 3745; x_wconf 89' lang='lat' dir='ltr'><strong>sub</strong></span> <span class='ocrx_word' id='word_1_645' title='bbox 2446 3692 2563 3762; x_wconf 83' lang='lat' dir='ltr'><strong>lege</strong></span> <span class='ocrx_word' id='word_1_646' title='bbox 2588 3700 2739 3745; x_wconf 87' lang='lat' dir='ltr'><strong>erant</strong></span> <span class='ocrx_word' id='word_1_647' title='bbox 2767 3691 3063 3760; x_wconf 85' lang='lat' dir='ltr'><strong>redimeret,</strong></span> <span class='ocrx_word' id='word_1_648' title='bbox 3087 3700 3144 3745; x_wconf 86' lang='lat' dir='ltr'><strong>ut</strong></span> <span class='ocrx_word' id='word_1_649' title='bbox 3173 3691 3504 3763; x_wconf 81' lang='lat' dir='ltr'><strong>adeptionem</strong></span> <span class='ocrx_word' id='word_1_650' title='bbox 3525 3691 3595 3763; x_wconf 81' lang='lat' dir='ltr'><strong>ﬁ-</strong></span> 
     </span>
    </p>
   </div>
   <div class='ocr_carea' id='block_1_83' title="bbox 2004 3781 3603 3856">
    <p class='ocr_par' dir='ltr' id='par_1_83' title="bbox 2004 3781 3603 3856">
     <span class='ocr_line' id='line_1_84' title="bbox 2004 3781 3603 3856; baseline -0.001 -17"><span class='ocrx_word' id='word_1_651' title='bbox 2004 3785 2191 3839; x_wconf 89' lang='lat' dir='ltr'><strong>liorum</strong></span> <span class='ocrx_word' id='word_1_652' title='bbox 2223 3785 2564 3855; x_wconf 86' lang='lat' dir='ltr'><strong>reciperemus</strong></span> <span class='ocrx_word' id='word_1_653' title='bbox 2595 3781 2795 3856; x_wconf 85' lang='lat' dir='ltr'><strong>(Galat.</strong></span> <span class='ocrx_word' id='word_1_654' title='bbox 2826 3799 2901 3851; x_wconf 82' lang='grc' dir='ltr'><strong>ιν,</strong></span> <span class='ocrx_word' id='word_1_655' title='bbox 2931 3781 3007 3854; x_wconf 85' lang='lat'><strong>5),</strong></span> <span class='ocrx_word' id='word_1_656' title='bbox 3034 3790 3176 3838; x_wconf 91' lang='lat' dir='ltr'><strong>totus</strong></span> <span class='ocrx_word' id='word_1_657' title='bbox 3213 3781 3230 3820; x_wconf 73' lang='grc' dir='ltr'><em>τ</em></span> <span class='ocrx_word' id='word_1_658' title='bbox 3266 3791 3348 3837; x_wconf 89' lang='lat' dir='ltr'><strong>est</strong></span> <span class='ocrx_word' id='word_1_659' title='bbox 3370 3798 3603 3854; x_wconf 86' lang='lat' dir='ltr'><strong>regnans</strong></span> 
     </span>
    </p>
   </div>
   <div class='ocr_carea' id='block_1_84' title="bbox 2006 3872 3609 3945">
    <p class='ocr_par' dir='ltr' id='par_1_84' title="bbox 2006 3872 3609 3945">
     <span class='ocr_line' id='line_1_85' title="bbox 2006 3872 3609 3945; baseline -0.001 -15"><span class='ocrx_word' id='word_1_660' title='bbox 2006 3876 2059 3930; x_wconf 90' lang='lat' dir='ltr'><strong>in</strong></span> <span class='ocrx_word' id='word_1_661' title='bbox 2082 3876 2202 3931; x_wconf 90' lang='lat' dir='ltr'><strong>sinu</strong></span> <span class='ocrx_word' id='word_1_662' title='bbox 2234 3873 2430 3941; x_wconf 88' lang='lat' dir='ltr'><strong>Patris,</strong></span> <span class='ocrx_word' id='word_1_663' title='bbox 2478 3882 2625 3930; x_wconf 86' lang='lat' dir='ltr'><strong>totus</strong></span> <span class='ocrx_word' id='word_1_664' title='bbox 2674 3874 3021 3945; x_wconf 88' lang='lat' dir='ltr'><strong>semetipsum</strong></span> <span class='ocrx_word' id='word_1_665' title='bbox 3068 3872 3307 3929; x_wconf 77' lang='lat' dir='ltr'><strong>formans</strong></span> <span class='ocrx_word' id='word_1_666' title='bbox 3354 3872 3406 3926; x_wconf 91' lang='lat' dir='ltr'><strong>in</strong></span> <span class='ocrx_word' id='word_1_667' title='bbox 3446 3881 3609 3929; x_wconf 77' lang='lat' dir='ltr'><strong>utero</strong></span> 
     </span>
    </p>
   </div>
   <div class='ocr_carea' id='block_1_85' title="bbox 2008 3967 3625 4039">
    <p class='ocr_par' dir='ltr' id='par_1_85' title="bbox 2008 3967 3625 4039">
     <span class='ocr_line' id='line_1_86' title="bbox 2008 3967 3625 4039; baseline 0 -16"><span class='ocrx_word' id='word_1_668' title='bbox 2008 3967 2260 4039; x_wconf 83' lang='lat' dir='ltr'><strong>Virginis.</strong></span> <span class='ocrx_word' id='word_1_669' title='bbox 3622 3972 3625 3977; x_wconf 86' lang='lat'>&#39;</span> 
     </span>
    </p>
   </div>
   <div class='ocr_carea' id='block_1_86' title="bbox 2006 4057 3607 4116">
    <p class='ocr_par' dir='ltr' id='par_1_86' title="bbox 2006 4057 3607 4116">
     <span class='ocr_line' id='line_1_87' title="bbox 2006 4057 3607 4116; baseline -0.001 -1"><span class='ocrx_word' id='word_1_670' title='bbox 2006 4058 2189 4116; x_wconf 71' lang='lat' dir='ltr'><strong>Csrur</strong></span> <span class='ocrx_word' id='word_1_671' title='bbox 2221 4075 2331 4114; x_wconf 79' lang='lat' dir='ltr'><strong>Vill.</strong></span> <span class='ocrx_word' id='word_1_672' title='bbox 2363 4058 2597 4114; x_wconf 82' lang='lat' dir='ltr'><strong>Christus</strong></span> <span class='ocrx_word' id='word_1_673' title='bbox 2626 4067 2759 4113; x_wconf 86' lang='lat' dir='ltr'><strong>totus</strong></span> <span class='ocrx_word' id='word_1_674' title='bbox 2797 4058 2853 4111; x_wconf 89' lang='lat' dir='ltr'><strong>in</strong></span> <span class='ocrx_word' id='word_1_675' title='bbox 2893 4057 3055 4111; x_wconf 86' lang='lat' dir='ltr'><strong>Patre</strong></span> <span class='ocrx_word' id='word_1_676' title='bbox 3092 4067 3141 4111; x_wconf 86' lang='lat' dir='ltr'><strong>et</strong></span> <span class='ocrx_word' id='word_1_677' title='bbox 3183 4066 3321 4111; x_wconf 85' lang='lat' dir='ltr'><strong>totus</strong></span> <span class='ocrx_word' id='word_1_678' title='bbox 3360 4058 3415 4111; x_wconf 83' lang='lat' dir='ltr'><strong>in</strong></span> <span class='ocrx_word' id='word_1_679' title='bbox 3454 4065 3607 4113; x_wconf 80' lang='lat' dir='ltr'><strong>utero</strong></span> 
     </span>
    </p>
   </div>
   <div class='ocr_carea' id='block_1_87' title="bbox 2079 4128 3605 4273">
    <p class='ocr_par' dir='ltr' id='par_1_87' title="bbox 2079 4128 3605 4273">
     <span class='ocr_line' id='line_1_88' title="bbox 2079 4128 3605 4273; baseline -0.001 -89"><span class='ocrx_word' id='word_1_680' title='bbox 2079 4132 2283 4273; x_wconf 45' lang='lat' dir='ltr'><strong>patris.</strong></span> <span class='ocrx_word' id='word_1_681' title='bbox 2334 4130 2569 4185; x_wconf 87' lang='lat' dir='ltr'><strong>Christus</strong></span> <span class='ocrx_word' id='word_1_682' title='bbox 2615 4131 2672 4184; x_wconf 89' lang='lat' dir='ltr'><strong>in</strong></span> <span class='ocrx_word' id='word_1_683' title='bbox 2701 4144 2758 4183; x_wconf 86' lang='lat' dir='ltr'><strong>se</strong></span> <span class='ocrx_word' id='word_1_684' title='bbox 2805 4128 2967 4197; x_wconf 74' lang='lat' dir='ltr'><strong>dices,</strong></span> <span class='ocrx_word' id='word_1_685' title='bbox 3017 4137 3228 4199; x_wconf 84' lang='lat' dir='ltr'><strong>propter</strong></span> <span class='ocrx_word' id='word_1_686' title='bbox 3270 4144 3365 4183; x_wconf 84' lang='lat' dir='ltr'><strong>nos</strong></span> <span class='ocrx_word' id='word_1_687' title='bbox 3411 4143 3605 4200; x_wconf 82' lang='lat' dir='ltr'><strong>egenus</strong></span> 
     </span>
     <span class='ocr_line' id='line_1_89' title="bbox 2104 4210 3045 4256; baseline 0 -1"><span class='ocrx_word' id='word_1_688' title='bbox 2104 4210 2250 4256; x_wconf 87' lang='lat' dir='ltr'><strong>actus</strong></span> <span class='ocrx_word' id='word_1_689' title='bbox 2270 4210 2366 4255; x_wconf 87' lang='lat' dir='ltr'><strong>est.</strong></span> <span class='ocrx_word' id='word_1_690' title='bbox 3042 4218 3045 4221; x_wconf 68' lang='lat'><strong><em>&#39;</em></strong></span> 
     </span>
    </p>
   </div>
   <div class='ocr_carea' id='block_1_88' title="bbox 2104 4210 3045 4256">
    <p class='ocr_par' dir='ltr' id='par_1_88' title="bbox 2104 4210 3045 4256">
     <span class='ocr_line' id='line_1_90' title="bbox 2104 4210 3045 4256; baseline 0 -1"><span class='ocrx_word' id='word_1_691' title='bbox 2104 4210 2165 4255; x_wconf 87' lang='lat' dir='ltr'><strong>ac</strong></span> <span class='ocrx_word' id='word_1_692' title='bbox 2168 4210 2250 4256; x_wconf 70' lang='grc' dir='ltr'><strong>ωε</strong></span> <span class='ocrx_word' id='word_1_693' title='bbox 2270 4210 2366 4255; x_wconf 86' lang='lat' dir='ltr'><strong>est.</strong></span> <span class='ocrx_word' id='word_1_694' title='bbox 3042 4218 3045 4221; x_wconf 73' lang='grc'><em>’</em></span> 
     </span>
    </p>
   </div>
   <div class='ocr_carea' id='block_1_89' title="bbox 2087 4285 3607 4360">
    <p class='ocr_par' dir='ltr' id='par_1_89' title="bbox 2087 4285 3607 4360">
     <span class='ocr_line' id='line_1_91' title="bbox 2087 4285 3607 4360; baseline -0.004 -15"><span class='ocrx_word' id='word_1_695' title='bbox 2087 4291 2238 4360; x_wconf 76' lang='lat'><strong>117</strong></span> <span class='ocrx_word' id='word_1_696' title='bbox 2269 4289 2455 4358; x_wconf 80' lang='lat' dir='ltr'><strong>Neque</strong></span> <span class='ocrx_word' id='word_1_697' title='bbox 2478 4288 2620 4343; x_wconf 91' lang='lat' dir='ltr'><strong>enim</strong></span> <span class='ocrx_word' id='word_1_698' title='bbox 2664 4302 2790 4358; x_wconf 86' lang='lat' dir='ltr'><strong>pars</strong></span> <span class='ocrx_word' id='word_1_699' title='bbox 2818 4285 2935 4356; x_wconf 86' lang='lat' dir='ltr'><strong>ejus</strong></span> <span class='ocrx_word' id='word_1_700' title='bbox 2963 4286 3225 4342; x_wconf 89' lang='lat' dir='ltr'><strong>remansit</strong></span> <span class='ocrx_word' id='word_1_701' title='bbox 3256 4287 3308 4341; x_wconf 91' lang='lat' dir='ltr'><strong>in</strong></span> <span class='ocrx_word' id='word_1_702' title='bbox 3338 4285 3519 4354; x_wconf 90' lang='lat' dir='ltr'><strong>Patre,</strong></span> <span class='ocrx_word' id='word_1_703' title='bbox 3549 4294 3607 4341; x_wconf 87' lang='lat' dir='ltr'><strong>et</strong></span> 
     </span>
    </p>
   </div>
   <div class='ocr_carea' id='block_1_90' title="bbox 2010 4374 3607 4450">
    <p class='ocr_par' dir='ltr' id='par_1_90' title="bbox 2010 4374 3607 4450">
     <span class='ocr_line' id='line_1_92' title="bbox 2010 4374 3607 4450; baseline -0.004 -17"><span class='ocrx_word' id='word_1_704' title='bbox 2010 4396 2137 4450; x_wconf 88' lang='lat' dir='ltr'><strong>pars</strong></span> <span class='ocrx_word' id='word_1_705' title='bbox 2163 4380 2282 4449; x_wconf 89' lang='lat' dir='ltr'><strong>ejus</strong></span> <span class='ocrx_word' id='word_1_706' title='bbox 2308 4378 2592 4434; x_wconf 85' lang='lat' dir='ltr'><strong>descendit</strong></span> <span class='ocrx_word' id='word_1_707' title='bbox 2619 4377 2673 4431; x_wconf 92' lang='lat' dir='ltr'><strong>in</strong></span> <span class='ocrx_word' id='word_1_708' title='bbox 2718 4376 3013 4445; x_wconf 81' lang='lat' dir='ltr'><strong>Virginem,</strong></span> <span class='ocrx_word' id='word_1_709' title='bbox 3040 4390 3163 4431; x_wconf 90' lang='lat' dir='ltr'><strong>eum</strong></span> <span class='ocrx_word' id='word_1_710' title='bbox 3194 4383 3341 4430; x_wconf 90' lang='lat' dir='ltr'><strong>totus</strong></span> <span class='ocrx_word' id='word_1_711' title='bbox 3369 4377 3422 4428; x_wconf 92' lang='lat' dir='ltr'><strong>in</strong></span> <span class='ocrx_word' id='word_1_712' title='bbox 3446 4374 3607 4429; x_wconf 82' lang='lat' dir='ltr'><strong>Patre</strong></span> 
     </span>
    </p>
   </div>
   <div class='ocr_carea' id='block_1_91' title="bbox 2011 4462 3606 4539">
    <p class='ocr_par' dir='ltr' id='par_1_91' title="bbox 2011 4462 3606 4539">
     <span class='ocr_line' id='line_1_93' title="bbox 2011 4462 3606 4539; baseline -0.006 -13"><span class='ocrx_word' id='word_1_713' title='bbox 2011 4477 2255 4526; x_wconf 81' lang='lat' dir='ltr'><strong>maneret</strong></span> <span class='ocrx_word' id='word_1_714' title='bbox 2282 4468 2425 4539; x_wconf 88' lang='lat' dir='ltr'><strong>quod</strong></span> <span class='ocrx_word' id='word_1_715' title='bbox 2461 4475 2600 4531; x_wconf 88' lang='lat' dir='ltr'><strong>erat,</strong></span> <span class='ocrx_word' id='word_1_716' title='bbox 2651 4472 2707 4521; x_wconf 90' lang='lat' dir='ltr'><strong>et</strong></span> <span class='ocrx_word' id='word_1_717' title='bbox 2748 4472 2895 4520; x_wconf 91' lang='lat' dir='ltr'><strong>totus</strong></span> <span class='ocrx_word' id='word_1_718' title='bbox 2934 4464 2989 4520; x_wconf 92' lang='lat' dir='ltr'><strong>in</strong></span> <span class='ocrx_word' id='word_1_719' title='bbox 3015 4463 3235 4533; x_wconf 82' lang='lat' dir='ltr'><strong>Virgine</strong></span> <span class='ocrx_word' id='word_1_720' title='bbox 3273 4462 3426 4518; x_wconf 83' lang='lat' dir='ltr'><strong>lieret</strong></span> <span class='ocrx_word' id='word_1_721' title='bbox 3461 4462 3606 4531; x_wconf 84' lang='lat' dir='ltr'><strong>quod</strong></span> 
     </span>
    </p>
   </div>
   <div class='ocr_carea' id='block_1_92' title="bbox 2012 4555 3607 4627">
    <p class='ocr_par' dir='ltr' id='par_1_92' title="bbox 2012 4555 3607 4627">
     <span class='ocr_line' id='line_1_94' title="bbox 2012 4555 3607 4627; baseline -0.006 -9"><span class='ocrx_word' id='word_1_722' title='bbox 2012 4578 2120 4618; x_wconf 90' lang='lat' dir='ltr'><strong>non</strong></span> <span class='ocrx_word' id='word_1_723' title='bbox 2147 4570 2266 4616; x_wconf 92' lang='lat' dir='ltr'><strong>erat</strong></span> <span class='ocrx_word' id='word_1_724' title='bbox 2295 4579 2308 4613; x_wconf 89' lang='lat'><strong>:</strong></span> <span class='ocrx_word' id='word_1_725' title='bbox 2337 4568 2486 4615; x_wconf 89' lang='lat' dir='ltr'><strong>totus</strong></span> <span class='ocrx_word' id='word_1_726' title='bbox 2523 4573 2643 4615; x_wconf 92' lang='lat' dir='ltr'><strong>cum</strong></span> <span class='ocrx_word' id='word_1_727' title='bbox 2677 4557 2838 4613; x_wconf 87' lang='lat' dir='ltr'><strong>Patre</strong></span> <span class='ocrx_word' id='word_1_728' title='bbox 2879 4565 3053 4613; x_wconf 90' lang='lat' dir='ltr'><strong>totum</strong></span> <span class='ocrx_word' id='word_1_729' title='bbox 3091 4556 3318 4627; x_wconf 80' lang='lat' dir='ltr'><strong>impleas</strong></span> <span class='ocrx_word' id='word_1_730' title='bbox 3345 4562 3401 4611; x_wconf 92' lang='lat' dir='ltr'><strong>et</strong></span> <span class='ocrx_word' id='word_1_731' title='bbox 3429 4555 3607 4610; x_wconf 85' lang='lat' dir='ltr'><strong>couti-</strong></span> 
     </span>
    </p>
   </div>
   <div class='ocr_carea' id='block_1_93' title="bbox 2017 4644 3610 4714">
    <p class='ocr_par' dir='ltr' id='par_1_93' title="bbox 2017 4644 3610 4714">
     <span class='ocr_line' id='line_1_95' title="bbox 2017 4644 3610 4714; baseline -0.006 -8"><span class='ocrx_word' id='word_1_732' title='bbox 2017 4666 2153 4706; x_wconf 89' lang='lat' dir='ltr'><strong>nens</strong></span> <span class='ocrx_word' id='word_1_733' title='bbox 2180 4649 2460 4711; x_wconf 87' lang='lat' dir='ltr'><strong>numdum,</strong></span> <span class='ocrx_word' id='word_1_734' title='bbox 2493 4657 2640 4703; x_wconf 90' lang='lat' dir='ltr'><strong>totus</strong></span> <span class='ocrx_word' id='word_1_735' title='bbox 2664 4648 2765 4703; x_wconf 91' lang='lat' dir='ltr'><strong>sibi</strong></span> <span class='ocrx_word' id='word_1_736' title='bbox 2799 4648 2852 4702; x_wconf 90' lang='lat' dir='ltr'><strong>in</strong></span> <span class='ocrx_word' id='word_1_737' title='bbox 2897 4656 3054 4703; x_wconf 88' lang='lat' dir='ltr'><strong>utero</strong></span> <span class='ocrx_word' id='word_1_738' title='bbox 3083 4646 3317 4714; x_wconf 79' lang='lat' dir='ltr'><strong>Virginis</strong></span> <span class='ocrx_word' id='word_1_739' title='bbox 3337 4644 3610 4700; x_wconf 75' lang='lat' dir='ltr'><strong>mditicans</strong></span> 
     </span>
    </p>
   </div>
   <div class='ocr_carea' id='block_1_94' title="bbox 310 4728 3633 4811">
    <p class='ocr_par' dir='ltr' id='par_1_94' title="bbox 310 4728 3633 4811">
     <span class='ocr_line' id='line_1_96' title="bbox 310 4728 3633 4811; baseline 0.002 -32"><span class='ocrx_word' id='word_1_740' title='bbox 310 4741 424 4781; x_wconf 87' lang='lat' dir='ltr'><strong>non</strong></span> <span class='ocrx_word' id='word_1_741' title='bbox 454 4728 756 4795; x_wconf 80' lang='lat' dir='ltr'><strong>diversum;</strong></span> <span class='ocrx_word' id='word_1_742' title='bbox 787 4737 844 4784; x_wconf 91' lang='lat' dir='ltr'><strong>et</strong></span> <span class='ocrx_word' id='word_1_743' title='bbox 870 4742 1129 4800; x_wconf 89' lang='lat' dir='ltr'><strong>quantum</strong></span> <span class='ocrx_word' id='word_1_744' title='bbox 1169 4735 1480 4802; x_wconf 86' lang='lat' dir='ltr'><strong>generando</strong></span> <span class='ocrx_word' id='word_1_745' title='bbox 1509 4738 1759 4811; x_wconf 85' lang='lat' dir='ltr'><strong>protulit,</strong></span> <span class='ocrx_word' id='word_1_746' title='bbox 1796 4746 1911 4793; x_wconf 88' lang='lat' dir='ltr'><strong>tan-</strong></span> <span class='ocrx_word' id='word_1_747' title='bbox 1941 4729 1987 4790; x_wconf 87' lang='lat' dir='ltr'><strong>D</strong></span> <span class='ocrx_word' id='word_1_748' title='bbox 2011 4740 2228 4795; x_wconf 88' lang='lat' dir='ltr'><strong>domum</strong></span> <span class='ocrx_word' id='word_1_749' title='bbox 2262 4737 2543 4806; x_wconf 81' lang='lat' dir='ltr'><strong>(scriptum</strong></span> <span class='ocrx_word' id='word_1_750' title='bbox 2572 4744 2656 4792; x_wconf 89' lang='lat' dir='ltr'><strong>est</strong></span> <span class='ocrx_word' id='word_1_751' title='bbox 2684 4736 2827 4791; x_wconf 89' lang='lat' dir='ltr'><strong>enim</strong></span> <span class='ocrx_word' id='word_1_752' title='bbox 2855 4754 2867 4789; x_wconf 91' lang='lat'><strong>:</strong></span> <span class='ocrx_word' id='word_1_753' title='bbox 2906 4736 3180 4806; x_wconf 86' lang='lat' dir='ltr'><strong>Sapientia</strong></span> <span class='ocrx_word' id='word_1_754' title='bbox 3207 4734 3483 4805; x_wconf 65' lang='lat' dir='ltr'><strong>aediﬁcavit</strong></span> <span class='ocrx_word' id='word_1_755' title='bbox 3508 4731 3633 4786; x_wconf 74' lang='lat' dir='ltr'><strong>sibi-</strong></span> 
     </span>
    </p>
   </div>
   <div class='ocr_carea' id='block_1_95' title="bbox 310 4815 1905 4903">
    <p class='ocr_par' dir='ltr' id='par_1_95' title="bbox 310 4815 1905 4903">
     <span class='ocr_line' id='line_1_97' title="bbox 310 4815 1905 4903; baseline 0.011 -36"><span class='ocrx_word' id='word_1_756' title='bbox 310 4823 397 4869; x_wconf 80' lang='lat' dir='ltr'><strong>tus</strong></span> <span class='ocrx_word' id='word_1_757' title='bbox 427 4815 545 4885; x_wconf 88' lang='lat' dir='ltr'><strong>ipse</strong></span> <span class='ocrx_word' id='word_1_758' title='bbox 597 4820 925 4903; x_wconf 86' lang='lat' dir='ltr'><strong>permansit;</strong></span> <span class='ocrx_word' id='word_1_759' title='bbox 961 4829 1035 4875; x_wconf 92' lang='lat' dir='ltr'><strong>.et</strong></span> <span class='ocrx_word' id='word_1_760' title='bbox 1089 4824 1448 4893; x_wconf 85' lang='lat' dir='ltr'><strong>personaliter</strong></span> <span class='ocrx_word' id='word_1_761' title='bbox 1487 4825 1730 4881; x_wconf 83' lang='lat' dir='ltr'><strong>distinxit</strong></span> <span class='ocrx_word' id='word_1_762' title='bbox 1767 4844 1799 4882; x_wconf 90' lang='lat' dir='ltr'><strong>a</strong></span> <span class='ocrx_word' id='word_1_763' title='bbox 1826 4845 1905 4895; x_wconf 90' lang='lat' dir='ltr'><strong>se,</strong></span> 
     </span>
    </p>
   </div>
   <div class='ocr_carea' id='block_1_96' title="bbox 308 4908 1909 4986">
    <p class='ocr_par' dir='ltr' id='par_1_96' title="bbox 308 4908 1909 4986">
     <span class='ocr_line' id='line_1_98' title="bbox 308 4908 1909 4986; baseline 0.009 -28"><span class='ocrx_word' id='word_1_764' title='bbox 308 4919 476 4973; x_wconf 88' lang='lat' dir='ltr'><strong>quem</strong></span> <span class='ocrx_word' id='word_1_765' title='bbox 500 4908 821 4964; x_wconf 86' lang='lat' dir='ltr'><strong>naturaliter</strong></span> <span class='ocrx_word' id='word_1_766' title='bbox 851 4917 1021 4965; x_wconf 90' lang='lat' dir='ltr'><strong>totum</strong></span> <span class='ocrx_word' id='word_1_767' title='bbox 1052 4912 1218 4968; x_wconf 87' lang='lat' dir='ltr'><strong>habet</strong></span> <span class='ocrx_word' id='word_1_768' title='bbox 1254 4914 1307 4968; x_wconf 92' lang='lat' dir='ltr'><strong>in</strong></span> <span class='ocrx_word' id='word_1_769' title='bbox 1339 4930 1417 4970; x_wconf 88' lang='lat' dir='ltr'><strong>se.</strong></span> <span class='ocrx_word' id='word_1_770' title='bbox 1453 4913 1565 4972; x_wconf 89' lang='lat' dir='ltr'><strong>Hoc</strong></span> <span class='ocrx_word' id='word_1_771' title='bbox 1602 4917 1768 4986; x_wconf 89' lang='lat' dir='ltr'><strong>ipsius</strong></span> <span class='ocrx_word' id='word_1_772' title='bbox 1788 4917 1909 4972; x_wconf 83' lang='lat' dir='ltr'><strong>Filii</strong></span> 
     </span>
    </p>
   </div>
   <div class='ocr_carea' id='block_1_97' title="bbox 310 4995 1906 5079">
    <p class='ocr_par' dir='ltr' id='par_1_97' title="bbox 310 4995 1906 5079">
     <span class='ocr_line' id='line_1_99' title="bbox 310 4995 1906 5079; baseline 0.009 -31"><span class='ocrx_word' id='word_1_773' title='bbox 310 4995 473 5049; x_wconf 89' lang='lat' dir='ltr'><strong>nobis</strong></span> <span class='ocrx_word' id='word_1_774' title='bbox 502 4996 879 5054; x_wconf 70' lang='lat' dir='ltr'><strong>manifestatur</strong></span> <span class='ocrx_word' id='word_1_775' title='bbox 908 5001 1126 5070; x_wconf 86' lang='lat' dir='ltr'><strong>eloquio</strong></span> <span class='ocrx_word' id='word_1_776' title='bbox 1166 5003 1394 5060; x_wconf 61' lang='lat' dir='ltr'><strong>dicentis</strong></span> <span class='ocrx_word' id='word_1_777' title='bbox 1424 5024 1436 5060; x_wconf 89' lang='lat'><strong>:</strong></span> <span class='ocrx_word' id='word_1_778' title='bbox 1468 5004 1585 5079; x_wconf 86' lang='lat' dir='ltr'><strong>Ego</strong></span> <span class='ocrx_word' id='word_1_779' title='bbox 1631 5009 1685 5062; x_wconf 85' lang='lat' dir='ltr'><strong>in</strong></span> <span class='ocrx_word' id='word_1_780' title='bbox 1724 5006 1906 5072; x_wconf 78' lang='lat' dir='ltr'><strong>Patre,</strong></span> 
     </span>
    </p>
   </div>
   <div class='ocr_carea' id='block_1_98' title="bbox 309 5084 1910 5168">
    <p class='ocr_par' dir='ltr' id='par_1_98' title="bbox 309 5084 1910 5168">
     <span class='ocr_line' id='line_1_100' title="bbox 309 5084 1910 5168; baseline 0.007 -27"><span class='ocrx_word' id='word_1_781' title='bbox 309 5097 361 5141; x_wconf 86' lang='lat' dir='ltr'><strong>et</strong></span> <span class='ocrx_word' id='word_1_782' title='bbox 393 5084 562 5142; x_wconf 85' lang='lat' dir='ltr'><strong>Pater</strong></span> <span class='ocrx_word' id='word_1_783' title='bbox 588 5091 641 5143; x_wconf 88' lang='lat' dir='ltr'><strong>in</strong></span> <span class='ocrx_word' id='word_1_784' title='bbox 671 5107 752 5145; x_wconf 90' lang='lat' dir='ltr'><strong>me</strong></span> <span class='ocrx_word' id='word_1_785' title='bbox 788 5091 966 5165; x_wconf 82' lang='lat' dir='ltr'><strong>(Joan.</strong></span> <span class='ocrx_word' id='word_1_786' title='bbox 1002 5109 1107 5159; x_wconf 78' lang='grc' dir='ltr'><strong>ιιν,</strong></span> <span class='ocrx_word' id='word_1_787' title='bbox 1141 5094 1252 5165; x_wconf 84' lang='grc'><strong>10).</strong></span> <span class='ocrx_word' id='word_1_788' title='bbox 1293 5095 1744 5154; x_wconf 80' lang='lat' dir='ltr'><strong>luconfusibiliter</strong></span> <span class='ocrx_word' id='word_1_789' title='bbox 1779 5113 1910 5168; x_wconf 90' lang='lat' dir='ltr'><strong>ergo</strong></span> 
     </span>
    </p>
   </div>
   <div class='ocr_carea' id='block_1_99' title="bbox 310 5178 1909 5259">
    <p class='ocr_par' dir='ltr' id='par_1_99' title="bbox 310 5178 1909 5259">
     <span class='ocr_line' id='line_1_101' title="bbox 310 5178 1909 5259; baseline 0.009 -27"><span class='ocrx_word' id='word_1_790' title='bbox 310 5178 433 5232; x_wconf 89' lang='lat' dir='ltr'><strong>unit</strong></span> <span class='ocrx_word' id='word_1_791' title='bbox 468 5189 488 5216; x_wconf 73' lang='grc' dir='ltr'>ε</span> <span class='ocrx_word' id='word_1_792' title='bbox 523 5189 808 5251; x_wconf 90' lang='lat' dir='ltr'><strong>utrumque</strong></span> <span class='ocrx_word' id='word_1_793' title='bbox 839 5192 1051 5250; x_wconf 90' lang='lat' dir='ltr'><strong>natura,</strong></span> <span class='ocrx_word' id='word_1_794' title='bbox 1092 5187 1338 5255; x_wconf 74' lang='lat' dir='ltr'><strong>quamvis</strong></span> <span class='ocrx_word' id='word_1_795' title='bbox 1367 5188 1798 5259; x_wconf 87' lang='lat' dir='ltr'><strong>inseparabiliter</strong></span> <span class='ocrx_word' id='word_1_796' title='bbox 1825 5190 1909 5245; x_wconf 86' lang='lat' dir='ltr'><strong>di-</strong></span> 
     </span>
    </p>
   </div>
   <div class='ocr_carea' id='block_1_100' title="bbox 314 5278 1911 5352">
    <p class='ocr_par' dir='ltr' id='par_1_100' title="bbox 314 5278 1911 5352">
     <span class='ocr_line' id='line_1_102' title="bbox 314 5278 1911 5352; baseline 0.008 -28"><span class='ocrx_word' id='word_1_797' title='bbox 314 5281 538 5325; x_wconf 61' lang='lat' dir='ltr'><strong>scernat</strong></span> <span class='ocrx_word' id='word_1_798' title='bbox 566 5282 851 5345; x_wconf 90' lang='lat' dir='ltr'><strong>utrumque</strong></span> <span class='ocrx_word' id='word_1_799' title='bbox 880 5291 1109 5346; x_wconf 86' lang='lat' dir='ltr'><strong>persona</strong></span> <span class='ocrx_word' id='word_1_800' title='bbox 1134 5299 1143 5337; x_wconf 87' lang='lat'><strong>;</strong></span> <span class='ocrx_word' id='word_1_801' title='bbox 1177 5278 1299 5335; x_wconf 82' lang='lat' dir='ltr'><strong>ideo</strong></span> <span class='ocrx_word' id='word_1_802' title='bbox 1324 5279 1490 5336; x_wconf 89' lang='lat' dir='ltr'><strong>Filius</strong></span> <span class='ocrx_word' id='word_1_803' title='bbox 1512 5282 1627 5352; x_wconf 90' lang='lat' dir='ltr'><strong>ipse</strong></span> <span class='ocrx_word' id='word_1_804' title='bbox 1648 5291 1911 5339; x_wconf 86' lang='lat' dir='ltr'><strong>testatur:</strong></span> 
     </span>
    </p>
   </div>
   <div class='ocr_carea' id='block_1_101' title="bbox 316 5360 1913 5443">
    <p class='ocr_par' dir='ltr' id='par_1_101' title="bbox 316 5360 1913 5443">
     <span class='ocr_line' id='line_1_103' title="bbox 316 5360 1913 5443; baseline 0.009 -29"><span class='ocrx_word' id='word_1_805' title='bbox 316 5360 436 5434; x_wconf 77' lang='lat' dir='ltr'><strong>Ego</strong></span> <span class='ocrx_word' id='word_1_806' title='bbox 478 5371 525 5415; x_wconf 88' lang='lat' dir='ltr'><strong>et</strong></span> <span class='ocrx_word' id='word_1_807' title='bbox 572 5362 733 5419; x_wconf 84' lang='lat' dir='ltr'><strong>Pater</strong></span> <span class='ocrx_word' id='word_1_808' title='bbox 780 5383 938 5420; x_wconf 86' lang='lat' dir='ltr'><strong>unum</strong></span> <span class='ocrx_word' id='word_1_809' title='bbox 986 5385 1160 5424; x_wconf 89' lang='lat' dir='ltr'><strong>sumus</strong></span> <span class='ocrx_word' id='word_1_810' title='bbox 1185 5369 1455 5440; x_wconf 67' lang='lat' dir='ltr'><strong>(Joau.‘x,</strong></span> <span class='ocrx_word' id='word_1_811' title='bbox 1496 5370 1611 5443; x_wconf 76' lang='lat'><strong>30).</strong></span> <span class='ocrx_word' id='word_1_812' title='bbox 1663 5373 1763 5428; x_wconf 84' lang='lat' dir='ltr'><strong>l‘er</strong></span> <span class='ocrx_word' id='word_1_813' title='bbox 1812 5373 1913 5429; x_wconf 89' lang='lat' dir='ltr'><strong>hoc</strong></span> 
     </span>
    </p>
   </div>
   <div class='ocr_carea' id='block_1_102' title="bbox 314 5451 1914 5536">
    <p class='ocr_par' dir='ltr' id='par_1_102' title="bbox 314 5451 1914 5536">
     <span class='ocr_line' id='line_1_104' title="bbox 314 5451 1914 5536; baseline 0.008 -29"><span class='ocrx_word' id='word_1_814' title='bbox 314 5451 471 5523; x_wconf 83' lang='lat' dir='ltr'><strong>quod</strong></span> <span class='ocrx_word' id='word_1_815' title='bbox 498 5471 655 5509; x_wconf 88' lang='lat' dir='ltr'><strong>unum</strong></span> <span class='ocrx_word' id='word_1_816' title='bbox 685 5457 833 5525; x_wconf 89' lang='lat' dir='ltr'><strong>dicit,</strong></span> <span class='ocrx_word' id='word_1_817' title='bbox 864 5475 971 5514; x_wconf 92' lang='lat' dir='ltr'><strong>non</strong></span> <span class='ocrx_word' id='word_1_818' title='bbox 999 5471 1283 5532; x_wconf 88' lang='lat' dir='ltr'><strong>separatur</strong></span> <span class='ocrx_word' id='word_1_819' title='bbox 1312 5480 1341 5517; x_wconf 86' lang='lat' dir='ltr'><strong>a</strong></span> <span class='ocrx_word' id='word_1_820' title='bbox 1366 5463 1476 5518; x_wconf 90' lang='lat' dir='ltr'><strong>Deo</strong></span> <span class='ocrx_word' id='word_1_821' title='bbox 1500 5462 1784 5531; x_wconf 87' lang='lat' dir='ltr'><strong>divinitas;</strong></span> <span class='ocrx_word' id='word_1_822' title='bbox 1818 5482 1914 5536; x_wconf 85' lang='lat' dir='ltr'><strong>per</strong></span> 
     </span>
    </p>
   </div>
   <div class='ocr_carea' id='block_1_103' title="bbox 316 5545 1916 5627">
    <p class='ocr_par' dir='ltr' id='par_1_103' title="bbox 316 5545 1916 5627">
     <span class='ocr_line' id='line_1_105' title="bbox 316 5545 1916 5627; baseline 0.008 -26"><span class='ocrx_word' id='word_1_823' title='bbox 316 5545 428 5603; x_wconf 87' lang='lat' dir='ltr'><strong>hoc</strong></span> <span class='ocrx_word' id='word_1_824' title='bbox 459 5547 602 5617; x_wconf 91' lang='lat' dir='ltr'><strong>quod</strong></span> <span class='ocrx_word' id='word_1_825' title='bbox 629 5548 759 5604; x_wconf 91' lang='lat' dir='ltr'><strong>dicit</strong></span> <span class='ocrx_word' id='word_1_826' title='bbox 792 5567 991 5621; x_wconf 85' lang='lat' dir='ltr'><strong>sumus,</strong></span> <span class='ocrx_word' id='word_1_827' title='bbox 1040 5570 1148 5610; x_wconf 92' lang='lat' dir='ltr'><strong>non</strong></span> <span class='ocrx_word' id='word_1_828' title='bbox 1198 5555 1544 5613; x_wconf 79' lang='lat' dir='ltr'><strong>confunditur</strong></span> <span class='ocrx_word' id='word_1_829' title='bbox 1581 5558 1633 5611; x_wconf 93' lang='lat' dir='ltr'><strong>in</strong></span> <span class='ocrx_word' id='word_1_830' title='bbox 1671 5558 1916 5627; x_wconf 87' lang='lat' dir='ltr'><strong>genitore</strong></span> 
     </span>
    </p>
   </div>
   <div class='ocr_carea' id='block_1_104' title="bbox 315 5639 597 5695">
    <p class='ocr_par' dir='ltr' id='par_1_104' title="bbox 315 5639 597 5695">
     <span class='ocr_line' id='line_1_106' title="bbox 315 5639 597 5695; baseline 0 -2"><span class='ocrx_word' id='word_1_831' title='bbox 315 5639 597 5695; x_wconf 85' lang='lat' dir='ltr'><strong>nativitas.</strong></span> 
     </span>
    </p>
   </div>
   <div class='ocr_carea' id='block_1_105' title="bbox 392 5779 1593 5863">
    <p class='ocr_par' dir='ltr' id='par_1_105' title="bbox 392 5779 1593 5863">
     <span class='ocr_line' id='line_1_107' title="bbox 392 5779 1593 5863; baseline 0.002 -18"><span class='ocrx_word' id='word_1_832' title='bbox 392 5789 422 5863; x_wconf 64' lang='grc' dir='ltr'><strong>ξ</strong></span> <span class='ocrx_word' id='word_1_833' title='bbox 455 5779 811 5863; x_wconf 49' lang='grc' dir='ltr'><strong>Ξάόλϐιξιοη.</strong></span> <span class='ocrx_word' id='word_1_834' title='bbox 846 5795 900 5843; x_wconf 88' lang='lat' dir='ltr'><strong>et</strong></span> <span class='ocrx_word' id='word_1_835' title='bbox 929 5786 1079 5863; x_wconf 81' lang='lat' dir='ltr'><strong>Ant.,</strong></span> <span class='ocrx_word' id='word_1_836' title='bbox 1112 5799 1161 5844; x_wconf 87' lang='lat' dir='ltr'><strong>et</strong></span> <span class='ocrx_word' id='word_1_837' title='bbox 1186 5801 1241 5845; x_wconf 90' lang='lat' dir='ltr'><strong>ut</strong></span> <span class='ocrx_word' id='word_1_838' title='bbox 1269 5792 1593 5863; x_wconf 84' lang='lat' dir='ltr'><strong>inﬁrmitate.</strong></span> 
     </span>
    </p>
   </div>
   <div class='ocr_carea' id='block_1_106' title="bbox 392 5849 1186 5919">
    <p class='ocr_par' dir='ltr' id='par_1_106' title="bbox 392 5849 1186 5919">
     <span class='ocr_line' id='line_1_108' title="bbox 392 5849 1186 5919; baseline 0.013 -15"><span class='ocrx_word' id='word_1_839' title='bbox 392 5849 425 5890; x_wconf 67' lang='grc'><strong>1⁵</strong></span> <span class='ocrx_word' id='word_1_840' title='bbox 450 5850 548 5906; x_wconf 77' lang='lat' dir='ltr'><strong>Ms.</strong></span> <span class='ocrx_word' id='word_1_841' title='bbox 574 5852 763 5919; x_wconf 82' lang='lat' dir='ltr'><strong>Corb.,</strong></span> <span class='ocrx_word' id='word_1_842' title='bbox 793 5874 898 5911; x_wconf 88' lang='lat' dir='ltr'><strong>una</strong></span> <span class='ocrx_word' id='word_1_843' title='bbox 922 5849 1186 5916; x_wconf 81' lang='lat' dir='ltr'><strong>nativitas.</strong></span> 
     </span>
    </p>
   </div>
   <div class='ocr_carea' id='block_1_107' title="bbox 394 5920 1893 6008">
    <p class='ocr_par' dir='ltr' id='par_1_107' title="bbox 394 5920 1893 6008">
     <span class='ocr_line' id='line_1_109' title="bbox 394 5920 1893 6008; baseline 0.011 -34"><span class='ocrx_word' id='word_1_844' title='bbox 394 5933 420 5962; x_wconf 73' lang='grc' dir='ltr'><strong><em>ο</em></strong></span> <span class='ocrx_word' id='word_1_845' title='bbox 459 5920 534 5975; x_wconf 92' lang='lat' dir='ltr'><strong>lta</strong></span> <span class='ocrx_word' id='word_1_846' title='bbox 557 5924 714 5989; x_wconf 84' lang='lat' dir='ltr'><strong>editi;</strong></span> <span class='ocrx_word' id='word_1_847' title='bbox 738 5936 793 5979; x_wconf 83' lang='lat' dir='ltr'><strong>at</strong></span> <span class='ocrx_word' id='word_1_848' title='bbox 815 5946 913 5983; x_wconf 87' lang='lat' dir='ltr'><strong>Ius.</strong></span> <span class='ocrx_word' id='word_1_849' title='bbox 940 5929 1127 6002; x_wconf 90' lang='lat' dir='ltr'><strong>Corb.,</strong></span> <span class='ocrx_word' id='word_1_850' title='bbox 1151 5934 1263 5988; x_wconf 82' lang='lat' dir='ltr'><strong>nuit</strong></span> <span class='ocrx_word' id='word_1_851' title='bbox 1298 5942 1568 6008; x_wconf 84' lang='lat' dir='ltr'><strong>utramque</strong></span> <span class='ocrx_word' id='word_1_852' title='bbox 1592 5944 1893 6008; x_wconf 84' lang='lat' dir='ltr'><strong>_naturam..</strong></span> 
     </span>
    </p>
   </div>
   <div class='ocr_carea' id='block_1_108' title="bbox 321 6002 1603 6064">
    <p class='ocr_par' dir='ltr' id='par_1_108' title="bbox 321 6002 1603 6064">
     <span class='ocr_line' id='line_1_110' title="bbox 321 6002 1603 6064; baseline 0.005 -15"><span class='ocrx_word' id='word_1_853' title='bbox 321 6003 600 6061; x_wconf 59' lang='lat' dir='ltr'><strong>utramque</strong></span> <span class='ocrx_word' id='word_1_854' title='bbox 625 6012 926 6064; x_wconf 82' lang='lat' dir='ltr'><strong>personam.</strong></span> <span class='ocrx_word' id='word_1_855' title='bbox 1484 6002 1494 6008; x_wconf 88' lang='grc'><em>’</em></span> <span class='ocrx_word' id='word_1_856' title='bbox 1591 6002 1603 6012; x_wconf 84' lang='grc'><em>’</em></span> 
     </span>
    </p>
   </div>
   <div class='ocr_carea' id='block_1_109' title="bbox 2011 4822 3609 4898">
    <p class='ocr_par' dir='ltr' id='par_1_109' title="bbox 2011 4822 3609 4898">
     <span class='ocr_line' id='line_1_111' title="bbox 2011 4822 3609 4898; baseline -0.005 -16"><span class='ocrx_word' id='word_1_857' title='bbox 2011 4828 2220 4882; x_wconf 85' lang='lat' dir='ltr'><strong>domum</strong></span> <span class='ocrx_word' id='word_1_858' title='bbox 2250 4825 2432 4898; x_wconf 64' lang='lat' dir='ltr'><strong>[Prom</strong></span> <span class='ocrx_word' id='word_1_859' title='bbox 2464 4839 2537 4888; x_wconf 79' lang='lat' dir='ltr'><strong>ix,</strong></span> <span class='ocrx_word' id='word_1_860' title='bbox 2570 4822 2670 4894; x_wconf 78' lang='lat' dir='ltr'><strong>lj),</strong></span> <span class='ocrx_word' id='word_1_861' title='bbox 2705 4830 2852 4877; x_wconf 88' lang='lat' dir='ltr'><strong>totus</strong></span> <span class='ocrx_word' id='word_1_862' title='bbox 2882 4824 2935 4877; x_wconf 89' lang='lat' dir='ltr'><strong>iu</strong></span> <span class='ocrx_word' id='word_1_863' title='bbox 2965 4822 3125 4877; x_wconf 91' lang='lat' dir='ltr'><strong>Patre</strong></span> <span class='ocrx_word' id='word_1_864' title='bbox 3152 4823 3502 4892; x_wconf 88' lang='lat' dir='ltr'><strong>sempiterno,</strong></span> <span class='ocrx_word' id='word_1_865' title='bbox 3531 4828 3609 4875; x_wconf 86' lang='lat' dir='ltr'><strong>to-</strong></span> 
     </span>
    </p>
   </div>
   <div class='ocr_carea' id='block_1_110' title="bbox 2013 4912 3607 4983">
    <p class='ocr_par' dir='ltr' id='par_1_110' title="bbox 2013 4912 3607 4983">
     <span class='ocr_line' id='line_1_112' title="bbox 2013 4912 3607 4983; baseline -0.003 -11"><span class='ocrx_word' id='word_1_866' title='bbox 2013 4927 2100 4972; x_wconf 91' lang='lat' dir='ltr'><strong>tus</strong></span> <span class='ocrx_word' id='word_1_867' title='bbox 2128 4916 2179 4970; x_wconf 91' lang='lat' dir='ltr'><strong>in</strong></span> <span class='ocrx_word' id='word_1_868' title='bbox 2209 4915 2424 4969; x_wconf 86' lang='lat' dir='ltr'><strong>homine</strong></span> <span class='ocrx_word' id='word_1_869' title='bbox 2448 4921 2723 4983; x_wconf 86' lang='lat' dir='ltr'><strong>suscepto,</strong></span> <span class='ocrx_word' id='word_1_870' title='bbox 2757 4920 2902 4969; x_wconf 81' lang='lat' dir='ltr'><strong>totus</strong></span> <span class='ocrx_word' id='word_1_871' title='bbox 2931 4913 2984 4967; x_wconf 89' lang='lat' dir='ltr'><strong>in</strong></span> <span class='ocrx_word' id='word_1_872' title='bbox 3012 4912 3171 4974; x_wconf 64' lang='lat' dir='ltr'><strong>coelo,</strong></span> <span class='ocrx_word' id='word_1_873' title='bbox 3203 4912 3423 4967; x_wconf 89' lang='lat' dir='ltr'><strong>totusin</strong></span> <span class='ocrx_word' id='word_1_874' title='bbox 3447 4929 3607 4967; x_wconf 90' lang='lat' dir='ltr'><strong>mun-</strong></span> 
     </span>
    </p>
   </div>
   <div class='ocr_carea' id='block_1_111' title="bbox 2012 5005 3607 5074">
    <p class='ocr_par' dir='ltr' id='par_1_111' title="bbox 2012 5005 3607 5074">
     <span class='ocr_line' id='line_1_113' title="bbox 2012 5005 3607 5074; baseline -0.001 -12"><span class='ocrx_word' id='word_1_875' title='bbox 2012 5007 2103 5074; x_wconf 92' lang='lat' dir='ltr'><strong>do,</strong></span> <span class='ocrx_word' id='word_1_876' title='bbox 2136 5015 2282 5063; x_wconf 91' lang='lat' dir='ltr'><strong>totus</strong></span> <span class='ocrx_word' id='word_1_877' title='bbox 2308 5006 2472 5062; x_wconf 87' lang='lat' dir='ltr'><strong>etiam</strong></span> <span class='ocrx_word' id='word_1_878' title='bbox 2502 5006 2554 5061; x_wconf 92' lang='lat' dir='ltr'><strong>in</strong></span> <span class='ocrx_word' id='word_1_879' title='bbox 2585 5005 2794 5061; x_wconf 79' lang='lat' dir='ltr'><strong>inferno</strong></span> <span class='ocrx_word' id='word_1_880' title='bbox 2823 5005 3020 5060; x_wconf 81' lang='lat' dir='ltr'><strong>:sicin</strong></span> <span class='ocrx_word' id='word_1_881' title='bbox 3043 5020 3103 5059; x_wconf 89' lang='lat' dir='ltr'><strong>se</strong></span> <span class='ocrx_word' id='word_1_882' title='bbox 3134 5012 3305 5059; x_wconf 88' lang='lat' dir='ltr'><strong>totum</strong></span> <span class='ocrx_word' id='word_1_883' title='bbox 3328 5005 3607 5061; x_wconf 88' lang='lat' dir='ltr'><strong>hominem</strong></span> 
     </span>
    </p>
   </div>
   <div class='ocr_carea' id='block_1_112' title="bbox 2014 5093 3645 5171">
    <p class='ocr_par' dir='ltr' id='par_1_112' title="bbox 2014 5093 3645 5171">
     <span class='ocr_line' id='line_1_114' title="bbox 2014 5093 3645 5171; baseline -0.002 -18"><span class='ocrx_word' id='word_1_884' title='bbox 2014 5114 2174 5155; x_wconf 87' lang='lat' dir='ltr'><strong>verus</strong></span> <span class='ocrx_word' id='word_1_885' title='bbox 2197 5097 2340 5171; x_wconf 81' lang='lat' dir='ltr'><strong>Deus</strong></span> <span class='ocrx_word' id='word_1_886' title='bbox 2367 5105 2424 5152; x_wconf 89' lang='lat' dir='ltr'><strong>et</strong></span> <span class='ocrx_word' id='word_1_887' title='bbox 2450 5113 2693 5154; x_wconf 86' lang='lat' dir='ltr'><strong>summus</strong></span> <span class='ocrx_word' id='word_1_888' title='bbox 2722 5095 2961 5164; x_wconf 85' lang='lat' dir='ltr'><strong>accepit,</strong></span> <span class='ocrx_word' id='word_1_889' title='bbox 2984 5102 3035 5149; x_wconf 92' lang='lat' dir='ltr'><strong>et</strong></span> <span class='ocrx_word' id='word_1_890' title='bbox 3066 5093 3145 5149; x_wconf 88' lang='lat' dir='ltr'><strong>sic</strong></span> <span class='ocrx_word' id='word_1_891' title='bbox 3173 5093 3451 5164; x_wconf 86' lang='lat' dir='ltr'><strong>plenitudo</strong></span> <span class='ocrx_word' id='word_1_892' title='bbox 3476 5093 3645 5149; x_wconf 49' lang='lat' dir='ltr'><strong>divi»</strong></span> 
     </span>
    </p>
   </div>
   <div class='ocr_carea' id='block_1_113' title="bbox 2019 5186 3609 5257">
    <p class='ocr_par' dir='ltr' id='par_1_113' title="bbox 2019 5186 3609 5257">
     <span class='ocr_line' id='line_1_115' title="bbox 2019 5186 3609 5257; baseline -0.003 -12"><span class='ocrx_word' id='word_1_893' title='bbox 2019 5190 2223 5257; x_wconf 86' lang='lat' dir='ltr'><strong>uitatis,</strong></span> <span class='ocrx_word' id='word_1_894' title='bbox 2248 5192 2475 5244; x_wconf 89' lang='lat' dir='ltr'><strong>veritate</strong></span> <span class='ocrx_word' id='word_1_895' title='bbox 2495 5188 2688 5246; x_wconf 78' lang='lat' dir='ltr'><strong>divina:</strong></span> <span class='ocrx_word' id='word_1_896' title='bbox 2714 5188 3065 5256; x_wconf 65' lang='lat' dir='ltr'><strong>humanaeque</strong></span> <span class='ocrx_word' id='word_1_897' title='bbox 3087 5186 3397 5242; x_wconf 72' lang='lat' dir='ltr'><strong>substantia:</strong></span> <span class='ocrx_word' id='word_1_898' title='bbox 3418 5186 3609 5241; x_wconf 86' lang='lat' dir='ltr'><strong>incon-</strong></span> 
     </span>
    </p>
   </div>
   <div class='ocr_carea' id='block_1_114' title="bbox 2018 5278 3617 5351">
    <p class='ocr_par' dir='ltr' id='par_1_114' title="bbox 2018 5278 3617 5351">
     <span class='ocr_line' id='line_1_116' title="bbox 2018 5278 3617 5351; baseline -0.001 -15"><span class='ocrx_word' id='word_1_899' title='bbox 2018 5283 2303 5339; x_wconf 88' lang='lat' dir='ltr'><strong>t‘usibiliter</strong></span> <span class='ocrx_word' id='word_1_900' title='bbox 2328 5288 2711 5351; x_wconf 80' lang='lat' dir='ltr'><strong>permanente,</strong></span> <span class='ocrx_word' id='word_1_901' title='bbox 2732 5279 3080 5349; x_wconf 83' lang='lat' dir='ltr'><strong>semetipsum</strong></span> <span class='ocrx_word' id='word_1_902' title='bbox 3120 5279 3301 5349; x_wconf 66' lang='lat' dir='ltr'><strong>pleno»</strong></span> <span class='ocrx_word' id='word_1_903' title='bbox 3328 5278 3617 5347; x_wconf 72' lang='lat' dir='ltr'><strong>conjunxit</strong></span> 
     </span>
    </p>
   </div>
   <div class='ocr_carea' id='block_1_115' title="bbox 2019 5368 3687 5438">
    <p class='ocr_par' dir='ltr' id='par_1_115' title="bbox 2019 5368 3687 5438">
     <span class='ocr_line' id='line_1_117' title="bbox 2019 5368 3687 5438; baseline -0.001 -11"><span class='ocrx_word' id='word_1_904' title='bbox 2019 5371 2247 5437; x_wconf 90' lang='lat' dir='ltr'><strong>homini,</strong></span> <span class='ocrx_word' id='word_1_905' title='bbox 2303 5378 2363 5425; x_wconf 93' lang='lat' dir='ltr'><strong>ut</strong></span> <span class='ocrx_word' id='word_1_906' title='bbox 2410 5370 2614 5423; x_wconf 88' lang='lat' dir='ltr'><strong>unitate</strong></span> <span class='ocrx_word' id='word_1_907' title='bbox 2662 5368 2917 5438; x_wconf 86' lang='lat' dir='ltr'><strong>deinceps</strong></span> <span class='ocrx_word' id='word_1_908' title='bbox 2945 5369 3002 5425; x_wconf 88' lang='lat' dir='ltr'><strong>in</strong></span> <span class='ocrx_word' id='word_1_909' title='bbox 3046 5378 3308 5427; x_wconf 66' lang='lat' dir='ltr'><strong>aeternum</strong></span> <span class='ocrx_word' id='word_1_910' title='bbox 3358 5379 3611 5426; x_wconf 76' lang='lat' dir='ltr'><strong>manente</strong></span> <span class='ocrx_word' id='word_1_911' title='bbox 3680 5380 3687 5387; x_wconf 89' lang='lat'>&#39;</span> 
     </span>
    </p>
   </div>
   <div class='ocr_carea' id='block_1_116' title="bbox 2020 5458 3615 5533">
    <p class='ocr_par' dir='ltr' id='par_1_116' title="bbox 2020 5458 3615 5533">
     <span class='ocr_line' id='line_1_118' title="bbox 2020 5458 3615 5533; baseline -0.001 -17"><span class='ocrx_word' id='word_1_912' title='bbox 2020 5476 2289 5533; x_wconf 64' lang='lat' dir='ltr'><strong>personae,</strong></span> <span class='ocrx_word' id='word_1_913' title='bbox 2334 5474 2435 5514; x_wconf 85' lang='lat' dir='ltr'><strong>nec</strong></span> <span class='ocrx_word' id='word_1_914' title='bbox 2483 5459 2646 5514; x_wconf 90' lang='lat' dir='ltr'><strong>homo</strong></span> <span class='ocrx_word' id='word_1_915' title='bbox 2675 5458 2921 5515; x_wconf 89' lang='lat' dir='ltr'><strong>Christus</strong></span> <span class='ocrx_word' id='word_1_916' title='bbox 2948 5475 2986 5514; x_wconf 86' lang='lat' dir='ltr'><strong>a</strong></span> <span class='ocrx_word' id='word_1_917' title='bbox 3008 5475 3105 5515; x_wconf 83' lang='lat' dir='ltr'><strong>sua</strong></span> <span class='ocrx_word' id='word_1_918' title='bbox 3155 5458 3454 5526; x_wconf 89' lang='lat' dir='ltr'><strong>divinitate,</strong></span> <span class='ocrx_word' id='word_1_919' title='bbox 3481 5476 3615 5516; x_wconf 59' lang='lat' dir='ltr'><strong>inec</strong></span> 
     </span>
    </p>
   </div>
   <div class='ocr_carea' id='block_1_117' title="bbox 2021 5552 3610 5622">
    <p class='ocr_par' dir='ltr' id='par_1_117' title="bbox 2021 5552 3610 5622">
     <span class='ocr_line' id='line_1_119' title="bbox 2021 5552 3610 5622; baseline -0.003 -12"><span class='ocrx_word' id='word_1_920' title='bbox 2021 5554 2163 5610; x_wconf 91' lang='lat' dir='ltr'><strong>idem</strong></span> <span class='ocrx_word' id='word_1_921' title='bbox 2183 5552 2325 5609; x_wconf 91' lang='lat' dir='ltr'><strong>Deus</strong></span> <span class='ocrx_word' id='word_1_922' title='bbox 2338 5552 2582 5608; x_wconf 78' lang='lat' dir='ltr'><strong>Christus</strong></span> <span class='ocrx_word' id='word_1_923' title='bbox 2609 5568 2640 5607; x_wconf 90' lang='lat' dir='ltr'><strong>a</strong></span> <span class='ocrx_word' id='word_1_924' title='bbox 2670 5569 2779 5609; x_wconf 88' lang='lat' dir='ltr'><strong>sua.</strong></span> <span class='ocrx_word' id='word_1_925' title='bbox 2795 5560 2980 5622; x_wconf 86' lang='lat' dir='ltr'><strong>posset</strong></span> <span class='ocrx_word' id='word_1_926' title='bbox 3006 5552 3339 5611; x_wconf 89' lang='lat' dir='ltr'><strong>humanitate</strong></span> <span class='ocrx_word' id='word_1_927' title='bbox 3357 5552 3610 5622; x_wconf 84' lang='lat' dir='ltr'><strong>disjungi.</strong></span> 
     </span>
    </p>
   </div>
   <div class='ocr_carea' id='block_1_118' title="bbox 2021 5643 3616 5716">
    <p class='ocr_par' dir='ltr' id='par_1_118' title="bbox 2021 5643 3616 5716">
     <span class='ocr_line' id='line_1_120' title="bbox 2021 5643 3616 5716; baseline -0.001 -14"><span class='ocrx_word' id='word_1_928' title='bbox 2021 5645 2139 5703; x_wconf 83' lang='lat' dir='ltr'><strong>Hoc</strong></span> <span class='ocrx_word' id='word_1_929' title='bbox 2180 5646 2323 5701; x_wconf 89' lang='lat' dir='ltr'><strong>enim</strong></span> <span class='ocrx_word' id='word_1_930' title='bbox 2370 5643 2700 5703; x_wconf 79' lang='lat' dir='ltr'><strong>inﬁrmitatis</strong></span> <span class='ocrx_word' id='word_1_931' title='bbox 2746 5655 2945 5702; x_wconf 65' lang='lat' dir='ltr'><strong>nostrae</strong></span> <span class='ocrx_word' id='word_1_932' title='bbox 2989 5644 3199 5701; x_wconf 84' lang='lat' dir='ltr'><strong>medela</strong></span> <span class='ocrx_word' id='word_1_933' title='bbox 3242 5646 3525 5716; x_wconf 86' lang='lat' dir='ltr'><strong>poscebat,</strong></span> <span class='ocrx_word' id='word_1_934' title='bbox 3550 5656 3616 5706; x_wconf 81' lang='lat' dir='ltr'><strong>ut</strong></span> 
     </span>
    </p>
   </div>
   <div class='ocr_carea' id='block_1_119' title="bbox 2103 5790 3389 5863">
    <p class='ocr_par' dir='ltr' id='par_1_119' title="bbox 2103 5790 3389 5863">
     <span class='ocr_line' id='line_1_121' title="bbox 2103 5790 3389 5863; baseline -0.005 -16"><span class='ocrx_word' id='word_1_935' title='bbox 2103 5790 2129 5829; x_wconf 72' lang='grc' dir='ltr'><strong>τι</strong></span> <span class='ocrx_word' id='word_1_936' title='bbox 2157 5793 2322 5850; x_wconf 81' lang='lat' dir='ltr'><strong>Abest</strong></span> <span class='ocrx_word' id='word_1_937' title='bbox 2349 5802 2424 5849; x_wconf 87' lang='lat' dir='ltr'><strong>est</strong></span> <span class='ocrx_word' id='word_1_938' title='bbox 2454 5795 2520 5850; x_wconf 90' lang='lat' dir='ltr'><strong>ab</strong></span> <span class='ocrx_word' id='word_1_939' title='bbox 2543 5795 2728 5858; x_wconf 86' lang='lat' dir='ltr'><strong>editis;</strong></span> <span class='ocrx_word' id='word_1_940' title='bbox 2758 5794 2953 5863; x_wconf 77' lang='lat' dir='ltr'><strong>legitur</strong></span> <span class='ocrx_word' id='word_1_941' title='bbox 2981 5794 3033 5848; x_wconf 93' lang='lat' dir='ltr'><strong>in</strong></span> <span class='ocrx_word' id='word_1_942' title='bbox 3066 5808 3171 5848; x_wconf 63' lang='lat' dir='ltr'><strong>ms.</strong></span> <span class='ocrx_word' id='word_1_943' title='bbox 3199 5792 3389 5848; x_wconf 83' lang='lat' dir='ltr'><strong>Corb..</strong></span> 
     </span>
    </p>
   </div>
   <div class='ocr_carea' id='block_1_120' title="bbox 2103 5864 3439 5939">
    <p class='ocr_par' dir='ltr' id='par_1_120' title="bbox 2103 5864 3439 5939">
     <span class='ocr_line' id='line_1_122' title="bbox 2103 5864 3439 5939; baseline -0.001 -20"><span class='ocrx_word' id='word_1_944' title='bbox 2103 5876 2126 5939; x_wconf 58' lang='grc' dir='ltr'><strong>ις</strong></span> <span class='ocrx_word' id='word_1_945' title='bbox 2293 5866 2526 5929; x_wconf 83' lang='lat' dir='ltr'><strong>Thuan.,</strong></span> <span class='ocrx_word' id='word_1_946' title='bbox 2557 5875 2612 5918; x_wconf 89' lang='lat' dir='ltr'><strong>ut</strong></span> <span class='ocrx_word' id='word_1_947' title='bbox 2640 5868 2803 5939; x_wconf 74' lang='lat' dir='ltr'><strong>ﬁeret.</strong></span> <span class='ocrx_word' id='word_1_948' title='bbox 3007 5933 3040 5939; x_wconf 85' lang='lat'>__</span> <span class='ocrx_word' id='word_1_949' title='bbox 3074 5935 3084 5939; x_wconf 89' lang='lat'><em>_</em></span> <span class='ocrx_word' id='word_1_950' title='bbox 3200 5933 3213 5939; x_wconf 85' lang='lat'><em>_</em></span> <span class='ocrx_word' id='word_1_951' title='bbox 3289 5931 3299 5939; x_wconf 89' lang='lat'>_</span> <span class='ocrx_word' id='word_1_952' title='bbox 3428 5928 3439 5939; x_wconf 40' lang='grc' dir='ltr'><strong><em>ο</em></strong></span> 
     </span>
    </p>
   </div>
   <div class='ocr_carea' id='block_1_121' title="bbox 2029 5931 3609 6062">
    <p class='ocr_par' dir='ltr' id='par_1_121' title="bbox 2029 5931 3609 6062">
     <span class='ocr_line' id='line_1_123' title="bbox 2029 5931 3609 6062; baseline -0.008 -67"><span class='ocrx_word' id='word_1_953' title='bbox 2029 5931 2126 6062; x_wconf 68' lang='lat' dir='ltr'><strong>Th‘</strong></span> <span class='ocrx_word' id='word_1_954' title='bbox 2161 5936 2328 5993; x_wconf 82' lang='lat' dir='ltr'><strong>Abest</strong></span> <span class='ocrx_word' id='word_1_955' title='bbox 2361 5947 2437 5993; x_wconf 86' lang='lat' dir='ltr'><strong>est</strong></span> <span class='ocrx_word' id='word_1_956' title='bbox 2465 5952 2496 5991; x_wconf 91' lang='lat' dir='ltr'><strong>a</strong></span> <span class='ocrx_word' id='word_1_957' title='bbox 2516 5931 2826 5993; x_wconf 57' lang='lat' dir='ltr'><strong>.ms.&#39;.Curb.</strong></span> <span class='ocrx_word' id='word_1_958' title='bbox 2875 5944 2929 5991; x_wconf 88' lang='lat' dir='ltr'><strong>et</strong></span> <span class='ocrx_word' id='word_1_959' title='bbox 2957 5933 3147 6001; x_wconf 80' lang='lat' dir='ltr'><strong>editis;</strong></span> <span class='ocrx_word' id='word_1_960' title='bbox 3200 5931 3393 6002; x_wconf 83' lang='lat' dir='ltr'><strong>legitur</strong></span> <span class='ocrx_word' id='word_1_961' title='bbox 3425 5931 3477 5984; x_wconf 86' lang='lat' dir='ltr'><strong>in</strong></span> <span class='ocrx_word' id='word_1_962' title='bbox 3507 5943 3609 5982; x_wconf 66' lang='lat' dir='ltr'><strong>ms.</strong></span> 
     </span>
     <span class='ocr_line' id='line_1_124' title="bbox 2115 6019 2247 6062; baseline 0 -1"><span class='ocrx_word' id='word_1_963' title='bbox 2115 6019 2247 6062; x_wconf 84' lang='lat' dir='ltr'><strong>nan.</strong></span> 
     </span>
    </p>
   </div>
  </div>
