4072 6332
476 437 582 497 275

1687 442 1742 499 s.
1783 402 2145 503 Euboeam
2181 443 2549 503 suspense

3631 443 3739 499 276

474 554 613 612 sicut
638 555 898 611 naturalis
944 556 1119 611 unitas
1163 554 1217 609 in
1262 552 1419 609 Patre
1469 562 1648 610 manet
1692 563 1747 609 et
1774 553 1930 619 Filio,
1981 553 2058 608 sic
2083 558 2134 617 Α
2159 554 2339 611 Cum
2371 572 2425 610 χ.
2445 555 2716 627 rDivt'nitas
2746 554 2955 623 Christi,
2984 556 3080 612 etsi
3101 555 3394 627 passibilem
3416 573 3631 612 carnem
3655 574 3741 613 su-

475 640 775 716 personalis
802 650 976 704 unitas
1018 654 1260 702 maneret
1303 647 1356 702 in
1386 646 1631 714 Christo;
1679 656 1734 701 et
1778 647 1917 703 sicut
1936 660 2059 716 per-

474 740 677 796 sonalis
719 741 991 796 distinctio
1037 738 1170 794 duas
1216 754 1321 793 non
1371 738 1497 793 facit
1539 739 1595 793 in
1636 737 1793 809 Patre
1838 746 1895 792 et
1921 735 2058 792 Filio

474 827 822 891 substantias,
873 827 952 882 sic
983 826 1239 882 naturalis
1266 826 1516 881 discretio
1546 826 1678 881 duas
1707 841 1811 881 non
1857 822 2060 879 faceret

474 915 531 971 in
553 914 765 972 Christo
787 929 1078 985 personas;
1133 930 1198 970 ac
1224 931 1410 971 rursus
1431 915 1572 971 sicut
1599 915 1775 970 unitas
1800 913 2058 969 naturalis

372 996 383 1007 ’
476 1007 691 1065 Patrem
717 1026 826 1066 non
848 1010 1130 1067 confundit
1150 1019 1206 1066 et
1226 1011 1443 1078 Filium,
1462 1011 1540 1067 sic
1564 1011 1740 1067 unitas
1762 1011 2059 1081 personalis

477 1096 755 1156 hominem
792 1118 902 1159 non
941 1101 1296 1157 confunderet
1336 1110 1390 1157 et
1419 1102 1682 1166 Verbum;
1713 1111 1770 1157 et
1801 1101 2060 1171 quemade

476 1187 695 1242 modum
725 1204 755 1243 a
783 1190 1027 1258 genitore
1056 1189 1168 1244 Deo
1213 1203 1311 1259 per
1352 1191 1618 1253 unitatem
1666 1199 1874 1245 natura:
1908 1204 2056 1244 nun-

475 1295 638 1349 quam
661 1281 930 1350 segregari
953 1288 1133 1351 potest
1162 1280 1464 1350 unigenitus
1497 1280 1681 1346 Filius,
1712 1281 1789 1335 sic
1816 1296 1846 1334 a
1872 1294 2058 1335 susce-

472 1376 632 1439 ptare
663 1368 774 1425 Deo
821 1385 919 1440 per
969 1369 1517 1438 unitatem‘persona:
1563 1383 1834 1436 nunquam
1874 1373 2061 1437 posset

473 1456 640 1512 homo
661 1458 900 1526 separari
921 1466 1228 1527 susceptus;
1253 1457 1331 1511 sic
1354 1464 1531 1511 tamen
1554 1464 1612 1509 ut
1639 1455 1880 1524 quamvis
1900 1454 2057 1508 Chri-

474 1556 591 1602 stus
615 1563 716 1603 ncc
742 1547 997 1604 confundi
1025 1556 1212 1617 posset
1238 1545 1525 1616 aliquando
1560 1560 1663 1601 nec
1688 1544 1875 1609 dividi,
1921 1560 2059 1599 unus

472 1648 657 1693 tamen
699 1646 862 1709 atque
891 1637 1030 1692 idem
1072 1637 1336 1701 Christus,
1363 1645 1418 1690 et
1444 1652 1507 1690 ex
1535 1638 1764 1690 veritate
1792 1634 2058 1705 passionis

471 1728 738 1793 humanm,
769 1743 888 1797 qua:
918 1735 1099 1784 nostra
1128 1726 1336 1781 fuerant
1365 1725 1639 1793 redderet,
1663 1733 1721 1781 et
1743 1740 1811 1781 ex
1830 1724 2058 1779 veritate

470 1817 913 1889 impassibilitatis
942 1816 1150 1883 divinae,
1182 1832 1301 1887 quae
1322 1832 1417 1871 sua
1449 1814 1659 1871 fuerant
1686 1815 1972 1870 tribueret:
1997 1821 2058 1869 ut

2230 635 2407 749 qrzlrl-t,
2435 624 2771 697 impassibilis
2799 634 2967 680 tamen
2991 624 3291 697 permansit,
3315 628 3436 699 quia
3458 635 3534 682 est
3558 628 3741 682 immit-

2252 713 2282 749 a
2319 712 2422 749 tis.

2252 712 2422 749 αοιιιε.

2231 805 2338 862 Sed
2374 806 2600 862 forsitan
2639 806 2847 863 dicetur
2873 806 3143 863 Christum
3180 808 3301 864 ideo
3343 808 3395 863 in
3421 823 3582 865 carne
3607 825 3739 880 pas-

2159 914 2274 953 sum
2304 899 2599 969 praedicari,
2627 899 2750 969 quia
2780 899 3055 968 divinitas,
3083 916 3203 969 quae
3228 909 3353 955 ante
3382 916 3599 956 carnem
3626 903 3739 972 pati

2159 1005 2266 1045 non
2295 990 2494 1061 potuit,
2521 989 2828 1061 passibilem
2848 991 3145 1062 suscipiens
3172 1007 3410 1058 carnem,
3432 992 3739 1067 passionem

2158 1095 2374 1150 quoque
2420 1097 2541 1136 cum
2577 1097 2741 1137 carne
2769 1082 3054 1152 persensit,
3108 1082 3230 1150 quia
3260 1097 3359 1153 pro
3396 1084 3739 1153 susceptione

2157 1170 2424 1242 passibilis
2471 1174 2670 1241 carnis,
2720 1175 2835 1243 ipsa
2882 1170 3221 1243 impassibilis
3257 1173 3309 1228 in
3347 1175 3597 1243 passione
3625 1190 3745 1244 per-

2159 1278 2378 1316 manere
2401 1278 2506 1315 nou
2534 1264 2728 1333 potuit.
2759 1262 2911 1330 Quod
2940 1258 2986 1319 Si
3014 1265 3088 1319 ita
3114 1272 3219 1330 est,
3260 1265 3488 1334 primum
3518 1264 3746 1321 mutabi-

2158 1351 2224 1406 lis
2254 1353 2510 1406 asseritur
2537 1350 2789 1408 divinitas
2816 1349 3038 1421 Christi,
3067 1363 3121 1409 et
3142 1354 3402 1424 Apostolo
3424 1355 3743 1410 contradici-

2161 1450 2265 1504 tur,
2316 1442 2408 1511 qui
2456 1441 2649 1496 Filium
2686 1440 2783 1497 Dei
2827 1441 3010 1498 Iesum
3047 1442 3315 1498 Christum
3355 1444 3739 1498 immutabilem

2159 1533 2477 1602 pnedicans,
2510 1535 2789 1590 evidenter
2818 1533 3112 1591 Corinthiis
3140 1535 3274 1591 dicit
3303 1554 3316 1589 :
3350 1534 3447 1590 Dei
3469 1538 3604 1590 enim
3636 1535 3738 1591 Fi-

2160 1625 2261 1679 lius
2298 1624 2447 1679 Jesus
2495 1624 2752 1694 Christus,
2792 1627 2885 1695 'qui
2921 1628 2976 1681 in
3017 1628 3155 1682 vobis
3192 1646 3283 1699 per
3307 1646 3400 1684 nos
3428 1630 3738 1699 praedicatus

2158 1724 2255 1781 est,
2286 1733 2378 1786 per
2404 1734 2501 1781 me,
2536 1726 2586 1771 et
2616 1716 2901 1788 Sytvanum
2945 1722 3003 1772 et
3022 1718 3359 1787 Timotheum,
3391 1737 3495 1775 non
3523 1721 3620 1792 fuit
3642 1720 3738 1777 Est

2158 1815 2209 1859 et
2249 1804 2394 1874 Non,
2422 1808 2512 1861 sed
2551 1806 2649 1862 Est
2672 1809 2728 1862 in
2765 1804 2857 1862 illo
2887 1810 2986 1879 fuit
3017 1807 3106 1878 (ΙΙ
3134 1809 3252 1864 Cor.
3282 1826 3317 1876 ι,
3360 1808 3473 1891 i9).
3499 1804 3654 1878 Quod
3678 1821 3739 1868 ut

471 1891 600 1962 du'm
631 1906 721 1962 ille
748 1921 953 1976 pauper
1000 1903 1306 1961 efficeretur
1328 1906 1381 1959 in
1417 1905 1528 1961 suis
1568 1903 1767 1960 divitiis
1806 1919 2050 1973 manens,
2082 1921 2131 1981 B
2161 1896 2332 1966 ipsum
2363 1898 2461 1952 Est
2494 1913 2716 1968 prorsus
2758 1898 3087 1954 immutabile
3115 1899 3532 1970 demonStraret,
3559 1900 3739 1960 denuo

470 2014 574 2055 nos
602 2015 671 2054 ex
701 1998 1025 2069 pauperibus
1046 1996 1239 2052 divites
1267 1996 1485 2061 faceret,
1534 1996 1726 2065 quibus
1775 1997 1885 2050 Sua:
1920 2012 2056 2066 pau-

471 2092 698 2162 pertatis
740 2090 975 2146 infinitas
999 2089 1212 2144 divitias
1237 2087 1568 2144 contulisset.
1612 2085 1771 2153 Quod
1799 2086 1909 2141 Vas
1944 2087 2055 2142 ele-

472 2182 667 2239 ctionis
687 2179 972 2236 manifesto
996 2178 1203 2234 videtur
1226 2177 1543 2233 denuntiare
1568 2190 1817 2230 sermone
1837 2175 2048 2230 dicens:

472 2271 633 2327 Scitis
660 2272 797 2325 enim
826 2270 1050 2341 gratiam
1084 2267 1288 2321 Domini
1324 2266 1487 2321 nostri
1528 2263 1652 2335 Iesu
1682 2264 1895 2329 Christi,
1934 2264 2055 2335 quia

472 2370 682 2432 propter
703 2377 789 2415 vos
816 2375 1006 2430 egenus
1028 2360 1194 2429 factus
1222 2365 1317 2422 est,
1341 2373 1453 2409 cum
1481 2364 1611 2410 esset
1638 2353 1799 2422 dives,
1837 2364 1895 2407 ut
1914 2354 2054 2409 illius

474 2459 776 2521 paupertate
820 2466 905 2504 ros
954 2449 1136 2503 divites
1180 2439 1356 2502 essetis
1395 2445 1482 2517 (11
1537 2444 1659 2499 Cor.
1688 2461 1799 2508 vui,
1832 2443 1910 2515 9).
1942 2444 2056 2500 Hoc

475 2538 637 2607 igitur
663 2553 905 2608 personas
946 2536 1535 2608 iuseparabilis'unitas,
1588 2536 1640 2589 in
1669 2550 1774 2604 qua
1815 2533 1958 2590 Deus
2002 2544 2058 2589 et

468 2618 641 2685 homo
682 2646 818 2684 unus
847 2638 929 2684 est
955 2628 1216 2691 Christus,
1270 2627 1393 2683 fecit
1443 2639 1500 2681 ut
1541 2636 1594 2682 et
1621 2627 1784 2682 homo
1812 2625 2058 2682 Christus

475 2733 576 2788 per
602 2720 828 2787 gratiam
859 2726 1173 2773 nasceretur
1192 2733 1260 2772 ex
1284 2716 1414 2779 Deo,
1446 2716 1589 2771 salva
1621 2716 1844 2771 veritate
1870 2730 1933 2770 ac
1952 2715 2059 2785 ple-

477 2807 719 2863 nitudine
744 2809 990 2862 humanae
1019 2815 1239 2870 natura),
1271 2813 1327 2861 et
1354 2805 1493 2860 idem
1522 2804 1665 2860 Deus
1692 2803 1935 2860 Christus
1962 2820 2058 2859 vo-

478 2898 708 2954 luntarie
750 2905 1025 2967 pateretur
1067 2898 1119 2950 in
1150 2910 1330 2960 carne,
1390 2895 1534 2950 salva
1580 2894 1892 2963 impassihili
1941 2893 2058 2963 ple-

480 2986 722 3042 nitudine
749 2986 940 3040 divinm
981 2986 1308 3040 substantia‘.
1342 2983 1604 3051 Quoniam
1648 2984 1786 3038 sicut
1814 2999 1950 3037 unus
1977 2990 2062 3037 est

479 3080 548 3134 de
586 3095 696 3150 quo
725 3078 1014 3149 Apostolus
1057 3078 1187 3132 dicit
1220 3096 1233 3129 :
1268 3076 1499 3140 Quorum
1537 3085 1728 3147 patres,
1777 3091 1842 3129 ex
1881 3075 2061 3146 quibus

481 3169 716 3224 Christus
739 3169 1017 3223 secundum
1047 3184 1278 3234 carnem,
1318 3168 1403 3238 qui
1430 3176 1505 3221 est
1536 3184 1687 3239 super
1719 3168 1895 3221 omnia
1920 3166 2060 3221 Deus

482 3262 775 3316 benedictus
805 3262 858 3315 in
901 3261 1091 3315 srecula
1124 3260 1299 3332 (Rom.
1335 3276 1405 3325 ιχ,
1440 3258 1526 3331 5);
1583 3260 1661 3314 sic
1707 3275 1843 3314 unus
1871 3267 1953 3315 est
1993 3258 2062 3314 de

480 3369 591 3425 quo
622 3353 761 3409 idem
792 3353 922 3408 dicit
944 3353 1234 3423 Apostolus
1268 3350 1443 3406 :Nam
1472 3353 1568 3406 etsi
1596 3352 1875 3422 cruciﬁxus
1903 3361 1977 3405 est
1999 3368 2063 3405 ex

480 3442 805 3514 inﬁrmitate,
836 3443 926 3496 sed
969 3443 1086 3496 vivit
1112 3457 1178 3495 ea:
1223 3443 1404 3496 virtute
1430 3440 1526 3494 Dei
1568 3439 1656 3512 (II
1682 3440 1802 3495 Cor.
1834 3456 1946 3503 xm,
1978 3439 2059 3508 4).

482 3529 635 3589 Unus
656 3541 739 3587 est
759 3532 919 3600 igitur
945 3529 1207 3597 Christus,
1236 3532 1288 3585 in
1315 3546 1422 3602 quo
1444 3530 1701 3586 crucifixo
1723 3546 1850 3585 vera
1873 3529 1971 3584 fuit
1992 3532 2068 3586 it:-

482 3623 708 3679 tirmitas
736 3623 934 3689 carnis,
966 3630 1021 3678 et
1051 3622 1103 3677 in
1132 3637 1240 3693 quo
1271 3623 1483 3677 vivente
1508 3622 1677 3675 virtus
1704 3636 1846 3676 verm
1872 3621 2066 3677 claruit

481 3716 729 3783 deitatis;
752 3717 898 3786 quod
925 3717 1214 3772 humanum
1240 3723 1344 3785 est,
1376 3714 1577 3769 habens
1597 3713 1739 3768 Deus
1764 3714 1815 3767 in
1838 3713 2065 3768 veritate

480 3807 730 3862 humanae
758 3815 981 3869 naturae,
1022 3813 1078 3861 et
1103 3807 1248 3875 quod
1276 3805 1513 3859 divinum
1542 3814 1645 3870 est,
1673 3804 1874 3860 habens
1902 3805 2064 3861 homo

481 3901 536 3956 in
559 3900 786 3955 veritate
806 3898 999 3954 divinae
1027 3900 1359 3954 substantite.
1392 3898 1529 3954 Hinc
1550 3898 2065 3968 incomprehensibi-

482 3993 548 4047 lis
574 3993 625 4047 in
670 4007 851 4055 cruce,
899 3991 1222 4047 inviolabilis
1261 3993 1313 4046 in
1358 3993 1602 4059 vulnere,
1646 3993 1985 4064 impassibilis
2010 3995 2063 4050 in

481 4085 753 4153 passione,
784 4083 1105 4137 immortalis
1131 4078 1452 4151 praedicatur
1479 4081 1532 4136 in
1558 4090 1751 4138 morte.

533 4170 715 4226 Carur
745 4188 816 4226 Ix.
844 4170 1048 4225 Christo
1076 4188 1251 4240 passo,
1276 4189 1380 4227 non
1406 4180 1484 4227 est
1509 4171 1651 4227 Deus
1678 4189 1997 4245 compassus.

558 4264 715 4333 118
742 4260 869 4324 Haec
894 4261 1020 4316 dum
1057 4262 1273 4332 quidam
1302 4262 1479 4318 minus
1521 4263 1823 4327 attendunt,
1873 4250 2065 4320 divini-

480 4362 646 4408 tatem
675 4352 875 4408 Christi
913 4368 1020 4408 non
1049 4352 1296 4407 dubitant
1320 4353 1583 4422 subjicere
1610 4355 1871 4423 passioui,
1901 4363 1956 4411 et
1977 4370 2067 4410 au-

478 4444 690 4499 dientes
703 4441 973 4498 Cbristum
1004 4441 1056 4497 in
1083 4457 1245 4497 carne
1265 4458 1500 4512 passum,
1521 4450 1712 4513 putant
1728 4444 1894 4498 Deum
1916 4447 2064 4500 carni

477 4533 643 4589 fuisse
670 4548 1042 4603 compassum,
1074 4532 1252 4587 minus
1279 4532 1620 4588 attendentes
1650 4533 1888 4588 divinam
1916 4534 2061 4589 illam

2157 1988 2234 2043 sic
2262 1987 2327 2042 ad
2358 1987 2611 2044 Hebraeos
2639 1989 2894 2058 loquitur,
2926 1990 3016 2044 ubi
3045 1989 3323 2046 evidenter
3362 1990 3429 2045 de
3454 1990 3591 2047 Filio
3631 2008 3741 2048 me-

2155 2087 2333 2132 morat
2360 2078 2560 2134 dictum
2593 2093 2613 2132 τ’
2638 2079 2713 2133 Tu
2742 2081 2795 2133 in
2821 2081 3094 2151 principio,
3126 2079 3365 2147 Domine,
3399 2091 3587 2136 terram
3610 2085 3736 2154 fun-

2157 2168 2315 2236 dasti,
2346 2180 2395 2222 et
2424 2186 2581 2237 opera
2623 2186 2865 2223 manuum
2906 2181 3109 2224 tuarum
3147 2178 3265 2224 sunt
3295 2172 3425 2225 cali.
3458 2170 3570 2242 Ipsi
3594 2175 3736 2242 peri-

2157 2255 2300 2324 bunt,
2328 2267 2379 2311 tu
2407 2264 2579 2313 autem
2605 2276 2872 2330 permunes
2903 2269 2991 2314 :et
3018 2272 3193 2315 amnes
3219 2261 3350 2314 sicut
3385 2263 3738 2316 vestimentum

2154 2359 2500 2415 veterascent;
2530 2358 2577 2403 et
2599 2352 2730 2403 velut
2756 2352 2998 2404 amictum
3028 2350 3246 2405 mutabis
3271 2368 3378 2419 eos,
3403 2359 3453 2405 et
3474 2344 3741 2405 mutabun-

2158 2448 2273 2506 tur;
2313 2448 2367 2493 tu
2395 2450 2566 2494 autem
2592 2440 2727 2495 idem
2756 2456 2809 2495 es
2849 2440 3036 2511 (Hebr.
3068 2458 3103 2507 ι,
3134 2441 3220 2507 10,
3252 2441 3359 2513 Η).
3392 2442 3528 2510 Quid
3554 2451 3737 2498 autem

2158 2540 2241 2588 est
2269 2532 2409 2587 idem
2455 2547 2591 2598 esse,
2633 2532 2737 2586 nisi
2777 2532 3163 2587 immutabilem
3209 2533 3363 2587 esse?
3409 2533 3558 2587 Sicut
3584 2532 3651 2586 de
3680 2548 3741 2588 se

2159 2624 2273 2694 ipse
2301 2631 2551 2687 testatur,
2570 2623 2754 2679 dicens
2778 2641 2789 2675 :
2815 2621 2926 2694 Ego
2959 2639 3070 2677 sum
3096 2624 3179 2694 qui
3204 2638 3350 2686 sum;
3380 2630 3430 2676 et
3455 2623 3593 2676 dices
3613 2624 3740 2692 ﬁliis

2160 2713 2330 2769 Israel
2358 2731 2375 2768 :
2404 2712 2504 2778 Qui
2529 2723 2626 2781 est,
2650 2715 2787 2768 misit
2814 2730 2896 2767 me
2925 2713 2994 2766 ad
3021 2730 3107 2768 vos
3130 2712 3324 2786 (Exod.
3352 2729 3427 2777 ιιι,
3452 2711 3559 2783 14).
3585 2711 3740 2779 Quod

2158 2806 2205 2860 si
2234 2806 2353 2876 quis
2399 2805 2541 2859 inter
2582 2803 2794 2858 Patrem
2834 2802 3138 2872 Filiumque
3180 2802 3472 2858 divinitatis
3519 2803 3745 2872 cupiens

2159 2876 2529 2952 differentiam
2544 2897 2933 2960 demonstrare,
2980 2896 3158 2951 locum
3186 2896 3344 2951 istum
3386 2911 3494 2966 quo
3535 2895 3741 2951 dictum

2159 2995 2244 3041 est
2274 3005 2289 3041 :
2323 2987 2434 3058 Ego
2462 3004 2575 3041 sum
2603 2988 2688 3059 qui
2717 3004 2848 3052 sum,
2881 3000 3125 3057 persome
3150 2989 3316 3043 solius
3336 2987 3508 3043 Patris
3534 2995 3746 3044 asserat

2161 3078 2471 3145 convenire,
2507 3076 2739 3147 primum
2786 3076 3114 3152 meminerit,
3153 3077 3275 3147 quia
3326 3077 3539 3133 Patrem
3572 3078 3744 3151 Moysi

2162 3167 2474 3238 apparuisse
2510 3165 2791 3240 fatebitur;
2834 3162 3051 3231 deinde,
3102 3168 3224 3236 quia
3255 3168 3301 3224 si
3330 3168 3401 3222 ibi
3441 3169 3494 3223 in
3526 3171 3742 3239 propria

2090 3284 2134 3346 ρ
2165 3255 2461 3311 substantia
2492 3252 2651 3308 Pater
2694 3254 2960 3346 apparuit,
3018 3268 3146 3322 ergo
3172 3254 3335 3310 Pater
3372 3257 3597 3312 visibilis
3623 3257 3745 3313 fuit.

2166 3346 2318 3414 Quod
2344 3347 2389 3402 si
2419 3348 2578 3401 etiam
2608 3361 2751 3401 nunc
2776 3344 3000 3401 visibilis
3046 3355 3344 3416 permanet,
3385 3346 3495 3417 jam
3528 3364 3634 3403 non
3663 3355 3750 3404 est

2164 3437 2442 3508 corporeis
2487 3436 2656 3492 oculis
2690 3436 2968 3491 invisibilis
2998 3436 3166 3500 Deus;
3198 3437 3242 3491 si
3269 3446 3446 3491 autem
3479 3446 3605 3490 tunc
3633 3439 3751 3505 qui-

2166 3527 2287 3583 dem
2324 3528 2751 3583 substantialitcr
2777 3527 2942 3595 visus,
2973 3527 3306 3597 postmodum
3347 3527 3623 3581 invisibilis
3653 3543 3751 3597 pu-

2165 3624 2311 3673 tatur
2337 3616 2588 3674 effectus:
2608 3631 2736 3686 ergo
2752 3617 3042 3695 Deus‘ante
3062 3617 3403 3671 mutabilitati
3441 3616 3744 3687 suhjacens,

2167 3706 2514 3778 imperfectus
2555 3707 2740 3775 utique
2777 3706 2906 3771 fuit,
2947 3714 3003 3762 et
3049 3706 3391 3776 postmodum
3421 3717 3446 3745 ι
3478 3723 3574 3778 per
3618 3724 3749 3779 pro-

2166 3793 2362 3849 fectum
2395 3795 2740 3850 immutabilis
2768 3795 2958 3862 factus,
2988 3804 3183 3850 statum
3209 3796 3379 3866 plenae
3402 3795 3750 3866 perfectionis

2167 3886 2395 3957 accepit.
2428 3886 2583 3953 Quod
2621 3887 2665 3942 si
2703 3903 2769 3943 ex
2800 3887 3114 3958 imperfecto
3150 3890 3419 3960 per‘fertus
3447 3898 3528 3945 est
3554 3888 3747 3953 factus.

2165 3980 2485 4051 quaerendus
2513 3987 2596 4035 est
2623 3980 2759 4035 alius
2782 3980 2874 4048 qui
2904 3996 3121 4050 semper
3147 3980 3306 4035 fuisse
3343 3980 3609 4049 perfectus
3630 3996 3753 4037 cre-

2165 4069 2344 4137 datur,
2387 4086 2416 4124 a
2446 4085 2554 4140 quo
2586 4070 2686 4125 iste
2721 4071 2814 4139 qui
2842 4069 3186 4140 imperfectus
3216 4068 3314 4123 fuit
3341 4069 3538 4123 donum
3569 4069 3752 4140 perfe-

2165 4160 2361 4216 ctionis
2387 4160 2593 4230 accepit
2624 4160 2717 4226 (at.
2748 4158 3058 4231 acceperit).

2164 4271 2345 4328 CAPUT
2377 4289 2445 4327 xl.
2481 4272 2621 4326 Deus
2651 4269 2921 4325 invisibilis
2961 4273 3015 4325 in
3037 4287 3128 4343 se,
3169 4289 3260 4343 per
3288 4271 3567 4343 subjectum
3598 4291 3750 4329 crea-

2239 4354 2406 4397 turam
2430 4343 2694 4411 visibiliter
2720 4343 2978 4411 apparuit.
3024 4340 3174 4394 Sicut
3195 4340 3360 4395 Pater
3378 4340 3467 4396 'es't
3496 4345 3748 4399 immuta-

2236 4413 2373 4478 bilis,
2404 4413 2478 4465 ita
2502 4421 2552 4465 et
2581 4410 2770 4464 Filius.

2241 4530 2283 4596 ι
2297 4526 2399 4597 19
2416 4523 2474 4579 Si
2494 4539 2625 4579 vero
2646 4524 2762 4579 hmo
2786 4522 3103 4579 Christianae
3125 4532 3336 4580 mentes
3358 4540 3621 4597 auresque
3641 4543 3754 4584 non

477 4631 643 4694 atque
671 4623 1057 4679 immutabilem
1080 4622 1198 4677 Filii
1220 4621 1316 4678 Dei
1344 4623 1715 4690 substantiam,
1744 4632 1799 4680 et
1825 4625 1878 4679 iu
1900 4640 2063 4680 carne
2091 4654 2141 4714 Β
2168 4616 2418 4714 tolerant,
2450 4613 2705 4714 credatur
2732 4612 2874 4668 Deus
2907 4629 3178 4684 nunquam
3209 4630 3307 4685 per
3326 4617 3597 4686 propriam
3621 4617 3753 4672 visi-

479 4717 719 4787 passibili
749 4716 1054 4787 passionem
1079 4717 1400 4786 suscepisse,
1427 4724 1483 4770 ει
1514 4731 1636 4772 cum
1666 4732 1829 4772 came
1857 4717 2065 4787 passio-
2091 4703 2134 4714 ”
2164 4705 2343 4760 biliter
2363 4703 2669 4761 hominibus
2682 4706 2994 4775 apparuisse
3011 4706 3385 4773 substantiam,
3400 4709 3492 4761 sed
3518 4723 3616 4778 per
3628 4710 3757 4762 sub-

478 4825 601 4863 nem
632 4807 834 4864 sentire
862 4822 970 4862 non
999 4806 1258 4877 potuisse.
1284 4806 1435 4877 Quod
1459 4807 1641 4875 utique
1660 4806 1852 4862 beatus
1873 4807 2062 4862 Petrus

476 4901 530 4953 in
564 4899 793 4954 veritate
821 4897 1017 4952 divina:
1069 4896 1433 4967 inspirationis
1461 4895 1764 4962 confirmat,
1811 4906 1867 4950 et
1894 4895 2057 4951 dicit:

475 4990 681 5044 Christo
710 4991 869 5061 igitur
894 4991 950 5043 in
980 5005 1138 5042 carne
1180 5003 1353 5059 passo,
1399 4994 1447 5040 et
1494 5003 1581 5039 eos
1627 4986 1806 5040 eadem
1844 4987 2063 5039 scientia

473 5080 755 5135 armamini
787 5078 840 5148 (Ι
868 5079 1011 5134 Petr.
1045 5096 1119 5142 tv,
1160 5077 1234 5146 1).
1278 5075 1401 5142 Qui,
1431 5075 1477 5130 si
1505 5075 1667 5129 sciret
1691 5074 1890 5130 Christi
1918 5075 2059 5130 divi-

475 5172 702 5226 nitatem
755 5172 918 5227 fuisse
973 5168 1297 5241 passibilem,
1349 5166 1648 5223 suffecisset
1702 5176 1760 5222 ut
1804 5168 2054 5223 diceret:

470 5263 680 5318 Christo
723 5264 883 5334 igitur
916 5277 1090 5334 passo,
1142 5273 1244 5315 nec
1285 5257 1597 5326 addidisset,
1643 5260 1698 5312 in
1726 5274 1899 5313 carne.
1951 5258 2059 5315 Sed

473 5356 729 5425 quoniam
761 5361 1007 5421 noverat,
1038 5353 1091 5406 in
1119 5364 1228 5406 uno
1255 5349 1555 5419 eodemque
1578 5349 1811 5415 Christo,
1863 5358 1918 5405 et
1945 5365 2063 5421 pas-

473 5447 685 5502 sihilem
736 5453 863 5501 ante
900 5450 1129 5498 mortem
1169 5438 1332 5495 fuisse
1370 5439 1661 5495 humanam
1698 5447 1962 5505 naturam,
2001 5447 2060 5494 et

473 5537 862 5607 impassibilem
893 5549 1107 5604 semper
1152 5530 1386 5588 divinam
1416 5546 1636 5586 manere
1677 5531 2055 5595 substantiam,

471 5638 759 5698 propterea
781 5628 1053 5683 Christum
1077 5640 1294 5697 passum
1332 5621 1530 5678 fatetur
1575 5625 1627 5680 in
1675 5637 1858 5688 carne,
1907 5621 2060 5691 cujus

472 5718 811 5775 divinitatem
832 5725 1054 5774 noverat
1080 5730 1299 5786 prorsus
1320 5713 1699 5783 impassibilem
1720 5727 2056 5784 permanere.

2157 4794 2358 4865 jectam
2391 4794 2552 4867 (sicut
2582 4796 2700 4866 ipse
2727 4793 2919 4867 voluit)
2943 4803 3275 4861 creaturam;
3301 4804 3355 4851 et
3385 4798 3587 4867 pariter
3616 4798 3759 4851 invi-

2160 4884 2333 4941 sibilis
2353 4928 2368 4954 ,
2400 4886 2540 4940 sicut
2566 4883 2748 4949 Pater,
2779 4885 3030 4941 credatur
3046 4870 3111 4940 et
3137 4885 3320 4953 Filius,
3351 4886 3463 4955 qui,
3497 4886 3637 4940 sicut
3665 4887 3754 4939 in-

2162 4979 2479 5049 temporalis
2517 4993 2842 5049 permanens
2866 5018 2882 5043 ,
2926 4978 3102 5048 potuit
3144 4979 3459 5048 temporalia
3495 4976 3751 5039 condi-re,

2165 5072 2245 5128 sic
2273 5071 2557 5127 invisibilis
2594 5086 2939 5142 permanens,
2972 5072 3147 5141 putuit
3172 5071 3224 5124 in
3255 5071 3336 5125 his
3367 5086 3486 5139 quae
3523 5070 3753 5124 visihilia

2165 5162 2406 5217 condidit
2432 5160 2714 5217 visibiliter
2741 5175 3022 5231 apparere.
3050 5159 3287 5215 Tametsi
3312 5174 3553 5230 personae
3576 5156 3755 5214 Patris

2164 5256 2466 5327 a‘quolibet
2491 5255 2793 5324 assignetur
2814 5254 2901 5309 hic
2926 5254 3076 5308 locus
3095 5268 3204 5321 quo
3229 5252 3424 5307 dicitur
3452 5270 3464 5305 :
3499 5248 3611 5321 Ego
3633 5266 3753 5305 sum

2162 5351 2247 5422 qui
2276 5365 2419 5413 sum,
2453 5363 2552 5404 nec
2576 5344 2653 5404 sic
2682 5347 2847 5403 Filius
2875 5346 2942 5402 ab
2970 5345 3272 5416 :equalitate
3302 5343 3754 5400 immutabilitatis

2163 5447 2402 5510 paternae
2430 5438 2668 5495 creditur
2694 5436 3078 5494 secernendus.
3104 5435 3390 5503 Quoniam,
3422 5435 3560 5490 sicut
3586 5432 3754 5489 Pater

2166 5529 2295 5586 dicit
2323 5547 2335 5583 :
2363 5528 2475 5601 Ego
2504 5545 2616 5584 sum
2636 5530 2722 5599 qui
2751 5543 2883 5592 sum,
2910 5527 2986 5582 sic
3015 5526 3084 5583 de
3109 5526 3243 5581 Filio
3274 5524 3404 5581 dicit
3433 5523 3750 5595 Apostolus,

2166 5621 2305 5677 sicut
2332 5635 2491 5691 supra
2516 5620 2792 5691 posuimus
2821 5637 2833 5672 :
2867 5617 2992 5673 Non
3023 5620 3138 5688 fuit,
3176 5618 3266 5673 Est
3288 5618 3338 5672 et
3357 5615 3411 5670 Ν
3415 5633 3501 5681 on,
3533 5615 3625 5671 sed
3650 5614 3752 5671 Est

2169 5713 2223 5765 in
2261 5711 2353 5767 illo
2381 5712 2502 5783 fuit.
2533 5709 2602 5766 Et
2631 5726 2842 5766 rursum
2869 5729 2883 5764 :
2912 5709 2952 5766 Τ
2955 5727 2985 5763 u
3017 5719 3188 5765 autent
3216 5709 3351 5764 idem
3376 5724 3451 5762 es.
3482 5705 3617 5763 Cum
3648 5706 3753 5761 ita-

549 5886 803 5992 ιιιιωέ.
826 5916 988 5976 Corb.
1009 5933 1023 5987 ;
1048 5924 1104 5973 at
1123 5916 1272 5986 editi,
1294 5923 1340 5969 et
1361 5914 1706 5988 postmodum,
1730 5916 2035 5990 perfectum,
2062 5913 2395 5973 immutabilis
2426 5915 2615 5989 factus,
2650 5922 2839 5970 statum
2849 5954 2872 5988 ,ἠ
2893 5919 2996 5968 etc.
