4026 6336
268 440 371 503 277

1440 386 1447 395 ’
1500 431 1589 486 AD
1626 423 2123 486 TRASIMUNDUM
2167 415 2289 478 LIB.
2330 418 2420 478 ill.

3425 408 3567 467 ξιτατ

266 573 372 629 que
408 553 540 610 illud
569 551 837 621 singulare
863 565 978 617 ess,
1011 549 1150 604 sicut
1178 545 1445 602 invenitur
1476 545 1533 621 in
1560 542 1741 607 Patre,
1770 541 1847 595 sic
1877 547 1918 602 Α
1949 540 2266 629 (ξίοίιιιιι-,Διιι
2293 533 2454 591 etiam
2473 529 2794 629 Philippus,
2827 541 3044 629 que-nia
3071 522 3357 629 .liazape‘tb

270 618 571 718 reperiatur
594 618 838 710 in'Filio,
861 651 952 698 aut
979 650 1205 711 uterque
1227 618 1573 694 immutabilis
1594 634 1850 698 creditur,

271 714 361 791 aut
383 732 614 804 uterque
634 733 979 789 mutabilitati
1006 731 1272 787 subditur.
1299 728 1404 784 Sed
1426 726 1679 797 quoniam
1702 723 1856 779 valde
1904 714 1909 721 ‘

266 823 495 894 hnpium
521 832 611 880 cst
637 832 698 877 ut
723 822 938 878 Patrem
966 820 1278 875 mutabilem
1304 818 1563 881 dicamus,
1609 814 1715 869 hoc
1741 812 1856 867 sine

273 913 436 968 dubio
479 914 625 984 pium
658 921 745 968 est
771 922 852 980 ut,
881 913 1023 967 sicut
1068 904 1456 966 immutabilem
1488 905 1703 959 Patrem
1724 945 1738 967 ,
1780 902 1859 957 sic

270 1004 662 1058 immutabilem
691 1002 881 1071 Filiutn
924 1000 1310 1072 prcedicemus;
1343 1002 1399 1051 et
1439 996 1482 1049 si
1513 991 1859 1048 immutabilis

269 1104 353 1151 est
374 1095 627 1151 divinitas
650 1093 792 1159 Filii,
822 1090 952 1146 nihil
980 1090 1032 1145 ei
1060 1089 1242 1157 utique
1267 1085 1495 1141 accessit
1524 1091 1614 1138 aut
1632 1081 1861 1136 decessit

274 1187 328 1241 in
354 1195 622 1256 tempore,
651 1183 906 1253 quoniam
937 1179 1067 1234 nihil
1088 1174 1459 1232 mutabilitatis
1483 1171 1693 1241 recipit,
1716 1167 1860 1238 quod

273 1276 610 1332 immutabile
657 1273 891 1329 naturali
920 1270 1150 1327 veritate
1178 1267 1440 1341 subsistit.
1481 1264 1668 1318 Restat
1702 1261 1861 1330 igitur

278 1374 335 1420 ut
371 1365 716 1423 disinitatem
759 1360 1003 1425 Christi,
1046 1373 1206 1428 quam
1253 1353 1859 1410 immutabilem-sancta

277 1455 558 1526 Scriptura
582 1450 947 1515 commendat,
978 1448 1056 1504 sic
1075 1459 1290 1517 passam
1310 1444 1574 1497 fateamur
1600 1439 1654 1492 in
1674 1452 1857 1501 carne,

278 1555 336 1601 ut
361 1560 485 1600 eam
512 1552 695 1597 tamen
721 1541 1009 1596 credamus
1037 1549 1375 1607 compassam
1415 1548 1521 1587 non
1551 1530 1712 1585 fuisse
1739 1543 1859 1583 cum

278 1649 463 1690 carne.
493 1632 621 1687 Ideo
649 1631 792 1686 enim
836 1628 978 1683 Deus
1020 1628 1074 1682 in
1119 1639 1282 1682 carne
1330 1637 1517 1693 passus
1567 1628 1685 1685 est,
1736 1618 1862 1689 quin

278 1722 589 1796 passibilem
632 1737 850 1779 carnem
880 1720 1021 1775 Deus
1050 1718 1284 1787 accepit;
1335 1715 1456 1769 ideo
1486 1724 1668 1768 autem
1713 1709 1861 1764 carni

279 1830 594 1885 compassus
622 1828 729 1868 non
755 1820 859 1878 est,
917 1810 1042 1879 quia
1072 1809 1125 1863 in
1157 1820 1321 1863 carne
1351 1805 1591 1875 patiens,
1620 1801 1863 1871 impassi-

279 1905 401 1960 bilis
424 1913 620 1959 natura
638 1902 817 1958 divina
841 1899 1153 1973 permansit.
1182 1897 1533 1952 Communem
1558 1893 1859 1963 passionem
1896 1916 1938 1974 Β

283 1997 578 2052 divinitatis
598 2003 654 2051 et
681 1995 857 2052 carnis
885 1994 1079 2049 unitas‘
1107 2004 1351 2062 persona:
1381 1988 1509 2042 fecit
1541 1986 1594 2038 in
1624 1983 1860 2050 Christo,

285 2101 391 2140 non
420 2084 616 2139 divinas
638 2085 988 2152 humanaeque
1008 2090 1209 2135 natura:
1237 2076 1496 2133 confusio.

283 2176 464 2234 Carm
488 2193 583 2232 xu.
619 2178 841 2247 Propter
860 2178 1110 2230 unitatem
1138 2185 1379 2247 personis
1400 2170 1655 2224 Dominus
1685 2165 1864 2238 gloria:

424 2243 921 2317 diciturcru'ciﬁxus
942 2254 991 2299 et
1019 2255 1199 2298 auctor
1220 2244 1336 2297 rita:
1364 2243 1717 2309 interemptus.

358 2339 463 2396 Per
492 2340 630 2396 hanc
668 2341 931 2394 unitatem
954 2353 1195 2409 personm
1225 2336 1481 2389 Dominus
1503 2333 1686 2401 gloriae
1724 2344 1861 2384 assc-

291 2434 423 2488 ritur
456 2431 766 2495 cruciﬁxus,
797 2430 1008 2485 dicente
1037 2430 1197 2484 beato
1242 2425 1410 2480 Paulo
1454 2442 1467 2478 :
1502 2424 1564 2479 Si
1601 2424 1738 2476 enim
1777 2437 1867 2473 co-

294 2523 580 2594 gnmissent
605 2564 621 2591 ,
665 2538 925 2593 nunquam
964 2519 1243 2574 Dominum
1279 2518 1463 2589 gloria:
1495 2513 1871 2582 cruciﬁxissent

294 2613 346 2685 (Ι
367 2611 486 2670 Cor.
523 2631 579 2681 ιι,
612 2613 689 2685 8).
722 2612 950 2684 Ρδιυριει*
970 2613 1110 2667 hanc
1134 2612 1393 2665 unitatem
1417 2621 1659 2677 persona:
1685 2612 1872 2657 auctor

290 2707 408 2761 vita:
447 2706 649 2763 dicitur
678 2706 1053 2775 interemptus,
1080 2705 1218 2758 sicut
1256 2701 1309 2755 in
1339 2699 1561 2754 Actibus
1598 2693 1869 2764 apostolo-

198 2849 203 2854 .
292 2811 407 2850 rum
459 2794 655 2851 Petrus
683 2793 895 2851 Judmos
938 2795 1180 2863 increpat
1216 2792 1400 2846 dicens
1429 2807 1443 2841 :
1476 2786 1544 2841 Et
1576 2785 1771 2858 petistis
1803 2785 1873 2837 ri-

291 2902 401 2939 rum
430 2885 748 2941 homicidam
788 2885 976 2940 donari
1004 2883 1164 2949 vobis,
1193 2891 1452 2935 auctorem
1492 2894 1608 2932 vero
1647 2876 1763 2943 vitta
1792 2875 1875 2927 in-

294 2975 566 3030 teremistis
598 2975 734 3045 (Act.
769 2991 846 3039 tn,
890 2972 977 3039 li,
1029 2973 1142 3042 15).
1186 2970 1317 3039 Quis
1361 2976 1541 3024 autem
1583 2964 1879 3036 quemlibet

294 3062 567 3121 hominem
592 3064 718 3119 vita:
745 3071 1021 3119 auctorem
1050 3063 1274 3129 diceret,
1304 3062 1403 3116 nisi
1429 3076 1528 3132 pro
1554 3059 1710 3114 nobis
1739 3058 1878 3113 Deus

295 3152 570 3211 hominem
590 3156 948 3225 suscepisset?
977 3154 1055 3214 Es
1074 3170 1181 3225 quo
1205 3154 1365 3223 igitur
1385 3153 1528 3208 Deus
1553 3153 1673 3207 vita:
1692 3158 1881 3206 auctor

297 3244 574 3300 hominem
610 3245 667 3300 in
694 3246 958 3301 unitatem
997 3261 1241 3316 persona:
1284 3248 1547 3314 suscepit,
1588 3258 1657 3299 ex
1696 3259 1762 3298 eo
1790 3242 1881 3296 ille

296 3334 458 3390 homo
482 3350 686 3391 nomen
705 3335 827 3390 vitta
847 3335 1081 3390 auctoris
1102 3334 1360 3400 obtinuit;
1383 3334 1523 3388 sicut
1540 3348 1607 3387 ex
1629 3346 1716 3398 eo,
1738 3329 1883 3401 quod

299 3422 389 3481 Dei
419 3425 591 3482 Filius
609 3426 884 3483 hominem
911 3426 1148 3496 suscepit
1175 3426 1228 3480 in
1251 3434 1405 3481 utero
1425 3424 1690 3494 virginali,
1721 3439 1787 3479 ex
1818 3438 1885 3478 eo

299 3518 453 3573 simul
496 3517 660 3584 Deus,
707 3525 763 3572 et
804 3518 968 3573 homo
997 3532 1137 3572 uitus
1167 3517 1332 3587 cmpit
1372 3515 1468 3570 Dei
1513 3514 1677 3569 Filius
1708 3514 1883 3569 nomi-

303 3611 413 3664 nari
439 3651 455 3675 ,
500 3609 696 3677 angelo
723 3601 937 3665 dicente
974 3608 1041 3664 ad
1078 3607 1304 3663 Mariam
1350 3625 1365 3662 :
1399 3608 1630 3678 Spiritus
1677 3614 1886 3660 sanctus

304 3699 625 3768 superveniet
651 3698 707 3750 in
738 3706 802 3763 te,
834 3705 885 3750 et
906 3698 1066 3751 virtus
1108 3695 1363 3750 Altissimi
1403 3693 1727 3750 obumbrabit
1767 3691 1885 3757 tibi,

304 3786 519 3859 ideoque
542 3787 682 3860 quod
708 3796 949 3842 nascetur
976 3804 1042 3842 ex
1066 3792 1116 3841 te
1143 3797 1400 3853 sanctum,
1431 3785 1694 3840 vocabitur
1721 3782 1890 3838 Filius

308 3873 402 3930 Dei
432 3874 588 3948 (Luc.
612 3893 650 3939 ι,
680 3876 795 3935 55).
827 3876 903 3932 De
930 3892 1038 3947 quo
1064 3877 1227 3931 etiam
1256 3876 1417 3946 paulo
1443 3876 1692 3946 superius
1718 3874 1890 3929 eidem

312 3966 403 4037 (at.
448 3967 617 4039 idem)
645 3967 847 4037 Virgini
877 3966 1008 4023 dicit
1037 3986 1050 4022 :
1086 3968 1221 4023 Ecce
1261 3969 1517 4039 concipies
1559 3967 1613 4021 in
1643 3976 1814 4032 utero,
1846 3973 1932 4020 et-

313 4059 482 4126 paries
513 4057 729 4125 Filium,
759 4067 808 4113 et
831 4060 1036 4114 vocabis
1066 4075 1249 4115 nomen
1281 4059 1393 4130 ejus
1436 4057 1635 4113 Iesum.
1669 4057 1770 4111 Hic
1799 4059 1897 4112 erit

316 4167 552 4223 magnus,
581 4160 633 4205 et
655 4149 826 4205 Filius
855 4152 1106 4205 Altissimi
1126 4150 1389 4206 vocabitur
1412 4148 1599 4220 (Ibid.,
1634 4149 1748 4220 ⁸51).
1780 4148 1895 4203 Non

272 4256 281 4273 '
313 4243 486 4300 solum
512 4258 645 4325 vero
673 4241 838 4298 Filius
876 4242 1009 4309 Dei,
1057 4242 1351 4299 secundum
1382 4241 1433 4296 id
1462 4241 1606 4310 quod
1637 4248 1792 4297 natus
1817 4248 1900 4296 est

314 4333 382 4390 de
407 4335 649 4401 homine,
696 4334 870 4390 dictus
898 4342 983 4389 est
1007 4332 1271 4399 Christus,
1317 4348 1499 4389 rerum
1529 4333 1691 4387 etiam
1735 4332 1898 4387 homo

315 4425 405 4485 ille
432 4427 575 4483 Deus
600 4426 815 4492 dicitur,
855 4428 1012 4498 120
1038 4442 1138 4496 pro
1167 4441 1233 4482 eo
1261 4425 1404 4495 quod
1448 4432 1532 4480 est
1579 4440 1609 4479 a
1639 4423 1753 4479 Deo
1782 4438 1900 4477 sus-

317 4529 538 4591 ceptus,
586 4517 734 4590 quod
781 4518 934 4573 nobis
980 4517 1343 4573 indubitanter
1387 4515 1722 4570 Psalmorum
1764 4513 1901 4567 liber

320 4609 571 4673 ostendit,
590 4609 645 4664 in
668 4608 990 4679 quo‘ilicitur
1015 4627 1028 4662 :
1055 4607 1291 4661 Throuus
1315 4615 1449 4669 tuus,
1474 4602 1628 4671 Deus,
1653 4606 1708 4657 in
1732 4620 1952 4701 saera»!

320 4699 423 4752 tutu
449 4699 647 4764 secuti,
690 4699 835 4768 virga
862 4699 1142 4769 aequitatis,
1169 4697 1313 4768 rirga
1350 4696 1505 4766 regni
1536 4697 1628 4748 tui.
1658 4693 1902 4748 Dilexisti

318 4791 606 4859 justitiam,
649 4798 699 4843 et
745 4789 901 4843 odisti
945 4789 1272 4861 iniquitatem
1313 4803 1335 4840 :
1360 4795 1633 4856 prapterea
1677 4786 1826 4838 unxit
1858 4793 1904 4836 te

324 4880 477 4945 Deus,
508 4880 647 4935 Deus
691 4889 805 4934 tuus
832 4882 943 4935 oleo
986 4879 1378 4943 exsultationis,
1410 4892 1534 4948 .pne
1572 4875 1905 4945 partiripibus

325 4974 418 5026 tuis
445 4971 619 5040 (Psal.
644 4987 789 5037 xuv,
816 4972 866 5037 7,
901 4970 980 5041 8).

356 5061 532 5118 Carus
574 5079 691 5118 xm.
726 5062 914 5117 Unctio
950 5079 1148 5135 quoque
1177 5062 1248 5135 ad
1263 5062 1538 5135 _Itomiuem
1567 5058 1837 5129 referenda
1856 5096 1871 5122 ,

560 5152 565 5155 ·
774 5135 944 5204 potius
965 5131 1125 5204 quam
1155 5134 1225 5186 ad
1258 5131 1439 5185 Deum.

395 5224 540 5284 Hanc
577 5234 760 5282 autem
799 5226 1108 5282 unctionem
1139 5224 1206 5279 ad
1253 5225 1524 5279 hominem
1564 5222 1743 5293 potius
1770 5219 1908 5275 refe-

323 5322 560 5384 rendam,
585 5319 781 5373 beatus
810 5318 1000 5377 Petrus
1026 5317 1262 5373 ostendit
1280 5316 1464 5371 dicens
1495 5333 1507 5367 :
1536 5313 1713 5368 Iesum
1734 5330 1766 5366 a
1790 5311 1909 5366 Na-

326 5409 494 5463 sareth
517 5451 542 5477 ,
572 5425 726 5480 quem
774 5410 924 5463 unxit
978 5406 1113 5461 Deus
1161 5405 1363 5477 Spiritu
1412 5414 1593 5459 sancto
1639 5412 1688 5458 et
1727 5404 1911 5457 virtute

328 5496 461 5567 (Act.
494 5516 563 5569 ιν
578 5498 693 5570 '58).
726 5498 858 5566 Qum
885 5498 1046 5567 igitur
1074 5512 1103 5551 a
1134 5495 1418 5559 Nazarcth,
1450 5494 1549 5549 nisi
1592 5494 1825 5548 humana
1855 5492 1909 5546 in

329 5584 536 5646 Christo
575 5599 766 5645 natura
813 5589 991 5660 potuit
1035 5587 1314 5657 praedicari
1335 5587 1369 5641 ?-
1406 5585 1537 5640 Nam
1569 5585 1832 5638 intantum
1879 5596 1910 5635 ιι

328 5677 608 5747 Nazaretb,
651 5696 759 5736 non
780 5679 1030 5735 divinitas
1058 5678 1278 5743 Christi,
1309 5676 1404 5733 sed
1434 5675 1740 5731 humanitas
1770 5688 1951 5757 pne-s

326 5909 337 5919 .
405 5874 428 5899 ⁸
454 5864 577 5919 Mss.
609 5865 773 5918 θοι-ἲν.
803 5871 859 5916 et
881 5832 1114 5926 Tillium,
1148 5858 1400 5930 quidquid
1428 5856 1680 5930 illudest.

403 5932 429 5974 δ
790 5912 1325 6001 nitidam},
1346 5912 1457 5985 non
1475 5928 1671 6010 potuit;
1698 5923 1792 5987 sed
1821 5924 1900 5982 lc-
1944 5997 1949 6000 ᾔ

1956 625 2155 696 Ioseph
2178 625 2342 679 ﬁlium
2371 622 2662 678 aestimaret
2687 637 2699 673 :
2724 620 2862 674 sicut
2882 619 2949 673 ad
2969 611 3262 672 Natbanael
3291 614 3536 683 loquens,

1959 715 2120 782 Quem
2148 716 2358 787 scripsit
2395 711 2603 784 Moyses
2632 710 2845 783 (inquit)
2877 718 2925 764 et
2947 709 3232 780 prop/tetas,
3256 707 3541 760 invenimus

1955 808 2133 862 Iesum
2155 807 2317 878 ﬁliam
2340 804 2533 872 Ioseph
2555 820 2587 857 a
2609 801 2878 856 Nazareth
2909 799 3089 874 (Ioan.
3115 817 3151 865 ι,
3184 797 3297 863 46).
3324 796 3421 852 Hic
3447 797 3543 865 igi-

1955 909 2046 953 tur
2072 899 2160 968 qni
2192 897 2395 968 Spiritu
2423 903 2608 950 sancto
2638 902 2831 949 unctus
2868 890 3082 954 dicitur,
3110 888 3253 944 Deus
3284 886 3545 942 Davidico

1958 990 2196 1045 carmine
2245 987 2587 1051 nominatur;
2636 984 2866 1053 qualiter
2895 990 3072 1037 autem
3112 981 3276 1034 homo
3315 978 3405 1032 ille
3450 977 3547 1031 ha—

1959 1083 2088 1137 bere
2118 1081 2297 1152 potuit
2319 1079 2410 1133 Dei
2438 1093 2655 1141 nomen,
2676 1075 2780 1129 nisi
2800 1074 3050 1144 quoniam
3071 1087 3103 1125 a
3131 1070 3243 1126 Deo
3267 1074 3547 1137 susceptus

1960 1188 2121 1228 unam
2155 1187 2277 1227 cum
2304 1186 2370 1225 eo
2400 1167 2639 1240 possedit
2658 1166 2890 1221 nominis
2915 1161 3264 1231 dignitatem?
3286 1157 3392 1214 Sed
3420 1159 3464 1214 si
3491 1157 3548 1212 in

1962 1277 2028 1316 eo
2049 1261 2191 1330 quod
2214 1259 2412 1314 dicitur
2436 1276 2450 1311 :
2480 1256 2643 1312 Unxit
2668 1265 2714 1309 te
2734 1255 2892 1320 Deus,
2918 1254 3050 1307 Deus
3073 1262 3189 1306 tuus
3210 1250 3378 1324 (Psal.
3401 1265 3542 1315 κων,

1960 1353 2037 1422 8),
2069 1352 2247 1407 divina
2277 1350 2515 1406 creditur
2542 1346 2852 1417 accipienda
2885 1354 3092 1409 natura,
3125 1345 3177 1397 in
3201 1359 3303 1412 qua
3330 1349 3548 1413 putatur

1962 1444 2131 1499 Filius
2152 1460 2182 1497 a
2206 1442 2315 1498 Deo
2345 1450 2556 1504 unctus,
2590 1440 2736 1508 eguit
2758 1438 3001 1509 profecto
3026 1437 3167 1491 Deus
3187 1452 3344 1491 verus
3358 1436 3551 1491 sancti-

1964 1535 2226 1589 ﬁcationis
2254 1548 2509 1601 munere,
2536 1532 2846 1603 priusquam
2878 1530 3040 1585 homo
3069 1545 3227 1584 verus
3256 1529 3396 1583 idem
3428 1544 3550 1583 nas-

1963 1632 2176 1681 ceretur
2201 1623 2253 1677 in
2283 1638 2464 1678 carne.

1962 1717 2146 1773 CAPUT
2197 1736 2303 1773 xuv.
2337 1716 2490 1771 Nihil
2535 1716 2759 1771 medium
2796 1707 2930 1769 inter
2985 1713 3199 1768 Putrem
3227 1721 3276 1767 et
3323 1712 3547 1778 Filium,

2035 1806 2127 1858 per
2166 1789 2302 1858 quod
2324 1787 2494 1859 Filius
2521 1797 2816 1859 angeretur.
2842 1785 3102 1839 Christum
3124 1784 3401 1838 secundum
3430 1799 3549 1837 car-

2038 1857 2151 1913 nem
2179 1857 2326 1912 unxit
2360 1857 2517 1912 Deus.

2038 1948 2254 2002 Dicatur
2281 1962 2409 2015 ergo
2438 1946 2563 2017 quid
2602 1946 2777 2016 potuit
2806 1960 2926 2000 esse
2953 1945 3052 2000 Dei
3098 1945 3235 1999 Filio
3275 1947 3514 2003 sanctius
3533 1982 3550 2010 .

1963 2038 2115 2107 cujus
2146 2039 2399 2093 unctione
2426 2038 2782 2092 sanctiﬁcatio
2813 2038 2907 2101 illi,
2934 2032 3025 2090 aut
3052 2037 3270 2091 daretur
3299 2046 3423 2092 ante
3448 2052 3555 2093 non

1965 2131 2166 2195 habita,
2211 2138 2303 2184 aut
2332 2128 2704 2199 perﬁceretur,
2745 2145 2865 2199 qua:
2895 2130 3069 2185 inerat
3113 2128 3461 2199 imperfecta?
3490 2128 3559 2183 Et

1964 2221 2013 2276 si
2043 2219 2470 2291 aliquid/dicitur
2497 2220 2592 2274 Dei
2621 2220 2759 2274 Filio
2799 2220 2990 2275 melius
3017 2220 3129 2288 (cui
3157 2220 3331 2275 solum
3369 2219 3559 2291 praefe-

1968 2309 2192 2364 rendmn
2228 2309 2540 2365 existimant
2567 2309 2826 2381 Patrem),
2854 2310 2969 2365 sine
2997 2309 3181 2375 dubio,
3207 2310 3464 2381 quidquid
3493 2309 3559 2363 il-

1973 2403 2060 2456 lud
2082 2411 2185 2471 est,
2211 2402 2356 2456 Patri
2386 2403 2695 2458 fatebuntur
2715 2403 2943 2469 mquale.
2963 2402 3071 2458 Sed
3094 2403 3206 2456 sive
3228 2408 3557 2471 comquctur,

1969 2493 2085 2547 sive
2113 2495 2274 2548 etiam
2323 2501 2681 2563 postponatur
2719 2493 2884 2559 Patri,
2943 2493 3078 2547 Filio
3120 2493 3360 2558 interim,
3408 2491 3562 2563 quid-

1972 2584 2100 2653 quid
2134 2593 2157 2620 ⁸
2190 2583 2333 2637 aliud
2359 2591 2460 2649 est,
2493 2583 2830 2653 praeferatur.
2874 2582 3075 2652 injuste
3104 2596 3232 2650 ergo
3272 2583 3324 2636 in
3353 2582 3562 2652 baptis-

1974 2682 2116 2727 mate
2161 2671 2306 2726 Patri
2349 2682 2404 2727 et
2443 2672 2579 2728 Filio
2616 2672 2847 2742 Spiritus
2886 2681 3105 2728 sanctus
3138 2672 3400 2742 jungitur,
3440 2687 3563 2728 cum
3604 2702 3627 2731 κ,

1975 2765 2154 2834 potius
2182 2763 2309 2818 illud
2339 2763 2585 2818 debuerit
2626 2763 2773 2819 Patri
2804 2764 3050 2833 Filioque
3086 2763 3374 2833 conjungi,
3418 2765 3564 2834 quod

1976 2860 2204 2930 potioris
2224 2859 2418 2913 merito
2446 2858 2891 2914 sanctiﬁcationis
2912 2858 3048 2914 Filio
3076 2857 3262 2913 debuit
3286 2857 3561 2928 anteponi.

1977 2951 2165 3018 Qualis
2192 2966 2324 3005 vero
2371 2950 2544 3005 virtus
2589 2950 2676 3004 illa
2723 2949 3015 3015 credetur,
3066 2964 3184 3018 qua:
3229 2947 3567 3002 divinitatem

1980 3044 2101 3098 Filii
2127 3043 2222 3097 Dei
2258 3043 2510 3097 unctione
2531 3040 2912 3107 sanctilicat'it,
2935 3050 2990 3096 et
3006 3040 3119 3108 ejns
3139 3054 3355 3094 carnem
3375 3037 3572 3093 sancti.

1983 3136 2145 3193 ﬁcare
2168 3152 2274 3192 non
2304 3135 2515 3207 potuit?
2538 3134 2670 3189 Nam
2697 3135 2881 3203 utique
2907 3133 2948 3188 si
2976 3140 3156 3203 posset
3176 3129 3449 3185 Christum
3472 3128 3574 3186 ho-

1984 3230 2182 3285 minem
2219 3229 2378 3300 plene
2407 3227 2766 3290 sanctilicare,
2803 3242 2909 3280 non
2938 3240 3076 3296 opus
3106 3232 3224 3279 erat
3253 3231 3312 3278 ut
3342 3236 3573 3292 ungere-

1987 3330 2075 3377 tur
2118 3330 2309 3376 sancto
2349 3319 2559 3391 Spiritu
2608 3327 2665 3374 et
2706 3319 2925 3373 virtute.
2968 3316 3293 3371 Attrndatur
3334 3329 3466 3384 ergo
3508 3328 3578 3369 ne

1984 3414 2231 3493 forsitan,
2263 3420 2321 3467 et
2343 3412 2462 3483 ipso
2493 3411 2589 3467 Dei
2617 3410 2776 3475 Filio,
2811 3417 2867 3465 et
2896 3409 2985 3463 illa
3017 3424 3122 3478 qua
3155 3418 3349 3495 unclqs
3377 3408 3579 3461 virtute

1987 3505 2207 3571 dicitur,
2235 3503 2417 3573 potior
2443 3510 2606 3571 atque
2646 3499 2886 3556 sanctior
2915 3497 3213 3553 credendus
3239 3499 3311 3552 sit
3348 3495 3580 3566 Spiritus

1988 3602 2206 3649 sanctus
2255 3610 2267 3647 :
2301 3593 2481 3648 Iesum
2524 3592 2667 3647 enim
2699 3607 2731 3643 a
2762 3587 3067 3655 Noun-eth,
3116 3588 3221 3643 hoc
3248 3596 3354 3649 est,
3387 3586 3581 3642 Filium
3630 3591 3643 3608 ’

1991 3685 2084 3739 Dei
2111 3683 2406 3739 secundum
2431 3696 2651 3738 carnem
2678 3723 2695 3749 ,
2741 3680 2886 3735 sicut
2911 3678 3057 3733 beati
3101 3677 3248 3733 Petri
3278 3675 3584 3732 manifestat

1992 3780 2242 3844 assertio,
2274 3780 2425 3834 unxit
2470 3776 2612 3832 Deus
2659 3776 2869 3848 Spiritu
2889 3783 3069 3829 sancto
3109 3782 3158 3828 et
3202 3773 3403 3827 virtute.
3429 3771 3585 3839 Quod

1993 3875 2038 3929 si
2076 3873 2243 3929 homo
2284 3870 2533 3928 Christus
2586 3870 2703 3925 sine
2730 3868 2904 3923 sancti
2950 3866 3182 3936 Spiritus
3228 3865 3394 3933 gratia
3426 3863 3587 3935 plene

1994 3960 2317 4020 sanctiﬁcari
2361 3976 2471 4017 non
2500 3958 2711 4031 potuit,
2738 3954 3006 4028 superﬂua
3035 3953 3246 4011 dicetur
3273 3953 3493 4010 collatio
3520 3952 3589 4007 il-

1998 4053 2100 4108 lius
2129 4051 2425 4109 unctionist
2461 4047 2534 4105 Si.
2566 4056 2747 4103 autem
2791 4047 2909 4102 sine
2949 4052 3140 4100 sancto
3184 4044 3391 4114 Spiritu
3429 4042 3590 4113 plene

1997 4140 2321 4199 sanctiﬁcari
2350 4139 2378 4179 δ
2407 4138 2587 4210 potuit
2608 4177 2633 4203 ,
2664 4145 2719 4192 et
2742 4135 2958 4208 plenam
2996 4132 3436 4190 sanctiﬁcationis
3462 4148 3588 4201 grai-

2000 4236 2129 4290 tiam
2158 4233 2276 4289 sine
2322 4230 2527 4302 Spiritu
2574 4236 2765 4284 sancto
2800 4230 2953 4298 121
2998 4223 3242 4281 Christus
3288 4223 3452 4278 homo
3480 4239 3588 4276 nun

1983 4318 2209 4393 habuit,
2240 4331 2300 4377 ut
2327 4330 2474 4393 pote,
2507 4336 2655 4393 quem
2687 4321 2847 4373 Pater
2893 4317 3258 4387 sanctiﬁcnrit,
3289 4325 3338 4369 et
3365 4317 3504 4369 misit
3532 4317 3589 4369 in

2002 4410 2455 4482 mundum-(10am
2499 4426 2555 4477 κ,
2581 4407 2716 4479 56),
2760 4415 2816 4461 et
2843 4406 2935 4475 qui
2984 4404 3051 4459 de
3093 4404 3271 4473 scipso
3302 4403 3479 4456 dixit:
3522 4401 3591 4455 Et

2002 4521 2096 4575 ego
2134 4502 2404 4571 sanctiﬁco
2447 4500 2699 4567 meipsum
2740 4495 2917 4570 (Ioan.
2963 4510 3105 4560 xvu,
3157 4492 3273 4563 19);
3320 4499 3375 4546 et
3403 4491 3454 4544 in
3484 4505 3593 4560 quo

2002 4592 2172 4647 sancti
2200 4592 2430 4662 Spiritus
2458 4586 2815 4643 sanctilicatio
2843 4584 3090 4642 similiter
3108 4582 3433 4652 agnoscitur,
3459 4594 3596 4648 quo-

2005 4683 2147 4737 niam
2179 4682 2327 4735 unxit
2362 4697 2478 4734 eum
2506 4677 2645 4732 Deus
2678 4677 2879 4747 Spiritu
2909 4683 3091 4729 sancto
3140 4683 3191 4726 et
3218 4673 3423 4736 virtute,
3454 4684 3596 4738 quo-

2007 4771 2169 4825 modo
2222 4769 2342 4838 quis
2390 4767 2649 4837 Spiritum
2697 4772 2947 4819 sanctum
2995 4763 3258 4816 minorem
3308 4759 3469 4813 Patre
3515 4758 3597 4813 vel

2007 4858 2143 4914 Filio
2184 4856 2347 4911 audet
2384 4855 2584 4917 dicere,
2618 4854 2736 4908 sine
2775 4868 2885 4923 quo
2920 4848 3365 4905 sanctiﬁcationis
3391 4848 3599 4919 perfec-

2011 4949 2214 5003 tionem
2240 4946 2387 5002 videt
2413 4953 2664 5002 constare
2696 4959 2801 4998 non
2841 4941 3039 5013 posse?
3067 4938 3206 5006 Quid
3235 4936 3416 4993 autem
3444 4936 3599 4993 dubi-

2015 5047 2159 5093 tatur
2185 5037 2288 5092 olei
2319 5035 2538 5091 nomine
2576 5033 2832 5105 Spiritum
2867 5038 3111 5086 sanctum
3151 5027 3596 5091 demonstratum,

2013 5146 2134 5185 cum
2169 5129 2335 5184 David
2359 5137 2413 5184 et
2439 5128 2657 5193 Petrus,
2696 5133 2806 5178 tum
2849 5122 2956 5177 olei
2984 5136 3143 5192 quam
3173 5118 3403 5190 Spiritus
3429 5118 3598 5174 sancti

2010 5219 2274 5277 vocabulo
2303 5258 2319 5285 ,
2360 5233 2522 5272 unum
2553 5214 2857 5286 prardiccnt'
2876 5212 3146 5269 unctionis
3187 5210 3476 5266 Dominicm
3509 5224 3599 5264 sa-

2012 5320 2346 5368 cramentum
2372 5311 2395 5364 ?
2423 5306 2591 5362 David
2620 5306 2764 5362 enim
2793 5304 2924 5361 dicit
2943 5322 2965 5358 τ
3004 5304 3165 5359 Unxit
3194 5312 3242 5357 te
3270 5301 3432 5367 Deus,
3462 5299 3600 5356 Deus

2012 5413 2127 5456 tuus
2156 5403 2267 5456 oleo
2290 5399 2668 5463 exsultationis,
2694 5414 2804 5467 pra:
2831 5395 3168 5468 participibus
3191 5394 3308 5458 tuis,
3333 5400 3390 5449 et
3416 5392 3602 5462 utique

2016 5491 2286 5546 hominem
2308 5486 2590 5557 signiﬁcat,
2615 5503 2734 5543 cum
2758 5485 3045 5557 participes
3065 5482 3339 5539 nominat:
3364 5498 3487 5537 nam
3514 5481 3601 5536 illa

2016 5583 2268 5638 divinitas
2304 5580 2426 5637 Filii
2472 5577 2569 5636 Dei
2619 5579 2817 5635 nullius
2870 5583 3134 5633 creaturis
3183 5575 3345 5630 habet
3384 5574 3605 5646 partici-

2020 5674 2164 5744 pium
2183 5716 2197 5743 ,
2227 5673 2350 5743 quia
2380 5688 2502 5728 cum
2532 5680 2780 5728 creatura
2832 5684 2936 5724 non
2984 5666 3148 5723 habet
3202 5666 3445 5722 naturale
3474 5681 3606 5722 con-

2007 5852 2260 5923 gendum,
2287 5861 2343 5908 ut
2374 5869 2503 5912 mss.
2538 5852 2743 5911 Victor.
2780 5857 2832 5906 et
2862 5847 3098 5919 'i‘huan.,
3129 5849 3320 5919 potuit.
