4072 6332
345 350 455 418 χω
1525 343 1582 401 s.
1613 334 1979 400 FULCENTll
2017 335 2387 416 RUSPENSIS
3000 306 3005 311 ’
3502 347 3618 408 τεο

349 472 578 527 sortium
608 487 621 522 :
656 467 796 523 Deus
844 480 972 534 ergo
1003 465 1055 518 in
1086 477 1246 517 carne
1275 467 1465 516 unctus
1494 468 1597 526 est,
1626 467 1685 514 ut
1735 458 1789 512 in
1841 457 1933 512 illo
1959 456 2006 517 Α
2039 453 2271 510 hominis
2293 472 2387 513 ore
2409 457 2617 512 laudari
2643 466 2855 529 poterat
2880 462 3162 519 veritatis?
3183 464 3289 519 Sed
3311 465 3457 535 quod
3485 483 3616 522 vere

352 560 571 616 homine
596 556 832 623 Christo,
866 569 1027 625 quem
1057 553 1173 607 sine
1203 558 1428 622 peccato
1456 558 1631 604 mater
1650 557 1705 604 et
1732 562 1934 604 conce-
2036 544 2279 602 Christus
2321 545 2423 602 fuit
2446 585 2467 615 ,η
2509 550 2614 605 hoc
2655 551 2993 621 interrogans
3021 553 3172 619 dixit,
3218 564 3274 611 et
3312 558 3463 625 quod
3486 538 3616 615 vere

355 655 432 723 pit
461 660 516 707 et
545 652 774 722 peperit,
804 649 960 719 plena
990 635 1182 701 divinae
1208 641 1650 699 sanctiﬁcationis
1676 653 1936 709 agnosce-
2035 636 2283 694 Christus
2314 639 2437 709 fuit,
2477 640 2581 697 hoc
2625 657 2692 697 ex
2722 658 2818 698 ore
2846 642 2993 701 Petri
3038 644 3348 704 conﬁtentis
3389 650 3614 707 audivit,

355 752 506 799 retur
527 742 720 814 gratia,
771 754 891 808 qua:
946 737 1164 792 nomine
1211 734 1488 789 Trinitatis
1516 740 1663 811 esset
1692 729 1938 805 ﬁdelibus
2038 726 2205 784 Filius
2228 729 2369 784 enim
2418 730 2651 785 hominis
2687 729 2929 789 Christus
2952 774 2969 799 ,
3018 735 3112 791 Dei
3151 737 3257 792 vivi
3295 738 3459 794 Filius
3497 740 3623 811 fuit,

355 832 704 890 conferenda.
738 829 1032 900 Propterea
1054 828 1245 882 beatus
1270 824 1463 881 Petrus
1501 824 1630 879 dicit
1657 841 1671 876 :
1700 819 1882 876 Jesum
1907 834 1946 874 ιι
2042 832 2147 872 nec
2191 819 2462 876 immerito
2492 820 2674 877 divina
2714 839 2846 879 voce
2874 828 3174 895 promeruit
3210 828 3619 899 beatitudinem,

364 922 647 987 Nasareth,
678 937 828 989 quem
854 920 1006 973 unxit
1058 917 1201 973 Deus
1229 916 1431 987 Spiritu
1458 924 1644 969 sancta
1667 922 1717 967 et
1755 914 1942 966 virtute
2044 910 2135 979 qui
2173 913 2388 982 propria
2417 929 2550 977 voce
2598 914 2719 970 ﬁdei
2769 918 2993 986 protulit
3037 921 3352 987 veritatem;
3397 933 3626 994 propter

359 1021 497 1085 (Act.
532 1033 585 1080 ι,
613 1015 728 1087 '58).
762 1014 827 1069 Et
856 1022 1037 1069 tamen
1083 1013 1170 1068 ille
1210 1010 1365 1066 Jesus
1394 1025 1425 1064 a
1453 1008 1714 1081 Nazareth
1751 1017 1773 1042 ³
1802 1005 1944 1060 Deus
2043 1001 2149 1057 hoc
2176 1004 2326 1058 audit
2358 1023 2370 1057 :
2405 1004 2594 1061 Beatus
2617 1024 2695 1073 es,
2726 1007 2910 1077 Simon
2942 1008 3226 1075 Bar-Jona,
3266 1014 3387 1084 quia
3426 1031 3552 1069 caro
3576 1024 3630 1069 et

359 1112 412 1165 in
436 1108 644 1180 psalmo
665 1108 860 1163 dicitur
886 1105 1085 1173 :nnde,
1109 1118 1314 1174 quaeso,
1332 1101 1434 1156 nisi
1454 1100 1709 1170 quoniam
1732 1097 1874 1152 Deus
1890 1104 1946 1151 et
2046 1099 2260 1168 sanguis
2298 1115 2402 1154 non
2430 1100 2670 1156 reuelauit
2715 1104 2824 1169 tibi,
2857 1105 2949 1158 sed
2986 1106 3152 1163 Pater
3177 1124 3324 1163 meus
3348 1112 3437 1181 qui
3468 1120 3544 1165 est
3568 1112 3629 1166 in

361 1201 529 1255 homo
558 1214 692 1254 unus
721 1206 805 1252 est
826 1196 1113 1251 Christus?
1138 1193 1356 1249 Etich
1380 1199 1632 1246 manente
1662 1189 1714 1243 in
1745 1188 1951 1243 unitate
2048 1186 2211 1240 cretis.
2239 1187 2412 1243 Etiam
2443 1190 2557 1259 ipse
2584 1191 2828 1249 Christus
2856 1193 2951 1249 Dei
2979 1211 3039 1250 se
3070 1197 3252 1266 utique
3274 1198 3386 1268 jam
3415 1200 3627 1256 confes-

359 1280 608 1363 persOnaa
642 1288 875 1343 naturali
905 1286 1138 1342 hominis
1178 1294 1235 1340 et
1277 1283 1372 1338 Dei
1402 1280 1680 1337 inconiusa
1710 1286 1765 1334 et
1808 1278 1953 1332 inse-
2049 1291 2145 1332 sus
2170 1285 2254 1332 est
2281 1277 2473 1334 Filium
2499 1322 2523 1349 ,
2556 1298 2695 1338 cum'
2718 1300 2749 1339 a
2778 1284 2942 1341 Patre
2964 1302 3101 1356 suo,
3133 1290 3227 1357 qui
3253 1299 3332 1346 est
3375 1291 3427 1345 in
3456 1293 3630 1360 salis,

363 1386 591 1458 parabili
644 1384 872 1439 veritate
896 1422 910 1447 ,
964 1382 1105 1437 sicut
1155 1380 1296 1434 Deus
1340 1377 1587 1432 Christus
1636 1374 1689 1427 in
1730 1370 1952 1425 homine
2053 1366 2214 1425 Petro
2239 1372 2467 1426 asseruit
2493 1374 2809 1430 revelatum.
2834 1377 2944 1433 Nec
2964 1380 3069 1435 hoc
3089 1389 3267 1436 tamen
3290 1383 3463 1438 otiose
3489 1398 3628 1453 pra:-

367 1494 564 1535 nomen
597 1476 831 1533 hominis
868 1473 1117 1544 sumpsit,
1148 1472 1226 1527 sic
1253 1470 1393 1525 idem
1424 1469 1585 1523 homo
1623 1464 1868 1520 Christus
1898 1461 1951 1515 in
2055 1459 2368 1515 ter-eundum
2398 1462 2672 1529 existimo,
2693 1465 2838 1534 quod
2861 1466 3078 1523 Christo
3102 1470 3327 1538 primum
3358 1486 3417 1526 se
3438 1470 3638 1528 Filii-ts

368 1571 482 1627 Deo
507 1568 827 1626 vocabulum
855 1565 1071 1621 deitatis
1099 1562 1325 1633 accepit.
2056 1550 2291 1607 hominis
2335 1555 2665 1625 nuncupanti
2711 1552 2903 1613 Petrus
2946 1559 3075 1615 dicit
3118 1578 3137 1613 τ
3177 1561 3251 1621 Ta
3296 1580 3358 1617 es
3397 1561 3639 1620 Chi-isi”

369 1662 551 1719 Carur
592 1676 677 1715 xv.
718 1658 957 1731 Christus
977 1674 1079 1731 non
1104 1657 1328 1731 caleste,
1351 1652 1440 1706 sed
1464 1652 1955 1731 humanunrcorpus
2058 1641 2104 1693 [δ’
2108 1643 2229 1697 ilius
2263 1644 2356 1698 Dei
2378 1647 2474 1700 vivi
2502 1663 2523 1702 :
2551 1649 2750 1703 etenim
2787 1649 2881 1705 Dei
2911 1651 3093 1718 Filius,
3128 1655 3305 1710 carnis
3333 1656 3638 1714 humilitate
3738 1694 3747 1703 .

441 1732 738 1819 assumgsi't:
774 1728 923 1819 Ur't‘us
944 1727 1174 1798 idemque
1193 1718 1429 1779 Christus
1458 1731 1505 1775 et
1529 1719 1697 1773 Filius
1736 1718 1956 1770 hominis
2060 1745 2328 1806 suscepta,
2373 1737 2558 1793 debui,
2587 1741 2640 1794 in
2669 1756 2729 1795 se
2766 1754 3158 1799 sacramcnmm
3189 1761 3393 1816 magnm
3419 1749 3639 1819 pietatis

443 1811 520 1856 est
541 1810 591 1855 el
619 1800 790 1855 Ριῑιιιδ
818 1797 935 1852 Πετ-
1068 1886 1079 1898 ·
1218 1885 1230 1897 .
1592 1880 1603 1891 ,
1945 1874 1955 1885 .
1991 1822 2037 1882 Β
2063 1827 2380 1893 ostendere;
2412 1830 2576 1885 homo
2604 1848 2734 1887 vero
2764 1834 3073 1906 redemptus
3099 1797 3374 1895 debuituin
3405 1797 3642 1900 liominis

453 1892 581 1927 Νιηη
620 1892 664 1927 εἰ
707 1906 815 1927 nnn
851 1904 916 1927 ιη
958 1893 1338 1927 nnnmnotmne
1380 1880 1606 1927 naturali
1642 1892 1834 1927 nomen
1866 1874 1961 1927 Βθι
2065 1919 2162 1927 ...η
2446 1922 2479 1927 --
2522 1924 2532 1927 -
2739 1925 2745 1927 Α

651 1892 664 1904 .
1068 1886 1079 1898 .
1218 1885 1230 1897 ο
1592 1880 1603 1891 ,
1946 1880 1955 1885 ,
1994 1880 2023 1882 _
2138 1880 2173 1882 η
2231 1880 2241 1882 -
2270 1880 2303 1881 η
2327 1880 2344 1883 -
2367 1880 2380 1893 ,
2618 1880 2730 1887 ---ν
2764 1880 3073 1906 ,νην-...ηπ
3101 1880 3284 1894 νυν...-

451 1892 690 2002 13am:
845 1880 1962 2002 rrnfﬂngf:
2064 1919 2201 1975 Filio
2225 1936 2409 1976 veram
2428 1922 2622 1978 divinae
2639 1925 2941 1982 nativitatis
2952 1929 3304 1986 substantiam
3328 1933 3615 2002 praedicare

593 1981 604 1992 ,
650 1981 662 1993 ,
802 1978 814 1992 ,
1032 1993 1050 2004 τ
1186 1976 1196 1986 .
1289 1994 1297 2005 ⁸
1432 1972 1444 1983 .
1620 1970 1632 1980 .
1935 1993 1962 2004 _
2064 1970 2196 1975 --ην
2238 1970 2933 1982 mw---.--.....--..........
2952 1970 3303 1986 -..................
3328 1970 3638 2002 νηιυηαω,

374 1990 432 2036 ⁸³⁸
460 1983 916 2090 PO???
928 1974 1486 2090 ΡξξἛῗἮῗ-Ἆδ-ἓθξξη
2066 2019 2124 2064 ιιι
2162 2010 2286 2065 dum
2332 2029 2363 2066 a
2392 2013 2758 2086 Redemptore
2788 2017 3105 2075 beneﬁcium
3133 2023 3382 2090 gratuitze
3413 2025 3639 2080 misera-

379 2079 629 2177 quentet“
653 2057 1962 2177 εξουξιίξυεΑξίζξηςῖὶίξῗξηξ-,(ξ-ἶξξῖξο-ὶξῗίῗξρῗ
2066 2098 2227 2154 tionis
2274 2101 2575 2157 ostenditur
2590 2057 2686 2166 ,γει
2727 2105 3006 2177 redempta
3055 2057 3245 2165 divina:

377 2161 637 2261 praedicat
668 2158 886 2261 Ρὲιιιιιιει
917 2158 1052 2261 ἰξίῙΙῙῙ
1089 2157 1288 2261 ιιθδξτεξ
1315 2153 1966 2261 ³³³ίυτῆξμίξτθιῆθὶῗῖξξ
2067 2153 2386 2258 obsequium
2394 2153 2854 2261 redderetur-{etv
2859 2153 3027 2253 ἶῖἔτῖο
3269 2153 3646 2260 in:

406 2254 441 2266 Π
515 2253 525 2266 .
1923 2238 1935 2251 ,
2074 2238 2378 2258 ,η-,,,..,..-.,
2409 2238 2593 2248 --.η-ν.
2607 2238 2719 2249 ν.--
2739 2238 2754 2261 ,
2788 2238 2802 2249 .
2824 2238 2843 2250 υ
2866 2238 3026 2253 ..ν-ην
3063 2238 3240 2255 nauus
3269 2238 3436 2257 uuuus
3459 2238 3526 2260 uc
3555 2238 3646 2260 ua-

379 2248 1054 2358 Vtrgtnezfl‘sec‘uﬁdlllfl
1084 2238 1967 2358 ξξξξξξξῗξωηδξῗῗῗς.ιξξθιξῗῗθ
2068 2292 2186 2336 tura
2212 2282 2387 2339 Patris
2428 2286 2749 2355 ambigeret,
2775 2304 2936 2358 quem
2975 2305 3042 2345 ex
3068 2292 3301 2348 hominis
3329 2302 3518 2350 natura
3550 2313 3653 2353 ve-

515 2343 528 2356 .
633 2342 645 2354 .
1329 2336 1341 2348 .
1720 2332 1732 2343 ,
2071 2329 2186 2336 η..-
2216 2329 2237 2336 -
2256 2329 2387 2339 ..---..
2428 2329 2749 2355 -..μονον-νγ,
2776 2329 2936 2358 tiu..."
2975 2329 3042 2345 ν-
3069 2329 3301 2348 suus-uua
3329 2329 3518 2350 ιιαιυια
3558 2329 3646 2353 ":—

380 2337 1790 2454 fifﬂ“..“.‘f“1‘ff}?fi"fi°-3“?flii1?ii“'.?fiﬁifii"f‘
2214 2375 2491 2431 ιοιηε-εηι
2919 2396 2982 2437 ες
3012 2397 3109 2452 ρετ
3128 2383 3252 2449 hoc,
3280 2399 3442 2454 quem
3470 2386 3646 2443 ιιοηιί-

2070 2481 2192 2519 nem
2240 2481 2427 2521 verum
2476 2478 2750 2525 constaret
2792 2487 2913 2527 esse
2976 2476 3315 2544 passionibus
3370 2477 3644 2549 hominis,

2070 2556 2318 2611 eumdem
2348 2572 2534 2613 verum
2566 2559 2733 2616 Deum
2762 2562 3105 2620 crederemus
3132 2568 3382 2636 operibus
3410 2552 3654 2636 deitatis,

2073 2644 2189 2714 ipso
2232 2644 2369 2700 Filio
2394 2647 2606 2703 dicente
2647 2668 2666 2702 :
2692 2648 2753 2705 Si
2801 2652 2932 2705 inihi
2972 2656 3254 2710 meultis
3296 2657 3525 2728 credere,
3574 2660 3657 2716 vel

2073 2736 2308 2806 operibus
2328 2737 2521 2792 credite
2551 2739 2736 2812 (Joan.
2767 2758 2819 2808 x,
2849 2742 2965 2816 38).
2993 2743 3140 2800 Unus
3165 2761 3292 2815 ergo
3321 2757 3482 2819 atque
3507 2750 3652 2817 idem

2072 2823 2339 2899 Christus,
2370 2828 2462 2896 qui
2485 2826 2793 2886 inﬁrmitate
2822 2832 3053 2887 humana
3078 2836 3379 2904 passionem
3411 2838 3653 2908 pertulit,

2074 2929 2129 2971 et
2158 2916 2412 2972 miracula
2442 2917 2831 2976 beneﬁciorum
2861 2923 3251 2992 omnipotentia
3279 2927 3492 2984 virtutis
3522 2927 3661 2984 divi-

2050 3020 2159 3064 ‘nae
2186 3008 2431 3079 perfecit.

384 2434 529 2488 niam
558 2432 673 2502 ipse
702 2445 917 2501 quoque
946 2429 1014 2484 de
1052 2443 1112 2484 se
1156 2425 1411 2482 Dominus
1452 2421 1731 2493 proﬁtetur
1755 2439 1772 2474 :
1798 2417 1973 2473 Nemo

383 2521 617 2578 ascendit
646 2523 701 2575 in
728 2521 929 2584 caelum,
959 2519 1061 2573 nisi
1102 2519 1184 2589 qui
1224 2518 1288 2570 de
1315 2515 1438 2569 caelo
1483 2512 1768 2578 descendit,
1797 2510 1969 2563 Filius

382 2613 605 2669 hominis
625 2611 712 2685 qui
734 2620 810 2665 est
837 2611 892 2664 in
914 2608 1040 2663 caelo
1065 2607 1112 2679 (J
1123 2624 1247 2661 can.
1272 2622 1351 2670 tn,
1376 2604 1482 2675 l5).
1511 2600 1664 2669 Quod
1685 2602 1729 2654 si
1750 2600 1969 2656 caleste

381 2719 600 2773 corpus,
642 2710 698 2757 et
734 2716 842 2756 non
892 2700 1183 2754 humanum
1231 2695 1534 2765 suscepisse
1562 2691 1858 2748 credendus
1887 2697 1970 2744 est

383 2795 649 2860 Christus,
679 2790 954 2862 quomodo
974 2789 1203 2844 veritate
1234 2786 1468 2842 Davidici
1499 2784 1687 2855 psalmi
1717 2782 1967 2838 vaticina-

385 2884 462 2939 tio
488 2882 756 2949 fulcietur,
780 2881 870 2936 ubi
896 2879 1152 2948 scriptum
1183 2885 1268 2933 est
1298 2895 1313 2929 :
1348 2875 1416 2930 Ut
1444 2874 1692 2929 inhabitet
1723 2871 1889 2944 gloria
1916 2870 1971 2924 in

387 2985 526 3031 terra
565 2982 767 3034 nostra,
796 2972 990 3025 veritas
1011 2968 1074 3022 de
1105 2977 1242 3021 terra
1272 2975 1385 3021 orta
1425 2972 1515 3019 est
1539 2962 1711 3034 (Psal.
1743 2975 1969 3025 Lxxnv,

386 3065 474 3131 10,
508 3062 637 3134 i2)?
664 3062 933 3118 Christum
964 3067 1145 3114 autem
1175 3057 1297 3128 quis
1322 3069 1519 3123 negare
1547 3052 1744 3108 audeat
1772 3050 1971 3106 verita-

388 3169 520 3224 tem,
550 3171 673 3212 cum
715 3155 831 3224 ipse
874 3168 932 3207 se
973 3152 1078 3205 hoc
1117 3150 1335 3204 nomine
1378 3145 1720 3216 nuncuparit,
1747 3143 1969 3198 dicens:

2076 3122 2258 3224 Carm;
2296 3138 2434 3224 ᾔνι.³
2447 3121 2513 3224 It:
2542 3122 2753 3224 Christol
2771 3124 2891 3224 dare
2914 3134 3141 3224 na'turw,
3156 3129 3268 3182 sine
3290 3130 3591 3211 confusione
3609 3139 3661 3185 et

2002 3187 2051 3254 ﬂ
2151 3194 2452 3247 mutatione.
2486 3191 2553 3245 In
2582 3192 2785 3247 Christo
2812 3203 2946 3248 totus
2975 3187 3136 3252 homo
3154 3215 3219 3251 ea:
3257 3216 3373 3252 vera
3390 3187 3581 3252 'aninia
3610 3210 3663 3254 es

2152 3278 2326 3337 carne.
2352 3261 2436 3316 Ea:
2461 3265 2852 3337 resuscitatione
2882 3262 3071 3337 Lagari
3096 3267 3345 3337 probatur
3371 3269 3424 3322 in
3453 3267 3668 3325 Christo

391 3339 555 3405 igitur
582 3336 649 3391 de
677 3343 817 3389 terra
846 3341 966 3389 orta
997 3340 1108 3398 est,
1132 3330 1405 3400 quomodo
1434 3326 1699 3383 secundus
1722 3327 1887 3380 homo
1913 3324 1980 3379 de
2151 3332 2349 3405 anima,
2390 3348 2511 3385 caro
2554 3342 2603 3384 et
2645 3332 2908 3388 divinitas.
2957 3324 3212 3390 Divin'itas
3248 3355 3341 3391 nec
3375 3338 3441 3391 ab
3480 3324 3663 3396 animo

391 3400 531 3484 cielo
552 3426 811 3490 caelestis,
833 3423 933 3478 nisi
963 3422 1217 3494 quoniam
1247 3438 1276 3474 a
1306 3419 1398 3473 Dei
1430 3417 1564 3473 Filio
1592 3427 1841 3487 suscepta
1865 3431 1982 3470 ma-
2151 3400 2468 3470 βενειινθαταν
2496 3417 2589 3454 ηεο
2616 3419 2649 3454 α
2672 3419 2827 3457 Carne
2847 3406 3095 3459 moriente
3121 3407 3373 3463 discessit.

394 3519 554 3574 teries
587 3517 786 3573 terreni
818 3515 1080 3586 corporis,
1106 3514 1158 3568 in
1183 3512 1400 3569 caeleste
1430 3526 1628 3566 nomen
1651 3510 1859 3565 transiit
1886 3524 1982 3580 per
2154 3515 2236 3570 Ab
2265 3516 2384 3587 ipso
2414 3530 2648 3584 namque
2689 3520 3062 3588 eonoeptionis
3097 3521 3374 3591 virginalis
3415 3526 3660 3592 exordio,

392 3609 724 3665 consortium
753 3607 1000 3662 dcitatis?
1022 3604 1087 3659 Et
1115 3603 1392 3674 quomodo
1415 3619 1600 3657 rursus
1620 3601 1784 3656 Filius
1803 3600 1981 3656 homi-
2082 3604 2161 3660 sic
2184 3606 2237 3659 in
2266 3605 2482 3662 Christo
2510 3607 2813 3676 personalis
2833 3608 3009 3664 unitas
3035 3612 3249 3678 mansit,
3291 3621 3348 3669 et
3387 3615 3664 3686 utriusque

396 3699 479 3754 nis
505 3697 787 3754 descendit
813 3697 880 3751 de
911 3696 1075 3760 coelo,
1103 3694 1202 3748 nisi
1225 3693 1347 3762 quia
1371 3691 1537 3746 Filius
1562 3689 1657 3745 Dei
1686 3707 1794 3746 non
1823 3690 1983 3746 locali
2085 3703 2289 3750 natura:
2315 3695 2595 3752 inconfusa
2631 3697 2827 3752 veritas
2854 3697 3191 3769 perduravit,
3227 3710 3286 3755 ut
3317 3718 3416 3759 nec
3443 3704 3606 3759 homo
3634 3720 3670 3760 a

395 3796 579 3851 motu,
630 3786 725 3842 sed
775 3785 991 3855 pietatis
1036 3782 1312 3838 descendit
1351 3779 1582 3836 affectu?
1618 3780 1708 3849 qui
1756 3780 1893 3834 sicut
1927 3779 1981 3834 in
2084 3786 2198 3841 Deo
2219 3785 2421 3851 divelli,
2448 3801 2549 3841 nec
2577 3786 2764 3841 Densa
2786 3797 3037 3859 suscepto
3059 3799 3239 3859 posset
3266 3792 3483 3848 homine
3508 3808 3667 3863 sepa-

394 3891 557 3932 carne
586 3884 834 3944 suscepta
864 3889 934 3928 ex
957 3873 1175 3927 homine
1203 3871 1451 3939 dignatus
1473 3879 1556 3926 est
1583 3871 1754 3940 nasci,
1781 3871 1857 3926 sic
1885 3887 1983 3941 pro
2026 3938 2045 3955 ‘
2084 3875 2221 3940 rari;
2254 3890 2352 3930 nec
2376 3884 2552 3930 tamen
2575 3875 2718 3931 Deus
2746 3877 3021 3934 hominem
3048 3891 3410 3948 consumeret,
3439 3898 3539 3939 nec
3567 3884 3668 3939 ho-

396 3983 498 4020 una
531 3963 627 4018 Dei
664 3962 1026 4031 suscipientis,
1068 3968 1121 4015 et
1165 3960 1399 4015 hominis
1445 3959 1679 4030 suscepti
1729 3974 1982 4030 persona,
2086 3983 2174 4023 mo
2207 3968 2374 4023 Deum
2404 3968 2458 4022 in
2496 3967 2677 4036 aliquo
2708 3978 3068 4037 permutaret;
3115 3979 3171 4025 et
3212 3971 3338 4026 licet
3373 3972 3427 4026 in
3471 3972 3674 4029 Christi

397 4056 488 4122 qui
540 4054 637 4109 Dei
691 4052 857 4108 Filius
911 4061 1057 4120 erat,
1110 4051 1356 4121 dignatus
1404 4062 1486 4106 est
1536 4051 1766 4141 hominis
1819 4050 1986 4105 Filius
2086 4068 2260 4114 morie
2287 4073 2505 4114 carnem
2551 4059 2874 4114 morientem
2918 4058 3105 4114 fuisset
3148 4062 3325 4115 anima
3369 4062 3671 4130 desertum,

401 4145 720 4215 nuncupari.
766 4143 844 4197 Ad
891 4145 1029 4199 hanc
1075 4144 1332 4197 unitatem
1387 4140 1670 4213 personas,
1715 4141 1830 4196 sine
1879 4140 1987 4195 ulla
2087 4147 2338 4203 divinitas
2383 4155 2563 4202 tamen
2606 4146 2825 4211 Christi,
2859 4163 2960 4202 nec
2985 4148 3055 4203 ab
3093 4148 3270 4203 anima
3319 4165 3420 4205 uec
3450 4166 3480 4204 a
3508 4156 3705 4209 carne'

399 4236 716 4292 confusione
740 4236 1017 4305 utriusque
1042 4235 1355 4290 substantia:
1380 4234 1805 4304 cognoscendam
1833 4233 1989 4289 Cbri-
2087 4232 2270 4313 pbsset
2297 4241 2535 4313 separari
2556 4246 2822 4309 suscepta.
2854 4238 3019 4306 Igitur
3042 4234 3168 4308 quia
3198 4247 3370 4294 totum
3398 4241 3676 4297 hominem

398 4338 516 4385 Slus
561 4328 849 4398 diSCiimlOS
881 4330 1192 4396 interrosat.
1226 4327 1409 4383 dicens
1434 4345 1446 4379 ε
1476 4326 1638 4391 Quem
1675 4330 1828 4398 122
1853 4325 1877 4364 δ
1903 4343 1988 4380 τηε
2087 4331 2230 4388 Deus
2271 4331 2360 4386 ille
2397 4330 2652 4400 suscepit,
2694 4328 2814 4384 ideo
2855 4329 3021 4384 totius
3069 4329 3303 4384 hominis
3345 4331 3399 4385 in
3444 4347 3505 4386 se
3549 4347 3677 4402 pas-

400 4420 576 4493 άὶριιηι
602 4419 835 4473 homines
865 4434 976 4472 ϐεδε
1006 4416 1171 4488 ﬁlium
1203 4417 1423 4471 Ιιοηιίηίδ
1456 4415 1673 4488 (Μαιεθιο
1701 4434 1805 4483 XVI.
1844 4416 1983 4488 15)?
2088 4425 2270 4481 siones
2318 4423 2372 4477 in
2417 4422 2648 4476 veritate
2693 4419 3040 4483 monstravit,
3089 4428 3144 4474 et
3189 4421 3423 4475 animam
3460 4423 3681 4491 quidem

400 4511 643 4580 Cumque
690 4509 765 4563 illi
806 4508 1115 4579 opinionem
1164 4507 1304 4575 vulgi
1348 4507 1594 4579 protinus
1641 4507 1977 4575 indicarent,
2012 4558 2066 4619 Π
2092 4510 2411 4566 rationalem
2459 4508 2697 4574 habens,
2740 4505 2995 4577 quidquid
3040 4507 3140 4561 fuit
3187 4506 3513 4564 inﬁrmitatis
3559 4511 3681 4565 ani-

403 4606 535 4656 t‘unc
593 4599 812 4670 proprie
865 4599 932 4653 ab
996 4598 1075 4653 eis
1124 4598 1357 4668 qualitas
1405 4614 1546 4654 vera:
1602 4598 1723 4658 ﬁdei
1772 4600 1985 4670 expeti-
2014 4597 2064 4619 ⁸¹
2092 4618 2193 4657 nne
2233 4602 2350 4656 siue
2396 4605 2621 4670 peccato
2669 4606 2725 4652 et
2761 4597 3000 4667 suscepit
3038 4604 3095 4652 et
3141 4599 3394 4667 pertulit,
3446 4607 3506 4654 ut
3552 4598 3682 4655 dum

402 4702 509 4757 tur,
542 4698 600 4744 ut
628 4690 827 4745 erroris
855 4689 1075 4743 humani
1105 4688 1310 4745 falsitas
1337 4688 1611 4743 auferatur
1644 4690 1795 4745 :haec
1827 4692 1987 4759 igitur
2090 4694 2342 4759 humana:
2394 4685 2588 4745 anima:
2637 4688 2917 4757 passiones
2970 4688 3025 4743 in
3081 4688 3258 4743 anima
3310 4705 3473 4759 quam
3526 4706 3685 4746 acce-

403 4791 486 4836 est
513 4770 727 4835 Domini
751 4780 1103 4848 interrogatio
1133 4765 1422 4836 consecuta
1458 4798 1470 4833 :
1508 4778 1613 4834 Vos
1642 4790 1811 4834 autem
1840 4800 1988 4849 quem
2092 4785 2172 4856 pit
2216 4784 2479 4849 vinceret,
2532 4790 2746 4856 nostras
2778 4797 2994 4851 quoque
3039 4784 3246 4839 animas
3292 4785 3360 4840 ab
3404 4782 3688 4839 infirmita-

403 4893 485 4928 me
523 4891 632 4929 esse
677 4874 886 4928 dicitis?
922 4889 1009 4928 me
1037 4872 1221 4942 utique
1267 4871 1431 4927 tilium
1462 4872 1733 4926 hominis?
1779 4872 1852 4925 lbi
1878 4872 1989 4941 jam
2093 4854 2233 4929 tibus
2268 4874 2420 4945 123
2444 4854 2715 4927 libei'aret.
2738 4870 2967 4926 Carnem
2988 4887 3202 4943 quoque
3222 4874 3511 4929 humanam
3533 4876 3681 4931 acci-

407 4964 602 5020 Petrus
647 4965 964 5035 apostolus,
1010 4963 1359 5020 revelationis
1405 4961 1601 5031 divina:
1655 4963 1999 5019 ﬁrmamento
2096 4966 2280 5036 piens,
2308 4965 2361 5017 in
2390 4961 2628 5031 ejusdem
2669 4963 2896 5017 veritate
2923 4964 3099 5017 carnis
3125 4964 3410 5020 veritatem
3436 4966 3691 5022 volunta-

407 5057 670 5113 subnixus
695 5099 713 5125 ,
757 5058 1022 5125 generalis
1051 5038 1242 5113 saluiis
1278 5052 1557 5111 confessus
1585 5064 1666 5108 est
1695 5070 1996 5110 sacramen-
2099 5055 2189 5109 ria:
2220 5053 2405 5107 habuit
2426 5052 2732 5121 passionis;
2759 5060 2817 5105 ut
2843 5051 2897 5105 in
2923 5066 3087 5106 carne
3112 5061 3384 5119 mortuus,
3410 5062 3581 5110 totam
3631 5057 3688 5112 in

406 5159 524 5205 tum
558 5168 571 5203 :
595 5148 671 5203 Tu
692 5166 768 5214 es,
798 5150 989 5219 inquit,
1022 5148 1258 5205 Christus
1285 5145 1330 5199 F
1336 5147 1455 5201 ilius
1482 5144 1581 5200 Dei
1609 5147 1723 5199 vivi.
1756 5144 1893 5212 Quid
1914 5154 1997 5203 est
2097 5162 2157 5204 se
2184 5145 2418 5201 hominis
2464 5143 2755 5200 occideret
2780 5151 3035 5206 mortem,
3058 5151 3115 5198 et
3150 5144 3204 5199 in
3232 5153 3490 5201 aeternam
3518 5148 3686 5203 vitam

408 5240 548 5296 hoc?
580 5238 857 5308 Quantum
901 5239 969 5294 ad
1016 5240 1249 5306 ignaros,
1298 5236 1547 5306 congruit
1590 5236 1998 5304 interrogationi
2099 5237 2417 5295 immortalis
2461 5252 2771 5306 resurgens,
2822 5244 3038 5291 aeternas
3093 5237 3250 5292 nobis
3294 5237 3417 5294 vitae
3461 5240 3690 5308 gratiam

411 5332 728 5401 responsio?
767 5329 960 5385 Petrus
986 5329 1130 5384 enim
1168 5328 1235 5383 de
1270 5327 1405 5384 Filio
1433 5327 1668 5383 hominis
1696 5328 1998 5397 interroga-
2099 5329 2451 5387 condonaret.
2471 5327 2645 5383 Verus
2685 5341 2814 5396 ergo
2858 5327 2910 5380 in
2954 5326 3131 5381 anima
3174 5327 3409 5385 humana
3444 5329 3695 5386 Christus

412 5431 518 5489 tur,
551 5433 605 5478 et
634 5425 748 5494 ipse
777 5424 872 5480 Dei
912 5422 1103 5477 Filium
1131 5419 1442 5479 conﬁtetur.
1477 5421 1725 5491 Nunquid
1760 5421 1994 5477 interro-
2101 5422 2361 5477 Lazarum
2388 5421 2740 5477 suscitaturus
2768 5419 2930 5489 (sicut
2950 5419 3277 5488 evangelista
3307 5421 3459 5492 dicit)
3481 5424 3694 5494 [γωνιαία

412 5522 628 5583 gantem
674 5514 856 5571 Jesum
887 5515 1061 5569 minus
1090 5512 1316 5577 audivit,
1348 5520 1442 5567 aut
1482 5514 1596 5583 ipse
1628 5513 1907 5568 veritatem
1938 5513 1993 5568 in
2098 5512 2306 5582 spiritu,
2336 5520 2385 5565 et
2425 5509 2644 5564 turbavit
2685 5509 2940 5579 «ipsum;
2972 5508 3223 5579 idemque
3246 5524 3409 5565 verus
3439 5511 3492 5565 in
3526 5527 3692 5567 carne

413 5606 753 5662 confessione
781 5621 889 5661 non
912 5605 1124 5665 tenuit?
1155 5603 1306 5658 Absit
1332 5621 1345 5655 :
1370 5604 1641 5673 quomodo
1670 5604 1811 5658 enim
1841 5620 1995 5660 error
2098 5588 2329 5660 humana
2372 5601 2618 5657 Christus
2655 5616 2777 5656 cum
2806 5599 3030 5657 dixisset
3064 5618 3077 5654 :
3112 5600 3213 5658 Ubi
3252 5604 3494 5674 posuistis
3531 5621 3646 5659 eum
3667 5606 3696 5661 .’

387 3246 503 3319 Ego
547 3263 661 3301 sum
701 3244 814 3307 via,
847 3243 1034 3296 veritas
1072 3249 1120 3294 et
1155 3241 1256 3293 vita
1298 3237 1474 3310 (Joan.
1504 3254 1540 3303 ι,
1573 3235 1669 3305 6)?
1697 3234 1753 3289 Si
1782 3234 1979 3289 veritas

499 5770 513 5795 ι
549 5757 676 5812 ihs.
708 5757 867 5812 Corb.
901 5766 954 5811 at
984 5756 1421 5838 Victorraddunt
1452 5756 1537 5823 hic
1564 5759 1649 5823 qui
1678 5767 1860 5813 unctus
1900 5770 1995 5813 est.
2111 5759 2296 5815 Β-ιείι..
2342 5757 2491 5838 juxta
2539 5756 2937 5837 textus.Gra~ci
2994 5761 3317 5832 lectionem;
3367 5774 3422 5820 at
3470 5765 3696 5839 Colon.,

488 5828 517 5869 Ir
547 5827 623 5869 Im
669 5843 796 5869 nica-
842 5828 1001 5869 lim-I1
1048 5837 1103 5869 ιιι
1147 5827 1306 5869 νεοίη
1358 5841 1455 5869 κτρα
1501 5841 1604 5869 nnn
1659 5826 1897 5869 Antimum
1950 5839 1999 5869 nl
2115 5828 2272 5869 Πιιιιηι
2301 5844 2380 5869 ηιμ
2405 5827 2579 5869 Iln'rnrl
2606 5827 2838 5869 Itnnzmpx
2863 5832 3012 5869 una?
3042 5830 3230 5869 ιἐιεη...
3259 5836 3516 5869 [amamus

547 5827 625 5886 Ita
668 5843 798 5885 mss.
842 5828 1003 5891 Corb.
1048 5837 1104 5884 et
1147 5827 1309 5896 Vict.,
1357 5841 1455 5884 nec
1498 5841 1607 5883 non
1654 5826 1918 5900 Antuerp.
1950 5839 2005 5887 ct
2115 5828 2273 5911 Quem
2301 5844 2380 5881 me
2405 5827 2579 5881 dicunt
2605 5827 2838 5901 homines
2863 5832 3012 5887 esse?
3039 5830 3232 5890 Filium
3256 5826 3516 5892 hominis?
