4026 6336
928 334 931 337 η
943 332 997 341 -ση-

219 366 320 424 981

1393 376 1483 430 Αιο
1521 376 2017 449 TRASIMUNDUM
2057 380 2183 440 LIB.
2224 385 2311 442 Ill.

3387 408 3496 463 £82

217 483 503 582 φαίης-εἱ
544 499 563 535 :
606 481 1015 582 Dontintfureni,
1037 496 1087 541 et
1128 488 1256 551 ride,
1287 496 1338 540 et
1378 490 1693 558 tacrymatas
1734 500 1811 543 est
1838 495 1884 552 Α
1913 506 2075 549 carne
2103 510 2309 565 passus,
2337 513 2443 554 non
2499 508 2581 557 est
2624 504 2775 558 carui
2828 505 3160 577 cortipassu's,
3182 513 3306 582 quia
3352 516 3494 575 Deus

214 571 375 628 Iesus
396 572 578 645 (Joan.
609 590 681 638 ιι,
711 574 916 646 55-55).
951 575 1093 632 Idem
1128 592 1343 646 quoque
1371 593 1529 634 verus
1550 580 1602 633 in
1630 579 1808 636 divina

214 673 410 720 natura
438 663 701 730 Christus,
735 680 833 720 nec
855 666 1087 721 animam
1116 683 1288 731 suam,
1318 683 1438 722 cum
1461 670 1808 740 seruetipsum

212 755 480 818 turbaret,
504 753 760 818 deseruit,
789 754 914 824 quia
965 755 1080 824 ipse
1135 757 1486 827 semetipsum
1537 758 1806 826 turbavit;

208 859 315 899 nec
337 859 369 897 a
398 858 562 898 carne
590 858 706 908 sua,
732 858 852 898 cum
882 844 1069 909 ﬂeret,
1093 845 1373 910 abscessit,
1401 846 1527 914 quia
1549 845 1706 904 Jesus
1729 848 1807 902 la-

208 952 429 1008 erytnas
456 935 589 990 fudit
608 978 623 1004 ,
646 946 701 991 et
729 944 908 991 tamen
942 937 1058 1006 ipsa
1087 937 1140 990 in
1167 938 1342 991 anima
1370 952 1641 1007 carneque
1668 939 1806 993 divi-

208 1030 375 1093 nitas,
405 1027 755 1082 immutabilis
782 1035 944 1096 atque
968 1027 1314 1097 impassibilis
1357 1044 1580 1084 manens
1616 1044 1809 1085 secun-

206 1117 338 1174 dum
367 1117 606 1171 divinam
648 1124 918 1184 naturam,
952 1132 1053 1172 nec
1103 1115 1373 1188 lacrymas
1422 1115 1687 1187 proferre,
1708 1134 1809 1175 nec

202 1209 575 1264 turbationem
605 1206 779 1277 potuit
797 1214 821 1244 ⁸
844 1206 899 1261 in
923 1207 1083 1262 amici
1105 1216 1280 1262 morte
1294 1209 1514 1263 sentire.
1534 1208 1623 1263 Sic
1644 1210 1807 1264 etiam

201 1300 464 1371 passione
490 1298 904 1369 propinquante,
935 1296 1180 1353 Christus
1223 1297 1520 1353 secundum
1575 1299 1806 1353 animam

204 1391 476 1455 turbatur,
510 1389 626 1458 ipso
654 1387 866 1442 dicente
894 1405 906 1439 :
939 1384 1097 1440 Nunc
1121 1388 1300 1442 anima
1343 1404 1459 1442 mea
1502 1374 1708 1441 turbata
1730 1398 1810 1442 est

205 1483 392 1551 (Joan.
426 1497 521 1545 xu,
564 1478 678 1547 27).
727 1477 859 1532 Item
919 1478 972 1532 in
1015 1493 1176 1533 cruce
1225 1477 1471 1534 Christus
1511 1478 1806 1533 secundum

203 1588 427 1631 carnem
476 1571 723 1635 moritur,
773 1570 1036 1639 Apostolo
1090 1569 1304 1626 dicente
1351 1588 1365 1623 :
1409 1569 1621 1624 Tradidi
1669 1572 1809 1625 enim

204 1664 347 1720 tabis
375 1663 634 1733 imprimis
671 1662 807 1734 quod
841 1672 888 1716 et
909 1665 1104 1733 accepi,
1138 1664 1259 1735 quia
1297 1663 1533 1719 Christus
1575 1675 1806 1719 mortuus

205 1764 278 1811 est
305 1773 407 1825 pro
432 1755 659 1824 peccatis
697 1754 888 1806 nostris
939 1754 1218 1807 secundum
1267 1753 1590 1826 Scripturus,
1613 1764 1662 1808 et
1684 1755 1806 1826 quia

1911 584 2216 652 passionem
2271 588 2324 642 in
2374 604 2538 646 carne
2583 594 2771 659 sensit,
2798 611 2920 651 cum
2974 614 3269 669 carnemon
3301 608 3489 662 sensit.

1912 668 2029 727 Una
2053 674 2195 731 enim
2223 692 2456 748 persona
2499 690 2585 735 est
2612 682 2707 738 Dei
2736 692 2792 739 et
2817 687 3048 745 hominis
3075 689 3298 759 Christi,
3328 710 3491 765 quam

1910 767 2076 860 etiam
2116 770 2311 827 Paulus
2350 776 2711 843 commendat,
2737 778 2923 835 dicens
2952 797 2967 837 :
3001 781 3141 838 Nam
3161 794 3211 840 et
3233 802 3326 857 ego
3354 790 3491 860 quod

1908 859 2115 925 donavi,
2161 862 2208 915 si
2279 864 2402 934 quid
2458 866 2666 933 donaui,
2715 882 2924 940 propter
2994 891 3081 928 vos
3154 877 3208 929 in
3270 896 3491 946 persona

1910 949 2101 1007 Christi
2125 953 2144 1024 (
2155 952 2215 1008 II
2242 953 2363 1010 Cor.
2393 973 2448 1023 ιι,
2481 957 2593 1030 10);
2622 969 2679 1016 et
2703 964 2948 1030 quamvis
2970 981 3072 1019 una
3098 959 3169 1021 sit
3194 968 3246 1021 in
3277 968 3491 1025 Christo

1908 1056 2159 1113 persona,
2183 1062 2290 1102 non
2332 1063 2437 1103 una
2466 1057 2648 1106 tamen
2681 1052 2734 1106 in
2756 1052 2972 1110 Christo
3000 1057 3297 1113 substantia
3325 1079 3335 1112 :
3360 1062 3489 1131 quia

1907 1138 1986 1192 sic
2004 1152 2162 1194 verus
2191 1138 2334 1195 Deus
2386 1156 2571 1197 verum
2619 1146 2857 1215 suscepit
2901 1148 3193 1215 hominem,
3222 1160 3280 1205 ut
3310 1153 3363 1206 in
3392 1169 3488 1209 ve-

1906 1228 2066 1285 ritate
2092 1230 2339 1285 humanze
2379 1235 2736 1303 suseeptionis
2763 1238 3044 1294 veritatem
3074 1256 3181 1295 non
3212 1246 3489 1303 amitteret

1907 1320 2149 1388 deitatis;
2180 1331 2235 1377 et
2263 1324 2340 1379 sic
2365 1322 2611 1393 dignatus
2636 1335 2720 1381 est
2752 1329 2864 1383 tieri
2888 1330 3033 1400 quod
3061 1342 3187 1388 ante
3208 1351 3315 1391 non
3346 1349 3482 1406 erat,

1908 1419 1967 1466 ut
2012 1427 2120 1467 non
2163 1412 2449 1470 desisteret
2490 1430 2610 1472 esse
2637 1418 2781 1486 quod
2811 1434 3024 1491 semper
3051 1435 3187 1489 erat,
3216 1426 3293 1482 sic
3321 1428 3483 1483 etiam

1906 1502 2077 1556 voluit
2101 1518 2261 1558 unam
2290 1520 2416 1560 cum
2453 1506 2671 1562 homine
2699 1524 2983 1578 personam
3005 1512 3146 1569 Deus
3174 1514 3395 1585 habere,
3424 1527 3488 1573 ut

1904 1593 2031 1649 licet
2060 1611 2166 1650 non
2190 1596 2329 1651 alius
2352 1606 2496 1653 esset
2515 1598 2761 1655 Christus
2789 1601 2948 1669 Deus,
2978 1612 3034 1659 et
3079 1606 3214 1660 alius
3241 1595 3484 1664 Christus

1906 1685 2092 1751 homo,
2115 1701 2273 1742 verus
2319 1695 2498 1744 tamen
2524 1690 2667 1746 Deus
2708 1702 3053 1762 permaneret
3078 1695 3132 1749 in
3164 1697 3400 1763 homine,
3428 1708 3486 1755 et

1904 1789 2067 1829 verus
2108 1776 2270 1831 homo
2310 1789 2650 1847 permaneret
2687 1781 2741 1834 in
2793 1781 2935 1849 Deo;
2988 1793 3149 1853 atque
3176 1785 3248 1839 ita
3294 1786 3345 1841 in
3378 1803 3485 1843 uno

205 1846 434 1916 multus
482 1854 577 1907 est,
610 1851 659 1897 et
698 1843 819 1913 quia
865 1844 1147 1897 resurrexit
1193 1844 1342 1898 tertia
1390 1843 1473 1897 die
1526 1844 1790 1902 secundum

1907 1864 2123 1921 Christo
2169 1866 2362 1922 divina:
2412 1870 2764 1942 humanaeque
2814 1883 3020 1929 natura:
3044 1843 3188 1931 esset
3207 1878 3481 1935 inconfusa

206 1941 512 2010 Scriptaras
568 1937 631 2004 (I
677 1938 798 1992 Cor.
843 1953 933 2004 xv,
974 1936 1028 2002 3,
1070 1935 1159 2008 4).
1192 1935 1327 1992 Cum
1368 1937 1529 2005 igitur
1563 1937 1799 1992 evidenti

207 2033 366 2089 fuerit
394 2029 831 2086 man'festatione
858 2028 1171 2095 discretum,
1202 2028 1328 2098 quid
1360 2029 1413 2083 in
1441 2027 1656 2084 Christo
1679 2044 1803 2099 pro-

210 2123 384 2193 prium
410 2120 573 2175 fuerit
599 2119 811 2181 animae,
840 2116 969 2187 quid
992 2117 1192 2183 carnis,
1211 2117 1338 2187 quid
1376 2119 1540 2173 etiam
1565 2117 1797 2185 deitatis,

207 2227 325 2268 cum
348 2225 488 2265 unus
512 2209 759 2279 idemque
785 2208 1029 2263 Christus
1053 2207 1212 2262 fuerit
1232 2216 1289 2263 et
1311 2207 1555 2262 turbatus
1577 2198 1635 2263 et
1655 2224 1798 2264 mor-

164 2312 181 2329 ‘
208 2310 350 2369 tuus,
371 2302 452 2357 sic
482 2308 661 2355 tamen
690 2308 773 2359 est
802 2299 1088 2369 utrobique
1108 2298 1307 2354 veritas
1337 2297 1432 2353 Dei
1460 2299 1799 2369 hominisque

208 2401 443 2459 servata,
473 2400 533 2446 ut
554 2391 682 2446 licet
708 2389 954 2445 Christus
973 2388 1266 2445 secundum
1297 2388 1529 2442 animam
1553 2388 1797 2444 turbare-

208 2499 288 2542 tur
312 2485 718 2557 propinquante
741 2483 1017 2554 passione,
1039 2490 1095 2538 et
1137 2481 1277 2536 idem
1322 2481 1566 2538 Christus
1600 2497 1794 2537 secun-

207 2578 326 2634 dum
373 2593 575 2647 corpus
623 2585 926 2631 moreretur
976 2576 1031 2629 in
1086 2589 1278 2641 cruce,
1341 2574 1795 2645 imperturbabilis

208 2685 427 2727 manens
447 2667 873 2738 immortalisque
893 2665 1091 2721 Christi
1107 2666 1373 2731 divinitas,
1402 2681 1502 2721 nec
1526 2665 1593 2721 ab
1614 2666 1793 2721 anima

207 2760 533 2832 perturbata,
560 2773 661 2814 nec
699 2773 731 2812 a
759 2771 988 2827 corpore
1032 2756 1298 2812 moriente
1342 2755 1660 2821 discederet,
1685 2772 1795 2812 non

209 2862 382 2908 tamen
405 2860 501 2905 aut
520 2849 825 2904 turbaretur
846 2851 899 2901 in
927 2847 1120 2901 anima:
1143 2847 1466 2911 turbatione,
1491 2854 1584 2901 aut
1611 2861 1792 2902 more-

208 2951 350 2998 retur
380 2942 433 2996 in
456 2940 702 3011 corporis
729 2946 904 2993 morte
937 2955 949 2991 :
978 2952 1111 2992 unus
1136 2948 1381 3005 namque'
1413 2936 1677 3003 Christus,
1699 2937 1791 3006 qui

208 3034 419 3088 traditus
469 3041 547 3086 est
591 3040 801 3101 propter
841 3027 1031 3082 delicta
1058 3036 1269 3094 nostra,
1287 3034 1335 3080 et
1361 3028 1643 3081 resurrexit
1669 3043 1792 3097 pro-

203 3144 222 3198 ι
247 3132 310 3180 ‘er
324 3124 756 3197 jastiﬁcationem
784 3127 1018 3173 nostram
1047 3117 1232 3200 (Rom.
1257 3133 1330 3184 tv,
1357 3117 1474 3188 9.5),
1504 3118 1641 3174 sicut
1661 3133 1791 3172 vere

1901 1959 2106 2028 pariter
2124 1966 2179 2015 et
2208 1960 2432 2016 indivisa
2463 1961 2744 2031 perfectio.
2796 1951 2833 1987 ⁸

1899 2076 2082 2130 CAPUT
2122 2092 2277 2149 xvut.
2312 2075 2378 2149 In
2407 2077 2612 2149 Christo
2631 2095 2745 2149 qua:
2766 2080 2940 2149 carnis
2983 2090 3133 2133 erant
3160 2091 3248 2134 aut
3271 2083 3481 2147 animat,

1970 2163 2073 2201 non
2100 2159 2217 2201 sunt
2244 2148 2423 2201 deitati
2452 2147 2776 2201 ascribenda.
2824 2147 2948 2203 Non
2971 2160 3047 2203 est
3074 2151 3317 2206 divinitas
3338 2154 3480 2205 ulla.

1973 2227 2117 2299 tenus
2146 2231 2416 2299 compassa
2447 2222 2519 2272 vel
2553 2220 2876 2273 conti-istam.
2909 2218 3170 2275 Probatur
3199 2222 3487 2291 Scriptura

1972 2296 2300 2342 testimoniis.

1969 2402 2086 2457 Non
2135 2409 2315 2456 autem
2367 2409 2494 2458 tunc
2530 2411 2655 2457 nata
2684 2411 2769 2458 est
2796 2402 2997 2459 Christi
3025 2404 3279 2462 divinitas
3320 2407 3372 2461 in
3400 2422 3480 2471 se,

1897 2509 2018 2550 eum
2040 2503 2164 2549 nata
2190 2501 2274 2550 est
2302 2510 2400 2564 pro
2428 2495 2585 2550 nobis
2632 2495 2685 2549 in
2734 2510 2915 2551 carne.
2961 2497 3082 2552 Fuit
3129 2498 3304 2554 infans
3357 2499 3486 2555 Ver-

1896 2585 2024 2640 bum
2051 2585 2345 2641 secundum
2374 2600 2623 2652 carnem,
2653 2596 2708 2641 et
2729 2584 2874 2641 fandi
2902 2604 3010 2643 non
3040 2590 3226 2645 habuit
3251 2590 3482 2647 faculta-

1895 2684 2044 2741 tem;
2075 2675 2169 2730 sed
2211 2675 2351 2730 idem
2401 2675 2636 2730 Verbum
2683 2677 2823 2733 Deus
2851 2679 3000 2734 nullo
3045 2694 3279 2751 unquam
3309 2682 3485 2751 potuit

1894 2767 2134 2821 coerceri
2162 2765 2396 2833 silentio,
2427 2768 2551 2836 quia
2580 2768 2694 2839 ipse
2716 2777 2799 2823 est
2841 2768 3018 2825 Patris
3042 2772 3369 2842 sempiterna
3398 2773 3481 2829 lo~

1894 2858 2061 2913 cutio.
2092 2856 2384 2914 Crescebat
2432 2874 2569 2930 puer
2609 2861 2783 2915 aetatis
2833 2874 3084 2930 accessu,
3113 2863 3209 2919 sed
3259 2864 3383 2935 quia
3426 2865 3482 2922 in

1894 2948 2007 3003 Deo
2029 2948 2173 3004 nulla
2198 2956 2282 3004 est
2298 2957 2449 3015 aetas,
2481 2951 2535 3005 in
2559 2966 2726 3021 puero
2755 2961 3033 3019 crescente
3061 2969 3170 3009 non
3199 2957 3482 3012 crescebat

1892 3042 2072 3097 divina
2111 3043 2381 3113 majestas.
2431 3044 2705 3114 Sapientia
2760 3060 2976 3116 quoque
3030 3047 3277 3103 novimus
3322 3048 3480 3104 Chri-

1893 3141 2036 3190 stum
2077 3134 2370 3211 secundum
2416 3135 2649 3190 animam
2696 3135 3029 3207 profecisse;
3080 3138 3175 3193 sed
3216 3139 3484 3209 sapientia

205 3226 444 3274 mortuus
464 3214 603 3270 mori
627 3227 734 3267 non
766 3211 959 3282 potuit,
982 3210 1061 3265 sic
1090 3209 1144 3263 in
1169 3224 1294 3264 vera
1325 3210 1574 3279 passione
1594 3209 1787 3280 impas-

1896 3209 2145 3283 Chris‘us
2165 3243 2269 3283 non
2292 3229 2467 3299 potuit
2494 3229 2822 3297 cumanima
2847 3230 3161 3299 proliciente
3190 3228 3476 3301 prolicere.
3548 3296 3553 3303 ,

202 3308 368 3363 sibilis
397 3305 613 3360 mansit.

203 3442 375 3497 Caru-r
416 3458 538 3495 xvtt.
583 3438 816 3494 Christus
841 3437 1160 3490 demonstrat
1182 3437 1234 3490 in
1260 3453 1313 3491 se
1338 3439 1599 3506 utriusque
1642 3444 1789 3489 natu-

236 3530 340 3577 ,rre
366 3515 655 3566 veritatem.
684 3508 802 3562 Una
831 3516 905 3562 est
934 3506 1127 3562 Christi
1162 3523 1405 3579 persona,
1439 3508 1559 3560 licet
1590 3522 1694 3560 non
1718 3508 1788 3560 sit

267 3584 424 3636 unica
450 3591 662 3636 natura.

262 3693 365 3759 Qui
391 3691 459 3745 ad
485 3688 962 3745 demonstrandam
994 3688 1047 3742 in
1072 3703 1132 3744 se
1159 3696 1214 3743 et
1240 3703 1425 3742 veram
1478 3689 1774 3743 mortalitao

203 3794 304 3838 tem
332 3783 585 3846 hominis,
616 3790 671 3835 et
717 3795 897 3835 veram
936 3779 1393 3833 immortalitatem
1423 3778 1658 3840 deitatis,
1688 3779 1783 3833 Ju-

197 3874 320 3929 daeis
345 3872 648 3928 dicentibus
700 3888 715 3923 :
754 3868 905 3934 Quod
943 3871 1145 3945 signum
1198 3870 1428 3924 ostendis
1456 3869 1626 3938 nobis,
1657 3873 1785 3942 quia

198 3968 304 4024 hac
331 3967 500 4039 facis?
533 3964 818 4037 Respondit
844 3962 1019 4033 Iesus,
1051 3972 1100 4018 et
1129 3964 1264 4017 dixit
1287 3964 1361 4019 eis
1390 3981 1408 4018 :
1440 3964 1636 4020 Solvite
1658 3973 1786 4018 tem-

194 4058 468 4130 piumhoc,
490 4067 540 4112 et
565 4059 621 4112 in
644 4056 803 4110 tribus
843 4054 1018 4109 diebus
1057 4054 1290 4109 excitabo
1336 4056 1468 4110 illud
1514 4056 1693 4128 (Joan.
1724 4072 1781 4124 tt,

195 4151 281 4218 is,
316 4150 602 4219 19).Qnod
649 4156 828 4202 autem
871 4146 1032 4201 fuerit
1065 4147 1193 4201 illud
1243 4148 1521 4218 templum,
1562 4157 1782 4203 sanctus

194 4242 514 4311 evangelista
560 4239 897 4302 monstravit,
928 4237 1114 4292 dicens
1145 4256 1159 4290 :
1208 4237 1329 4308 Ipse
1368 4248 1539 4291 autem
1577 4237 1780 4291 dicebat

193 4335 253 4388 de
281 4334 464 4404 templo
493 4326 727 4403 corporis
750 4332 829 4385 sui
861 4329 1047 4401 (Ibid.,
1074 4328 1187 4399 2|).
1216 4328 1441 4385 Ostensa
1486 4338 1569 4385 est
1622 4330 1784 4398 igitur

194 4431 245 4479 et
270 4424 468 4479 veritas
498 4424 746 4476 humana:
773 4420 1112 4484 substantiae,
1147 4434 1308 4488 quam
1346 4419 1518 4474 ,ιιιᾱωί
1557 4428 1782 4490 possent

191 4515 495 4582 inChristo,
527 4516 643 4586 ipso
674 4514 909 4580 volente,
940 4513 1185 4578 solvere;
1236 4521 1292 4567 et
1339 4514 1539 4567 veritas
1586 4513 1778 4567 divinae

1894 3318 1970 3373 Ae
2000 3333 2095 3389 per
2125 3319 2228 3374 hoc
2258 3319 2397 3374 idem
2425 3319 2687 3385 Christus,
2719 3328 2774 3374 et
2814 3320 2867 3374 in
2891 3336 3055 3376 carne
3083 3336 3179 3375 sua
3207 3322 3395 3387 crevit,
3426 3328 3484 3378 et

1892 3412 1944 3464 in
1972 3411 2150 3465 anima
2188 3426 2282 3465 sua
2309 3409 2571 3480 profecit;
2597 3411 2689 3478 qui
2741 3416 2921 3464 tamen
2986 3419 3043 3465 et
3096 3411 3151 3465 in
3195 3426 3361 3467 carne
3382 3426 3481 3467 sua

1889 3518 2163 3571 crescens,
2192 3512 2247 3558 et
2269 3503 2320 3557 in
2351 3504 2527 3557 anima
2556 3519 2652 3557 sua
2682 3503 2989 3572 proﬁciens,
3013 3518 3114 3558 nec
3142 3518 3264 3558 cum
3292 3505 3476 3560 anima

1889 3612 1985 3652 sxa
2014 3593 2294 3667 prolicere,
2324 3610 2426 3649 nec
2478 3609 2598 3649 cum
2651 3608 2814 3648 carne
2858 3609 2953 3648 sua
2985 3595 3158 3663 potuit
3184 3595 3358 3650 aetatis
3397 3595 3479 3650 in-

1889 3694 2163 3743 crementa
2211 3686 2432 3740 sentire.
2465 3684 2609 3739 Idem
2644 3684 2735 3755 (al.
2782 3683 2932 3754 item)
2975 3686 3136 3739 etiam
3178 3686 3475 3740 secundum

1887 3786 2188 3849 susceptam
2212 3778 2444 3832 animam
2476 3776 2615 3831 Deus
2661 3776 2829 3832 tristis
2858 3775 2985 3842 fuit;
3034 3776 3128 3832 sed
3157 3778 3250 3846 qui
3280 3777 3334 3831 in
3355 3778 3476 3833 ani-

1889 3885 1974 3923 ma
1997 3869 2265 3923 tristitiam
2293 3868 2480 3936 sensit,
2502 3883 2621 3922 cum
2645 3868 2823 3921 anima
2849 3867 3118 3922 tristitiam
3143 3868 3344 3924 sentire
3363 3884 3475 3925 non

1886 3961 2080 4032 potuit.
2106 3959 2161 4014 In
2192 3975 2285 4014 sua
2311 3959 2450 4014 Deus
2474 3960 2649 4013 anima
2674 3974 2825 4013 suam
2842 3956 3013 4013 voluit
3033 3974 3153 4014 esse
3178 3958 3473 4026 tristitiam,

1887 4060 1941 4109 et
1972 4054 2024 4107 in
2053 4067 2150 4108 sua
2174 4067 2337 4107 carne
2362 4067 2512 4107 suam
2571 4051 2713 4106 Deus
2754 4066 2871 4106 esse
2925 4051 3097 4105 voluit
3139 4053 3473 4122 passionem,

1884 4147 2011 4219 quia
2063 4153 2210 4202 totus
2252 4144 2329 4211 in,
2356 4152 2472 4199 toto
2497 4142 2715 4199 homine
2744 4158 3067 4213 permanens
3093 4145 3473 4215 inseparabilis

1885 4240 2046 4304 Deus,
2086 4252 2185 4293 nec
2217 4237 2409 4290 animm
2441 4234 2672 4289 lristanti
2696 4233 2902 4298 defuit,
2937 4250 3035 4290 nec
3064 4250 3285 4291 carnem
3316 4252 3470 4293 suam

1883 4329 1935 4384 in
1966 4329 2217 4399 passione
2245 4325 2514 4391 deseruit;
2557 4325 2649 4381 sed
2702 4318 2765 4379 in’
2803 4324 3018 4403 Christo
3048 4327 3186 4403 tristi
3210 4336 3264 4382 et
3288 4343 3469 4399 passo,

1883 4413 2072 4475 licet'a
2101 4416 2304 4473 deitate
2343 4416 2583 4486 separari
2633 4432 2738 4471 non
2769 4399 2955 4486 posfet
2983 4399 3194 4488 patiens
3223 4428 3276 4474 et
3302 4423 3470 4478 tristis

1883 4512 2203 4575 humanitas,
2237 4510 2291 4564 in
2316 4518 2429 4566 toto
2459 4518 2638 4564 tamen
2666 4509 2881 4564 homine
2904 4510 3041 4564 tristi
3073 4527 3180 4566 non
3223 4520 3304 4567 est
3335 4513 3471 4568 divi-

190 4615 411 4674 natur-.12,
433 4620 543 4676 qua
574 4605 670 4675 (al.
695 4605 842 4673 quia)
870 4603 1115 4657 Christus
1139 4602 1396 4671 templum
1425 4603 1507 4657 sui
1529 4603 1770 4671 corporis
1808 4595 1852 4652 D
1881 4601 2019 4656 nitas
2063 4602 2377 4657 contristata
2411 4602 2506 4674 (at.
2538 4602 2791 4674 tristata),
2826 4603 2954 4657 etin
2980 4604 3196 4659 homine
3225 4612 3344 4661 toto
3372 4622 3468 4676 pa-

190 4705 400 4767 poterat
416 4696 681 4751 suscitare
708 4712 723 4747 :
763 4693 976 4764 quando
1007 4693 1150 4748 enim
1177 4704 1392 4748 mortuo
1420 4692 1635 4747 Christo
1662 4693 1775 4746 ani-

189 4806 272 4845 tua
298 4789 536 4845 deseruit
561 4802 805 4854 carnem,
828 4795 955 4840 tunc
974 4786 1208 4840 solutum
1232 4794 1313 4839 est
1336 4784 1466 4839 illud
1491 4784 1772 4855 templum,

186 4879 333 4950 quod
363 4878 457 4933 fuit
486 4893 555 4932 ex
578 4875 756 4930 anima
797 4890 1067 4945 caraeque
1120 4882 1489 4930 constructum
1514 4891 1528 4939 ;
1554 4882 1609 4929 et
1650 4889 1774 4929 cum

184 4974 367 5027 anima
389 4978 749 5027 reverteretur
802 4967 870 5023 ad
924 4982 1163 5032 carnem,
1198 4976 1326 5022 tunc
1360 4972 1443 5020 est
1465 4965 1597 5020 illud
1631 4974 1773 5020 tem-

184 5065 331 5134 plum
364 5063 445 5117 die
485 5060 645 5115 tertia
674 5059 991 5114 suscitatum
1025 5076 1038 5111 :
1063 5066 1118 5113 et
1140 5067 1319 5111 tamen
1350 5065 1582 5128 propter
1607 5071 1771 5112 uuam

180 5156 386 5212 Christi
410 5159 502 5214 Dei
530 5157 870 5228 hominisque
910 5170 1220 5228 personam,
1251 5154 1391 5209 idem
1421 5162 1668 5210 mortuus
1692 5162 1776 5209 est

178 5250 232 5305 in
261 5266 495 5319 corpore
515 5267 635 5315 suo,
664 5252 756 5319 qui
782 5250 1058 5305 suscitavit
1089 5247 1349 5317 templum
1395 5247 1641 5316 corporis
1667 5247 1771 5301 sui.

178 5340 267 5397 Sic
305 5343 466 5416 124
492 5344 657 5398 etiam
707 5358 826 5397 cum
876 5340 1170 5396 secundum
1227 5338 1377 5397 lsaize
1436 5338 1774 5393 vaticinantis

178 5433 484 5503 oraculum,
529 5428 738 5490 dorsum
787 5449 935 5486 suum
974 5432 1143 5500 posuit
1173 5430 1242 5483 ad
1264 5429 1496 5500 ﬂagella,
1527 5429 1773 5484 maxillas

175 5536 302 5575 suas
360 5521 430 5574 ad
469 5523 688 5593 palmas,
721 5523 909 5592 faciem
962 5529 1133 5574 autem
1183 5534 1336 5573 suam
1383 5536 1484 5573 non
1529 5520 1711 5573 avertit
1740 5535 1772 5572 a

175 5611 486 5684 scriptione
511 5622 774 5682 spinarum
799 5610 955 5681 (Isai.
990 5626 1039 5675 ι,
1063 5610 1141 5677 ϐ),
1177 5609 1295 5664 hare
1318 5608 1496 5663 omiia
1530 5606 1671 5662 Deus
1717 5607 1772 5662 in

1882 4692 2047 4746 tiente
2095 4706 2203 4747 non
2242 4699 2327 4746 est
2361 4691 2542 4747 divina
2570 4700 2762 4747 natura
2792 4707 3112 4762 compassa;
3169 4694 3308 4748 sicut
3349 4709 3465 4748 mo-

1879 4784 2053 4837 riente
2106 4797 2306 4847 carne,
2361 4796 2467 4836 non
2509 4782 2681 4837 solum
2725 4782 2926 4846 deitas,
2986 4782 3078 4836 sed
3123 4798 3224 4837 nec
3278 4783 3458 4837 anima

1877 4871 2074 4929 Christi
2122 4879 2302 4942 potest
2345 4870 2555 4927 ostendi
2602 4880 2938 4926 commortua
2973 4889 2986 4925 :
3030 4872 3171 4925 aliud
3203 4879 3286 4927 est
3307 4873 3452 4929 enim

1876 4964 1930 5018 in
1958 4977 2120 5018 carne
2138 4976 2353 5032 passum
2379 4961 2548 5016 Deum
2576 4961 2775 5024 dicere,
2805 4960 2947 5016 aliud
2983 4961 3131 5017 carui
3166 4962 3463 5033 prtedicare

1876 5069 2253 5126 compassum;
2284 5052 2431 5109 aliud
2484 5053 2537 5109 in
2581 5054 2755 5109 anima
2787 5055 3190 5124 contristatum,
3216 5063 3269 5110 et
3317 5056 3462 5113 aliud

1877 5163 1998 5203 cum
2043 5146 2219 5201 anima
2272 5146 2539 5202 tristatum
2577 5145 2670 5219 (at.
2702 5145 3120 5217 contristatum).
3154 5146 3350 5205 Passus
3377 5157 3461 5205 est

1880 5239 2017 5293 Deus
2044 5238 2099 5292 in
2119 5237 2360 5305 homine,
2398 5238 2524 5307 quia
2559 5251 2663 5290 una
2691 5244 2773 5291 est
2804 5235 2900 5291 Dei
2956 5237 3296 5308 hominisque
3325 5256 3451 5309 per-

1876 5347 2043 5397 sona;
2077 5346 2184 5385 non
2207 5336 2289 5385 est
2313 5343 2625 5397 compassus
2663 5328 2803 5385 Deus
2845 5330 3072 5399 homini,
3097 5332 3223 5401 quia
3256 5333 3308 5385 in
3350 5348 3458 5387 uno

1877 5422 2090 5479 Christo
2113 5435 2221 5475 non
2242 5428 2324 5473 est
2351 5416 2571 5473 confusa
2623 5418 2717 5473 Dei
2759 5418 3098 5490 hominisque
3136 5421 3453 5477 substantia.

1871 5512 2024 5581 Quod
2080 5510 2418 5566 evidentibus
2469 5507 2868 5579 Scripturarum
2912 5517 3090 5580 potest
3135 5510 3459 5567 testimoniis

1871 5603 2228 5676 comprobari,
2255 5611 2312 5657 ut
2332 5610 2689 5671 cognoscatur
2722 5600 2797 5655 ita
2827 5600 3097 5656 tristitiam
3128 5602 3458 5671 passionem-

242 5849 271 5877 ⁸
315 5837 511 5905 Ba:il.,
538 5841 591 5894 in
614 5841 775 5895 animi
805 5853 1038 5896 tumore.
1071 5834 1262 5892 Colon.
1287 5842 1344 5890 et
1363 5833 1515 5905 Aut.,
1547 5832 1597 5885 in
1624 5827 1788 5885 animi
1817 5837 1997 5882 morte.
