4072 6332
533 363 642 424 285

1737 354 1794 413 S.
1833 349 2192 414 l-‘ULGENTII
2229 349 2594 413 RUSPENSIS

3709 360 3808 427 ἔω

531 478 693 550 ψει,
724 486 839 535 mlo
868 470 1230 548 deputanda,“
1257 474 1497 542 Christo,
1526 472 1554 511 ι,
1587 481 1663 538 ιιι,
1695 472 1996 528 ol-‘llcioru‘m
2031 487 2121 527 na-
2147 477 2192 535 Α
2222 469 2287 525 ab
2308 472 2383 525 eis
2411 472 2558 526 dolor
2587 479 2636 526 et
2665 469 2881 543 gemitus
2904 468 3061 543 (Isai.
3093 482 3257 540 nxv,
3292 473 3403 548 10).
3440 477 3515 533 De
3545 479 3627 537 his
3647 486 3811 541 etiam

532 572 787 627 toralium
810 570 1036 627 veritate
1060 572 1379 629 monstrata,
1401 579 1509 619 non
1532 563 1603 619 sit
1620 563 1795 633 aliqua
1820 562 1913 617 Dei
1937 562 2113 617 homi-

531 662 723 732 nisque
748 658 1011 715 confusio.
1048 655 1328 709 Matthmus
1354 662 1541 709 narrat
1567 653 1867 716 Dominum,
1898 653 2113 722 propin-

539 760 751 821 quante
777 757 1021 818 tempore
1065 745 1348 816 passionis,
1378 743 1576 799 dixisse
1613 746 1767 817 125
1791 742 2067 813 discipulis
2093 761 2106 796 :

533 842 719 899 Sedete
734 840 836 903 hic,
857 838 1018 891 donec
1031 836 1215 890 vadum
1228 836 1372 901 illuc,
1390 844 1440 888 et
1467 850 1608 889 orent
1622 854 1644 898 ,ο
1664 844 1713 887 et
1728 843 1993 904 assumpto
2013 832 2111 886 Pe-

532 941 611 987 tro
639 941 688 984 et
708 928 901 984 duobus
929 928 1054 998 ﬁliis
1080 926 1347 992 Zebedtei,
1377 927 1524 998 capit
1555 928 1856 981 contristari
1881 936 1930 980 et
1956 942 2109 979 maes-

532 1031 612 1075 tus
631 1037 742 1074 esse
763 1018 976 1089 (Matth.
1004 1035 1146 1081 xxvr,
1169 1017 1284 1089 36).
1316 1018 1527 1073 Marcus
1570 1034 1698 1072 vero
1744 1018 1824 1072 sic
1865 1018 2110 1086 posuisse

526 1112 871 1180 cognoscitur
928 1129 941 1163 :
993 1109 1061 1163 Et
1117 1111 1324 1164 veniunt
1377 1111 1433 1164 in
1473 1110 1744 1179 praedium,
1796 1111 1877 1162 cui
1923 1124 2109 1162 nomen

527 1200 878 1269 Gethsemani,
903 1209 952 1255 et
980 1202 1054 1254 ait
1081 1200 1349 1271 discipulis
1377 1200 1481 1279 suis
1516 1216 1535 1253 :
1567 1199 1756 1254 Sedete
1800 1199 1903 1265 hic,
1948 1201 2109 1253 donec

525 1309 669 1350 orem
701 1309 718 1346 :
749 1301 798 1346 et
828 1292 1109 1362 assumpsit
1135 1290 1370 1357 Petrum,
1399 1298 1447 1343 et
1475 1289 1745 1355 Iacobum,
1778 1299 1827 1342 et
1851 1288 2110 1342 Joannem

523 1399 716 1450 seatm,
737 1394 787 1437 et
816 1384 963 1453 erepit
992 1399 1177 1453 parere
1205 1391 1252 1435 et
1278 1382 1465 1435 taedere
1495 1381 1685 1449 (Marc.
1712 1398 1822 1448 xw,
1847 1379 1963 1449 52).

658 1494 839 1549 Csrur
870 1508 980 1547 nx.
1018 1491 1081 1544 In
1108 1492 1436 1545 retributione
1464 1498 1612 1544 erant
1643 1491 1774 1560 justi
1812 1493 1945 1544 sicut

1145 1562 1317 1633 angeli
1364 1561 1479 1614 Dei.

589 1653 705 1708 Non
737 1653 942 1720 ignoro,
961 1668 1125 1721 quam
1142 1652 1376 1706 maxime
1392 1668 1532 1706 nunc
1557 1661 1752 1707 nostrze
1770 1664 1791 1692 ο
1811 1667 2108 1723 congruere

517 1745 823 1815 sponsionis
859 1743 962 1814 (al.
1004 1742 1401 1812 responsionis)
1432 1742 1634 1810 ol‘licio,
1667 1752 1723 1797 ut
1780 1760 1885 1799 non
1932 1746 2106 1800 solum

2211 558 2448 615 Joannes
2471 562 2523 615 in
2555 562 2881 633 Apocalypsi
2912 562 3187 632 loquitur:
3222 563 3347 621 Non
3370 571 3624 638 esurient,
3650 587 3811 647 neque

2212 650 2404 716 sitient,
2434 667 2593 721 neque
2629 650 2778 705 cadet
2822 668 3095 723 supereos
3133 654 3234 720 sol,
3267 672 3428 727 neque
3468 659 3606 715 ullus
3651 672 3809 720 cestus

2213 740 2399 810 (Apoc.
2427 756 2520 808 vn,
2554 740 2672 811 l6);
2704 747 2760 795 et
2780 750 2837 798 ut
2862 740 3111 796 ostendat
3136 742 3278 798 hanc
3306 759 3400 799 eos
3420 744 3617 803 Christi
3659 750 3809 808 dono
3892 762 3895 765 '

2210 830 2435 897 gratiam
2467 831 2777 899 adepturos,
2808 835 3027 886 secutus
3056 832 3334 901 adiunxit:
3365 833 3499 899 Quia
3520 839 3697 910 Agnus
3722 845 3811 914 qui

2210 923 2265 975 in
2315 920 2487 975 medio
2528 921 2702 975 throni
2750 931 2826 975 est
2850 931 2991 993 reget
3020 939 3128 989 eos,
3158 932 3208 976 et
3239 924 3453 981 deducet
3483 945 3580 983 eos
3597 932 3667 984 ad
3695 934 3811 987 vitte

2212 1013 2380 1082 fontes
2402 1027 2676 1082 aquarum,
2707 1020 2757 1065 et
2779 1011 3038 1083 absterget
3081 1011 3339 1069 Dominus
3387 1034 3589 1072 omnem
3636 1021 3811 1094 laerg-

2212 1118 2347 1155 mam
2378 1100 2440 1154 ab
2473 1101 2634 1155 oculis
2660 1118 2859 1156 eorum.
2892 1101 3026 1156 Cum
3053 1117 3184 1172 ergo
3207 1104 3330 1160 talis
3352 1106 3517 1163 hodie
3536 1110 3607 1166 sit
3638 1126 3808 1180 ange-

2212 1192 2386 1245 lorum
2411 1191 2567 1246 beata
2601 1193 2862 1248 securitas
2883 1200 2938 1247 et
2990 1193 3193 1260 lzetitia,
3220 1197 3529 1265 passionum
3587 1216 3808 1270 prorsus

2212 1281 2417 1348 ignara,
2456 1284 2611 1353 126
2641 1291 2700 1336 ut
2734 1283 2754 1320 τ
2784 1283 2933 1338 nullo
2962 1285 3171 1354 peccati
3226 1302 3371 1353 casu,
3398 1289 3546 1344 nullo
3574 1290 3803 1347 inﬁrmi-

2214 1374 2337 1428 tatis
2363 1374 2674 1442 quatiantur
2722 1375 2973 1441 incursu;
3003 1376 3219 1432 tandem
3272 1380 3562 1447 respiciant
3590 1383 3685 1450 (at.
3716 1400 3804 1438 re-

2210 1461 2488 1530 sipiscant)
2521 1463 2573 1516 in
2600 1463 2745 1533 quod
2781 1463 3126 1534 blasphemia:
3152 1466 3464 1522 barathrum
3514 1470 3805 1527 devolvun-

2211 1559 2315 1616 tur,
2347 1552 2438 1619 qui
2470 1551 2805 1606 divinitatem
2845 1551 3043 1607 Christi
3090 1555 3431 1623 passionibus
3459 1559 3802 1628 subjicientes

2209 1642 2477 1707 humanis,
2510 1642 2794 1697 Dominum
2811 1645 3126 1713 angelorum
3154 1657 3445 1714 conantur,
3471 1650 3802 1707 iii-substan—

2209 1736 2282 1790 tia
2304 1751 2464 1804 quam
2493 1737 2655 1791 habet
2684 1753 2750 1792 ex
2789 1736 2966 1802 Patre,
3003 1738 3306 1795 inferiorem
3338 1745 3544 1812 angelis
3571 1745 3800 1801 demon~

517 1837 811 1904 vocabulis,
838 1837 931 1891 sed
961 1836 1122 1889 etiam
1148 1832 1171 1870 ἀ
1203 1832 1502 1897 ell‘ectibus,
1530 1833 1599 1886 sit
1624 1833 1676 1886 in
1707 1832 1801 1887 Dei
1829 1834 1964 1888 Filio
1991 1849 2103 1889 car-
2138 1848 2177 1906 Β
2209 1836 2398 1882 strare.
2442 1827 2656 1882 Falsum
2711 1829 2872 1896 igitur
2899 1837 2981 1883 est
3024 1831 3166 1899 quod
3215 1832 3329 1901 ipse
3358 1833 3487 1890 dicit
3517 1854 3529 1888 :
3566 1835 3687 1892 Non
3717 1846 3795 1893 est

517 1927 600 1982 nis
630 1927 929 1994 animmque
950 1913 1293 1979 monstranda
1322 1923 1626 1992 proprietas
1650 1939 1663 1976 :
1691 1931 1815 1978 tunc
1849 1925 1991 1979 enim
2019 1925 2101 1978 di-

516 2018 653 2071 vinae
700 2014 1139 2086 impassibilitatis
1189 2021 1379 2066 natura
1431 2011 1768 2082 splendebit,
1798 2028 1924 2068 cum
1972 2013 2098 2084 quid

516 2106 728 2169 animm,
759 2104 953 2173 quidve
982 2103 1160 2158 carnis
1214 2103 1285 2156 sit
1307 2102 1604 2172 proprium,
1635 2118 1742 2157 non
1791 2103 1965 2157 solum
2014 2120 2098 2158 ra-

516 2197 683 2260 tione,
705 2195 800 2249 SCtl
825 2195 984 2249 etiam
1009 2193 1307 2247 divinarum
1334 2191 1732 2261 Scripturarum
1775 2193 2098 2248 auctoritate

516 2287 787 2352 claruerit.
823 2285 1104 2339 Malthmus
1135 2284 1316 2353 itaque
1346 2281 1475 2337 dicit
1521 2280 1700 2335 Iesum
1725 2284 2023 2337 contristari
2051 2294 2099 2337 et

516 2388 748 2435 montum
768 2388 908 2440 esSe;
932 2376 1162 2438 Marcus,
1196 2390 1399 2444 parere,
1435 2371 1723 2442 «edereque
1769 2386 2098 2426 commemo-

514 2475 620 2521 rat.
653 2466 843 2521 Dicant
864 2465 1025 2533 igitur
1044 2462 1239 2533 quibus
1280 2462 1332 2515 in
1359 2459 1575 2515 Christo
1621 2459 1871 2529 displicet
1910 2460 2099 2515 animae

513 2556 762 2611 humanae
783 2554 1075 2624 susceptio,
1103 2560 1279 2621 utrum
1329 2551 1625 2616 tristitiam,
1657 2565 1965 2616 mmrorem,
2001 2558 2098 2606 tae-

513 2645 659 2699 dium
683 2652 738 2698 et
765 2658 1041 2713 pavorem,
1072 2640 1339 2695 divinitati
1362 2654 1431 2693 an
1460 2638 1610 2693 carni
1647 2637 1961 2693 existiment
2005 2640 2100 2695 de-

513 2732 876 2805 putandalEt
902 2732 947 2788 si
992 2731 1207 2801 quidem
1237 2730 1418 2785 carnis
1446 2729 1563 2783 haec
1588 2726 1754 2784 fuisse
1805 2731 2100 2800 responde-

514 2826 643 2891 rint,
669 2826 737 2880 ab
763 2825 1012 2879 omnibus
1050 2823 1362 2894 passionum
1389 2822 1675 2891 generibus
1721 2821 1827 2877 erit
1872 2831 2097 2892 excepta

514 2915 787 2979 divinitas,
818 2904 939 2984 qua:
967 2915 1240 2985 particeps
1276 2913 1587 2983 passionum
1616 2912 1792 2969 carnis
1838 2927 1945 2967 non
1976 2911 2097 2978 fuit,

515 3003 638 3059 licet
665 3012 927 3074 suscepta:
949 3004 1099 3059 carni
1121 3019 1222 3058 nec
1247 3003 1304 3056 in
1330 3002 1580 3072 passione
1624 3001 1884 3067 defuerit;
1915 3003 1961 3057 si
1998 3017 2096 3056 au-

514 3103 622 3149 tem
651 3094 907 3149 deitatem
927 3091 1125 3149 Christi
1155 3100 1403 3149 asserunt
1429 3093 1642 3147 tristitia
1661 3132 1676 3158 ,
1706 3109 1960 3157 maerore,
2004 3102 2095 3149 tte-

2202 1936 2376 1973 servus
2405 1919 2574 1989 major
2594 1920 2800 1975 domino
2822 1938 2913 1975 suo
2939 1920 3118 1990 (Joan.
3146 1939 3258 1989 xm,
3294 1923 3424 1995 l6)?

2270 2030 2451 2107 Caru'r
2477 2030 2892 2107 xx._‘0ccurritur
2915 2034 3188 2105 objectioni
3215 2036 3277 2089 de
3305 2053 3363 2090 eo
3385 2039 3519 2107 quod
3550 2038 3724 2095 David

2342 2103 2505 2157 dicit:
2535 2101 2813 2156 Minorasti
2837 2121 2954 2157 eum
2974 2101 3130 2172 paulo
3156 2106 3325 2159 minus
3343 2101 3407 2159 αὖ
3435 2111 3651 2179 angelis.

2271 2194 2351 2248 An
2373 2193 2499 2248 illud
2527 2202 2552 2241 ες
2583 2194 2942 2262 ohjiciendum
2969 2202 3180 2265 putant,
3202 2196 3345 2264 quod
3369 2196 3536 2252 David
3560 2200 3697 2255 dicit
3716 2202 3788 2258 de

2201 2283 2336 2338 Filio
2381 2283 2614 2339 hominis
2645 2302 2657 2337 :
2692 2281 2935 2351 Domine,
2967 2286 3088 2356 quid
3139 2294 3214 2339 est
3239 2286 3408 2349 homo,
3444 2289 3467 2323 ιι
3509 2289 3609 2342 nisi
3655 2293 3794 2361 quod
3826 2292 3845 2305 '

2200 2392 2394 2430 memor
2413 2393 2467 2429 es
2488 2376 2640 2445 ejus?
2661 2384 2750 2428 aut
2770 2376 2911 2445 filius
2931 2377 3175 2444 hominis,
3191 2381 3434 2449 quoniam
3454 2382 3637 2435 visitas
3650 2385 3794 2438 eum?

2203 2466 2479 2521 Minorasti
2499 2481 2612 2519 eum
2637 2467 2793 2536 paulo
2809 2468 2977 2520 minus
2998 2466 3061 2520 ab
3087 2467 3286 2537 angelis
3305 2466 3479 2538 (Psal.
3497 2485 3609 2535 vm,
3634 2468 3687 2539 5,
3709 2471 3788 2544 6).

2200 2556 2307 2611 Sed
2347 2556 2629 2610 advertant
2677 2554 2900 2610 Paulum
2952 2557 3253 2625 apostolum
3311 2558 3452 2613 hunc
3501 2559 3676 2615 locum
3721 2562 3793 2617 ad

2202 2645 2391 2700 mortis
2413 2645 2659 2699 humanm
2685 2646 3092 2716 intelligentiam
3124 2646 3446 2703 referentem
3466 2689 3480 2715 ,
3508 2651 3579 2705 ita
3611 2660 3670 2706 ut
3715 2653 3785 2709 is-

2203 2748 2308 2794 tam
2334 2738 2749 2794 minorationem
2804 2755 2911 2794 non
2952 2740 3125 2795 solum
3175 2748 3378 2796 natura:
3428 2742 3784 2800 humanitatis

2200 2832 2458 2900 assignet,
2486 2831 2615 2901 quin
2645 2831 2807 2886 etiam
2858 2830 3189 2886 divinitatem
3219 2831 3417 2887 Christi
3446 2848 3476 2887 a
3505 2835 3783 2891 consortio

2200 2925 2465 2995 passionis
2494 2932 2548 2977 et
2570 2923 2761 2979 mortis
2778 2931 3057 2992 'exceptet.
3081 2922 3159 2977 lta
3189 2938 3418 2992 namque
3440 2925 3508 2979 ad
3534 2923 3790 2980 Hebraeos

2199 3014 2436 3083 loquitur
2467 3031 2479 3067 :
2509 3013 2641 3067 Eum
2664 3022 2851 3077 autem,
2885 3014 2973 3085 qui
3000 3015 3200 3068 modico
3225 3032 3376 3086 quam
3420 3016 3594 3086 angeli
3620 3016 3789 3071 mino-

2198 3114 2343 3160 ratus
2372 3114 2467 3167 est,
2510 3103 2524 3141 ί
2562 3105 2792 3159 ridemus
2821 3104 3017 3167 .Iesum,
3040 3114 3251 3176 prapter
3277 3108 3571 3175 passionem
3587 3108 3803 3174 mortis,

436 3259 447 3271 ρ
514 3183 604 3239 (δίο
625 3191 679 3240 εἴ
703 3199 905 3254 llam"3
933 3198 1273 3250 concussam:
1302 3182 1609 3251 PaSSibnem
1655 3182 1895 3238 dicemes
1921 3182 2096 3237 dcila'
2122 3208 2167 3270 ς
2200 3195 2367 3267 gloria
2395 3206 2445 3249 et
2475 3195 2669 3249 honore
2696 3204 3018 3260 coronatum,
3043 3198 3098 3249 ut
3123 3197 3237 3250 sine
3283 3196 3392 3251 Deo
3433 3215 3527 3268 pro
3550 3199 3790 3255 omnibus

513 3281 643 3337 tem,
676 3273 960 3328 animabus
988 3272 1188 3328 nostris
1220 3272 1529 3327 fatebuntur
1575 3272 1857 3341 mqualem.
1909 3273 2098 3330 Restat

514 3373 696 3421 autem
744 3374 801 3420 ut
851 3367 1164 3433 angelorum
1211 3367 1471 3435 imparem
1514 3365 1723 3431 dicant,
1764 3359 1925 3434 quam
1982 3366 2093 3439 (al.

513 3456 709 3525 quem)
734 3456 969 3526 passioni
989 3454 1267 3524 subjacere
1285 3456 1633 3525 pronuntiant
1657 3474 1668 3508 :
1701 3456 1805 3511 hoc
1829 3457 1972 3511 enim
2003 3472 2099 3512 no-

514 3544 642 3601 atris
668 3551 794 3599 sunt
814 3543 1092 3598 animabus
1120 3543 1295 3611 angeli
1342 3558 1505 3612 quam
1554 3544 1789 3598 maxime
1829 3545 2092 3614 potiores,

514 3634 639 3703 quia
664 3636 803 3690 sicut
828 3651 857 3690 a
889 3636 1145 3707 peccatis,
1175 3636 1249 3691 ita
1299 3643 1424 3691 sunt
1457 3650 1488 3689 a
1530 3636 1869 3706 passionibus
1913 3637 2092 3693 alieni.

515 3726 670 3793 Quod
700 3728 858 3782 etiam
885 3736 1031 3783 recte
1060 3743 1120 3784 se
1148 3728 1450 3783 colentibus
1473 3736 1528 3782 et
1568 3736 1754 3783 sancte
1774 3744 2099 3785 conversan-

420 3866 423 3867 ν
516 3816 660 3870 tibus
688 3817 740 3870 in
761 3817 1171 3872 retributionem
1202 3817 1459 3872 Dominus
1486 3818 1829 3887 repromittit,
1860 3819 2048 3875 dicens
2080 3839 2092 3873 :

518 3902 687 3957 Erunt
714 3906 843 3958 sicut
863 3905 1035 3976 angeli
1066 3905 1157 3958 Dei
1181 3906 1235 3959 in
1257 3906 1381 3960 ctelo
1413 3904 1628 3973 (Matth.
1664 3924 1792 3974 χχιι,
1815 3907 1927 3980 50).
1947 3908 2098 3965 Tunc

517 3992 723 4061 utique,
747 4009 867 4048 cum
890 3994 1179 4050 secundum
1209 3995 1351 4050 beati
1385 3994 1533 4050 Pauli
1568 3998 1930 4064 testimonium
1977 4017 2097 4057 cor-

517 4083 769 4153 ruptibile
802 4094 825 4121 ε
852 4085 959 4141 hoc
985 4094 1043 4140 et
1065 4087 1291 4141 mortale
1317 4087 1388 4141 ita
1423 4088 1671 4145 induetur
1693 4091 2097 4165 incorruptione

517 4185 573 4233 et
606 4177 1031 4247 immortalitate,
1056 4186 1116 4233 ut
1133 4180 1407 4250 corruptio
1438 4180 1893 4252 incorruptionem
1924 4184 2098 4253 possi-

519 4266 647 4322 dere
675 4283 780 4323 non
812 4269 997 4339 possit,
1029 4285 1148 4340 quas
1171 4287 1276 4325 non
1308 4272 1478 4327 solum
1503 4273 1554 4327 in
1577 4284 1800 4344 peccato
1829 4278 2094 4345 consistit,

517 4358 614 4413 sed
632 4358 793 4414 etiam
819 4361 871 4415 in
902 4359 1228 4421 inﬁrmitate.
1253 4377 1373 4432 qua:
1407 4364 1807 4432 praevaricatori
1839 4380 1903 4420 ex
1934 4381 2096 4435 paena

478 4446 485 4453 ’
514 4450 858 4520 cognoscitur
895 4451 1153 4506 accidisse
1202 4452 1427 4521 peccati.
1475 4451 1609 4507 Nam
1658 4461 1881 4523 peccato
1913 4469 2013 4510 nos
2041 4462 2098 4510 et
2134 4472 2141 4479 ί

517 4540 824 4611 inﬁmitate
847 4552 976 4613 tunc
996 4546 1316 4601 omnimodis
1335 4547 1600 4603 carituros
1622 4547 1912 4618 Apostolus
1934 4554 2098 4602 testa-

515 4642 605 4686 tur
631 4641 687 4687 et
715 4633 846 4687 dicit
880 4651 892 4687 :
922 4633 1060 4687 Tunc
1091 4635 1179 4705 ﬁet
1198 4652 1365 4690 sermo
1396 4638 1482 4708 qui
1504 4639 1725 4708 scriptus
1765 4646 1843 4693 est
1871 4636 2102 4692 :Absor-

514 4731 604 4794 pta
628 4731 705 4777 est
730 4738 869 4776 mors
898 4723 952 4776 in
976 4725 1209 4778 victoria.
1247 4724 1344 4779 Ubi
1373 4736 1469 4791 est,
1501 4742 1659 4791 mors,
1687 4727 1946 4781 contentio
1975 4724 2102 4779 tua?

520 4809 617 4865 Ubi
647 4820 743 4877 est,
786 4828 944 4880 mors,
971 4814 1208 4869 stimulus
1240 4816 1393 4868 tuus?
1425 4816 1679 4870 Stimulus
1705 4825 1877 4871 autem
1920 4817 2100 4871 mortis

522 4911 789 4971 peccatum
813 4913 890 4983 est
920 4903 970 4976 (Ι
997 4903 1119 4960 Lor.
1151 4922 1238 4974 xv,
1271 4904 1358 4970 54,
1395 4904 1482 4970 55,
1515 4906 1627 4978 56).
1658 4906 1923 4977 Absorpta
1972 4922 2101 4976 ergo

516 5003 694 5049 morte
724 4996 777 5050 in
801 4997 1049 5061 victoria,
1074 4998 1218 5052 nulla
1248 4999 1351 5053 erit
1378 4999 1571 5054 animas
1617 5000 1860 5055 carnisve
1905 5015 2097 5055 corru-

517 5086 653 5154 ptio,
673 5087 925 5156 quoniam
956 5105 1078 5144 cum
1102 5105 1131 5143 a
1156 5089 1313 5144 nobis
1333 5096 1511 5144 amota
1532 5088 1691 5144 fuerit
1705 5088 1883 5143 omnis
1904 5089 2101 5160 iniqui-

518 5184 623 5245 tas,
645 5177 789 5232 nulla
812 5180 1111 5235 remanebit
1136 5180 1438 5236 inﬁrmitas.
1462 5180 1538 5236 De
1568 5180 1763 5236 talibus
1790 5182 1976 5251 utique
2016 5183 2102 5236 di-

516 5269 592 5325 cit
616 5268 820 5326 lsaias:
854 5269 1113 5328 Caudium
1142 5285 1191 5328 et
1218 5274 1457 5330 [mitium
1502 5272 1822 5344 obtinebunt,
1862 5283 1911 5330 et
1944 5277 2105 5348 fugiet

593 5431 616 5460 ³
657 5422 844 5492 Basil.,
879 5428 991 5482 toti.
1023 5427 1158 5483 Vide
1185 5445 1347 5499 supra
1401 5432 1453 5486 in
1505 5441 1630 5487 nota
1658 5447 1781 5502 cap.
1818 5432 1905 5497 15,
1938 5432 2029 5488 lib.
2059 5449 2095 5497 l,

601 5491 690 5546 81.
723 5503 828 5546 toto
858 5514 957 5546 nm
984 5500 1097 5546 loti.

522 5508 574 5563 p.
601 5503 690 5554 δι,
723 5503 828 5551 toto
858 5514 957 5567 pro
984 5503 1098 5553 toti.

595 5562 620 5602 δ
652 5564 851 5641 _Basil..
885 5585 949 5641 ηε
976 5570 1370 5641 oﬂ‘iciorum,....
1392 5572 1482 5641 sit,
1509 5583 1618 5629 etc.

598 5644 620 5672 ε
652 5633 728 5717 Ita
752 5651 877 5717 mss.
900 5633 1063 5694 Corb.
1105 5648 1161 5695 et
1185 5639 1355 5706 Vict.;
1386 5652 1442 5695 at
1469 5633 1654 5711 Basil.,
1684 5653 1951 5717 congruat.
1996 5643 2103 5701 Co-

522 5702 721 5775 lonLet
748 5705 898 5775 Ant.,
929 5719 1189 5775 rongruet.

595 5772 620 5811 ἀ
645 5772 833 5846 Basil.,
864 5768 1150 5846 affectibus.

599 5841 722 5909 t{Ita
761 5860 863 5901 ms.
898 5841 1078 5903 "Corb.
1124 5849 1261 5907 Eliti
1312 5869 1470 5921 vero,
1505 5856 1832 5926 corruptibile
1876 5856 2000 5928 (hoc
2028 5867 2103 5912 rst

2196 3294 2425 3357 gustaret
2451 3294 2663 3340 mortem
2706 3284 2894 3358 (Hebr.
2920 3302 2979 3354 ιι,
3004 3284 3088 3358 9);
3119 3302 3225 3342 non
3268 3295 3445 3342 autem
3491 3288 3578 3342 hic
3621 3286 3781 3343 Chri-

2195 3382 2337 3429 stum
2362 3375 2542 3429 divisit
2571 3373 2860 3444 Apostolus
2882 3412 2897 3438 ,
2947 3374 3042 3428 sed
3070 3375 3309 3430 ostendit
3338 3376 3390 3429 in
3423 3391 3531 3430 uno
3572 3374 3793 3434 Christo

2196 3482 2315 3537 qua:
2335 3466 2635 3522 substantia
2663 3465 2927 3535 passibilis
2955 3472 3011 3519 et
3050 3465 3292 3519 mortalis
3316 3464 3496 3528 fuerit,
3522 3482 3644 3535 qua:
3691 3482 3796 3521 au-

2197 3566 2307 3613 tem
2357 3558 2697 3629 impassibilis
2734 3565 2790 3612 et
2846 3556 3164 3611 immortalis
3214 3558 3593 3627 permanserit.
3652 3558 3798 3614 Sine

2197 3647 2308 3702 Deo
2338 3649 2498 3717 igitur
2525 3648 2689 3704 homo
2736 3646 2827 3702 ille
2852 3646 3087 3715 gustavit
3132 3653 3384 3710 mortem,
3413 3655 3672 3715 quantum
3718 3647 3796 3703 ad

2198 3738 2566 3795 conditionem
2624 3738 2819 3793 attinet
2867 3737 3066 3803 carnis,
3112 3751 3226 3791 non
3265 3744 3447 3790 autem
3492 3737 3605 3790 sine
3649 3735 3792 3801 Deo,

2200 3838 2461 3899 quantum
2490 3828 2556 3883 ad
2577 3829 2974 3899 susceptionem
3004 3827 3238 3897 pertinet
3265 3825 3510 3893 deitatis;
3537 3826 3661 3895 quia
3687 3826 3796 3881 im~

2198 3920 2467 3990 passibilis
2495 3928 2656 3988 atque
2684 3919 3004 3974 immortalis
3035 3917 3135 3972 illa
3149 3916 3418 3981 divinitas,
3451 3931 3571 3970 cum
3617 3916 3669 3970 in
3696 3931 3796 3971 ve-

2198 4011 2357 4066 ritate
2383 4010 2568 4065 l‘orma:
2596 4008 2824 4076 servilis,
2852 4017 2908 4061 et
2929 4008 3041 4076 pati
3072 4006 3375 4061 voluntarie
3410 4022 3511 4075 pro
3536 4006 3690 4062 nobis
3707 4006 3798 4061 di—.

2197 4112 2451 4171 gnaretur
2479 4108 2532 4156 et
2586 4100 2744 4165 mori,
2775 4100 2912 4153 sicut
2943 4099 2996 4152 in
3036 4105 3211 4152 morte
3260 4097 3428 4152 solius
3475 4097 3654 4152 carnis
3696 4097 3800 4151 im-

2198 4191 2440 4245 mortalis
2482 4190 2600 4257 i‘uit,
2631 4190 2709 4245 sic
2736 4189 2788 4243 in
2816 4188 3154 4259 passionibus
3203 4187 3368 4242 totius
3418 4187 3652 4248 hominis
3682 4187 3792 4243 im-

2200 4281 2464 4351 passibilis
2494 4282 2713 4335 omnino
2744 4278 3060 4350 permansit.

2199 4372 2378 4429 Carus
2423 4390 2532 4428 χιι.
2586 4371 2818 4428 Tristitia
2865 4383 2915 4427 et
2960 4371 3153 4427 similes
3197 4374 3411 4442 affectus
3441 4375 3510 4428 ad
3552 4376 3803 4431 annnam.

2858 4464 3136 4532 pertinent.

2272 4556 2379 4612 Sed
2406 4572 2546 4612 nunc
2582 4555 2974 4612 ostendendum
2998 4570 3027 4608 a
3059 4554 3216 4617 nobis
3250 4561 3331 4609 est
3361 4554 3677 4624 passionem
3698 4556 3800 4610 tri.

2203 4648 2382 4711 stitim,
2406 4647 2672 4710 mteroris,
2702 4646 2842 4700 taedii
2872 4654 2928 4699 et
2955 4644 3164 4698 timoris
3205 4643 3275 4697 ad
3324 4646 3517 4698 animae
3546 4645 3803 4700 substan-

2204 4739 2330 4793 tiam
2361 4737 2578 4807 proprie
2599 4738 2870 4807 pertinere
2895 4754 2908 4789 :
2933 4746 2992 4790 ut
3017 4735 3068 4789 in
3098 4749 3164 4789 eo
3186 4734 3330 4803 quod
3364 4735 3556 4805 ingrati
3604 4736 3801 4805 gratiae

2204 4826 2425 4895 Christi,
2446 4826 2783 4881 divinitatem
2812 4824 2933 4893 ejus
2982 4823 3207 4899 cupiunt
3253 4821 3483 4877 subdere
3532 4824 3793 4895 passioni,

2207 4924 2463 4985 appareat
2489 4914 2618 4984 quid
2640 4913 2899 4983 cujusque
2927 4925 3133 4969 naturae
3155 4916 3224 4971 sit
3246 4917 3623 4985 pr0priunt,.et
3643 4917 3695 4972 in
3725 4933 3800 4975 eo

2207 5006 2375 5075 magis
2404 5013 2727 5073 agnoscatur
2754 5005 2967 5061 Domini
3000 5006 3284 5061 mirabilis
3331 5008 3636 5080 invictaque
3685 5009 3800 5066 cle-

2207 5094 2426 5157 mentia,
2453 5108 2576 5148 cum
2598 5094 3004 5164 probaverimus
3026 5095 3215 5149 anima:
3236 5095 3518 5166 carnisque
3546 5099 3802 5157 substan-

2208 5184 2337 5238 tiam
2368 5183 2438 5239 ob
2467 5183 2572 5239 hoc
2591 5174 2713 5238 cum
2740 5184 2850 5239 suis
2896 5183 3233 5253 passionibus
3254 5201 3283 5238 a
3310 5185 3421 5240 Deo
3467 5195 3798 5256 susceptam,

2215 5282 2273 5330 ut
2300 5274 2437 5330 sicut
2464 5273 2614 5330 salvo
2635 5273 2828 5330 divina:
2857 5273 3296 5343 impassibilitatis
3342 5282 3516 5341 statu,
3550 5276 3803 5332 volunta-

2209 5432 2460 5503 mortale)
2479 5436 2574 5499 ita,
2605 5439 2710 5490 etc.

2285 5502 2305 5542 τ
2336 5500 2644 5568 Μεζϐοιιιω
2670 5501 2832 5566 nulli;
2859 5500 2997 5557 forte
3025 5517 3125 5568 pro
3149 5504 3360 5559 nullius.
3572 5538 3575 5539 ν

2242 5574 2431 5698 .sdlta
2477 5588 2606 5627 mss.
2654 5569 2816 5626 Corb.
2881 5578 2959 5663 ett
2993 5569 3195 5629 Victor.
3246 5574 3385 5629 Editi
3440 5590 3604 5642 vero,
3657 5577 3805 5651 abji-

2242 5661 2320 5698 ien
2360 5660 2465 5698 um.

2208 5648 2465 5700 ciendum.
2950 5648 2959 5663 ‘

2279 5712 2308 5785 ll
2336 5713 2517 5785 Basil.,
2539 5713 2662 5785 quid
2690 5720 2769 5785 est
2800 5711 2970 5785 homo,
3003 5715 3157 5785 quod,
3182 5722 3286 5785 etc.

2288 5784 2301 5821 ί
2335 5784 2410 5839 Ita
2440 5781 2567 5837 mss.
2596 5781 2759 5840 Corb.
2792 5791 2849 5840 et
2889 5781 3091 5842 Victur.
3135 5794 3187 5841 et
3237 5783 3459 5843 Caecus
3499 5793 3679 5843 textus
3698 5795 3815 5854 sat

2208 5855 2354 5923 editi,
2387 5853 2623 5909 vidimus.
3642 5866 3649 5871 '
