4072 6332
799 392 863 403 ...ν

259 454 373 515 285

1455 435 1546 495 AD
1581 426 2074 493 TRASlMUNDUM
2115 429 2221 486 LIB
2280 427 2366 485 lll.

3432 431 3537 486 286

258 569 344 626 ria
371 560 715 631 susceptione
740 557 928 614 mortis
949 555 1003 610 in
1020 567 1190 629 carne
1209 566 1327 618 sua,
1354 557 1584 615 mortem
1607 553 1846 602 nostram
1876 549 1925 607 Α
1952 541 2135 631 Caro:
2166 554 2311 631 xgll.‘
2337 538 2593 631 (Sogdiani
2640 540 2692 592 in
2723 537 2899 631 anima
2929 535 3139 631 limini.
3192 538 3537 631 Desidet-ium.

257 655 609 729 cognoscitur
645 650 925 711 occidisse,
957 649 1035 728 sic
1058 645 1364 704 voluntaria
1384 641 1727 713 susceptione
1750 638 1846 693 tri-

259 753 426 813 stitie
492 757 549 805 et
595 744 804 802 timoris
829 782 846 808 ,
895 740 963 797 ad
1018 740 1124 795 hoc
1192 741 1548 805 cognoscatur
1616 729 1850 785 animam

258 841 588 902 rationalem
641 852 764 893 cum
829 833 942 889 suis
1004 828 1341 901 passionibus
1406 823 1741 892 suscepisse,
1792 826 1853 872 ut

261 936 477 991 animas
531 936 761 986 nostras
794 925 862 979 ab
918 921 1168 977 omnibus
1217 918 1529 985 dignaretur
1588 909 1854 980 passioni-

263 1027 372 1082 bus
412 1024 663 1078 liberare.
703 1014 1063 1071 Ostendamus
1121 1010 1281 1078 igitur
1338 1004 1605 1060 tristitiam
1656 998 1854 1054 Christi

264 1133 382 1173 non
426 1114 496 1168 ad
531 1108 861 1171 divinitatis,
913 1119 1014 1159 nec
1079 1101 1147 1156 ad
1216 1097 1426 1160 carius,
1477 1092 1572 1149 sed
1626 1090 1693 1146 ad
1740 1088 1854 1143 ani-

266 1221 375 1264 ma:
403 1197 721 1274 pertinuisse
764 1193 1137 1252 substantiam.
1186 1188 1360 1258 Atque
1408 1192 1469 1238 ut
1521 1184 1625 1237 hoc
1648 1182 1855 1274 integra

268 1268 446 1371 possit
495 1289 930 1348 manifestatione
993 1280 1285 1351 cognosci,
1340 1274 1678 1331 attendamus
1730 1268 1858 1339 quid

280 1368 434 1458 127
463 1380 737 1451 discipulis
774 1392 912 1447 pene
937 1373 1036 1429 sub
1072 1372 1188 1440 ipso
1212 1368 1421 1458 dixerit
1441 1374 1685 1458 tempore
1730 1376 1858 1458 pag.

274 1450 463 1535 gazis.
490 1479 549 1525 ut
571 1450 676 1523 nin
703 1482 765 1523 se
787 1477 975 1520 veram
1009 1460 1200 1514 anima:
1228 1450 1584 1511 substantiam
1615 1466 1721 1505 non
1752 1450 1856 1503 mi-

277 1582 382 1621 nus
423 1561 604 1617 ofﬁcio
645 1570 805 1628 quam
852 1550 1066 1607 nomine
1102 1547 1514 1601 demonstraret.
1552 1539 1734 1593 Tristis
1762 1546 1857 1603 est,

278 1656 473 1727 inquit,
494 1653 671 1706 anima
691 1664 805 1702 mea
824 1660 982 1716 usque
1002 1642 1072 1695 ad
1095 1650 1309 1694 mortem
1341 1635 1553 1705 (Matth.
1580 1649 1725 1700 xxvr,
1745 1630 1856 1701 58).

280 1723 413 1814 Quis
439 1750 620 1826 autem
650 1736 904 1805 ambigat,
933 1747 1032 1787 nec
1059 1731 1112 1785 in
1138 1729 1479 1787 divinitatem.
1512 1740 1669 1795 posse
1692 1723 1860 1778 tristi-

279 1813 409 1891 tiam
431 1813 644 1894 cadere,
662 1841 763 1882 nec
789 1824 857 1879 ad
877 1821 1055 1880 carnis
1080 1817 1314 1874 ofﬁcium
1333 1815 1634 1887 pertinere?
1658 1813 1861 1867 Anima:

281 1939 513 1997 namque
556 1929 641 1978 est
682 1917 958 1990 proprium
987 1921 1246 1977 metuere,
1277 1908 1605 1973 desiderare,
1636 1905 1855 1969 tristari,
1894 1910 1936 1968 Β

280 2018 531 2088 gaudere,
562 2013 701 2067 sicut
726 2009 889 2065 etiam
928 2003 1178 2062 carminis
1211 2000 1448 2056 Davidici
1472 2007 1648 2054 textus
1676 2005 1860 2053 osten-

280 2107 359 2164 dit
383 2102 610 2160 dicentis
634 2100 727 2171 (al.
751 2095 955 2165 dicens)
985 2111 998 2147 2
1029 2091 1202 2157 Quare
1231 2092 1392 2146 tristis
1420 2108 1493 2153 es,
1521 2090 1696 2143 animo
1724 2104 1859 2153 mea,

279 2209 331 2255 et
353 2213 514 2270 quare
539 2189 812 2249 conturbas
841 2204 921 2242 me
953 2185 1122 2258 (Psal.
1159 2201 1266 2249 XLI,
1299 2182 1428 2253 i2)?
1459 2182 1648 2236 Anima
1678 2181 1861 2234 trista-

282 2299 388 2355 tur,
419 2289 537 2359 ipsa
568 2284 830 2340 turbatur.
860 2279 987 2334 ldeo
1013 2286 1067 2332 et
1097 2277 1209 2347 ipse
1241 2274 1509 2339 Salvator,
1536 2281 1592 2327 ut
1615 2270 1866 2328 ostende-

284 2390 367 2439 ret
392 2376 856 2451 perturbationem
901 2371 1058 2426 istam
1094 2384 1203 2424 non
1228 2367 1401 2436 carni,
1424 2365 1520 2421 sed
1550 2365 1741 2420 anima:
1764 2362 1862 2418 de-

284 2466 598 2540 putandam,
645 2463 724 2518 sic
768 2458 1062 2529 discipulos
1109 2472 1237 2511 suos
1282 2454 1610 2517 consolatur,
1649 2467 1770 2508 cum
1798 2452 1865 2505 de

284 2558 462 2614 futuro
491 2556 610 2625 ejus
652 2551 1098 2608 contristarentur
1144 2547 1434 2601 abscessu':
1464 2541 1590 2598 Non
1638 2542 1867 2597 turbetur

286 2667 373 2703 cor
396 2654 637 2708 vestrum,
681 2656 839 2712 neque
861 2636 1099 2710 formidet
1133 2634 1312 2709 (Joan.
1342 2649 1449 2699 xw,
1485 2633 1558 2703 1).
1612 2633 1693 2687 Ad
1740 2647 1866 2686 eos-

287 2743 404 2800 dem
431 2740 613 2795 denuo
642 2738 719 2794 sic
745 2734 1016 2804 loquitur:
1051 2730 1205 2785 Nunc
1252 2729 1379 2784 vado
1425 2726 1494 2782 ad
1524 2743 1641 2780 eum
1675 2725 1760 2797 qui
1788 2740 1868 2777 me

289 2832 447 2895 misit,
476 2839 525 2884 et
553 2844 703 2882 nemo
724 2842 788 2880 ea:
810 2824 948 2879 vobis
983 2823 1265 2893 interrogat
1293 2837 1374 2874 me
1394 2835 1413 2874 :
1438 2817 1549 2883 Quo
1570 2818 1713 2872 vadis
1736 2817 1759 2868 ?
1778 2814 1869 2869 sed

290 2925 408 2995 quia
436 2923 546 2975 hazc
582 2920 781 2973 locutus
806 2933 919 2970 sum
946 2914 1106 2979 vobis,
1139 2912 1351 2966 tristitia
1388 2909 1612 2981 implevit
1641 2924 1728 2961 cor
1767 2923 1872 2961 ves-

293 3025 424 3070 trum
453 3012 635 3084 (Joan.
663 3026 770 3074 xvi,
809 3007 885 3080 ὃ).
916 3006 1047 3074 Quis
1076 3004 1226 3061 carni
1251 3002 1338 3056 vel
1366 2998 1630 3056 divinitati
1673 2996 1871 3051 audeat

289 3105 585 3173 assignare,
640 3099 784 3169 quod
828 3097 894 3151 ad
946 3088 1184 3151 cilicium
1233 3092 1411 3150 cordis
1453 3089 1709 3145 Dominus
1742 3086 1873 3142 dicit

287 3194 510 3267 praprie
536 3190 841 3261 pertinere?
873 3187 1004 3241 Nam
1048 3200 1168 3242 cmn
1197 3183 1443 3253 superius
1470 3181 1668 3236 dixerit
1696 3198 1709 3231 :
1744 3177 1870 3233 Non

2020 610 2368 682 Inﬁrmitates
2408 606 2643 682 Christus
2690 608 2903 677 accepit,
2952 618 3008 661 ut
3040 611 3094 682 in
3124 608 3272 664 nobis
3300 612 3540 665 virtutem

2019 677 2303 764 perﬁceret.
2336 678 2402 732 In
2419 677 2623 733 Christo
2637 685 2864 747 potestas
2878 679 3131 747 ponenda:
3149 688 3199 732 et
3220 696 3450 764 qesumen
3458 681 3539 735 dat

2021 767 2230 805 animat.

2024 839 2289 896 Gaudium
2320 853 2536 910 quoque
2564 838 2618 892 in
2659 852 2754 891 sua
2803 835 3052 891 Salvator
3092 837 3269 891 anima
3309 837 3537 892 demou-

1953 932 2162 992 stravit.
2192 947 2314 987 cum
2343 930 2617 999 discipulis
2666 928 2734 983 de
2786 926 2989 983 Lazaro
3036 928 3277 982 diceret:
3306 927 3538 983 Lazarus

1954 1026 2151 1079 amicus
2192 1033 2364 1077 noster
2389 1030 2620 1076 mortuus
2669 1029 2796 1075 est:
2822 1030 2873 1074 et
2915 1020 3136 1092 gaudeo,
3189 1027 3246 1072 ut
3292 1020 3539 1087 credatis,

1956 1119 2079 1189 quia
2106 1133 2209 1171 non
2238 1132 2383 1170 eram
2421 1114 2494 1167 ibi
2519 1112 2698 1182 (Joan.
2732 1128 2804 1176 XI,
2837 1111 2948 1184 14).
2973 1111 3542 1167 Substantiahominis

1957 1209 2140 1277 utique
2167 1206 2435 1274 gaudebat
2452 1205 2508 1258 in
2538 1203 2774 1263 Christo,
2799 1217 2916 1270 quae
2938 1218 3036 1270 pro
3055 1202 3286 1255 naturali
3316 1217 3544 1256 consor-

1958 1299 2033 1353 tio
2060 1297 2314 1366 gaudium
2336 1296 2447 1365 jam
2479 1294 2665 1348 habuit
2702 1293 2770 1348 de
2797 1292 2999 1347 Lazaro
3014 1292 3320 1347 suscitando
3345 1309 3357 1345 :
3382 1292 3542 1351 simul

1959 1397 2018 1442 ut
2044 1395 2099 1442 et
2123 1386 2370 1455 discipuli
2399 1399 2587 1439 verum
2621 1384 2788 1437 Deum
2827 1383 3188 1450 intelligerent
3221 1383 3272 1458 in
3300 1383 3542 1451 homine,

1959 1495 2120 1549 quem
2146 1478 2526 1547 cognovissent
2554 1475 2718 1530 etiam
2760 1475 2921 1543 longe
2966 1474 3140 1544 posita
3188 1489 3293 1529 non
3349 1474 3536 1528 latere.

1960 1572 2134 1640 Atque
2160 1579 2221 1623 ut
2248 1568 2426 1623 omnia
2450 1568 2502 1621 in
2532 1582 2593 1621 se
2616 1565 2864 1621 Christus
2903 1566 3094 1620 anima:
3121 1564 3294 1620 ofﬁcia
3317 1565 3542 1620 demon-

1959 1668 2177 1727 straret,
2209 1661 2374 1715 etiam
2403 1658 2727 1713 desiderium
2757 1673 2788 1710 a
2816 1672 2912 1711 sua
2956 1658 3131 1711 anima
3182 1656 3320 1719 ﬁeri.
3369 1657 3545 1712 noluit

1961 1751 2218 1817 alienum,
2245 1749 2429 1804 dicens
2479 1747 2754 1817 discipulis
2781 1765 2793 1799 :
2826 1746 3099 1801 Desiderio
3136 1747 3421 1801 desideravi
3448 1747 3547 1802 hoc

1964 1844 2156 1914 pascha
2196 1844 2353 1913 128
2384 1841 2706 1895 manducare
2751 1840 3027 1907 vobiscum,
3058 1849 3333 1911 antequam
3374 1841 3548 1907 patiar

1966 1934 2114 2007 (Luc.
2146 1949 2278 1997 χχιι,
2321 1930 2431 2001 15).
2460 1931 2627 1985 Nemo
2656 1938 2836 2000 potest
2855 1930 2971 1984 haec
3004 1930 3181 1984 omnia
3210 1931 3295 1984 vel
3342 1941 3546 1985 naturae

1961 2026 2221 2096 deputare
2264 2024 2459 2088 carnis,
2509 2022 2595 2076 vel
2641 2022 2951 2076 substantiae
3003 2020 3237 2086 deitatis,
3293 2023 3544 2090 quoniam

1963 2132 2092 2173 caro
2112 2132 2214 2172 nec
2241 2116 2424 2170 vivere
2455 2121 2635 2183 potest
2664 2128 2761 2183 per
2780 2113 3147 2181 semetipsam,
3189 2125 3289 2166 nec
3323 2112 3546 2176 sentire,

1966 2223 2064 2263 nec
2084 2206 2307 2272 tristari,
2339 2221 2439 2260 nec
2466 2203 2795 2271 desiderare,
2843 2218 2943 2257 nec
2983 2210 3244 2267 metuere,
3279 2216 3378 2256 nec
3407 2217 3546 2256 Inm-

1963 2315 2105 2355 rere.
2138 2299 2319 2353 Deitas
2357 2296 2489 2351 nihil
2518 2296 2728 2362 metuit,
2776 2295 3032 2365 quoniam
3057 2295 3294 2349 omnium
3328 2305 3348 2332 ε
3374 2292 3545 2347 domi-

1965 2397 2155 2455 natur;
2187 2388 2239 2443 in
2271 2387 2705 2462 nullo'tristatur,
2750 2386 3002 2455 quoniam
3029 2384 3078 2439 ei
3110 2384 3237 2437 nihil
3286 2384 3550 2454 passionis

1966 2478 2196 2534 infertur
2221 2497 2233 2531 :
2260 2479 2313 2532 in
2344 2477 2493 2533 nullo
2520 2477 2731 2544 metuit,
2754 2476 2876 2545 quia
2910 2475 3052 2530 nulla
3074 2483 3157 2529 est
3186 2475 3261 2528 illi
3293 2474 3549 2528 naturalis

1967 2570 2277 2634 inﬁrmitas;
2325 2568 2457 2621 nihil
2504 2566 2792 2630 desiderat,
2842 2565 2966 2635 quia
3014 2563 3195 2619 omnia
3247 2570 3443 2633 potest,
3494 2570 3550 2617 ct

1966 2659 2145 2716 omnia
2166 2657 2428 2729 possidet.
2461 2655 2586 2710 Haec
2608 2669 2738 2723 ergo
2766 2663 2957 2709 cuncta
2982 2655 3033 2707 in
3056 2654 3230 2706 anima
3257 2667 3414 2721 quam
3438 2644 3553 2707 sus-

1965 2762 2185 2821 ceperat
2211 2748 2433 2820 pertulit
2460 2747 2726 2815 Christus,
2754 2753 2810 2801 ut
2827 2761 3009 2801 veram
3039 2754 3312 2814 totamque
3341 2745 3392 2799 in
3418 2742 3442 2780 ἀ
3465 2760 3546 2810 se,

1967 2830 2087 2898 cum
2136 2840 2244 2895 suis
2291 2837 2709 2903 inﬁrmitatibus,
2753 2836 2985 2892 hominis
3027 2835 3418 2891 demonstraret
3460 2852 3551 2892 ac-

1968 2932 2112 3001 cepti
2151 2930 2537 2993 substantiam;
2569 2936 2622 2982 et
2650 2924 3063 2990 inﬁrmitatibus,
3102 2940 3234 2994 quas
3280 2940 3379 2994 pro
3404 2924 3553 2979 inlir-

1969 3022 2071 3076 mis
2095 3020 2322 3090 accepit,
2351 3020 2605 3073 virtutem
2627 3016 2929 3087 perliceret,
2963 3031 3122 3086 quam
3150 3014 3373 3070 inﬁrmis
3400 3017 3555 3071 attri-

1958 3113 2102 3166 buit.
2151 3110 2253 3177 Qui
2296 3118 2351 3166 et
2401 3110 2633 3164 hominis
2686 3123 2904 3163 carnem
2956 3118 3244 3177 propterea
3273 3109 3554 3164 mortalem

1974 3205 2179 3271 habuit,
2208 3212 2268 3259 ut
2296 3203 2613 3259 mortalibus
2643 3203 2860 3272 plenam
2890 3200 3162 3257 conferret
3184 3203 3557 3258 immortalita-

289 3285 526 3339 ‘Wbem'
551 3297 637 3334 ⁶⁰⁷
661 3288 902 3346 “suum
932 3293 1091 3349 neque
1114 3275 1376 3349 formide"
1400 3273 1489 3328 ubi
1515 3272 1729 3366 proprie
1751 3286 1870 3326 cor‘
1899 3271 1942 3330 θ
1977 3297 2045 3352 tis
2068 3297 2324 3366 gratiam;
2357 3303 2413 3351 et
2448 3271 2683 3349 hominis
2718 3294 2949 3347 anim‘am
2994 3304 3115 3347 cum
3161 3293 3559 3351 infirmitatibus

288 3377 374 3431 dis
430 3374 647 3428 nomine
701 3373 987 3426 humanam
1045 3371 1280 3423 animam
1334 3364 1760 3424 demonstravit,
1811 3378 1876 3418 ac

290 3464 488 3522 deinde
513 3463 708 3519 dixerit
733 3481 744 3515 :
780 3462 1015 3516 Tristitia
1043 3460 1265 3530 implerit
1301 3474 1390 3512 cor
1418 3465 1656 3521 vestrum,
1682 3463 1743 3508 ut
1763 3455 1878 3509 evi-

291 3556 507 3612 dentius
534 3552 849 3610 ostenderet
872 3560 926 3607 et
973 3550 1240 3605 tristitiam
1279 3556 1334 3603 et
1366 3547 1618 3615 gaudium
1656 3545 1721 3598 ad
1756 3545 1876 3597 ani-

292 3664 434 3704 mam
465 3646 757 3717 pertinere,
788 3659 974 3698 rursus
999 3641 1292 3713 Apostolus
1320 3640 1486 3694 dicit:
1517 3639 1703 3704 Amen,
1726 3654 1874 3691 amen

294 3741 406 3793 dico
437 3738 599 3806 vobis,
627 3738 747 3808 quia
774 3735 1041 3808 plorabitis
1093 3743 1143 3788 et
1181 3731 1368 3802 ﬂebitis
1398 3748 1502 3798 vos,
1534 3730 1755 3785 mundus
1785 3746 1879 3782 au-

294 3844 396 3887 tem
435 3829 703 3903 gaudebit,
746 3845 831 3883 vos
861 3836 1026 3883 autem
1057 3825 1526 3888 contristabimini;
1556 3822 1645 3876 sed
1670 3822 1881 3876 tristitia

293 3931 460 3978 vestra
490 3928 709 3975 vertetur
751 3918 805 3972 in
841 3918 1104 3990 gaudium.
1152 3915 1343 3970 Mulier
1383 3930 1495 3967 cum
1524 3915 1682 3984 parit,
1714 3912 1880 3966 tristi-

295 4013 424 4066 tiam
451 4010 622 4076 habet,
649 4011 769 4081 quia
800 4010 932 4069 venit
955 4010 1081 4063 hora
1101 4008 1212 4078 ejus
1239 4023 1254 4059 :
1284 4022 1398 4059 cum
1428 4014 1599 4058 autem
1626 4003 1881 4074 pepererit

294 4102 390 4174 (al.
418 4102 636 4173 peperit)
659 4116 890 4172 puerum,
922 4100 1037 4168 jam
1076 4115 1179 4152 non
1213 4098 1445 4150 meminit
1470 4110 1744 4166 pressum,
1771 4109 1887 4164 pro-

293 4204 412 4265 pter
430 4192 696 4266 gaudium,
723 4194 844 4263 quia
869 4201 1018 4244 natus
1049 4198 1124 4244 est
1154 4189 1302 4242 homo
1324 4189 1376 4241 in
1408 4188 1674 4240 mundum.
1706 4185 1772 4239 Et
1798 4202 1885 4240 vos

294 4286 455 4357 igitur
477 4301 612 4338 nunc
635 4284 839 4355 qiidem
867 4283 1131 4336 tristitiam
1156 4281 1373 4343 habetis,
1397 4282 1585 4334 iterum
1613 4288 1783 4333 autem
1807 4279 1884 4331 vi-

293 4377 425 4429 debo
447 4391 553 4438 vos,
586 4381 632 4426 et
652 4371 891 4444 gaudebit
912 4387 1000 4424 cor
1026 4380 1249 4423 vestrum
1278 4384 1295 4421 :
1327 4376 1375 4422 et
1396 4367 1641 4439 gaudium
1663 4377 1886 4420 vestrum

222 4482 233 4491 ί
292 4483 447 4521 nemo
469 4464 613 4519 tollet
640 4480 673 4518 a
698 4463 854 4518 vobis.
886 4461 1027 4517 Ecce
1057 4461 1272 4532 proprie
1302 4461 1356 4514 in
1401 4460 1618 4515 homine
1648 4460 1886 4525 tristitia,

295 4557 532 4613 formido
558 4564 611 4611 et
638 4554 886 4624 gaudium
917 4553 1087 4619 cordi,
1116 4552 1165 4607 id
1195 4561 1278 4607 est
1299 4552 1512 4618 animae,
1539 4551 1886 4622 deputantur.

1976 3388 2085 3443 suis
2129 3386 2244 3441 sine
2274 3393 2500 3455 peccato
2529 3383 2786 3452 suscepit,
2820 3391 2879 3436 ut
2907 3383 3109 3437 nostris
3152 3383 3430 3438 animabus
3459 3384 3557 3438 im.

1974 3478 2232 3546 penderet
2258 3476 2597 3540 medicinam,
2625 3475 2749 3544 quia
2780 3468 2936 3537 sicut,
2963 3470 3097 3527 Isaia
3125 3482 3281 3538 teste,
3314 3475 3556 3527 vulnera-

1976 3576 2056 3621 tus
2092 3576 2169 3621 est
2213 3575 2421 3638 propter
2466 3567 2763 3636 iniquitates
2806 3573 3010 3618 nostras
3065 3564 3231 3634 (quod
3281 3565 3556 3634 proprium

1976 3658 2151 3714 carnis
2198 3657 2332 3711 fuit:
2361 3657 2559 3725 quippe
2587 3672 2707 3711 cum
2753 3655 2865 3724 jam
2907 3654 3145 3710 defuncti
3189 3655 3327 3711 latus
3372 3657 3557 3712 lancea

1977 3754 2282 3819 percuteret
2310 3744 2506 3817 miles),
2534 3745 2607 3799 ita
2636 3745 2934 3815 inﬁrmatus
2984 3755 3060 3798 est
3108 3754 3317 3816 propter
3343 3753 3561 3815 peccata

1978 3848 2157 3894 nostra
2188 3836 2344 3912 (Isai.
2377 3851 2489 3904 Llll,
2518 3835 2570 3908 5)
2605 3832 2766 3906 (quod
2795 3820 2876 3890 est
2904 3835 3113 3900 animm,
3158 3835 3310 3905 cujus
3335 3852 3433 3906 pro
3462 3851 3564 3892 n0-

1981 3930 2063 3985 bis
2092 3928 2428 3984 inﬁrmitates
2458 3925 2738 3997 suscepit).
2784 3924 2951 3994 Hujus
2987 3925 3181 3979 animae
3208 3926 3469 3995 ponendae
3497 3939 3565 3985 ac

1981 4019 2318 4077 resumenda:
2338 4020 2539 4074 habens
2564 4016 2925 4088 plenissimam
2945 4022 3290 4085 potestatem,
3309 4014 3522 4070 dicebat
3545 4032 3561 4071 :

1987 4112 2270 4182 Propterea
2300 4128 2379 4164 me
2406 4108 2567 4163 Pater
2611 4107 2817 4178 diligit,
2849 4108 2971 4179 quia
3019 4123 3110 4177 ego
3158 4123 3293 4177 pono
3335 4108 3565 4161 animam

1987 4221 2174 4271 meam,
2198 4212 2246 4257 et
2286 4204 2471 4256 iterum
2496 4217 2695 4254 sumam
2722 4215 2837 4252 eam
2860 4214 2877 4252 :
2909 4214 3058 4252 nemo
3095 4197 3228 4251 tollit
3253 4214 3369 4251 eam
3398 4215 3430 4250 a
3451 4215 3530 4251 me
3547 4239 3563 4264 ,

1987 4298 2077 4351 sed
2106 4311 2197 4367 ego
2225 4310 2360 4365 pono
2388 4309 2501 4345 eam
2523 4310 2554 4344 a
2577 4293 2769 4360 meipso
2792 4306 2809 4342 :
2835 4297 3138 4359 potestatem
3161 4287 3320 4341 habeo
3343 4288 3567 4357 ponendi

1988 4402 2121 4449 eam,
2172 4392 2222 4438 et
2263 4384 2357 4454 (al.
2399 4383 2509 4451 sed)
2537 4388 2841 4450 potestatem
2887 4378 3048 4431 habeo
3095 4379 3277 4430 iterum
3330 4378 3568 4432 sumendi

1990 4490 2105 4529 eam
2129 4490 2147 4526 :
2178 4473 2272 4527 hoc
2301 4480 2609 4542 praeceptum
2635 4468 2810 4538 accepi
2849 4485 2881 4520 a
2921 4466 3083 4520 Patre
3125 4483 3236 4521 meo
3290 4464 3474 4535 (Joan.
3508 4481 3567 4534 ι,

1995 4564 2079 4630 17,
2096 4563 2203 4627 18ρ.
2219 4562 2411 4628 Ουιιδτο
2437 4564 2489 4615 in
2505 4561 2609 4615 hoc
2630 4561 2747 4615 loco
2762 4560 2922 4614 abhis
2942 4560 3032 4629 qui
3060 4560 3109 4613 in
3137 4557 3349 4614 Christo
3375 4560 3567 4614 huma-

295 4646 595 4716 Propterea
626 4653 681 4699 et
708 4644 997 4714 Apostolus
1036 4642 1204 4696 diuit:
1249 4641 1369 4717 Ipse
1414 4650 1585 4694 autem
1631 4639 1873 4694 Domina:

1994 4671 2116 4710 nam
2141 4640 2372 4708 animam
2401 4654 2583 4708 dicunt
2608 4653 2928 4707 omnimodis
2949 4668 3058 4708 non
3092 4651 3273 4714 fuisse,
3296 4666 3454 4718 quam
3484 4650 3572 4706 hic

292 4739 453 4793 Iesus
483 4737 739 4801 Christus,
769 4745 817 4789 et
848 4734 1005 4800 Deus,
1031 4735 1057 4772 ιι
1088 4744 1135 4787 et
1177 4732 1335 4787 Pater
1358 4742 1549 4795 noster,
1591 4733 1677 4803 qui
1707 4732 1890 4786 dilexit

298 4845 419 4891 nos,
451 4836 501 4880 et
541 4826 681 4879 dedit
708 4825 1113 4879 consolationem
1160 4833 1424 4886 wternam,
1458 4830 1507 4875 et
1537 4839 1676 4891 spem
1701 4822 1890 4876 bonam

299 4935 353 4971 in
386 4917 582 4990 gratia,
607 4916 893 4970 consoletur
924 4915 1016 4986 (al.
1047 4914 1258 4977 soletur)
1297 4913 1456 4968 corda
1485 4921 1670 4978 vestra,
1694 4923 1743 4967 et
1771 4930 1897 4967 con-

298 5013 475 5081 ﬁrmet
497 5010 711 5064 inomni
741 5025 892 5078 opere
904 5018 952 5062 et
972 5023 1202 5061 sermone
1224 5006 1355 5060 bono
1381 5004 1467 5077 (ΙΙ
1487 5004 1663 5059 Thess.
1693 5020 1747 5071 Il,
1778 5004 1890 5077 15).

306 5100 410 5156 Ubi
437 5108 617 5154 autem
647 5107 824 5169 potest
851 5096 1093 5151 adhiberi
1120 5096 1440 5162 consolatio,
1469 5095 1571 5151 nisi
1596 5096 1684 5150 ubi
1710 5103 1893 5166 potest

302 5196 550 5263 irrepere
581 5189 925 5246 mmstitudo?
950 5204 1070 5261 qua:
1114 5188 1238 5257 quia
1285 5186 1500 5257 pr0prie
1553 5188 1619 5242 ad
1657 5188 1891 5242 animam

303 5283 611 5354 pertinent,
643 5289 931 5352 propterea
955 5281 1021 5335 de
1049 5279 1263 5334 Christo
1299 5278 1559 5347 scriptum
1609 5287 1695 5333 cst
1718 5296 1731 5330 :
1756 5277 1892 5344 Quia

304 5376 460 5445 coepit
482 5374 781 5429 contristari
798 5381 847 5427 et
876 5380 1080 5426 maestus
1102 5388 1239 5437 esse;
1268 5378 1322 5425 et
1349 5371 1498 5440 coepit
1514 5387 1698 5439 pavere
1722 5379 1771 5424 et
1798 5380 1893 5425 ta:-

304 5466 454 5519 dere.
485 5464 549 5518 Et
579 5465 693 5533 ipse
722 5464 851 5519 dicit
876 5482 887 5517 :
922 5462 1107 5517 Tristis
1149 5473 1225 5518 est
1271 5462 1446 5516 anima
1492 5478 1608 5515 mea
1636 5478 1792 5532 usque
1822 5462 1893 5516 ad

306 5566 549 5611 mortem.
584 5553 647 5608 Et
672 5571 806 5608 nunc
833 5555 1008 5608 anima
1030 5570 1142 5608 mea
1163 5552 1364 5607 turbata
1385 5562 1479 5606 est.
1543 5596 1552 5617 ,

1094 5671 1129 5700 ο

388 5769 421 5798 ⁸
450 5760 634 5823 Basil.,
663 5769 719 5812 ut
745 5769 1023 5813 servatam.

386 5829 420 5867 δ
443 5828 541 5882 δὶς.
567 5828 753 5894 Corb.,
784 5839 833 5884 et
859 5828 996 5882 Deus
1024 5826 1182 5881 Pater
1210 5836 1401 5881 noster.

393 5910 419 5939 ε
451 5896 611 5955 Basil.
646 5905 713 5955 et
741 5900 1026 5971 Antuerp.,
1075 5899 1319 5969 quoniam
1348 5898 1576 5953 omnium
1605 5894 1900 5953 dominator

1993 4730 2343 4805 substantiam
2373 4745 2594 4800 credant
2630 4744 2820 4797 anima:
2862 4743 3122 4798 vocabulo
3171 4740 3571 4811 nuncupatam?

1997 4850 2174 4896 utrum
2200 4836 2510 4901 divinitatis,
2535 4852 2602 4889 an
2632 4833 2845 4889 carnis?
2870 4834 2953 4887 vel
2981 4847 3099 4901 qum
3130 4833 3180 4886 in
3207 4831 3419 4886 Christo
3442 4830 3571 4885 sub-

1997 4934 2193 4990 stantia
2240 4928 2502 5003 ponendae
2550 4927 2741 4982 animae
2786 4926 2887 4981 sibi
2930 4923 3166 4981 vindicet
3207 4923 3573 4995 potestatem?

2000 5027 2153 5095 Quod
2173 5027 2218 5083 si
2247 5025 2437 5081 divina:
2457 5022 2768 5079 substantiae
2797 5021 2935 5076 hanc
2962 5027 3283 5091 potestatem
3309 5021 3570 5085 tribuunt,

1995 5128 2054 5175 ut
2081 5134 2298 5192 carnem
2328 5117 2505 5173 dicant
2533 5116 2724 5170 anima:
2750 5113 3009 5169 vocabulo
3024 5121 3572 5184 nuncupatam,quam

1998 5214 2050 5268 in
2098 5214 2346 5283 passione
2386 5211 2560 5265 fuerat
2601 5209 2839 5280 positura
2887 5207 3139 5262 divinitas
3168 5209 3249 5277 (ut
3277 5204 3574 5273 secundum

1998 5319 2185 5359 eorum
2212 5303 2542 5358 voluntatem
2565 5314 2703 5354 nunc
2724 5299 2936 5352 interim
2962 5297 3347 5368 disputemus),
3376 5297 3419 5351 si
3446 5297 3576 5351 divi.

2001 5394 2140 5447 nitas
2167 5391 2234 5447 de
2263 5405 2425 5446 carne
2443 5389 2570 5443 dicit
2595 5405 2608 5441 :
2643 5386 2956 5442 Potestatem
3003 5386 3165 5442 habeo
3205 5386 3427 5458 ponendi
3456 5388 3593 5464 ani-.

2002 5500 2136 5539 mam
2166 5497 2359 5546 meum;
2389 5480 2515 5535 dum
2536 5493 2751 5533 carnem
2780 5478 3041 5533 vocabulo
3062 5477 3252 5530 anima:
3281 5485 3573 5547 nuncupat,

2002 5574 2152 5631 carni
2179 5573 2295 5629 sine
2322 5571 2484 5626 dubio
2513 5576 2733 5625 cunctas
2757 5568 2919 5623 etiam
2949 5565 3287 5622 inﬁrmitates
3306 5566 3542 5637 assignat

1999 5752 2053 5805 in
2076 5750 2215 5820 nullo
2245 5749 2500 5820 tristatur;
2524 5751 2784 5820 quoniam,
2811 5755 2914 5803 etc.

2071 5818 2096 5857 ι¹
2130 5819 2225 5873 Ms.
2250 5818 2437 5879 Corb.,
2470 5818 2722 5873 ut‘veram
2767 5827 3022 5888 totamque
3065 5835 3253 5882 secum,
3296 5821 3401 5872 suis
3432 5819 3583 5887 inﬁr-

2003 5890 2285 5961 mitatibus,
2312 5891 2533 5948 hominis
2562 5890 2937 5948 demonstraret
2958 5892 3149 5961 accepti
3179 5890 3544 5946 substantiam.
