4072 6332
485 455 603 512 ‘287

1533 460 1590 514 S.
1633 458 1993 514 FULGENTII
2033 458 2330 514 EPISCOPI
2373 458 2742 515 RUSPENSIS

3654 466 3757 523 288

496 573 626 627 dum
681 573 811 628 dicit
854 591 866 626 :
913 576 1098 628 Anima
1151 589 1262 625 mea
1329 570 1537 629 turbata
1571 581 1680 634 est;
1713 572 1836 625 dum
1885 572 2014 626 dicit
2055 588 2068 623 :
2103 578 2149 630 Α
2177 580 2231 622 ut
2254 571 2482 623 animum
2503 587 2649 624 suam
2669 572 2780 640 quis
2808 580 2966 640 ponat
2991 589 3084 641 pro
3113 573 3293 626 amicis
3319 573 3425 626 suis
3456 571 3635 643 (Joan.
3669 594 3757 644 xiv,

500 663 682 718 Tristis
706 673 783 716 est
807 665 984 716 anima
1004 679 1116 714 mea
1137 678 1294 732 usque
1316 661 1384 714 ad
1408 669 1642 716 mortem.
1662 661 1794 715 Cum
1816 674 1944 728 ergo
1966 676 2074 714 non

496 753 691 806 dixerit
717 751 963 805 Christus
990 770 1001 802 :
1037 750 1226 804 Tristis
1256 767 1373 804 sum
1405 767 1572 820 usque
1606 751 1672 804 ad
1703 761 1950 816 mortem,
1982 750 2074 805 sed

465 843 693 902 ,dixerit
719 861 731 895 :
766 843 948 896 Tristis
978 852 1054 896 est
1080 843 1257 896 anima
1288 855 1399 896 mea
1427 861 1584 914 usque
1604 844 1671 896 ad
1699 853 1944 905 mortem;
1978 858 2076 897 nec

496 932 694 986 dixerit
723 949 734 982 :
769 931 1036 986 Turbatus
1063 948 1200 994 sum,
1230 933 1322 986 sed
1355 951 1367 984 :
1398 933 1583 986 Anima
1604 950 1716 986 mea
1747 934 1948 986 turbata
1963 942 2074 996 est;

497 1022 593 1074 has
621 1021 805 1088 utique
836 1022 1116 1090 passiones
1157 1023 1335 1076 carnis
1365 1038 1482 1077 esse
1516 1024 1854 1086 monstravit,
1883 1023 2076 1076 divini-

498 1120 658 1166 tatem
707 1128 838 1167 vero
882 1129 1034 1168 suam
1091 1115 1473 1184 impassibilem
1519 1116 1739 1168 omnino
1776 1115 2072 1184 perdocuit.

495 1201 651 1267 Quod
693 1203 738 1256 si
769 1202 906 1256 forte
932 1205 1244 1258 substantia:
1273 1205 1450 1259 carnis
1473 1206 1608 1260 hanc
1641 1207 1879 1258 tribuunt
1925 1214 2078 1274 pote-

495 1301 712 1357 statem,
745 1302 997 1362 tanquam
1023 1311 1150 1349 caro
1173 1296 1239 1350 de
1265 1296 1544 1350 divinitate
1570 1296 1766 1349 dixerit
1790 1314 1802 1346 :
1837 1294 2074 1348 Potesta-

493 1391 594 1437 tem
618 1383 778 1438 habeo
805 1385 1029 1452 ponendi
1058 1389 1288 1439 animam
1316 1403 1502 1450 meam,
1531 1395 1806 1440 tantumne
1828 1401 1922 1440 eos
1950 1385 2080 1439 divi-

494 1489 618 1528 nam
657 1473 854 1529 Christi
883 1476 1116 1530 delectat
1160 1479 1429 1531 minorare
1465 1479 1838 1541 substantiam,
1872 1487 1931 1531 ut
1960 1494 2098 1532 eam:

493 1565 670 1619 carnis
706 1580 815 1619 sua:
856 1567 1108 1634 potestati
1159 1567 1474 1634 subjiciam,
1535 1576 1594 1620 ut
1651 1569 1763 1637 ipsa
1815 1568 2080 1623 obedierit

492 1657 660 1722 carni,
691 1673 810 1710 cum
835 1658 884 1711 ei
911 1674 1039 1712 caro
1061 1658 1304 1712 debuerit
1325 1658 1592 1714 famulari?

564 1747 745 1801 CAPUT
778 1764 924 1801 mn.
969 1747 1098 1803 Sola
1136 1749 1380 1802 divinitas
1425 1752 1632 1819 plenam
1675 1751 1826 1804 habet
1864 1764 2008 1822 pote-

1169 1829 1373 1874 atatem.

2180 659 2290 728 13).
2344 659 2494 714 Unde
2531 662 2706 714 sciens
2750 659 2942 715 Petrus
3009 663 3243 715 animam
3290 661 3489 717 Christi
3541 669 3761 736 proprio

2177 750 2618 819 substantialique
2658 751 2923 806 vocabulo
2960 759 3352 820 nuncupatam,
3380 767 3445 806 ne
3477 756 3762 824 quisquam

2175 848 2388 910 putaret
2409 856 2439 893 a
2462 839 2688 894 Domino
2717 855 2933 894 carnem
2957 842 3174 894 nomine
3198 840 3421 896 forsitan
3453 845 3642 899 anima:
3661 847 3761 901 de-

2177 931 2407 997 signari,
2449 929 2697 1000 perfecta:
2743 930 3076 993 imitationis,
3103 946 3262 999 quam
3294 932 3392 985 fuit
3422 934 3764 1001 postmodum

2178 1029 2514 1088 accepturus,
2543 1020 2764 1089 cupiens
2793 1021 2988 1074 sectari
3009 1022 3284 1086 virtutem,
3316 1023 3515 1077 dicenti
3535 1023 3762 1090 Domino

2181 1111 2274 1181 (at.
2304 1111 2537 1177 dicente)
2569 1129 2579 1163 :
2613 1108 2724 1174 Quo
2746 1128 2837 1181 ego
2860 1112 2989 1165 rado
3012 1129 3118 1166 non
3132 1120 3276 1182 potes
3302 1131 3382 1166 me
3417 1117 3559 1187 sequi
3579 1117 3760 1183 modo,

2177 1201 2402 1270 sequeris
2430 1211 2598 1254 autem
2619 1211 2816 1270 postea,
2851 1203 3125 1270 respondit
3154 1221 3166 1255 :
3199 1202 3440 1270 Domine,
3473 1222 3630 1276 quare
3657 1222 3762 1259 non

2181 1306 2385 1361 possunt
2419 1292 2560 1362 sequi
2591 1299 2639 1343 te
2668 1290 2854 1344 modo?
2882 1291 3124 1345 Animam
3172 1309 3337 1346 meam
3373 1310 3467 1363 pro
3499 1303 3544 1346 te
3571 1310 3762 1363 ponam

2183 1382 2361 1453 (.Ioan.
2397 1399 2508 1446 xm,
2540 1383 2630 1449 56.,
2663 1382 2773 1451 57).
2807 1380 3051 1437 Ostendit
3081 1385 3263 1454 utique
3287 1383 3554 1439 Christum
3587 1401 3682 1455 pro
3704 1401 3765 1440 so

2181 1472 2410 1524 animam
2441 1473 2758 1540 positurum,
2785 1486 2905 1524 cum
2936 1486 2994 1526 se
3012 1472 3062 1525 in
3085 1471 3188 1526 hoc
3209 1487 3330 1526 eum
3357 1473 3507 1542 sequi
3536 1473 3761 1541 diceret,

2182 1571 2239 1616 ut
2268 1563 2427 1615 etiam
2457 1561 2569 1630 ipse
2618 1576 2716 1630 pro
2759 1561 2975 1616 Christo
3019 1563 3250 1615 animam
3294 1564 3580 1632 posuisset.
3629 1563 3761 1618 Nam

2179 1653 2306 1722 quia
2352 1651 2645 1705 divinitatis
2694 1660 2942 1706 naturam
3001 1668 3341 1708 communem
3398 1652 3587 1710 Petrus
3640 1670 3763 1710 cum

2179 1745 2393 1799 Christo
2423 1760 2529 1798 non
2562 1743 2765 1809 habuit,
2818 1759 2925 1798 non
2969 1744 3018 1798 ei
3067 1743 3134 1798 de
3163 1744 3442 1801 divinitate
3471 1747 3645 1815 potuit
3673 1747 3760 1804 di-

2180 1851 2303 1890 cere
2328 1854 2339 1888 :
2375 1836 2612 1888 Animam
2632 1852 2796 1888 nteam
2825 1852 2918 1905 pro
2947 1845 2992 1888 te
3020 1853 3227 1906 ponam.
3247 1837 3466 1905 Rursus,
3481 1838 3524 1895 si
3547 1854 3765 1896 carnem

561 1905 656 1962 Illa
685 1922 812 1975 ergo
841 1925 944 1962 vox
975 1923 1078 1977 qua
1097 1908 1294 1964 dictum
1319 1919 1432 1964 est:
1465 1909 1778 1966 Ροιεεῑαιωη
1803 1912 1962 1966 habeo
1981 1931 2075 1982 ρο-
2108 1945 2149 2002 ιι
2178 1941 2276 1996 pro
2307 1942 2364 1980 se
2390 1936 2574 1980 nosset
2595 1925 2864 1979 Christum
2889 1905 3260 1981 tantummodo
3283 1929 3544 1997 posuisse,
3582 1941 3765 1999 posset

489 1998 651 2052 nendi
693 1999 922 2051 animum
966 2015 1150 2063 meam,
1184 2000 1348 2054 totius
1386 2000 1618 2054 hominis
1646 2017 1764 2056 esse
1807 2001 2074 2057 credenda

490 2098 594 2145 est.
636 2089 787 2144 Sicut
827 2091 968 2144 enim
996 2100 1140 2145 totus
1164 2092 1512 2161 semetipsum
1559 2095 1714 2164 129
1753 2094 1988 2159 tradidit,
2020 2102 2074 2149 et

492 2189 638 2235 totus
667 2181 830 2235 homo
858 2182 1207 2251 semetipsum
1233 2182 1446 2246 obtulit,
1470 2183 1536 2237 de
1558 2199 1664 2252 quo
1686 2183 1818 2238 dicit
1843 2184 2075 2254 Aposto-

493 2271 574 2324 lus
616 2269 927 2323 :Ambnlate
981 2273 1033 2323 in
1089 2271 1378 2334 dilectione,
1423 2274 1557 2326 sicut
1585 2282 1633 2325 et
1677 2271 1913 2327 Christus
1943 2275 2073 2328 dile-

489 2366 569 2418 azit
598 2381 710 2428 nos,
743 2375 791 2417 et
821 2365 1034 2418 tradidit
1075 2367 1400 2436 semetipsum
1427 2385 1520 2437 pro
1570 2367 1715 2420 nobis
1761 2368 2072 2422 oblationem

489 2461 541 2507 et
581 2454 800 2507 hostiam
852 2453 980 2520 Deo,
1012 2457 1063 2508 in
1096 2456 1304 2509 adorent
1341 2458 1611 2511 suavitatis
1657 2457 1871 2530 (Ephes.
1905 2476 1958 2525 v,
1990 2459 2069 2530 ἓ),

490 2541 565 2598 ita
590 2551 734 2597 totus
767 2545 928 2597 homo
958 2545 1190 2597 animam
1231 2562 1382 2600 suam
1431 2550 1627 2614 posuit,
1661 2562 1780 2600 cum
1811 2548 1987 2601 anima
2018 2549 2071 2602 in

487 2648 650 2690 cruce
671 2651 830 2690 carne
861 2638 1123 2690 moriente
1152 2637 1425 2699 discessit;
1460 2654 1618 2706 quam
1652 2647 1826 2692 tamen
1855 2655 2072 2694 carnem

492 2740 593 2779 nec
623 2725 674 2777 in
703 2733 876 2779 morte
917 2725 1166 2780 divinitas
1191 2727 1447 2792 deseruit,
1487 2729 1626 2782 sicut
1653 2745 1750 2783 uec
1779 2730 1832 2783 in
1864 2729 2070 2785 inferno

492 2814 723 2867 animum
751 2814 1067 2883 dereliquit;
1101 2815 1167 2870 de
1196 2833 1300 2886 qua
1345 2819 1505 2870 etiam
1532 2820 1792 2888 propheta
1823 2819 2066 2874 dixerat”.

495 2901 617 2957 Non
642 2891 962 2975 derelinques
983 2908 1213 2959 animam
1247 2924 1412 2960 nteant
1439 2909 1492 2961 in
1521 2911 1727 2980 inferno
1772 2909 1942 2973 (Psal.
1978 2927 2068 2978 xv,

495 2995 604 3063 10).
630 2995 762 3049 Cum
793 3011 919 3065 ergo
962 2998 1123 3052 homo
1172 2998 1414 3055 Christus
1449 3009 1650 3055 tantam
1673 3004 1935 3072 acceperit
1969 3019 2069 3072 po-

493 3095 762 3151 testatem,
788 3094 842 3140 ut
866 3103 986 3142 cum
1017 3090 1176 3142 vellet
1201 3091 1431 3144 animam
1464 3101 1704 3161 poneret,
1723 3101 1776 3148 et
1805 3110 1924 3148 cum
1954 3095 2088 3148 vel»

491 3179 566 3229 let
588 3177 761 3232 denuo
791 3191 1114 3245 resumeret;
1139 3190 1393 3248 quantam
1438 3183 1613 3252 potuit
1641 3184 1840 3239 habere
1862 3185 2069 3240 Christi
2151 3187 2154 3190 ’

490 3267 741 3322 divinitas
771 3279 1113 3339 potestatem,
1146 3271 1232 3324 cui
1264 3272 1368 3340 hoc
1393 3281 1476 3327 est
1519 3289 1734 3344 semper
1762 3275 1898 3328 velle
1925 3275 2068 3344 quod

493 3361 688 3430 posse?
714 3359 844 3412 Nam
879 3361 928 3414 in
957 3361 1059 3416 hoc
1107 3362 1226 3416 loco
1275 3377 1399 3417 vere
1441 3364 1781 3433 impassibilis
1806 3374 1968 3436 atque
1991 3367 2072 3420 in-

491 3451 632 3505 victa
672 3451 918 3504 divinitas
965 3451 1208 3506 universa
1259 3469 1476 3522 prorsus
1513 3455 1777 3510 hmreticae
1826 3456 2072 3537 falsitatis

491 3551 794 3597 commenta
821 3543 1102 3598 destruxit.
1157 3545 1214 3599 Si
1269 3547 1411 3600 enim
1459 3547 1666 3616 integra
1708 3547 1807 3602 fuit
1846 3539 2074 3605 dicentis

491 3643 749 3703 potestas,
781 3636 1080 3690 voluntaria
1122 3636 1220 3691 fuit
1256 3639 1504 3708 patientis
1535 3638 1848 3708 inﬁrmitas;
1879 3642 2072 3696 volun-

492 3732 574 3779 tas
603 3735 782 3781 autem
816 3743 933 3796 quae
960 3744 1025 3783 ex
1070 3737 1337 3798 potestate
1371 3731 1516 3784 venit
1555 3733 1850 3786 naturalem
1891 3733 2075 3803 utique

489 3819 771 3872 veritatem
799 3819 1094 3874 divinitatis
1141 3820 1597 3892 humanitatisque
1644 3825 1876 3877 servavit
1903 3843 1914 3877 :
1947 3840 2071 3878 nam

489 3917 730 3979 potestas
764 3912 1020 3966 naturalis
1050 3912 1236 3980 procul
1261 3911 1422 3968 dubio
1455 3915 1643 3983 defuit,
1697 3917 1740 3970 si
1791 3917 1843 3970 in
1873 3917 2071 3971 divini-

490 4005 601 4051 tate
630 3997 826 4051 Christi
857 4001 1106 4075 quzulibet
1139 4001 1422 4057 infirmitas
1462 4003 1579 4057 fuit.
1613 4004 1854 4070 Qualiter
1892 4015 2072 4060 autem

489 4087 727 4158 patiendi
785 4098 1104 4156 potestatem
1154 4091 1460 4147 humanitas
1510 4094 1714 4161 habuit,
1764 4095 1806 4149 si
1859 4095 2071 4164 plenam

488 4179 971 4250 impassibilitatetu
1016 4183 1267 4238 divinitas
1310 4185 1507 4240 habere
1562 4202 1667 4240 non
1713 4189 1920 4257 potuit?
1969 4189 2072 4243 Co-

486 4278 777 4338 guoscatur
805 4285 933 4339 ergo
960 4273 1212 4341 quoniam
1235 4274 1322 4328 ubi
1354 4277 1667 4331 naturaliter
1692 4278 1848 4346 plena
1871 4288 1953 4333 est
1976 4295 2072 4350 po-

490 4371 677 4426 testas,
736 4363 878 4416 nulla
932 4372 1109 4433 potest
1147 4381 1263 4422 esse
1303 4355 1564 4437 passionis
1594 4370 1903 4434 infirmitas;
1932 4387 2070 4441 quo.

487 4454 629 4507 niam
664 4463 902 4524 potestas
929 4456 1127 4511 Christi
1159 4474 1264 4527 qua
1286 4460 1603 4517 immortalis
1630 4466 1922 4532 permansit
1949 4482 2071 4522 cum

487 4533 723 4599 moriens
749 4545 800 4597 in
828 4560 989 4601 carne
1019 4546 1262 4602 Christus
1285 4550 1516 4604 animam
1547 4562 1792 4621 poneret,
1821 4555 1933 4625 ipsa
1955 4557 2072 4613 sine

487 4629 706 4685 tristitia
761 4636 1073 4701 permansit,
1122 4653 1242 4691 cum
1289 4639 1646 4695 voluntariam
1689 4661 1757 4698 ex
1785 4640 2068 4714 potestate

481 4715 729 4775 Christus
757 4721 809 4775 in
841 4723 1016 4777 anima
1049 4726 1315 4781 tristitiam
1363 4731 1672 4786 sustineret.
1721 4733 1844 4789 Ideo
1884 4744 2062 4792 autem

484 4817 575 4871 ille
604 4817 765 4871 homo
795 4826 1118 4887 potestatein
1167 4823 1427 4891 ponenda:
1468 4827 1658 4881 anima:
1704 4829 1907 4895 habuit,
1939 4831 2064 4900 quia

483 4919 605 4960 eum
635 4905 812 4959 divina
844 4915 1080 4976 potestas
1127 4909 1180 4963 in
1229 4911 1486 4967 unitatem
1536 4931 1778 4983 persona:
1808 4920 2062 4988 suscepit.

485 4995 613 5060 Qum
638 5005 814 5049 autem
846 4997 1001 5066 plena
1031 5005 1112 5052 est
1140 5008 1394 5067 potestas,
1422 5002 1520 5056 uisi
1543 5005 1654 5057 sola
1675 5005 1968 5060 divinitas?
1999 5006 2066 5062 de

484 5096 588 5156 q‘ua
637 5089 868 5141 dicitur:
905 5089 1096 5143 Omnia
1151 5109 1459 5164 qnwcnnqne
1513 5097 1666 5148 voluit
1715 5099 1834 5168 fecit
1890 5098 2060 5168 (Psal.

485 5195 629 5242 cxnt,
680 5180 784 5250 12),
818 5191 872 5236 et
900 5185 984 5237 cui
1014 5185 1243 5238 dicitur:
1278 5185 1460 5240 Subest
1485 5188 1621 5240 enim
1651 5188 1762 5258 tibi,
1794 5207 1907 5244 cunt
1930 5193 2064 5246 rales

482 5287 633 5340 posse
661 5269 815 5340 (Sap.
865 5286 958 5338 xu,
1010 5273 1118 5343 l8).
1154 5273 1444 5345 Propterea
1493 5277 1543 5330 in
1589 5277 1680 5331 illo
1722 5277 1879 5346 digne
1906 5281 2063 5349 plena

485 5370 722 5428 potestas
749 5361 1008 5428 creditur,
1042 5365 1126 5418 cui
1159 5374 1362 5419 tantum
1395 5382 1552 5436 posse
1596 5378 1856 5436 quantum
1907 5371 2062 5438 velle,

484 5459 539 5502 et
567 5458 774 5505 tantum
822 5453 961 5507 velle
1009 5463 1265 5522 quantum
1313 5472 1492 5525 posse,
1533 5459 1847 5514 naturaliter
1874 5461 2066 5514 sull'ra-

483 5549 657 5608 gatur.

729 5631 908 5687 CArcr
940 5649 1079 5687 sxw.
1133 5634 1266 5686 Vera
1295 5636 1346 5687 in
1387 5633 1586 5690 Christo
1617 5640 1808 5691 anima.

553 5720 740 5777 Adhuc
769 5734 947 5778 autem
979 5741 1158 5779 veram
1204 5742 1263 5782 se
1309 5725 1554 5783 Christus
1608 5731 1837 5784 animam
1879 5747 2060 5787 susce-

481 5813 640 5883 risse,
687 5822 790 5868 tam
823 5817 1036 5871 nomine
1065 5817 1315 5885 dignatur
1354 5831 1653 5875 monstrare
1681 5839 1840 5892 quam
1871 5840 2054 5893 opere,

482 5906 659 5961 dicens
686 5923 700 5962 :
732 5905 990 5977 Majorem
1027 5909 1120 5963 hac
1168 5912 1490 5968 dilectionem
1520 5932 1664 5970 nemo
1696 5916 1864 5984 habet,
1898 5936 2051 5988 quam

2175 2018 2336 2071 etiam
2369 2016 2481 2085 ipse
2510 2016 2689 2070 dicere
2716 2033 2727 2067 :
2761 2014 2969 2085 Corpus
2989 2031 3164 2070 meum
3187 2032 3285 2086 pro
3316 2027 3368 2072 te
3397 2035 3588 2088 ponam
3615 2039 3629 2074 :
3660 2022 3768 2076 sic-

2175 2117 2234 2161 ut
2289 2108 2505 2177 proprie
2556 2122 2752 2176 corpus
2799 2107 3036 2160 ostendit
3083 2105 3296 2173 Paulus,
3347 2109 3434 2162 ubi
3483 2109 3652 2164 dixit:
3700 2110 3764 2166 Si

2174 2197 2438 2251 tradidero
2485 2213 2672 2265 corpus
2719 2213 2909 2264 meum,
2938 2208 2994 2249 ut
3032 2196 3246 2250 ardeam
3295 2196 3350 2268 (Ι
3393 2197 3513 2252 Cor.
3547 2216 3658 2266 xm,
3682 2199 3767 2271 ὅ).

2171 2288 2280 2344 Sed
2303 2289 2556 2359 quoniam
2589 2288 2793 2342 sciebat
2821 2287 3012 2342 Petrus
3039 2287 3310 2343 Christum
3337 2305 3436 2360 pro
3463 2291 3616 2347 nobis
3644 2295 3764 2346 ani-

2173 2398 2314 2435 mam
2341 2381 2656 2451 positurum,
2688 2388 2979 2449 propterea
3022 2379 3077 2432 in
3105 2394 3170 2434 eo
3199 2395 3259 2434 se
3287 2379 3571 2436 Dominum
3607 2383 3765 2454 13o

2176 2475 2313 2529 velle
2366 2474 2519 2543 sequi
2568 2473 2906 2537 monstravit,
2955 2473 3010 2526 in
3055 2488 3163 2541 quo
3209 2489 3308 2543 pro
3345 2489 3411 2529 eo
3445 2476 3636 2529 animai
3662 2491 3762 2546 po-

2174 2565 2365 2619 nendae
2388 2565 2775 2619 demonstravit
2802 2563 3074 2628 affectum,
3117 2572 3176 2618 ut
3213 2579 3372 2633 quam
3402 2581 3502 2635 pro
3530 2581 3588 2621 se
3609 2547 3766 2623 Chi-Oi.-

2174 2663 2315 2709 stum
2345 2655 2798 2724 posuisse'sciret,
2831 2655 2968 2710 hanc
2997 2656 3111 2726 ipse
3151 2672 3251 2728 pro
3279 2657 3492 2713 Christo
3517 2659 3767 2716 similiter

2173 2743 2461 2812 posuisset.
2512 2743 2579 2795 Et
2620 2751 2677 2796 ut
2724 2745 2897 2798 omnis
2926 2757 3104 2815 prthc
3135 2747 3304 2814 caligo
3341 2751 3620 2803 sententiae
3649 2749 3763 2805 cla-

2174 2831 2385 2886 rissimo
2411 2848 2626 2902 prorsus
2655 2835 2932 2890 catholicae
2960 2837 3200 2892 veritatis
3225 2837 3426 2894 lumine
3449 2839 3766 2910 dissipetur,

2175 2921 2394 2976 Joannis
2443 2922 2793 2980 informemur
2837 2927 3072 2997 eloquio,
3124 2930 3236 2998 qui,
3295 2931 3362 2986 ad
3409 2933 3763 2989 imitationem

2175 3011 2370 3066 Christi
2410 3013 2592 3068 lidelcs
2613 3017 2924 3083 exhortans,
2956 3019 3100 3087 quod
3139 3021 3192 3075 in
3223 3023 3399 3091 capite
3431 3034 3654 3079 noverat
3683 3025 3764 3081 fa-

2175 3110 2338 3168 ctum,
2371 3105 2473 3159 hoc
2502 3105 2552 3158 in
2575 3107 2827 3161 membris
2864 3111 3104 3179 praecipit
3134 3113 3226 3182 (at.
3259 3115 3532 3184 praecepit)
3561 3115 3765 3172 faciet:-

2175 3194 2319 3249 dum.
2341 3195 2404 3249 In
2433 3197 2544 3262 hoc,
2574 3198 2836 3268 inquiens,
2857 3207 3207 3274 cognoscimus
3221 3209 3484 3262 caritatem
3497 3209 3611 3276 Dei,
3635 3229 3762 3279 quo-

2102 3323 2146 3386 Ο
2179 3289 2317 3340 niam
2341 3289 2430 3341 ille
2450 3306 2544 3358 pro
2570 3291 2715 3344 nobis
2757 3293 2986 3347 animam
3019 3312 3164 3349 suam
3193 3301 3380 3367 posuit,
3421 3311 3470 3354 et
3491 3318 3583 3355 nos
3608 3303 3762 3358 debe-

2177 3393 2289 3431 mus
2317 3396 2411 3450 pro
2458 3379 2702 3450 fratribus
2747 3385 2950 3438 animas
2995 3403 3184 3455 ponere
3215 3387 3270 3457 (Ι
3314 3389 3470 3444 Joan.
3521 3408 3596 3456 ιιι,
3649 3393 3764 3457 16).

2177 3467 2422 3521 Animam
2447 3469 2608 3536 igitur
2636 3487 2838 3541 ponere
2867 3473 3168 3531 dilectionis
3195 3486 3278 3532 est
3316 3480 3590 3548 proprium
3618 3500 3632 3548 ;
3669 3485 3762 3539 ubi

2175 3568 2354 3634 autem
2383 3560 2599 3617 dilectio
2628 3579 2733 3618 non
2756 3574 2857 3630 est,
2902 3582 3097 3636 corpus
3131 3569 3267 3624 tradi
3317 3570 3531 3639 dicitur,
3581 3577 3762 3631 anima

2175 3649 2301 3718 poni
2333 3665 2439 3704 non
2461 3650 2658 3706 dicitur
2683 3695 2697 3720 ,
2741 3653 2878 3710 sicut
2908 3655 3013 3711 Vas
3048 3658 3344 3727 electionis,
3377 3662 3592 3731 plenum
3635 3665 3769 3722 dile-

2174 3740 2388 3802 ctionis,
2422 3744 2642 3797 omnino
2671 3754 2901 3801 testatur
2927 3765 2938 3800 :
2973 3749 3034 3802 Si
3061 3750 3323 3806 tradidero
3353 3769 3534 3823 corpus
3572 3773 3758 3823 meum,

2174 3843 2230 3886 ut
2250 3836 2497 3900 ardeant;
2523 3839 2796 3892 caritatem
2845 3849 3016 3894 autem
3057 3859 3160 3896 non
3204 3842 3444 3910 habuero,
3477 3847 3608 3901 nihil
3636 3849 3762 3904 mihi

2127 3984 2130 3986 γ
2172 3925 2398 3993 prodest.
2424 3925 2667 3981 Ostendit
2687 3930 2799 3984 sine
2825 3931 3048 3987 caritate
3082 3949 3279 4004 corpus
3295 3951 3451 4006 posse
3475 3937 3630 4005 tradi,
3653 3955 3762 3994 non

2174 4015 2405 4069 animum
2433 4019 2558 4086 poni
2579 4036 2592 4083 ;
2619 4019 2705 4073 ubi
2725 4029 2902 4074 autem
2918 4022 3220 4078 dilectionis
3235 4041 3342 4080 sua:
3363 4026 3760 4093 signiticareni-

2175 4105 2307 4158 titur
2337 4107 2643 4176 puritatem,
2687 4109 2764 4164 sic
2793 4109 3359 4170 Thessalonicensibus
3400 4117 3620 4171 scribit:
3655 4118 3758 4173 Cn-

2173 4198 2292 4268 pide
2319 4200 2609 4254 volebamus
2635 4204 2837 4256 tradere
2880 4203 3038 4274 vobis,
3071 4221 3175 4259 non
3217 4207 3381 4261 solum
3421 4207 3759 4279 Evangelium

2175 4289 2291 4356 Dei,
2324 4293 2413 4344 sed
2433 4293 2585 4346 etiam
2627 4296 2829 4348 animas
2879 4304 3086 4348 nostras
3112 4293 3166 4365 (I
3195 4295 3374 4352 Thess.
3398 4314 3454 4363 ιι,
3485 4297 3560 4369 8).
3593 4299 3661 4354 Et
3702 4312 3760 4356 ut

2173 4383 2412 4437 caritatis
2464 4384 2565 4438 hoc
2613 4399 2732 4439 esse
2781 4385 3195 4451 demonstraret,
3247 4388 3482 4456 adjecit:
3516 4393 3758 4461 quoniam

2174 4473 2430 4526 carissimi
2458 4473 2605 4528 nobis
2635 4477 2761 4546 facti
2802 4477 2945 4531 estis.
2986 4477 3113 4532 Ideo
3143 4479 3305 4533 etiam
3338 4479 3555 4536 Petrum
3581 4485 3677 4552 qui
3700 4500 3762 4540 se

2173 4578 2271 4630 pro
2303 4562 2528 4618 Domino
2579 4566 2810 4620 animam
2853 4583 3004 4622 suam
3046 4571 3410 4639 spoponderat
3433 4575 3759 4642 positurum,

2174 4661 2232 4705 ut
2257 4669 2669 4721 agnosceremus
2708 4656 2940 4711 officium
2991 4659 3252 4727 ponenda:
3291 4661 3480 4716 anima:
3523 4663 3575 4716 in
3619 4664 3756 4718 dile-

2170 4743 2350 4797 ctione
2380 4753 2646 4809 constare,
2699 4747 2946 4814 primitus
2983 4747 3227 4805 Christus
3257 4751 3320 4804 ad
3366 4753 3758 4811 confessionem

2168 4835 2368 4888 amoris
2396 4835 2615 4900 invitat;
2647 4843 2700 4890 ct
2731 4845 2788 4890 ut
2818 4838 3127 4894 facultatem
3160 4843 3423 4910 ponenda:
3444 4845 3634 4899 anima:
3657 4848 3758 4901 suo

2168 4921 2418 4991 deinceps
2447 4925 2674 4978 amatori
2698 4927 2980 4993 concedat,
3011 4929 3089 4983 sic
3121 4945 3244 4984 eum
3269 4931 3499 5004 denique
3528 4935 3757 4991 interro-

2167 5025 2295 5082 gat:
2341 5017 2523 5071 Simon
2553 5019 2795 5086 Joannis,
2848 5024 3021 5094 diligis
3069 5042 3149 5079 me
3177 5028 3294 5096 plus
3323 5029 3438 5084 his?
3481 5031 3624 5086 Dicit
3669 5037 3757 5088 ei:

2168 5106 2367 5174 Etiam,
2424 5109 2663 5177 Domine,
2713 5123 2766 5166 tu
2813 5116 2913 5169 scis
2967 5117 3087 5185 quia
3134 5135 3248 5170 amo
3289 5132 3354 5174 te.
3383 5121 3624 5193 Cumque
3655 5127 3757 5180 huc

2168 5200 2328 5252 etiam
2358 5203 2593 5257 secundo
2615 5205 2859 5270 dixisset,
2904 5206 3045 5260 Dicit
3081 5210 3126 5261 ei
3151 5213 3300 5264 tertio
3323 5230 3340 5265 :
3375 5214 3556 5269 Simon
3587 5217 3754 5272 Joan-

2169 5290 2268 5352 nis,
2302 5308 2447 5346 antas
2475 5309 2554 5346 me
2585 5293 2763 5362 (Jomt.
2797 5311 2907 5360 ut,
2941 5293 3026 5362 l5,
3061 5296 3189 5365 l7)?
3217 5299 3460 5370 Cumque
3489 5304 3577 5358 ille
3598 5308 3757 5361 tertio

2168 5381 2537 5451 interroganti,
2569 5386 2764 5440 trinum
2794 5388 2993 5442 amoris
3037 5375 3118 5444 sui
3169 5393 3532 5450 testimonium
3580 5397 3758 5452 reddi-

2168 5472 2354 5539 (lisset,
2385 5479 2565 5530 statim
2592 5478 2850 5533 Dominus
2880 5479 3041 5534 Petro
3067 5484 3327 5551 ponendae
3350 5501 3445 5555 pro
3474 5503 3532 5544 se
3565 5490 3756 5543 anima:

2173 5559 2391 5629 largitus
2437 5572 2517 5620 est
2573 5565 2899 5634 facultatem,
2951 5569 3172 5626 dicens:
3209 5575 3390 5639 Amen,
3439 5594 3587 5631 amen
3639 5581 3754 5636 dico

2171 5650 2284 5718 tibi,
2332 5670 2442 5707 cum
2472 5671 2605 5708 esses
2645 5656 2848 5726 janior,
2894 5654 3132 5732 ciﬁgebas
3173 5672 3240 5731 te,
3269 5675 3317 5716 et
3344 5666 3642 5722 ambulabas
3667 5668 3756 5725 ubi
3781 5669 3792 5678 ”

2167 5745 2407 5810 volebas;
2441 5764 2554 5801 cum
2587 5760 2757 5804 autem
2779 5756 3027 5821 scnaeris,
3054 5758 3296 5811 extendes
3326 5775 3509 5814 manus
3541 5769 3673 5823 tuas,
3705 5772 3756 5816 et

2163 5831 2298 5886 alius
2327 5845 2371 5888 te
2399 5837 2586 5905 cinget,
2619 5849 2666 5891 et
2713 5840 2860 5894 ducet
2883 5862 2980 5915 quo
3021 5863 3121 5898 non
3160 5848 3231 5900 vis
3258 5847 3444 5916 (Ibid.,
3482 5849 3588 5922 l8).
3621 5852 3749 5906 Sta-

2097 6007 2102 6009 _
2128 5988 2135 5998 I
2162 5921 2364 5994 timque
2396 5929 2720 5997 evangelista
2752 5933 2978 6003 subjecit
3006 5934 3221 5994 dicens.
3257 5935 3374 5995 Hoc
3404 5921 3570 5996 autem
3621 5942 3761 5998 dixit
