4072 6332
314 364 422 424 289

1500 353 1588 408 AD
1629 352 2121 407 TRASIMUNDUM
2163 353 2286 408 LIB.
2321 353 2406 408 [ΙΙ.

3473 362 3579 419 290

309 484 616 559 signiﬁcans
649 496 747 551 qua
788 477 950 532 morte
992 475 1371 546 clariﬁcaturus
1402 482 1533 527 esset
1562 483 1587 510 ι
1623 472 1820 526 Deum:
1850 482 1900 526 et
1927 475 1979 534 Α
2008 472 2236 541 Virginis
2290 480 2445 528 utero
2486 474 2739 544 suscepit,
2792 490 2891 530 nec
2930 476 2984 530 in
3025 484 3227 541 morte,
3270 492 3370 532 nec
3410 479 3463 532 in
3488 494 3577 536 se-

310 584 407 635 hoc
433 593 548 632 cum
575 573 811 637 dixisset,
841 571 965 624 dicit
1008 570 1055 623 ei
1078 585 1095 621 :
1128 567 1353 639 Sequere
1370 584 1469 621 me.
1501 566 1639 622 Ecce
1662 567 1893 635 qualiter

309 685 435 725 eum
472 675 530 722 et
569 672 726 719 antea
767 661 919 731 sequi
959 658 1149 715 Petrus
1168 658 1413 725 volebat,
1443 656 1661 726 quando
1692 674 1790 727 pro
1824 672 1892 714 eo

309 762 549 816 animam
594 768 798 827 ponere
824 751 1096 822 cupiebat,
1139 750 1279 804 sicut
1322 765 1445 803 eum
1503 758 1692 819 postea
1740 756 1892 804 recto

308 849 613 906 dilectionis
641 846 837 900 itinere
864 840 1015 910 sequi
1045 840 1259 904 meruit,
1289 839 1509 909 quando
1531 854 1630 910 pro
1675 854 1741 895 eo
1770 839 1891 894 ani;

310 957 455 996 mam
479 941 533 995 in
556 938 806 1010 passione
828 932 1025 1004 posuit.

308 1031 494 1086 Carur
524 1044 645 1083 xxv.
692 1025 755 1079 In
785 1024 988 1078 Christo
1027 1037 1186 1091 vera:
1202 1022 1407 1091 [uerunt
1438 1020 1763 1090 inﬁrmitates
1778 1020 1891 1091 ⁸Ιιιι-

384 1116 574 1162 mante,
624 1096 715 1150 sed
760 1088 1257 1162 voluntariteaNim
1308 1088 1499 1162 dicitur
1512 1105 1716 1162 corpus
1764 1088 1891 1162 Iesu

382 1159 609 1241 positum
635 1168 689 1219 in
727 1163 981 1235 sepulcro,
1025 1160 1114 1215 sed
1148 1160 1321 1222 Iesus,
1353 1161 1475 1230 quia
1503 1160 1572 1213 ibi
1618 1167 1730 1214 erat
1758 1159 1893 1212 divi-

383 1243 543 1295 nitas.
1198 1242 1203 1245 ’

382 1330 665 1399 Quocirca,
705 1326 829 1396 quia
869 1325 1150 1379 manifesta
1188 1321 1282 1397 (al.
1318 1318 1623 1389 manifeste)
1649 1318 1891 1389 Scriptu—

311 1435 494 1477 rarum
524 1416 867 1471 attestatione
908 1414 1191 1483 probatum
1222 1417 1303 1466 est
1332 1409 1676 1465 dilectionem
1707 1409 1893 1463 deesse

312 1511 405 1565 ubi
429 1508 602 1563 solum
631 1520 825 1575 corpus
855 1503 1086 1572 ponitur,
1134 1500 1204 1554 ibi
1253 1507 1431 1554 autem
1457 1499 1732 1552 caritatem
1760 1511 1883 1551 esse

315 1602 407 1655 ubi
433 1600 614 1653 anima
637 1611 758 1652 eum
781 1608 1010 1663 corpore
1034 1592 1270 1662 ponitur,
1299 1588 1544 1643 Gbristus
1584 1604 1651 1642 ex
1676 1588 1893 1656 Virgine

316 1692 506 1761 plenus
531 1685 832 1743 credendus
860 1690 941 1737 est
973 1683 1113 1737 Deus
1159 1689 1215 1735 et
1259 1680 1450 1750 plenus
1494 1678 1681 1743 homo,
1722 1679 1772 1731 id
1811 1686 1894 1732 est

314 1783 493 1836 anima
532 1778 810 1834 rationalis
838 1783 894 1828 et
921 1789 1068 1829 caro.
1094 1772 1162 1826 Et
1188 1773 1327 1826 sicut
1350 1770 1470 1825 ﬁdei
1498 1771 1776 1826 catholica:
1798 1787 1891 1825 ve-

312 1872 447 1926 ritas
471 1868 655 1930 habet,
701 1866 753 1918 in
780 1880 885 1918 uno
915 1862 1214 1930 eodemque
1238 1859 1450 1914 Christo
1479 1859 1778 1921 credamus,
1809 1874 1895 1914 se-

313 1960 548 2017 cundum
592 1972 776 2012 veram
816 1953 1168 2010 substantiam
1198 1952 1393 2018 carnis,
1434 1952 1791 2007 voluntariam
1838 1960 1898 2007 et

314 2065 500 2107 veram
524 2048 745 2109 famem,
780 2060 901 2099 cum
942 2042 1187 2097 esuriens
1232 2041 1299 2096 ad
1344 2040 1625 2096 ﬁculneam
1653 2041 1895 2107 veniret;

312 2139 671 2197 voluntariam
699 2146 754 2192 et
783 2150 961 2189 veram
1007 2134 1172 2200 sitim,
1222 2148 1343 2189 cum
1389 2132 1572 2187 bibere
1600 2147 1629 2185 a
1665 2131 1899 2186 Samari-

315 2241 443 2288 tana
470 2229 813 2300 deposceret,
842 2226 928 2282 vel
973 2241 1095 2281 cum
1120 2240 1181 2280 se
1200 2225 1348 2279 sitire
1375 2225 1429 2279 in
1453 2239 1615 2279 cruce
1645 2223 1897 2285 dixisset;

315 2321 678 2379 voluntariam
700 2327 755 2373 et
784 2333 963 2373 veram
991 2316 1383 2381 lassitudinem,
1408 2332 1532 2371 cum
1564 2316 1813 2384 fatigatus
1834 2316 1899 2370 ab

315 2416 512 2471 itinere
540 2426 704 2481 super
730 2417 948 2480 puteum
977 2407 1222 2481 sederet;
1252 2407 1611 2462 voluntarium
1635 2414 1692 2460 et
1712 2420 1899 2460 verum

317 2505 531 2566 vulnus,
558 2478 682 2557 cum
705 2478 890 2553 militis
918 2497 1105 2551 lancea
1145 2478 1296 2566 131
1339 2503 1712 2564 percuteretur
1736 2493 1790 2547 in
1819 2493 1901 2547 la-

317 2606 468 2659 tere;
501 2589 859 2647 voluntariam
900 2595 954 2642 et
991 2601 1173 2640 veram
1215 2593 1463 2645 mortem,
1495 2598 1616 2636 cum
1648 2582 1903 2637 inclinato

319 2684 497 2754 capite
543 2680 787 2751 spiritum
817 2676 1081 2731 emisisset
1131 2674 1183 2727 in
1228 2688 1420 2755 cruce;
1463 2664 1818 2724 voluntariam
1847 2678 1905 2726 et

317 2789 505 2830 veram
525 2770 1028 2841 sepulturampcum
1059 2781 1181 2820 eum
1211 2764 1511 2834 depositum
1546 2762 1612 2818 de
1635 2764 1901 2833 lignoIo-

320 2866 452 2934 seph
492 2856 550 2916 et
595 2858 918 2915 Nicodemus
946 2863 1210 2925 ponerent
1248 2854 1300 2908 in
1327 2854 1591 2923 sepulcro.
1625 2852 1735 2919 llas
1760 2855 1904 2908 enim

321 2954 502 3009 (ιιι-ιιίε
531 2963 721 3006 omnes
768 2947 1102 3001 inﬁrmitates
1144 2943 1479 2998 voluntarias
1524 2943 1763 3014 quidem,
1810 2944 1905 2998 sed

324 3058 504 3107 veras,
524 3041 769 3097 Christus
796 3038 999 3098 habuit,
1025 3037 1150 3106 quia
1177 3037 1353 3092 carnis
1378 3036 1622 3089 humana:
1637 3044 1904 3099 naturam,

322 3151 432 3189 non
464 3134 517 3187 in
538 3130 838 3203 phantasia,
863 3128 958 3184 sed
985 3128 1036 3182 iu
1067 3128 1294 3182 veritate
1321 3127 1573 3197 suscepit.
1607 3126 1749 3192 Quas
1776 3141 1904 3195 pas-

321 3227 510 3282 siones
530 3229 814 3293 propterea
854 3221 905 3274 in
948 3235 1111 3297 carne
1151 3219 1483 3275 voluntarias
1520 3219 1736 3284 habuit,
1767 3227 1825 3272 ut
1854 3218 1907 3273 in

324 3316 560 3371 veritate
606 3314 780 3369 carnis
812 3312 995 3366 divina
1022 3311 1280 3380 potentia,
1313 3325 1431 3379 quas
1461 3324 1562 3364 nec
1599 3309 1707 3379 pati
1734 3308 1912 3378 potuit

326 3404 623 3475 aliquando
648 3419 749 3459 nec
785 3402 942 3467 mori,
971 3400 1333 3455 inﬁrmitatem
1360 3410 1697 3469 mortemque
1721 3401 1909 3454 devin-

325 3506 496 3562 ceret,
518 3505 575 3552 et
597 3509 812 3551 carnem
849 3507 1000 3547 suam
1046 3491 1100 3545 in
1145 3491 1304 3545 vitam
1332 3492 1691 3560 virtutemque
1719 3507 1912 3562 perpe-

328 3598 477 3643 tuam
503 3588 806 3643 suscitaret.
847 3583 1000 3651 Quod
1032 3581 1227 3638 Paulus
1273 3584 1350 3637 sic
1380 3597 1475 3637 ore
1516 3584 1752 3638 veridico
1780 3597 1909 3651 pro-

329 3685 595 3734 testatur:
619 3675 851 3731 Christus
878 3690 1090 3745 surgens
1120 3690 1151 3727 α
1170 3674 1389 3727 mortuis
1402 3672 1518 3742 jam
1538 3688 1641 3725 non
1662 3672 1909 3724 moritur:

330 3781 383 3826 et
410 3786 547 3825 mors
566 3771 615 3823 ei
635 3768 775 3822 ultra
803 3784 906 3821 non
946 3765 1313 3821 dominabitur.
1346 3762 1495 3828 Quod
1520 3765 1657 3818 enim
1681 3772 1911 3817 mortuus

329 3868 410 3915 est
435 3865 663 3923 peccato,
692 3864 921 3909 mortuus
969 3866 1045 3908 est
1085 3856 1279 3919 semel;
1306 3854 1441 3923 quod
1468 3862 1639 3907 autem
1668 3855 1803 3921 vivit,
1835 3855 1912 3908 vi—

330 3955 407 4007 cit
426 3950 535 4006 Deo
560 3949 735 4021 (Rom.
765 3965 840 4015 vt,
871 3945 948 4017 9).
981 3948 1111 4013 Quis
1137 3954 1317 4001 autem
1346 3946 1556 4014 ignoret
1583 3944 1854 4001 Christum
1887 3946 1913 3984 δ

331 4056 438 4096 nec
464 4042 518 4095 in
544 4040 723 4097 anima
753 4054 853 4094 nec
881 4039 934 4092 in
964 4037 1265 4102 divinitate,
1297 4037 1391 4093 sed
1436 4039 1489 4092 in
1527 4039 1646 4094 solo
1686 4054 1916 4109 corpore

332 4136 608 4184 mortuum
634 4135 691 4182 et
716 4126 1019 4197 sepultum?
1046 4125 1199 4192 Quod
1247 4125 1523 4182 evidenter
1562 4126 1801 4185 Ioannes
1833 4130 1917 4185 his

331 4220 515 4274 verbis
541 4216 813 4273 ostendit:
844 4216 1088 4271 Posthtec
1108 4222 1301 4283 autem,
1328 4216 1596 4286 inquiens,
1612 4221 1811 4291 rogavit
1835 4219 1921 4275 Pi-

332 4310 502 4363 latum
540 4303 733 4378 Ioseph
757 4305 822 4360 ab
850 4306 1165 4359 Arimathaea
1196 4305 1277 4378 (eo
1303 4307 1439 4379 quod
1462 4317 1594 4361 esset
1636 4309 1919 4379 discipulus

330 4401 482 4464 Iesu,
512 4399 737 4453 occultus
766 4405 935 4450 autem
980 4406 1189 4466 propter
1234 4406 1423 4451 metum
1467 4398 1813 4471 Judworum),
1866 4412 1923 4455 ut

336 4493 541 4547 tolleret
560 4506 742 4559 corpus
763 4487 906 4541 Iesu.
938 4486 1008 4540 Et
1034 4489 1269 4558 permisit
1292 4487 1516 4542 Pilatus.
1553 4488 1701 4544 Venit
1729 4508 1851 4563 ergo
1871 4500 1922 4543 et

335 4583 457 4637 tulit
475 4557 658 4649 corpus
695 4578 838 4631 Iesu.
880 4557 1227 4630 Venitautem
1251 4587 1299 4630 et
1327 4575 1665 4640 Nicodemus,
1722 4557 1810 4651 qui
1836 4597 1922 4634 re—
1958 4557 2001 4610 ί)

335 4685 488 4729 uerat
517 4672 585 4724 ad
608 4673 784 4725 Iesum
811 4679 958 4724 nocte
995 4670 1240 4739 primum,
1281 4671 1449 4741 ferens
1479 4673 1754 4725 mixturam
1777 4690 1918 4744 myr-

336 4765 452 4820 rhar
496 4771 545 4816 et
590 4761 749 4822 aloes,
799 4760 947 4831 quasi
987 4759 1145 4813 libras
1193 4768 1414 4813 centum.
1455 4760 1773 4831 Acceperunt
1801 4772 1921 4835 ergo

332 4868 524 4922 corpus
538 4850 684 4913 Iesu,
714 4858 771 4902 et.
791 4849 1132 4919 alligaverunt
1159 4865 1274 4903 eum
1306 4850 1396 4920 (al.
1428 4850 1578 4915 illud)
1608 4852 1778 4906 linteis
1807 4871 1924 4908 cum

334 4942 679 5007 aromatibus,
708 4941 840 4995 sicut
865 4940 1066 4994 ludatis
1104 4956 1214 4993 mos
1239 4948 1315 4994 est
1360 4942 1576 5011 sepelire
1602 4942 1777 5014 (Joan.
1805 4961 1920 5013 xix,

337 5032 555 5103 38-40).
584 5032 743 5097 Ecce.
777 5030 915 5086 facta
942 5029 1285 5086 distinctione
1312 5029 1627 5095 divinitatis,
1660 5034 1837 5088 carnis
1865 5043 1922 5090 et

336 5126 558 5187 animae,
583 5131 843 5193 quantum
866 5122 933 5176 ad
953 5120 1338 5191 proprietatem
1378 5108 1686 5177 substantia:
1708 5126 1921 5191 attinet,

335 5216 517 5272 solum
540 5231 735 5286 corpus
761 5212 887 5269 Iesu
912 5212 1145 5268 dicitde
1172 5226 1333 5266 cruce
1360 5211 1682 5281 depositum,
1713 5230 1924 5272 aroma-

338 5308 488 5361 tibus
518 5305 813 5370 conditum,
845 5312 901 5359 et
927 5304 1108 5358 linteis
1134 5301 1474 5366 obvolutum;
1498 5313 1719 5373 propter
1748 5306 1925 5360 unita-

336 5408 455 5453 tem
480 5412 615 5452 vero
638 5411 900 5467 personas,
934 5395 1189 5467 quoniam
1215 5394 1356 5449 Deus
1377 5394 1646 5450 hominem
1674 5412 1830 5467 quem
1860 5415 1928 5456 es

420 5537 444 5565 ³
467 5526 560 5584 Sic
584 5542 711 5581 mss.
736 5525 901 5581 Corh.
927 5533 983 5580 et
1010 5525 1215 5582 Victor.
1244 5535 1302 5583 et
1329 5534 1509 5582 textus
1534 5527 1767 5584 Gnaeus.
1786 5530 1925 5588 Editi

336 5596 865 5671 veroibabeuteum.
939 5666 953 5671 _
1036 5665 1047 5671 _
1124 5660 1143 5671 η
1348 5665 1362 5671 Δ
1856 5626 1861 5631 ~

420 5673 449 5706 δ
479 5667 680 5735 Desunt
707 5665 820 5720 lucc
847 5666 1007 5720 verba
1035 5665 1088 5720 in
1124 5665 1317 5732 "editis;
1348 5665 1598 5735 leguntur
1642 5679 1822 5726 autem
1868 5673 1923 5729 in

340 5754 477 5796 mss.
504 5734 667 5790 Corh.
693 5744 747 5790 et
776 5735 975 5790 Victor.

428 5819 449 5847 ε
482 5806 607 5860 Slss.
637 5806 797 5861 Corb.
830 5814 885 5860 et
904 5803 1069 5873 Vict.,
1104 5802 1401 5860 Parasceve.

1990 562 2179 631 pulcro
2205 562 2471 628 deseruit;
2506 572 2795 632 propterea
2822 570 3041 619 secutus
3065 562 3303 619 Joannes
3335 564 3533 634 adjecit
3560 586 3574 621 :

1992 647 2125 703 Erat
2166 660 2337 717 autem
2381 652 2437 704 in
2467 652 2579 703 loco
2614 649 2699 704 ubi
2741 650 3021 720 cruciﬁxus
3068 660 3146 705 est
3201 651 3401 719 hortus,
3429 659 3480 705 et
3519 652 3576 707 iu

1991 736 2140 791 horto
2166 747 2550 792 monumentum
2580 754 2782 805 uvarum,
2833 741 2887 792 in
2928 756 3024 809 quo
3054 740 3280 793 nondum
3309 742 3580 812 quisquam

1990 827 2185 895 positus
2211 834 2342 879 erat.
2363 825 2444 883 Ibi
2473 844 2593 897 ergo
2618 838 2828 898 propter
2852 839 2873 866 ο
2913 828 3229 883 Parasccveu
3256 829 3580 900 Iudaeorum,

1991 918 2111 988 quia
2131 918 2287 986 juxta
2305 928 2418 970 erat
2447 927 2847 981 monumentum,
2877 928 3155 987 posuerunt
3180 918 3358 973 Iesum
3391 919 3577 990 (ibidr,

1992 1004 2081 1066 4|,
2113 1004 2222 1074 42).
2256 1006 2393 1062 Vere
2423 1007 2604 1061 divino
2633 1006 2833 1076 Spiritu
2876 1008 3063 1077 plenus
3103 1025 3130 1061 s
3150 1017 3321 1063 nctus
3350 1026 3582 1080 evange-

1992 1095 2114 1150 lista
2145 1096 2356 1151 locutus
2385 1105 2487 1160 est,
2521 1105 2579 1150 ut
2600 1097 2869 1165 primitus,
2918 1097 3045 1167 quid
3097 1100 3150 1152 in
3187 1097 3403 1155 Christo
3434 1117 3582 1156 mor-

1993 1195 2143 1241 tuum
2170 1188 2408 1255 fueriLet
2435 1189 2703 1258 sepultum
2729 1188 3035 1255 ostendens,
3068 1189 3270 1244 diceret
3299 1199 3581 1261 acceptum

1993 1292 2189 1346 corpus
2216 1276 2361 1341 Iesu,
2408 1286 2465 1331 ct
2496 1279 2713 1345 ligatum
2756 1276 2934 1331 linteis
2973 1293 3096 1332 cum
3135 1280 3484 1335 aromatibus.
3514 1280 3583 1335 Et

1992 1367 2116 1433 quia
2147 1366 2286 1435 quod
2317 1366 2455 1420 Deus
2485 1366 2756 1435 conjunxit
2802 1366 2952 1420 homo
2979 1383 3083 1420 non
3111 1381 3321 1438 separat
3362 1369 3577 1439 (Matth.

1994 1470 2106 1518 stet,
2137 1453 2215 1523 6),
2244 1446 2534 1523 propterea
2566 1470 2672 1509 non
2702 1470 2899 1523 corpus
2937 1454 3086 1523 Iesu,
3120 1457 3215 1512 sed
3245 1458 3426 1513 Iesum
3454 1460 3584 1515 dicit

1995 1545 2045 1597 in
2078 1552 2424 1597 monumento
2453 1545 2683 1613 positum
2713 1563 2725 1597 :
2757 1546 2963 1600 sciebat
3004 1548 3147 1601 enim
3177 1549 3321 1617 quod
3357 1551 3444 1604 ille
3464 1567 3585 1606 sus-

1960 1644 1969 1647 ‘
1993 1641 2181 1700 ceptor
2208 1633 2349 1703 pleni
2383 1633 2620 1687 hominis
2643 1634 2781 1688 Deus
2829 1642 2971 1688 totus
2999 1643 3141 1690 esset
3159 1652 3280 1691 cum
3307 1652 3466 1692 carne
3485 1644 3584 1693 sua

1994 1721 2046 1773 in
2076 1721 2340 1789 sepulcro,
2375 1729 2519 1775 totus
2545 1737 2669 1776 cum
2691 1723 2866 1776 anima
2890 1738 2986 1777 sua
3019 1724 3071 1778 in
3102 1724 3330 1789 inferno,
3362 1734 3509 1782 totus
3528 1716 3585 1783 in

1852 1810 1889 1885 ξ’
1926 1830 1967 1885 ιι
1999 1810 2218 1877 mundo,
2248 1819 2393 1865 totus
2416 1812 2468 1865 in
2498 1812 2658 1878 caelo,
2694 1820 2839 1867 totus
2864 1811 2890 1849 τι
2920 1828 3018 1883 per
3031 1815 3290 1870 unitatem
3305 1826 3508 1872 natura:
3525 1818 3584 1874 in

1997 1900 2176 1969 Patro,
2211 1902 2281 1955 de
2304 1915 2412 1969 quo
2441 1903 2668 1967 exstitit,
2714 1910 2859 1957 totus
2888 1919 2987 1972 per
3028 1905 3472 1975 omnipotentiam
3500 1905 3586 1962 di-

1991 1992 2230 2049 vinitatis
2276 2007 2384 2047 sua:
2424 1994 2477 2047 in
2509 2002 2623 2048 tota
2647 2002 2897 2050 creatura
2924 2011 3087 2065 quam
3120 1996 3265 2051 fecit.

1995 2081 2178 2137 Carur
2217 2099 2363 2137 xxvr.
2406 2082 2593 2138 Unitas
2639 2100 2875 2208 persqgltg
2919 2084 3113 2140 Christi
3161 2103 3225 2140 ea:
3252 2087 3414 2142 verbis
3441 2089 3585 2159 Apoo

2730 2172 2757 2208 s
2836 2172 2874 2208 ι.

2730 2172 2874 2209 που.

2070 2243 2221 2297 lianc
2248 2243 2301 2297 in
2323 2242 2536 2299 Christo
2557 2244 2817 2300 unitatem
2839 2260 3085 2314 persontc
3109 2262 3331 2315 servans
3360 2247 3593 2319 Aposto-

1999 2333 2103 2397 lus,
2128 2334 2206 2388 sie
2232 2333 2633 2389 Corinthiorum
2665 2336 2717 2389 in
2768 2333 2872 2391 ﬁde
2900 2337 3148 2392 veritatis
3174 2338 3458 2393 conﬁrmat
3485 2337 3592 2396 Ec-

2000 2422 2221 2478 clesiam
2252 2439 2266 2475 :
2300 2421 2517 2476 Tradidi
2563 2424 2701 2476 enim
2747 2423 2887 2477 vobis
2935 2426 3210 2494 imprimis,
3242 2427 3379 2497 quod
3425 2437 3475 2483 et
3501 2444 3592 2483 ac-

2001 2514 2134 2585 cepi,
2163 2515 2285 2584 quia
2330 2511 2568 2568 Christus
2608 2522 2839 2568 mortuus
2875 2524 2953 2568 est
2991 2533 3086 2587 pro
3128 2520 3350 2583 peccatis
3401 2517 3592 2573 nostrie

1987 2606 2282 2671 ,secundum
2308 2605 2631 2675 Scripturas,
2680 2615 2730 2659 et
2756 2607 2877 2677 quia
2907 2609 3134 2675 sepultus
3160 2618 3254 2674 est,
3285 2618 3336 2662 et
3361 2610 3480 2681 quia
3504 2626 3592 2666 re-

2004 2696 2229 2750 surrexit
2257 2697 2350 2765 (al.
2387 2697 2632 2765 surrexit)
2669 2699 2821 2769 132
2854 2700 3003 2752 tertia
3034 2700 3117 2752 die
3143 2696 3417 2754 secundum
3448 2701 3595 2756 Scri-

1999 2795 2183 2855 pturas
2213 2785 2263 2853 (1
2290 2786 2411 2839 Cor.
2445 2802 2530 2851 xv,
2555 2786 2609 2847 5,
2633 2786 2721 2855 4).
2754 2788 3020 2843 Mortuum
3070 2790 3205 2851 dixit
3244 2807 3348 2846 non
3399 2804 3596 2861 corpus

2004 2877 2225 2942 Christi,
2254 2878 2349 2933 sed
2397 2876 2692 2945 Christum,
2725 2887 2786 2933 ut
2811 2881 3073 2935 unitatem
3106 2897 3349 2951 persona:
3372 2883 3465 2937 Dei
3496 2884 3597 2940 ho-
3640 2884 3657 2901 ‘

2006 2969 2271 3038 minisque
2300 2977 2570 3035 servaret;
2619 2979 2679 3024 ut
2708 2978 2890 3026 autem
2919 2973 3324 3027 substantialetn
3353 2973 3599 3043 proprie-

2008 3066 2177 3114 tatem
2205 3059 2425 3113 deitatis
2451 3066 2508 3113 et
2550 3059 2903 3114 humanitatis
2950 3061 3281 3123 ostenderet,
3321 3062 3427 3116 alio
3476 3060 3600 3117 loco

1937 3192 1981 3254 ο
2012 3154 2174 3223 (sicut
2201 3152 2455 3223 superius
2476 3150 2588 3220 jam
2611 3152 2913 3223 posuimus)
2945 3151 3077 3207 dicit
3110 3170 3123 3206 :
3168 3151 3307 3206 Nam
3335 3154 3430 3207 etsi
3478 3152 3601 3207 cru-

2011 3245 2199 3314 ciﬁxus
2228 3252 2307 3297 est
2350 3260 2416 3297 es:
2442 3243 2765 3312 inﬁrmitate,
2800 3243 2893 3297 sed
2931 3244 3050 3297 vivit
3072 3246 3138 3296 ea?
3165 3244 3349 3297 virtute
3376 3242 3474 3297 Dei
3511 3241 3604 3315 (II

2013 3333 2133 3389 Cor.
2177 3348 2296 3391 χιιι.
2347 3332 2425 3401 4).
2458 3332 2798 3387 Attendenda
2835 3331 2927 3387 est
2979 3334 3398 3403 apostolicorum
3436 3334 3605 3389 virtus

2011 3422 2270 3492 prteclara
2309 3421 2595 3475 dictorutn.
2658 3430 2684 3459 ⁸
2729 3421 2785 3475 Si
2834 3423 2975 3475 enim
3025 3421 3223 3477 Paulus
3259 3423 3483 3477 dixisset
3533 3422 3605 3479 de

2010 3509 2252 3576 εἰπε-ἰδία,
2285 3512 2409 3580 quia
2437 3512 2718 3581 cruciﬁxus
2746 3520 2821 3564 est
2848 3527 2914 3564 ex
2936 3511 3255 3582 inﬁmitate,
3283 3512 3374 3565 sed
3401 3513 3518 3565 vivit
3538 3526 3606 3567 ea:

2012 3599 2215 3659 uirtute,
2242 3606 2297 3651 et
2326 3614 2433 3651 non
2464 3597 2776 3659 addidisset,
2800 3597 2920 3662 Dei,
2946 3614 3047 3653 nec
3075 3600 3152 3653 sic
3176 3598 3357 3653 debuit
3378 3597 3603 3653 inﬁrmi-

2015 3696 2098 3741 tas
2128 3688 2494 3757 passibilitatis
2523 3689 2767 3743 humana:
2795 3704 2917 3744 cum
2944 3689 3137 3743 divinae
3162 3688 3373 3743 virtutis
3403 3689 3605 3759 impas-

2015 3778 2271 3832 sibilitate
2293 3777 2588 3843 confundi;
2640 3785 2696 3831 at
2742 3793 2868 3833 cum
2897 3778 3149 3833 virtutem
3178 3778 3363 3833 deitati
3413 3779 3607 3836 Paulus

2018 3871 2275 3938 assignet,
2306 3870 2427 3938 quis
2443 3885 2553 3923 non
2583 3870 2762 3925 videat
2790 3871 2935 3940 quod
2954 3885 3019 3925 ea
3040 3886 3158 3939 qua:
3180 3860 3506 3925 inﬁrmitatis
3533 3870 3607 3926 vi-

2015 3960 2211 4016 dentur
2235 3961 2466 4020 hominis
2493 3975 2613 4017 esse
2652 3960 2974 4016 denuntiet?
3005 3961 3158 4026 Nam,
3190 3970 3245 4016 ct
3289 3961 3434 4030 quod
3474 3954 3609 4017 dicit

2019 4052 2086 4106 de
2113 4050 2349 4118 Cltristo,
2379 4052 2506 4120 quia
2538 4055 2633 4124 (at.
2655 4052 2820 4121 quod)
2850 4053 2970 4106 vivit
2990 4069 3056 4106 ex
3083 4055 3266 4107 virtute
3282 4048 3399 4117 Dei,
3423 4066 3491 4107 ex
3510 4067 3611 4111 sua

2018 4143 2129 4198 dcit
2165 4146 2219 4197 te
2240 4143 2429 4211 utique
2473 4144 2626 4211 vivit,
2670 4143 2795 4211 quia
2825 4143 2939 4213 ipse
2972 4152 3053 4199 est
3080 4144 3248 4198 virtus
3282 4141 3416 4210 Dei,
3446 4151 3504 4199 et
3531 4142 3611 4200 sic

2020 4235 2151 4289 vivit
2182 4236 2321 4290 sicut
2350 4233 2512 4290 Pater
2534 4235 2683 4299 vivit,
2710 4236 2969 4305 quoniam
2998 4236 3112 4305 ipse
3155 4244 3240 4290 est
3266 4235 3373 4295 via,
3408 4236 3612 4290 veritas

2028 4334 2082 4380 et
2107 4328 2235 4380 vita.
2268 4326 2399 4381 Nam
2439 4334 2499 4380 ut
2539 4342 2699 4379 unam
2730 4326 2896 4379 vitam
2926 4324 3100 4379 Patris
3129 4325 3353 4394 Filiique
3377 4323 3612 4379 Ioannes

2026 4418 2180 4471 nobis
2208 4418 2500 4472 insinuaret
2522 4416 2835 4486 Apostolus,
2873 4415 3126 4485 Epistolzc
3149 4430 3259 4469 sum
3283 4415 3386 4467 hoc
3409 4428 3611 4482 ponere

2027 4507 2233 4559 curavit
2260 4505 2536 4559 exordium
2568 4522 2582 4557 :
2617 4504 2769 4568 Quod
2796 4512 2909 4557 erat
2937 4503 2999 4555 ab
3029 4503 3197 4563 initio,
3226 4501 3363 4573 quod
3406 4500 3609 4554 audiri-

2029 4612 2161 4656 mus,
2186 4595 2322 4666 quod
2360 4596 2579 4648 uidimus
2608 4595 2770 4648 oculis
2793 4596 3002 4656 nostris,
3046 4592 3183 4664 quod
3202 4593 3535 4662 inspeximus,
3561 4599 3611 4644 et

2029 4702 2213 4740 manus
2250 4696 2444 4741 nostra:
2470 4693 2911 4739 contrectareruut
2955 4685 3018 4737 de
3052 4683 3218 4737 Verbo
3266 4684 3405 4747 vita,
3431 4690 3479 4734 et
3507 4676 3611 4734 uitis

2029 4775 2203 4845 palam
2231 4778 2371 4845 facta
2393 4786 2468 4827 est
2496 4791 2513 4827 :
2541 4782 2590 4828 et
2608 4751 2858 4837 vidimus,
2881 4783 2931 4826 et
2955 4783 3222 4837 testamur,
3246 4781 3295 4826 et
3317 4773 3611 4826 nuntiamus

2029 4868 2168 4923 vobis
2208 4867 2375 4921 Vitam
2393 4879 2659 4932 terernam,
2680 4881 2795 4935 qua:
2821 4874 2933 4919 erat
2955 4865 3094 4934 apud
3115 4863 3346 4929 Patrem,
3363 4874 3412 4917 et
3436 4863 3612 4934 palam

2032 4961 2171 5030 facta
2199 4969 2275 5012 est
2304 4961 2450 5011 nobis
2480 4956 2535 5023 (Ι
2554 4956 2714 5011 Ioan.
2748 4973 2784 5018 ι,
2813 4954 2895 5028 l).
2923 4955 3115 5009 Filium
3143 4955 3256 5019 Dei,
3284 4969 3443 5024 quem
3473 4952 3611 5008 Ver-

2027 5049 2151 5102 bum
2174 5048 2269 5103 Dei
2294 5048 2540 5117 superius
2563 5046 2718 5111 dixit,
2750 5046 2927 5101 Vitam
2959 5047 3011 5100 in
3041 5044 3487 5112 subsequentibus
3508 5059 3610 5097 no-

2026 5141 2249 5194 minavit
2300 5157 2315 5192 :
2357 5140 2499 5210 quod
2539 5147 2623 5194 est
2660 5140 2839 5193 autem
2870 5138 3103 5193 Verbum
3147 5137 3289 5201 vitm,
3324 5136 3421 5190 nisi
3469 5130 3611 5191 Ver-

2026 5228 2153 5282 bum
2220 5230 2351 5284 Dei?
2408 5228 2476 5282 Et
2526 5228 2780 5297 quoniam
2833 5226 3086 5293 Verbum,
3148 5227 3273 5280 vitte
3325 5227 3436 5279 vita
3495 5233 3608 5289 est,

2030 5335 2133 5372 una
2173 5328 2255 5373 est
2295 5319 2615 5387 utiqnevita
2643 5317 2769 5371 illud
2801 5319 2921 5372 vita:
2962 5316 3219 5384 Verbum,
3249 5324 3299 5371 et
3329 5317 3435 5369 vita
3459 5316 3612 5385 cujus

2029 5419 2112 5465 est
2156 5410 2409 5466 Verbum.
2441 5410 2568 5465 Ideo
2599 5424 2729 5479 ergo
2757 5410 2999 5465 Christus
3045 5409 3137 5481 qui
3189 5416 3417 5461 mortuus
3444 5415 3521 5461 est
3546 5420 3611 5461 ea:

2102 5539 2126 5578 δ
2159 5541 2248 5597 Sic
2276 5543 2469 5611 legitur
2499 5544 2550 5597 in
2581 5560 2681 5598 ms.
2717 5544 2948 5609 Victor.;
2978 5553 3035 5599 at
3062 5544 3116 5599 in
3135 5542 3325 5613 Corb.,
3352 5543 3406 5597 in
3431 5543 3610 5597 unita-

2033 5619 2169 5677 tem;
2196 5613 2247 5666 in
2279 5613 2435 5666 editis
2461 5628 2614 5680 vero,
2636 5616 2689 5668 in
2719 5617 2933 5669 unitate.

2106 5692 2129 5718 °
2156 5683 2244 5752 Sic
2272 5699 2372 5752 tus.
2403 5683 2588 5749 Corb.;
2621 5683 2750 5739 editi
2776 5701 2926 5752 vero,
2959 5683 3018 5740 Si
3038 5692 3088 5737 et
3125 5683 3347 5747 Paulus;
3371 5680 3506 5736 forte
3520 5683 3614 5736 Je-

2032 5750 2261 5821 gendutn
2292 5750 2405 5807 Etsi
2433 5754 2568 5807 enim
2602 5752 2816 5809 Paulus.
2913 5750 2920 5752 “
3527 5778 3533 5787 ~
