4026 6336
507 419 622 473 ’291

1555 415 1614 470 S.
1651 410 2013 468 FULGENTll
2052 411 2352 467 EPISCOPI
2394 413 2760 472 RUSl‘ENSlS

3668 427 3780 482 299.
3825 469 3830 472 -

526 531 847 604 inﬁrmitate,
877 529 992 584 vivit
1011 545 1073 582 ex
1096 529 1278 582 virtute
1301 525 1414 590 Dei,
1439 525 1692 595 quoniam
1719 525 1794 579 illi
1822 524 2086 579 divinitati
2119 530 2168 586 Α
2192 533 2398 576 current
2423 534 2471 577 et
2493 541 2593 577 non
2629 525 2957 591 laborabunt,
2988 505 3318 584 ambulabunt
3346 542 3396 585 et
3423 550 3526 588 non
3548 539 3780 592 esuriem

527 623 633 680 hoc
660 632 743 680 est
764 623 924 677 vitam
955 634 1094 683 esse,
1127 617 1270 687 quod
1300 625 1382 672 est
1407 617 1658 670 virtutem
1685 631 1827 682 esse,
1885 623 1940 670 et
1972 630 2100 684 pro-

525 725 716 784 pterea
743 713 847 767 hoc
873 721 953 765 est
981 709 1054 762 illi
1082 723 1240 778 posse
1267 706 1410 776 quod
1436 706 1632 759 vivere.
1659 703 1726 758 Et
1753 705 1900 774 ideo,
1928 719 2026 759 nec
2049 704 2102 757 in

514 802 778 871 passione
806 800 1056 852 virtutem
1085 797 1190 850 vita
1221 795 1476 858 deseruit,
1499 808 1602 847 nec
1631 793 1682 847 in
1705 801 1877 848 morte
1905 792 2102 846 Christi

527 890 697 943 virtus
716 903 746 940 a
766 887 873 939 vita
901 885 1164 949 discessit,
1194 882 1445 952 quoniam
1468 881 1664 936 Christi
1695 881 1941 936 divinitas
1964 882 2102 952 (qua:

525 980 696 1033 virtus
722 984 778 1030 et
806 976 910 1028 vita
932 976 1032 1045 est)
1062 975 1259 1028 mutari
1285 988 1387 1026 non
1412 973 1605 1041 potuit.
2023 985 2026 990 ·

525 1074 707 1131 CAPUT
738 1091 896 1128 xxvii.
945 1073 1160 1142 Propter
1201 1073 1474 1142 unitatent
1497 1072 1849 1142 personaanin
1877 1069 2099 1142 Christo,

597 1154 824 1199 mortuus
849 1139 1107 1196 diciturF
1113 1145 1231 1196 ilius
1262 1141 1376 1194 Dei.
1425 1140 1546 1192 Non
1584 1149 1704 1193 sunt
1731 1139 1923 1193 Christi
1952 1140 2104 1209 inﬁr-

515 1265 518 1268 .
597 1216 800 1268 mitates
829 1215 940 1283 ejus
966 1213 1145 1266 deitati
1175 1211 1513 1264 ascribendw.

599 1304 798 1357 Rursus
828 1319 924 1370 pro
963 1302 1170 1355 unitate
1214 1313 1455 1370 persona:
1483 1301 1534 1352 in
1565 1297 1775 1354 Christo
1804 1295 2104 1349 ﬁrmissime

527 1390 952 1448 commendanda
998 1393 1074 1445 sic
1133 1389 1328 1443 Paulus
1367 1389 1606 1442 scribens
1652 1385 1906 1439 Romanis
1953 1385 2104 1452 ponit

530 1483 624 1554 (al.
677 1482 895 1552 posuit),
922 1481 1104 1534 dicens
1146 1479 1212 1534 de
1262 1479 1410 1532 Deo:
1447 1476 1545 1539 Qui
1592 1474 1731 1528 Filio
1761 1474 1970 1543 proprio
2000 1488 2103 1525 non

525 1572 768 1642 pepercit,
828 1569 916 1622 sed
959 1585 1051 1638 pro
1098 1567 1241 1620 nobis
1298 1567 1527 1618 omnibus
1581 1564 1797 1617 tradidit
1834 1563 1977 1616 illum
2005 1563 2098 1629 (al.

527 1661 661 1726 eum)
703 1656 878 1725 (Rom.
915 1671 1026 1715 vin,
1061 1652 1174 1722 59.).
1203 1653 1373 1719 Atque
1410 1661 1468 1705 ut
1497 1652 1585 1704 illa
1616 1650 1833 1705 traditio
1853 1650 2103 1703 volunta-

525 1749 606 1802 ria
672 1763 738 1801 ex
798 1753 1065 1816 potestate
1114 1743 1233 1796 Filii
1291 1751 1681 1797 monstraretur
1737 1741 1966 1805 ell‘ecta,
2017 1741 2105 1794 Fi-

525 1837 656 1891 lium
709 1851 921 1904 quoque
949 1850 1044 1903 pro
1074 1833 1228 1887 nobis
1268 1846 1326 1886 se
1380 1838 1644 1884 memorat
1692 1829 1990 1893 tradidisse,
2030 1829 2105 1882 di-

524 1943 653 1984 cens
674 1928 779 1981 alio
811 1928 933 1981 loco
967 1944 978 1978 :
1015 1925 1164 1988 Quod
1210 1934 1378 1978 autent
1408 1941 1543 1978 nunc
1573 1925 1680 1977 vivo
1721 1925 1772 1976 in
1823 1940 2005 1986 carne,
2051 1923 2104 1975 in

524 2020 628 2091 ﬁde
654 2029 678 2056 λ
706 2021 811 2072 viro
843 2018 970 2070 Filii
998 2017 1125 2084 Dei,‘
1143 2019 1226 2088 qui
1254 2017 1436 2070 dilexit
1463 2031 1562 2081 me,
1591 2024 1640 2068 et
1671 2014 1885 2067 tradidit
1912 2023 2102 2067 semet—

524 2109 689 2178 ipsum
723 2121 816 2175 pro
843 2122 922 2157 me
952 2103 1090 2173 (Cat.
1125 2119 1178 2169 ιι,
1210 2103 1319 2173 ΞΟ).
1352 2102 1459 2156 Sed
1490 2109 1546 2155 ut
1573 2101 1945 2156 ostenderetur
1975 2099 2104 2168 quid

524 2197 577 2250 in
599 2196 810 2251 Christo
841 2197 1075 2266 potuerit
1098 2196 1252 2258 tradi,
1272 2195 1585 2264 praphetice
1607 2194 1733 2249 dicit
1754 2194 1886 2247 liber
1911 2193 1938 2230 δ
1967 2193 2099 2248 Job:

526 2283 688 2338 Terra
711 2286 904 2360 tradita
927 2294 1001 2336 est
1039 2285 1091 2336 in
1121 2300 1306 2336 manus
1325 2283 1470 2352 impii
1503 2281 1643 2353 (Job.
1676 2299 1749 2346 ix,
1779 2281 1891 2351 24).
1922 2279 1986 2334 Et
2020 2291 2102 2336 ta-

522 2388 644 2428 men
683 2390 780 2442 pro
807 2374 1010 2427 unitate
1039 2387 1306 2442 personm,
1339 2389 1445 2427 non
1485 2373 1657 2426 solum
1707 2372 2102 2426 humanitatem

522 2464 739 2529 Christi,
774 2467 866 2520 sed
911 2465 1181 2520 Christum
1226 2464 1480 2518 traditum
1529 2472 1677 2520 tenet
1719 2471 1774 2518 et
1819 2463 2105 2518 conﬁtetur

521 2554 777 2620 Ecclesia,
811 2557 1063 2626 quoniam
1092 2556 1144 2610 in
1168 2557 1254 2610 illa
1286 2555 1589 2618 traditione,
1612 2555 1756 2608 salva
1778 2555 2105 2624 proprietate

522 2647 799 2715 utriusque
823 2655 1026 2701 natura:
1046 2688 1060 2710 ,
1092 2662 1192 2700 nec
1219 2647 1380 2700 homo
1420 2652 1700 2712 susceptus
1727 2645 1963 2714 separari
2002 2660 2102 2713 po-

524 2736 625 2790 tuit
651 2736 841 2800 a‘Deo,
868 2751 967 2790 nec
994 2735 1136 2790 Deus
1153 2735 1327 2804 potuit
1359 2735 1424 2788 ab
1446 2735 1662 2788 homine
1691 2735 1960 2802 segregari
1987 2749 2106 2788 sus-

524 2833 701 2895 cepto.
734 2824 882 2880 Sicut
913 2840 1040 2894 ergo
1072 2827 1375 2894 passionem
1405 2826 1593 2880 mortis
1633 2833 1688 2879 et
1720 2832 1949 2878 mortem
1979 2839 2105 2892 pro-

525 2927 648 2988 pter
675 2919 934 2972 unitatem
984 2933 1248 2988 personae,
1284 2918 1373 2972 Dei
1403 2918 1617 2986 quidem
1655 2917 1788 2971 Filio
1830 2916 2104 2984 Scriptura

523 2994 746 3076 prorsus
789 3006 1040 3072 assignat,
1089 3014 1145 3060 et
1202 3014 1376 3060 tamen
1416 3006 1672 3060 deitatem
1725 3005 2103 3075 impassibilem

531 3098 682 3166 133
726 3097 1190 3164 immortalemque
1222 3097 1552 3166 pronuntiat,
1594 3099 1666 3150 ita
1696 3104 1751 3150 et
1792 3098 1980 3151 anima:
2009 3096 2104 3150 tri-

524 3183 720 3238 stitiam
755 3190 810 3236 et
847 3185 1320 3252 perturbationem,
1345 3199 1504 3252 quam
1531 3185 1884 3239 voluntariam
1914 3184 1966 3237 in
1989 3185 2092 3238 ani-

509 3289 616 3327 ma
640 3273 730 3328 Dei
755 3271 920 3327 Filius
946 3273 1149 3338 habuit,
1179 3275 1256 3328 sic
1284 3274 1531 3328 habuisse
1556 3274 1822 3338 credatur,
1855 3283 1913 3328 ut
1940 3275 2101 3328 etiam
2129 3261 2175 3323 C

524 3365 665 3434 ipsas
691 3364 934 3419 humana:
969 3364 1159 3417 anima:
1188 3363 1484 3432 passiones,
1523 3372 1578 3418 et
1615 3378 1680 3418 ex
1710 3364 1983 3419 voluntate
2011 3380 2103 3420 ve-

522 3469 628 3519 ras,
669 3462 724 3509 et
767 3454 820 3508 in
867 3455 1092 3509 veritate
1142 3453 1467 3508 voluntarias
1511 3471 1618 3508 non
1669 3469 1940 3522 negemus.
1985 3457 2102 3526 Ipsa

525 3558 743 3612 quoque
788 3542 987 3598 Christi
1033 3543 1305 3607 divinitas,
1351 3559 1471 3612 quae
1517 3545 1808 3599 secundum
1873 3547 2102 3600 animam

522 3633 850 3699 contristari,
881 3640 936 3687 et
963 3633 1253 3688 secundum
1284 3651 1501 3695 carnem
1553 3637 1768 3704 dignata
1818 3652 1916 3706 pro
1947 3633 2102 3693 nobis

527 3730 609 3774 est
637 3723 792 3783 mori.
826 3722 1119 3777 secundum
1168 3725 1477 3778 substantia:
1523 3728 1936 3796 proprietatem,
1966 3729 2102 3784 sicut

521 3808 859 3875 immortalis,
901 3811 978 3865 sic
1005 3820 1088 3865 est
1127 3821 1183 3866 et
1231 3813 1570 3882 impassibilis
1592 3816 1944 3883 praedicanda.
1975 3817 2102 3884 Qua:

521 3901 645 3967 quia
675 3915 860 3954 verum
889 3901 1162 3956 hominem
1212 3905 1468 3972 suscepit,
1501 3905 1620 3959 ideo
1660 3915 1878 3960 cunctas
1900 3916 2101 3962 natura:

519 3992 765 4044 humana:
791 3990 1146 4056 inﬁrmitates,
1179 4008 1334 4048 veras
1361 3994 1600 4061 quidem,
1633 3995 1726 4049 sed
1753 3997 2096 4062 voluntarias,

521 4079 575 4132 in
599 4077 782 4133 eadem
808 4080 1031 4134 veritate
1055 4089 1258 4136 natura:
1279 4082 1537 4136 duntaxat
1559 4084 1802 4138 humanae
1829 4089 2094 4144 sustinuit.

521 4166 651 4234 Quis
678 4179 858 4224 autem
900 4177 1008 4223 tam
1039 4171 1368 4226 mortiferam
1399 4180 1634 4228 sectetur
1682 4176 2006 4244 improvidus
2031 4181 2100 4236 de

521 4260 734 4316 Christo
763 4264 1106 4330 sententiam,
1130 4272 1188 4318 ut
1210 4263 1404 4318 famem
1449 4266 1614 4332 illam,
1639 4267 1802 4333 sitim,
1829 4269 2097 4325 lassitudi-

521 4366 664 4415 nem,
688 4352 992 4420 passionem
1025 4362 1079 4408 et
1100 4363 1348 4423 mortem,
1384 4365 1438 4410 et
1462 4372 1644 4412 rursus
1674 4359 1962 4426 tristitiam,
1984 4378 2100 4431 per-

521 4440 902 4505 turbationem,
932 4452 1134 4498 metum
1163 4454 1219 4499 et
1241 4446 1454 4500 taedium
1481 4452 1618 4518 (quze
1635 4452 1810 4504 carnis
1830 4461 1884 4506 et
1908 4454 2097 4510 animus

521 4543 640 4584 esse
686 4547 844 4587 nemo
888 4541 1068 4602 potest
1123 4535 1458 4604 aliquatenus
1503 4539 1746 4596 dubitare
1768 4544 1808 4613 ),
1852 4544 1929 4599 sic
1971 4561 2094 4601 vera

520 4618 684 4676 fuisse
707 4623 893 4678 credat
932 4626 985 4679 in
1014 4633 1206 4680 natura
1235 4627 1483 4694 hominis,
1513 4639 1570 4684 ut
1599 4632 1666 4686 ab
1695 4633 1778 4689 his
1807 4635 2094 4691 immunem

519 4725 629 4766 non
649 4711 835 4766 credat
856 4714 1206 4770 substantiam
1249 4717 1484 4786 deitatis,
1515 4736 1636 4775 cum
1674 4727 2012 4793 sperantibus
2040 4727 2093 4782 in

519 4817 602 4868 se,
631 4803 734 4860 hoc
753 4812 813 4858 ut
839 4813 1092 4875 superent
1119 4806 1363 4864 Christus
1391 4810 1616 4879 dederit,
1651 4815 1791 4884 quod
1819 4833 1916 4886 pro
1938 4819 2093 4873 nobis

518 4891 634 4961 ipse
662 4892 935 4950 voluntate
981 4898 1246 4965 persensit
1275 4898 1379 4968 (al.
1427 4906 1820 4975 persenserit)?
1866 4908 2094 4979 Propter

518 4981 661 5048 quill
697 4981 949 5039 divinitus
973 4984 1263 5056 inspiratus
1283 4991 1498 5057 perﬁdis
1525 5007 1589 5046 ac
1627 4995 1914 5051 mortiferis
1945 5001 2090 5068 cogi-

518 5068 809 5156 tationibus
860 5072 1024 5129 Isaias
1079 5076 1368 5143 obnititur,
1397 5078 1580 5134 dicens
1613 5098 1627 5134 :
1662 5082 1798 5139 Deus
1846 5095 2086 5156 internus,

518 5153 657 5210 Deus
711 5161 796 5228 qui
836 5163 955 5230 fecit
992 5165 1123 5233 ﬁnes
1154 5173 1326 5232 terraz,
1357 5185 1460 5223 non
1505 5172 1710 5236 esuriet,
1751 5190 1910 5243 neque
1948 5153 2092 5232 laba;

518 5246 675 5313 rabit,
714 5264 873 5320 neque
918 5254 1134 5308 inveniri
1177 5264 1343 5325 potest
1390 5258 1660 5328 prudentia
1702 5262 1812 5332 ejus
1840 5274 2091 5334 prtestans

516 5341 850 5398 esurientibus
889 5347 1040 5412 vires,
1069 5356 1247 5403 etnon
1287 5350 1574 5406 dolentibus
1624 5371 1910 5410 mcerorem.
1951 5357 2090 5412 Esu-

519 5431 652 5485 rient
677 5438 814 5490 enim
835 5438 1068 5508 juvenes,
1093 5449 1140 5494 et
1161 5441 1466 5497 laborabunt
1493 5447 1858 5516 adolescentes,
1881 5462 1929 5504 et
1949 5453 2092 5508 electi

519 5521 630 5575 sine
669 5525 856 5580 viribus
893 5537 1060 5582 erunt.
1095 5527 1194 5592 Qui
1233 5547 1347 5585 vero
1376 5545 1673 5603 exspectant
1702 5538 1972 5595 Dominum
2004 5559 2096 5596 ea:-

519 5611 777 5668 sultabunt
804 5632 920 5670 cum
941 5620 1142 5684 virtute,
1180 5631 1201 5658 ε
1226 5621 1506 5690 producent
1525 5643 1717 5694 pennas
1732 5631 1859 5683 sicut
1886 5635 2090 5703 aquilis,

591 5765 616 5832 ξ
648 5758 771 5832 Mss.
801 5763 962 5822 Corb.
984 5778 1039 5822 et
1058 5769 1270 5832 Colon..
1304 5771 1459 5828 Filio.

592 5824 618 5864 δ
647 5827 745 5885 Ms.
769 5832 952 5899 Corb.,
985 5839 1112 5891 liber
1131 5824 1298 5894 sancti
1321 5824 1436 5896 Job.

2126 4619 2174 4678 Ι)

2203 611 2361 683 (Isai.
2393 630 2479 678 st,
2513 613 2581 667 28
2608 626 2656 669 et
2677 617 2830 687 seq.).
2865 617 2982 687 Ipse
3011 635 3224 688 quoque
3245 621 3402 678 Panis
3426 627 3513 693 qui
3545 627 3610 682 de
3637 630 3782 685 coelo

2203 701 2477 756 descendit
2538 705 2879 761 credentibus
2936 708 2986 761 in
3042 725 3101 763 se
3145 712 3436 780 perfectam
3475 719 3781 776 satietatem

2201 794 2464 846 veraciter
2493 797 2815 863 repromittit
2861 798 3043 853 dicens
3076 818 3088 852 :
3123 799 3222 864 Qui
3256 807 3392 857 venit
3436 809 3505 860 ad
3554 827 3633 863 me
3671 829 3783 866 non

2201 882 2406 947 esuriet,
2436 891 2484 935 et
2529 886 2614 953 qui
2656 887 2816 938 credit
2862 890 2916 941 in
2969 905 3048 942 me
3087 907 3190 944 non
3231 895 3368 948 sitiet
3423 899 3475 951 in
3531 912 3783 958 wternum

2202 968 2384 1038 (Joan.
2408 988 2477 1035 vi,
2494 971 2630 1042 55)).
2659 973 2827 1042 Rogo,
2873 979 3102 1044 qualiter
3128 979 3241 1036 ham
3267 985 3436 1040 virtus
3457 991 3786 1048 concedetur

2202 1058 2526 1121 hominibus,
2578 1061 2623 1114 si
2671 1076 2789 1115 eam
2838 1063 3037 1120 habere
3090 1083 3198 1122 non
3255 1075 3429 1139 potuit
3467 1075 3642 1132 Deus?
3671 1080 3784 1134 Aut.

2202 1148 2472 1238 quomodo
2500 1147 2578 1200 Ch
2591 1149 2743 1203 r-istus
2773 1151 2824 1204 in
2855 1168 2948 1206 sua
2980 1154 3261 1213 divinitate
3289 1177 3394 1215 non
3417 1165 3784 1238 habuit,quod

2203 1233 2269 1285 ab
2299 1249 2365 1288 eo
2397 1233 2593 1290 Paulus
2624 1244 2679 1290 ut
2705 1238 2926 1295 haberet
2952 1247 3199 1314 accepit?
3227 1248 3346 1318 ipse
3368 1254 3508 1307 enim
3535 1255 3604 1310 de
3703 1260 3783 1313 si-

2204 1324 2524 1394 milibusque
2555 1335 2801 1394 testatur,
2833 1331 3013 1388 dicens
3040 1353 3052 1387 :
3099 1336 3501 1399 Tribulationem
3528 1349 3780 1416 patimur,

2204 1414 2292 1465 sed
2340 1431 2442 1468 non
2491 1421 2844 1487 angustiamur
2872 1422 2960 1493 (ΙΙ
2987 1424 3107 1480 Cor.
3138 1444 3209 1493 tv,
3241 1430 3331 1500 8);
3377 1443 3432 1488 et
3473 1414 3580 1492 alio
3618 1414 3779 1495 loco:

2209 1503 2366 1568 Quasi
2395 1507 2686 1569 morientes,
2735 1519 2784 1562 et
2820 1528 2937 1565 ecce
2964 1515 3208 1582 vivimus;
3231 1529 3286 1572 ut
3314 1524 3570 1592 castigati,
3599 1536 3649 1579 et
3676 1545 3784 1583 non

2205 1597 2530 1664 mortiﬁcati;
2549 1601 2694 1666 quasi
2717 1603 2908 1666 tristes,
2933 1620 3134 1675 semper
3160 1620 3328 1662 autem
3348 1614 3662 1682 gaudentes;
3679 1621 3786 1672 sic—

2204 1696 2258 1736 ut
2286 1695 2509 1765 egentes,
2554 1689 2741 1744 multos
2770 1701 2939 1746 autem
2971 1694 3381 1764 locupletantesf
3408 1713 3650 1774 tanquam
3696 1711 3786 1763 ni-

2205 1774 2280 1868 ltil
2301 1776 2562 1843 habentes,
2587 1787 2636 1831 et
2659 1782 2834 1833 omnia
2878 1785 3198 1852 possidentes
3223 1787 3312 1858 (II
3335 1789 3453 1845 Cor.
3478 1810 3551 1859 vi,
3582 1797 3637 1862 9,
3669 1797 3781 1868 10).

2191 1863 2374 1929 ‘Quam
2404 1879 2566 1933 grave
2595 1878 2752 1938 atque
2775 1871 3120 1941 incongruum
3151 1887 3234 1932 est
3259 1889 3314 1934 et
3341 1897 3372 1934 a
3398 1898 3521 1937 vera
3547 1884 3651 1941 ﬁde
3671 1863 3786 1944 mo-

2205 1953 2284 2007 dis
2322 1956 2568 2011 omnibus
2598 1959 2850 2026 alienum,
2893 1971 2951 2016 ut
2995 1963 3191 2020 Paulus
3239 1969 3292 2022 in
3342 1987 3445 2025 una
3489 1975 3786 2046 eademque

2203 2043 2394 2096 animae
2439 2045 2759 2112 substantia,
2793 2065 2914 2104 cum
2965 2053 3226 2122 tristatur,
3277 2061 3448 2126 possit
3483 2063 3534 2117 in
3566 2060 3593 2100 ἀ
3633 2043 3786 2122 dono

2202 2130 2396 2185 Christi
2427 2149 2641 2204 semper
2669 2137 2919 2205 gaudere,
2951 2148 3007 2194 et
3032 2140 3100 2196 de
3129 2142 3324 2200 Christi
3370 2148 3645 2208 divinitate
3691 2155 3786 2208 di-

2204 2231 2356 2274 catur
2384 2224 2525 2292 quod
2567 2226 2732 2279 tristis
2766 2228 2818 2280 in
2860 2230 3037 2284 anima
3082 2247 3240 2300 quam
3272 2241 3505 2308 suscepit
3543 2259 3648 2297 non
3678 2261 3784 2315 po-

2206 2313 2303 2365 tuit
2330 2313 2381 2366 in
2409 2314 2581 2384 seipsa
2609 2317 2722 2370 sine
2753 2319 2961 2373 tristitia
2993 2338 3327 2390 permanere.

2203 2445 2382 2540 (ΙΑΒυῖ
2406 2465 2607 2540 ¹ιωίνιιξὶ
2620 2449 2759 2540 .Illon
2789 2456 3064 2540 ascizibitur
3089 2461 3240 2540 timor
3275 2463 3472 2519 Joanni
3487 2485 3507 2531 ;
3537 2486 3656 2540 ergo
3687 2488 3782 2525 nec

2274 2517 2630 2602 debet‘asqribi
2653 2521 2850 2602 dcit-ali.
2886 2523 3020 2602 Quae
3042 2530 3198 2602 servis
3238 2517 3779 2602 accipientibusaneind

2273 2596 2436 2668 potest
2456 2589 2711 2656 adimere,
2743 2590 2964 2647 Domino
3002 2597 3241 2668 largienti
3271 2589 3418 2657 nemo
3446 2589 3781 2665 coactura;

2275 2657 2429 2725 ferre.

2272 2765 2388 2820 Non
2444 2767 2594 2823 timet
2645 2769 2896 2839 Joannes,
2941 2777 3032 2846 qui
3073 2779 3237 2851 dicit;
3275 2782 3450 2840 Timor
3489 2807 3591 2844 non
3619 2797 3780 2850 estin

2205 2855 2438 2951 caritate,
2489 2874 2610 2911 nam
2647 2865 2874 2933 perfecta
2913 2868 3105 2922 caritas
3140 2875 3282 2939 [oras
3324 2878 3478 2931 mittit
3507 2882 3778 2951 timorem;

2204 2945 2288 3012 qui
2309 2952 2481 3040 nutent
2509 2947 2651 3040 timet
2677 2966 2780 3004 non
2820 2963 2895 3008 est
2932 2959 3188 3027 perfectus
3220 2963 3271 3015 in
3295 2968 3511 3022 caritate
3540 2971 3593 3040 (Ι
3619 2945 3777 3030 Joan.

2204 3048 2274 3097 ιν,
2302 3031 2412 3102 18).
2445 3034 2700 3092 Audierat
2722 3042 2861 3096 enim
2889 3059 2919 3097 a
2950 3045 3178 3104 Domino
3204 3070 3216 3104 :
3251 3052 3429 3110 Nolite
3462 3031 3648 3118 timere
3692 3085 3782 3122 eos

2204 3122 2292 3190 qui
2318 3123 2557 3178 occidunt
2585 3144 2788 3198 corpus,
2822 3135 3048 3204 animam
3079 3149 3249 3194 autem
3278 3160 3380 3197 non
3407 3164 3619 3216 possunt
3640 3160 3781 3210 occi-

2207 3214 2327 3304 dere
2350 3214 2561 3284 (Matth.
2597 3235 2650 3281 x,
2675 3220 2788 3292 28).
2818 3223 3084 3282 Timorem
3122 3233 3296 3286 nullus
3323 3214 3485 3293 audet
3511 3247 3782 3304 ascribere

2203 3301 2414 3401 {nan-ni,
2449 3314 2503 3401 et
2543 3307 2705 3363 timor
2726 3314 2914 3368 mortis
2942 3319 3229 3374 ascribitur
3255 3323 3485 3384 Deitati?
3505 3331 3696 3401 Sperat
3723 3301 3780 3394 in

2205 3390 2502 3496 illoDavidA
2516 3403 2571 3496 et
2598 3396 2724 3496 dicit
2740 3418 2762 3496 -;
2801 3400 2863 3453 In
2892 3402 3001 3462 Deo
3029 3411 3262 3477 sperabo,
3306 3431 3409 3468 non
3443 3390 3625 3477 timebo

2200 3483 2364 3580 faciat
2410 3485 2563 3580 134
2584 3489 2707 3580 mihi
2729 3491 2878 3546 homo
2907 3494 3076 3565 (Psal.
3103 3516 3186 3564 LV,
3221 3503 3343 3574 ll);
3375 3508 3615 3580 idemque
3641 3483 3784 3572 don-

2203 3572 2428 3627 ﬁdenter
2455 3576 2744 3644 ingeminat
2769 3599 2780 3632 :
2806 3580 3056 3639 Dominus
3077 3572 3385 3648 illuminatio
3406 3613 3514 3650 mea
3527 3572 3597 3652 ἐι
3630 3606 3780 3662 salus

2202 3678 2334 3726 mea,
2363 3681 2508 3734 quem
2539 3668 2766 3722 timebo?
2811 3671 3063 3729 Dominus
3107 3678 3349 3750 defensor
3393 3687 3506 3739 vita:
3543 3706 3688 3756 meaa,
3743 3713 3779 3748 a

2201 3767 2296 3821 quo
2324 3755 2588 3822 trepidabo
2622 3758 2794 3827 (Psal.
2845 3778 2986 3828 sxw,
3043 3767 3090 3831 l,
3137 3771 3227 3837 2)?
3275 3770 3340 3825 Et
3379 3774 3492 3843 ipse
3517 3755 3781 3840 Dominus

2201 3843 2457 3942 apostolis
2487 3847 2615 3900 dicit
2642 3865 2653 3898 :
2688 3847 2811 3903 Non
2835 3853 3062 3908 turbetur
3101 3873 3189 3911 cor
3211 3870 3452 3930 vestrum,
3485 3884 3647 3939 neque
3667 3875 3782 3942 for-

2201 3929 2357 4029 midet
2383 3931 2559 4032 (Joan..
2594 3953 2699 3998 xw,
2731 3938 2842 4032 e7).
2876 3941 3018 4032 litem
3058 3945 3254 4016 denuo,
3299 3929 3547 4022 Gaudete,
3562 3929 3779 4032 'inq'uii,

2199 4018 2316 4112 quia
2336 4036 2428 4089 ego
2458 4023 2551 4075 vici
2587 4025 2831 4079 mundum
2875 4029 3054 4098 (Joan.
3106 4049 3211 4097 xw,
3243 4036 3354 4109 53).
3387 4018 3779 4112 Exspectantes

2200 4105 2361 4202 igitur
2388 4126 2527 4202 eum,
2576 4113 2941 4171 fortitudinem
2970 4133 3206 4191 sumunt,
3241 4105 3444 4196 pennas
3473 4105 3777 4202 producunt

2200 4198 2392 4264 quibus
2420 4200 2485 4254 ad
2515 4203 2752 4258 coelestia
2797 4209 3162 4281 subleventur,
3211 4198 3490 4277 currentes
3531 4229 3776 4283 nesciunt

2201 4286 2458 4356 laborem,
2509 4292 2755 4358 ignorant
2806 4299 3138 4357 ambulantes
3185 4309 3436 4375 esuriem,
3465 4313 3518 4366 in
3549 4317 3776 4371 tribula-

2201 4375 2344 4431 tione
2373 4395 2477 4432 non
2512 4381 2785 4449 patiuntur
2829 4391 3159 4459 angustiam,
3212 4398 3503 4457 morientes
3539 4406 3776 4464 retinent

2197 4467 2383 4564 vitam,
2416 4471 2594 4564 tristes
2623 4475 2836 4541 quidem
2879 4481 3146 4549 videntur,
3199 4494 3373 4543 tamen
3403 4507 3616 4563 semper
3640 4512 3778 4564 gau-

2197 4554 2382 4631 dentes
2410 4560 2699 4630 exsultant,
2750 4570 2902 4634 egeni
2934 4570 3146 4629 divitias
3186 4577 3424 4646 pluribus
3467 4554 3778 4659 confervunt,

2198 4650 2460 4746 omnia
2488 4653 2784 4746 possident,
2816 4659 2940 4713 dum
2981 4663 3112 4718 nihil
3155 4667 3353 4726 habere
3399 4650 3777 4746 contendunt;

2195 4737 2481 4835 dilectione
2511 4739 2710 4798 Christi
2737 4749 2945 4817 repleti,
2971 4764 3156 4809 carent
3176 4759 3387 4828 timore,
3419 4765 3486 4819 ab
3507 4766 3623 4835 ipso
3653 4737 3779 4824 illa;

2193 4827 2399 4894 minati,
2425 4829 2664 4928 fatentur
2701 4837 2760 4891 Se
2804 4840 3006 4896 nullum
3033 4855 3295 4916 metuere,
3316 4851 3435 4921 ipso
3465 4827 3774 4928 defensore,

2193 4929 2465 4986 nequeunt
2505 4923 2572 4976 ab
2598 4924 2777 4994 aliquo
2807 4932 3076 5000 trepidare
3110 4954 3124 4989 :
3161 4938 3228 4993 de
3251 4943 3415 4998 corde
3443 4959 3628 5001 eorum
3657 4923 3779 5004 tur;

2191 5006 2354 5101 batio-
2367 5011 2702 5078 propellitur,
2735 5025 2788 5070 et
2813 5015 3084 5090 formido;
3118 5027 3383 5099 gaudent,
3433 5035 3557 5101 quia
3589 5037 3779 5096 vident

2196 5097 2448 5151 mundum
2471 5115 2500 5153 a
2526 5101 2739 5159 Christo
2761 5107 3048 5167 devictum.
3081 5115 3136 5170 Si
3161 5118 3274 5174 haec
3300 5097 3470 5179 servis
3499 5127 3778 5196 accipien-

2197 5184 2336 5240 tibus
2377 5203 2536 5243 nemo
2580 5201 2758 5261 potest
2804 5197 3064 5270 adimere,
3123 5208 3354 5274 qualiter
3391 5184 3630 5270 Domino.
3663 5217 3778 5274 lar-

2194 5274 2357 5375 gienti
2383 5279 2582 5346 perﬁda
2606 5285 2841 5375 caecitas,
2869 5290 2954 5343 vel
2980 5293 3160 5360 potius
3185 5312 3322 5352 cinca
3353 5303 3601 5372 perﬁdia,
3623 5310 3776 5375 quod

2197 5365 2432 5421 divinum
2481 5366 2800 5430 naturaliter.
2841 5378 3001 5435 habet
3067 5396 3292 5442 conatur
3348 5365 3597 5450 auferret
3639 5365 3777 5465 Quis

2198 5465 2377 5555 autem
2415 5476 2523 5514 non
2570 5463 2745 5518 videat
2791 5468 2845 5521 in
2888 5469 2991 5528 illis
3024 5476 3360 5542 passionibus
3388 5482 3584 5539 Christi
3622 5463 3777 5555 qam-

2198 5549 2319 5604 dam
2359 5564 2660 5611 nostrarum
2707 5561 2962 5618 virtutum
3009 5570 3212 5625 semina
3261 5577 3562 5634 contineri?
3621 5549 3774 5640 linus

2199 5654 2326 5709 ergo
2367 5643 2615 5716 idemque
2656 5648 2900 5709 Christus
2926 5657 2977 5711 in
3019 5659 3348 5722 humanitate
3384 5682 3504 5738 qua:
3532 5671 3774 5731 humana

2277 5791 2480 5864 ςιβᾱίιὶ,
2509 5799 2799 5864 perducent.

2268 5859 2473 5932 d_Editi,
2499 5859 2551 5930 in
2581 5867 2750 5923 domo;
