4026 6336
167 5775 203 5865 ,ι

247 387 347 443 295

1463 368 1553 423 AD
1590 359 2083 423 TRASIMUNDUM
2125 359 2246 415 LIB.
2286 358 2373 415 Ill.

3393 366 3499 423 294

246 508 363 556 sunt
399 496 589 557 sensit,
622 492 676 548 in
699 488 978 546 divinitate
1018 492 1196 539 autem
1226 480 1567 552 impassibilis
1593 479 1812 533 immor-
1844 476 1890 536 Α
1917 473 1971 539 2,
1997 482 2046 527 et
2067 473 2222 543 seq.).
2249 470 2318 525 Et
2338 478 2396 526 ιιι
2420 470 2679 542 prapbeta
2700 469 2912 543 plenam
2940 473 2993 529 in
3016 472 3227 531 Christo
3249 478 3498 535 substan-

247 591 468 659 talisque
497 583 809 658 permansit.

243 659 415 738 Carus-
446 695 594 734 xxtx.
640 674 869 729 Nomina
892 669 1018 724 Filii
1042 667 1139 741 Dei
1157 665 1444 739 quoadejus
1468 662 1811 741 divinitatem.

309 726 919 811 unia
960 726 1409 811 propridpeccata
1459 749 1563 811 non
1612 726 1811 792 habuit,

306 803 476 875 aliena
498 816 737 887 portavit.
771 803 939 865 Plena
960 803 1260 862 humanitas
1285 803 1495 858 Christi.

303 914 399 970 Dei
426 911 571 966 enim
617 907 780 962 Filius
800 903 1054 961 Verbum,
1084 907 1140 953 et
1166 895 1441 966 Sapientia
1472 892 1667 957 Patris,
1700 891 1815 960 ipSe

245 1013 322 1060 est
345 1002 492 1056 salus
533 998 601 1053 de
645 1010 751 1064 qua
780 991 1041 1062 propheta
1087 988 1254 1041 dicit:
1289 983 1446 1039 Salus
1490 989 1668 1035 nostra
1713 980 1814 1032 cito

241 1092 396 1148 veniet
425 1087 582 1160 (Isai.
612 1098 755 1146 nvi,
788 1078 1047 1151 15).~lpse
1062 1079 1231 1130 virtus
1259 1082 1314 1129 et
1338 1071 1601 1160 sapientia
1627 1087 1639 1122 :

242 1193 341 1237 stus
367 1156 507 1232 enim
558 1174 649 1228 Dei
678 1174 839 1226 virtus
872 1176 925 1223 et
978 1166 1074 1220 Dei
1121 1164 1381 1234 sapientia
1405 1160 1457 1233 (1
1477 1159 1595 1214 Cor.
1628 1175 1666 1223 ι,
1698 1156 1809 1228 94).

238 1269 348 1339 ipse
357 1265 636 1325 saturitas,
650 1261 773 1330 quia
786 1258 936 1329 panis
949 1255 1121 1325 estqui
1138 1254 1200 1306 de
1210 1248 1335 1305 cailo
1349 1248 1616 1303 descendit
1630 1246 1811 1315 (Joan.

238 1374 302 1419 vr,
326 1355 436 1424 58).
462 1353 608 1408 Idem
627 1351 728 1415 via,
757 1349 870 1417 ipse
890 1347 1096 1408 veritas,
1128 1344 1243 1413 ipse
1263 1344 1387 1397 vita.
1404 1340 1548 1395 Idem
1563 1339 1812 1407 gaudium

238 1447 481 1504 eti-.ntitia
505 1439 792 1504 nostra,de
819 1453 926 1507 quo
955 1435 1219 1505 propheta
1235 1433 1399 1487 dicit:
1431 1430 1498 1483 Et
1529 1433 1721 1500 factum
1739 1437 1815 1482 est

237 1540 355 1595 mihi
375 1536 580 1590 verbum
620 1543 761 1585 tuum
784 1530 839 1582 in
879 1527 1124 1599 gaudium
1171 1534 1221 1578 et
1251 1524 1486 1581 lwtitiam
1518 1520 1687 1574 cordis
1718 1520 1815 1573 mei

239 1629 445 1698 (ierem.
470 1640 563 1689 xv,
599 1620 705 1691 t6).
757 1619 880 1687 Ipse
908 1618 1090 1671 lumen
1121 1628 1325 1676 verum,
1374 1608 1520 1681 quod
1549 1609 1816 1698 illuminat

237 1696 432 1774 omnem
462 1712 732 1765 hominem
763 1708 1043 1762 venientem
1073 1706 1128 1758 in
1158 1704 1294 1756 hunc
1332 1700 1580 1754 mundum
1631 1696 1811 1767 (Joan.

236 1822 273 1872 ι,
294 1805 370 1876 9).
402 1800 499 1856 His
526 1797 831 1853 nominibus
865 1793 1112 1861 superius
1144 1788 1441 1876 designatis.
1465 1788 1816 1840 incommuta-

237 1894 356 1949 bilis
377 1898 542 1958 atque
568 1881 911 1955 itnpassibilis
939 1879 1225 1935 invenitur.
1273 1875 1561 1943 Aigrotare
1591 1888 1695 1927 non
1716 1887 1815 1940 po-

241 1989 341 2036 test
363 1978 536 2041 salus;
567 1970 826 2029 inllrmari
868 1984 976 2022 nnn
1004 1966 1153 2021 novit
1180 1964 1380 2027 virtus;
1415 1963 1587 2017 nescit
1615 1960 1815 2014 saturi-

241 2081 319 2127 tas
338 2068 572 2129 esurire;
594 2065 678 2118 via
696 2062 881 2130 nequit
899 2074 1110 2123 errare;
1129 2056 1391 2124 sapientia
1419 2070 1524 2109 non
1548 2060 1813 2116 mutatur;

238 2162 342 2215 vita
363 2174 475 2214 nou
503 2134 759 2217 moritur;
783 2152 959 2206 lumen
989 2164 1094 2203 non
1123 2147 1510 2216 exstinguitur;
1544 2160 1644 2199 nec
1676 2144 1818 2198 veri-

241 2251 686 2320 tasdepravatur;
739 2248 912 2313 nescit
955 2239 1158 2293 tristari
1214 2236 1430 2299 laetitia;
1480 2234 1663 2289 Deitas
1709 2249 1817 2287 non

242 2346 415 2413 potest
441 2333 720 2407 superari:
753 2341 1035 2401 propterea
1080 2326 1264 2395 utique
1312 2326 1473 2379 etiam
1495 2323 1692 2381 Christi
1715 2324 1812 2413 bu-

242 2412 471 2485 manitas
509 2425 627 2481 sine
659 2427 885 2493 peccato
914 2415 1228 2487 permansit,
1257 2414 1382 2483 quia
1411 2429 1530 2468 eam
1559 2422 1584 2449 ³
1616 2412 1670 2466 in
1700 2412 1819 2467 uni-

243 2529 349 2575 tate
370 2526 618 2588 pet-sonte
644 2510 895 2567 divinitas
935 2505 1163 2574 accepit,
1187 2519 1308 2572 qua:
1352 2502 1666 2557 naturaliter
1683 2516 1822 2569 .pec—

246 2623 365 2664 care
392 2621 503 2660 non
543 2603 713 2658 novit.
747 2599 921 2654 Homo
948 2610 1077 2664 ergo
1118 2593 1665 2661 Christus,'qnoniam
1697 2606 1822 2660 pec-

240 2705 357 2753 cata
384 2710 495 2749 non
523 2691 707 2746 habuit
736 2687 972 2759 propria,
1000 2692 1221 2755 portare
1250 2683 1497 2750 dignatus
1515 2688 1598 2735 est
1616 2680 1817 2744 aliena;

240 2787 453 2840 illorum
483 2790 666 2837 autem
704 2794 736 2833 a
766 2794 826 2833 se
852 2776 1022 2831 vnluit
1060 2782 1275 2846 peccata
1300 2772 1525 2842 portari,
1554 2787 1674 2826 cum
1703 2770 1822 2838 qui-

241 2877 340 2931 bus
369 2874 655 2930 tenebatur
676 2868 951 2935 consortio
982 2864 1232 2928 naturali,
1274 2862 1488 2916 dicente
1514 2860 1779 2930 Apostolo
1804 2877 1817 2913 :

244 2965 341 3030 Qui
361 2967 499 3020 enim
527 2962 839 3031 sanctiﬁcat,
868 2967 917 3011 et
936 2958 1019 3028 qui
1041 2956 1457 3024 sanctiﬁcantur,
1486 2970 1551 3006 ea:
1579 2969 1681 3006 uno
1711 2969 1823 3005 om-

242 3075 350 3112 nes.
376 3057 600 3118 Propter
634 3068 788 3124 quam
831 3064 1041 3103 causam
1094 3064 1199 3101 non
1246 3044 1583 3115 confunditur
1631 3046 1821 3114 fratres

242 3168 329 3204 eos
365 3164 574 3213 vocare,
600 3145 814 3197 dicens:
845 3138 1112 3194 Nuntiabo
1152 3152 1336 3191 nomen
1384 3143 1524 3187 tuum
1570 3133 1818 3203 fratribus

243 3243 368 3297 meis
383 3238 572 3309 (Hebr.
585 3253 639 3300 ιι,
660 3234 680 3286 l
696 3235 744 3299 1,
759 3232 845 3295 12;
855 3248 934 3301 ps.
952 3226 1351 3297 xxt,23).lsaias
1361 3226 1523 3279 etiam
1537 3223 1816 3293 propheta,

246 3330 456 3401 pietatis
480 3327 640 3395 hujus
668 3323 849 3377 taliter
871 3318 1117 3383 ell‘ectum
1144 3316 1482 3386 praenuntiat,
1509 3322 1566 3368 ut
1590 3314 1821 3368 hominis

244 3422 297 3475 in
317 3435 383 3474 eo
398 3432 597 3472 nomen
620 3412 896 3469 evidenter
915 3409 1181 3473 ostendat,
1200 3408 1314 3462 haec
1331 3407 1514 3461 dicens
1539 3423 1551 3457 :
1582 3405 1816 3470 Domine,

243 3514 353 3584 quis
381 3508 602 3564 credidit
627 3503 829 3558 auditui
856 3510 1055 3563 nostro,
1098 3508 1147 3554 et
1187 3498 1451 3552 brachium
1493 3495 1818 3550 Domini'cui

243 3604 518 3658 revelatum
544 3608 621 3653 est
653 3596 806 3668 (Isai.
840 3611 948 3656 LIII,
977 3592 1067 3663 i)?
1096 3590 1228 3645 Cum
1253 3588 1381 3643 dicit
1399 3588 1679 3642 brachium
1707 3585 1817 3640 Do-

245 3695 391 3759 mini,
419 3690 756 3745 divinitatem
778 3684 895 3738 Filii
919 3682 1010 3737 Dei
1032 3679 1295 3744 ostendit;
1322 3693 1385 3732 ac
1406 3676 1661 3745 deinceps
1683 3675 1819 3729 inci-

244 3786 317 3854 pit
339 3776 729 3837 lncarnationis
748 3782 804 3829 et
829 3773 981 3844 135
1002 3769 1273 3829 Passionis
1305 3766 1616 3847 mysterium
1640 3764 1823 3835 praedi-

242 3893 363 3933 care
390 3894 404 3928 :
438 3870 870 3927 Annuntiavimus
898 3882 1073 3921 coram
1103 3867 1236 3935 ipso,
1264 3873 1318 3916 ut
1347 3861 1373 3902 δ
1402 3862 1822 3933 ριιενιωιηναάὶπ

241 3970 294 4021 in
319 3976 458 4020 terra
487 3962 701 4016 sitienti.
736 3956 859 4012 Non
886 3965 962 4011 est
989 3956 1035 4009 ei
1072 3954 1261 4023 species
1291 3995 1306 4019 ,
1335 3967 1495 4021 neque
1524 3949 1710 4019 gloria.“
1753 3948 1824 4001 Et

242 4057 460 4109 vidimus
489 4068 603 4106 eum
628 4092 643 4116 ,
668 4057 717 4101 et
744 4064 848 4101 non
876 4045 1054 4099 habuit
1080 4045 1330 4112 speciem,
1374 4056 1536 4111 neque
1564 4039 1818 4102 decorem,

244 4149 334 4201 sed
360 4146 553 4215 species
583 4142 693 4212 ejus
721 4141 835 4193 sine
864 4138 1056 4201 honore
1079 4176 1095 4202 ,
1135 4142 1185 4188 et
1218 4133 1421 4203 abje‘eta
1446 4147 1555 4201 pra:
1584 4129 1819 4185 omnibus

240 4236 532 4291 hominibus
556 4253 573 4286 :
620 4232 770 4285 homo
790 4230 843 4283 in
871 4228 1027 4298 plaga
1050 4268 1065 4292 ,
1106 4233 1153 4279 et
1185 4226 1350 4278 sciens
1381 4224 1516 4294 ferre
1540 4222 1826 4291 inﬁrmita-

244 4339 363 4392 tem,
413 4327 659 4398 quoniam
695 4334 716 4360 ε
746 4329 1007 4374 aversatus
1048 4324 1145 4383 est,
1177 4318 1333 4386 facies
1361 4317 1472 4386 ejus
1495 4315 1826 4369 dehonestata

244 4428 340 4481 est,
370 4433 465 4470 nec
493 4413 690 4484 aliquid
713 4411 967 4466 (estimata
995 4417 1091 4461 est.
1123 4405 1225 4460 Hic
1251 4415 1463 4475 peccata
1493 4416 1673 4458 nostra
1695 4421 1819 4472 por-

248 4516 322 4560 tat
347 4549 364 4574 ,
408 4516 461 4569 et
488 4522 581 4575 pro
602 4503 748 4558 nobis
776 4500 912 4553 dolet
937 4540 953 4566 ,
1000 4507 1049 4551 et
1075 4513 1167 4550 nos
1198 4496 1606 4550 existimavimus
1627 4511 1743 4548 eum
1768 4495 1823 4546 iu

250 4596 508 4651 doloribus
535 4610 664 4657 esse,
688 4601 737 4645 et
764 4593 817 4644 in
844 4589 1021 4658 plaga,
1043 4596 1091 4642 et
1114 4588 1168 4641 in
1185 4589 1453 4643 vexatione
1476 4603 1493 4640 :
1516 4587 1626 4658 ipse
1652 4595 1820 4639 autem

252 4687 538 4738 vulneratus
566 4691 644 4735 est
662 4687 869 4750 propter
893 4678 1187 4747 iniquitates
1215 4686 1441 4741 nostras,
1471 4686 1522 4729 et
1545 4676 1819 4745 infirmita-

258 4784 333 4829 ιιι
368 4784 441 4829 est
476 4782 684 4842 propter
711 4777 923 4838 peccatu
955 4777 1149 4822 nostra.
1197 4767 1436 4821 Eruditio
1466 4769 1609 4837 pacis
1634 4776 1827 4821 nostra:

257 4868 308 4919 in
335 4882 392 4919 eo
421 4865 514 4935 (al.
557 4864 612 4915 in
650 4858 785 4927 eum)
810 4900 825 4924 ,
870 4867 920 4912 et
958 4858 1115 4912 livore
1140 4858 1251 4928 ejus
1288 4872 1381 4910 nos
1421 4857 1598 4932 sanati
1628 4872 1824 4908 sumus.

262 4953 444 5008 Omnes
470 4961 525 5006 ut
555 4967 671 5007 oves
699 4949 977 5004 erravimus
1014 4965 1045 5011 :_
1065 4948 1213 5002 homo
1240 4965 1271 5001 a
1299 4949 1382 5001 via
1400 4963 1495 5003 sua
1523 4948 1710 5001 erravit
1735 4984 1749 5010 ,
1779 4955 1829 5001 et

261 5047 503 5103 Dominus
533 5046 750 5101 tradidit
788 5061 901 5099 eum
930 5060 1023 5114 pro
1069 5043 1290 5112 peccatis
1337 5041 1562 5105 nostris,
1608 5049 1657 5093 et
1694 5040 1824 5109 ipse,

260 5138 372 5208 quia
413 5139 546 5193 male
591 5143 838 5190 tractatus
866 5142 941 5188 est
965 5171 981 5197 ,
1024 5149 1128 5186 non
1154 5131 1352 5197 aperuit
1381 5147 1438 5184 os
1472 5146 1490 5183 :
1529 5138 1585 5183 ut
1612 5130 1720 5184 ovis
1758 5130 1827 5182 ad

256 5210 618 5281 immolandum
644 5226 823 5279 ductus
850 5233 958 5286 est,
1000 5230 1048 5276 et
1076 5230 1135 5275 ut
1170 5236 1335 5292 agnus
1372 5229 1492 5273 ante
1520 5236 1635 5274 eum
1660 5220 1744 5291 qui
1772 5237 1827 5275 se

263 5320 427 5385 tondet
448 5321 558 5374 sine
584 5333 735 5382 voce,
759 5316 832 5370 sic
860 5330 963 5369 non
990 5314 1192 5383 aperuit
1214 5328 1272 5365 os
1296 5327 1463 5387 suum.
1490 5308 1558 5364 In
1594 5311 1831 5364 humilia-

263 5408 394 5463 tione
421 5409 674 5480 judicium
701 5407 814 5477 ejus
853 5403 1109 5457 sublatum
1141 5411 1238 5456 est.
1280 5398 1677 5456 Generationem
1717 5401 1828 5471 ejus

258 5501 370 5570 quis
396 5497 693 5573 enarrabit?
723 5494 979 5561 Quoniam
1004 5494 1211 5548 tolletur
1231 5510 1263 5546 a
1289 5501 1429 5546 terra
1459 5494 1561 5546 vita
1587 5493 1729 5563 ejus,
1762 5494 1827 5547 ab

258 5589 606 5662 iniquitatibus
632 5590 807 5661 populi
836 5588 935 5642 mei
971 5586 1152 5640 ductus
1179 5596 1254 5640 est
1282 5586 1352 5639 ad
1380 5594 1595 5640 mortem
1641 5584 1829 5655 (Ibid.,

326 5728 360 5758 ³
387 5726 484 5781 lis.
503 5723 693 5789 Corb.,
723 5724 780 5776 in
807 5723 1077 5776 unitatem.

330 5795 359 5836 ι
386 5794 480 5850 Ms.
512 5794 698 5861 Corb.,
729 5802 784 5845 ut
806 5809 951 5865 puer.
984 5791 1080 5848 Ms.
1110 5789 1273 5857 Vict.,
1296 5802 1346 5847 et
1367 5810 1511 5865 puer.

1920 566 2048 619 tiam
2077 564 2307 618 hominis
2334 564 2759 628 demonstraret,
2801 566 2962 633 paulo
2992 565 3213 620 inferius
3256 567 3449 637 adjecit
3478 587 3490 622 :

1916 653 2142 708 Peccata
2168 670 2342 708 eorum
2361 655 2470 723 ipse
2491 654 2734 724 portabit.
2767 653 2891 708 Ideo
2919 657 3030 727 ipse
3052 656 3353 711 Iuereditate
3375 675 3498 728 pos-

1916 745 2102 799 sidebit
2130 745 2347 808 multos,
2390 754 2440 799 et
2481 747 2689 815 fortium
2737 740 2990 815 partietur
3035 747 3236 815 spolia,
3287 757 3496 819 propter

1915 836 2049 905 quod
2077 836 2270 890 tradita
2297 845 2372 889 est
2400 835 2454 888 in
2475 844 2687 887 mortem
2721 834 2827 903 (al.
2854 835 2904 887 in
2933 836 3127 902 morte)
3161 838 3337 889 anima
3358 839 3491 908 ejus,

1914 937 1963 979 et
1990 928 2125 979 inter
2150 927 2352 995 iniquos
2378 924 2648 994 deputatus
2677 933 2772 977 est.
2813 923 2883 977 Et
2910 924 3019 993 ipse
3054 933 3265 993 peccata
3306 928 3493 981 mullo-

1913 1031 2026 1066 rum
2045 1014 2305 1077 sustinuit,
2330 1020 2380 1066 et
2407 1021 2614 1082 propter
2642 1012 2936 1082 iniquitates
2956 1028 3128 1065 eorum
3154 1013 3373 1065 traditus
3393 1024 3488 1066 est.

1914 1102 1995 1158 Ex
2021 1104 2101 1158 his
2140 1104 2410 1173 prophetae
2438 1103 2614 1157 verbis
2641 1110 2696 1156 et
2726 1102 2900 1155 anima
2935 1102 3128 1156 tradita
3150 1105 3494 1171 cognoscitur

1915 1193 2211 1248 Salvatoris
2239 1201 2294 1248 et
2320 1208 2447 1248 caro
2472 1233 2487 1257 ,
2535 1191 2661 1260 quia
2691 1199 2835 1245 totus
2858 1208 2955 1261 pro
2984 1191 3137 1246 nobis
3180 1192 3249 1245 ad
3277 1207 3487 1247 crucem

1916 1284 2109 1339 ductus
2137 1292 2220 1339 est
2247 1284 2427 1338 homo.
2469 1281 2560 1336 Sic
2584 1283 2725 1335 enim
2755 1282 2994 1352 oportuit
3031 1291 3336 1337 nostrorum
3364 1298 3493 1352 pec-

1915 1387 2158 1433 catorum
2205 1377 2371 1431 deleri
2401 1376 2809 1445 chirographum
2835 1414 2850 1438 ,
2904 1384 2961 1429 ut
2989 1376 3114 1430 dum
3145 1385 3299 1431 vetus
3327 1379 3490 1433 homo

1914 1476 2099 1522 noster
2127 1468 2282 1522 simul
2325 1467 2469 1521 cruci
2525 1465 2797 1534 aﬂigitur,
2853 1475 3104 1535 tanquam
3148 1467 3201 1521 in
3250 1478 3489 1538 tropaeo,

1917 1558 2320 1627 triumphatoris
2346 1557 2568 1611 victoria
2600 1557 2946 1626 panderetur.

1914 1664 2092 1719 Caper
2122 1682 2251 1736 xxx.
2286 1664 2409 1718 Non
2438 1667 2593 1719 sensit
2630 1682 2753 1719 caro
2781 1664 2973 1719 Christi
3012 1667 3387 1736 corruptionem
3435 1667 3494 1722 in

1984 1734 2238 1806 s_epulc_ro,
2290 1752 2380 1806 nec
2419 1737 2593 1787 anima
2634 1735 2743 1806 ejus
2782 1752 2985 1806 pinnam
3013 1734 3318 1806 inrinferno.
3341 1736 3498 1806 Justa'
3530 1775 3542 1785 ι

1990 1803 2087 1857 Dei
2112 1804 2237 1857 ultio
2264 1805 2327 1856 de
2355 1812 2561 1871 peccato
2587 1805 2737 1872 primi
2769 1803 3008 1873 hominis.
3047 1803 3205 1859 Salva
3231 1823 3323 1873 per
3351 1805 3498 1860 Chri-

1989 1883 2123 1926 stum
2150 1883 2199 1925 et
2227 1890 2349 1926 caro
2377 1884 2425 1925 et
2451 1876 2627 1925 anima
2649 1873 2890 1927 hominis.
2915 1872 3147 1928 Christus
3167 1872 3428 1929 condoluit
3444 1884 3497 1931 et

1988 1957 2285 2011 compassus
2313 1953 2389 1996 est
2417 1941 2584 1996 nobis.

1990 2033 2244 2089 Restabat
2275 2042 2470 2098 tamen,
2516 2033 2583 2086 ad
2629 2033 2844 2102 plenum
2892 2041 3087 2087 nostra:
3114 2034 3498 2103 redemptionis

1918 2123 2108 2179 etl'ectu
2133 2142 2184 2189 ιι,
2205 2132 2263 2178 ιιι
2286 2124 2413 2177 illuc
2431 2138 2599 2192 usque
2621 2124 2783 2177 homo
2808 2124 2922 2177 sine
2945 2132 3164 2192 peccato
3192 2140 3223 2177 a
3248 2124 3358 2180 Deo
3379 2140 3499 2180 sus-

1917 2220 2104 2281 ceptus
2128 2210 2493 2275 descenderet,
2519 2226 2797 2287 quousque
2825 2212 2985 2266 homo
3009 2221 3285 2281 separatus
3322 2228 3353 2267 a
3385 2212 3498 2267 Deo

1921 2300 2123 2369 peccati
2169 2301 2361 2354 merito
2409 2299 2707 2365 cecidisset,
2763 2300 2816 2354 id
2845 2309 2927 2356 est
2969 2301 3035 2355 ad
3046 2300 3365 2399 ‘infernum,
3407 2303 3498 2357 ubi

1881 2415 1886 2420 -
1918 2389 2128 2443 solebat
2155 2388 2454 2458 peccatoris
2481 2388 2658 2442 anima
2688 2389 2945 2458 torqueri,
2994 2397 3048 2444 et
3061 2388 3140 2443 'ad
3169 2390 3496 2458 sepulcrum,

1921 2476 2008 2529 ubi
2028 2484 2380 2531 consueverat
2403 2476 2702 2545 peccatoris
2725 2492 2852 2531 caro
2874 2479 3177 2546 corrumpi;
3206 2480 3284 2533 sic
3312 2488 3495 2533 tamen

1921 2574 1980 2618 ut
2002 2579 2101 2618 nec
2125 2563 2328 2617 Christi
2375 2578 2502 2617 caro
2547 2563 2600 2616 in
2629 2564 2875 2633 sepulcro
2904 2574 3356 2634 corrumperetur,
3395 2580 3499 2623 nec

1921 2652 2112 2707 inferni
2140 2652 2413 2708 doloribus
2440 2653 2615 2706 anima
2645 2660 3005 2721 torqueretur,
3036 2655 3286 2724 quoniam
3318 2656 3497 2711 anima

1921 2739 2171 2813 immunis
2200 2755 2229 2793 a
2260 2749 2479 2808 peccato
2505 2756 2611 2794 non
2641 2750 2756 2795 erat
2798 2742 3070 2796 subdenda
3113 2743 3393 2811 supplicio,
3441 2752 3498 2799 et

1921 2842 2138 2882 carnem
2179 2828 2295 2881 sine
2342 2837 2563 2897 peccato
2607 2843 2713 2882 non
2754 2828 2938 2883 debuit
2964 2831 3164 2885 .vitiare
3199 2833 3495 2902 corruptio.

1922 2915 2052 2970 Nam
2077 2919 2198 2984 quia
2228 2912 2455 2986 peccans
2482 2917 2645 2971 homo
2671 2919 2863 2972 meruit
2888 2920 2939 2973 in
2968 2920 3145 2989 seipso
3174 2937 3269 2990 per
3297 2919 3500 2990 suppli-

1923 3007 2064 3062 cium
2093 3006 2273 3069 dividi,
2304 3006 2428 3074 quia
2457 3007 2645 3059 maluit
2673 3022 2702 3059 a
2732 3006 2841 3061 Deo
2871 3007 2961 3076 qui
2989 3008 3150 3062 dividi
3188 3025 3294 3063 non
3323 3016 3499 3078 potest

1922 3094 2374 3163 praevaricationis
2417 3102 2568 3148 reatu
2597 3093 2846 3162 disjungi,
2880 3103 3158 3164 propterea
3192 3094 3387 3151 factum
3416 3105 3503 3155 est

1844 3183 1891 3245 C
1923 3188 1983 3235 ut
2010 3182 2305 3251 peccatoris
2332 3197 2476 3235 mors
2504 3196 2719 3237 carnem
2743 3182 2947 3251 peccati
2970 3183 3036 3236 ad
3056 3184 3355 3253 sepulcrum
3377 3200 3500 3239 cor-

1918 3269 2265 3339 rumpendum
2310 3269 2642 3339 perduceret,
2676 3270 2905 3325 animam
2936 3268 2960 3306 ἀ
2993 3271 3203 3327 inferno
3238 3280 3497 3341 torquen-

1920 3362 2039 3416 dam
2070 3362 2311 3430 protinus
2358 3361 2708 3430 manciparet.
2761 3360 2865 3416 Sed
2897 3362 3009 3415 haec
3055 3362 3364 3417 ulciscentis
3401 3365 3499 3421 Dei

1917 3450 2141 3518 aequitas
2170 3448 2321 3516 fecit,
2369 3464 2490 3518 quae
2519 3449 2640 3503 ideo
2670 3450 2849 3503 taliter
2885 3459 3222 3517 peccatorem
3272 3452 3502 3524 addixit,

1919 3538 2043 3608 quia
2087 3552 2155 3592 ne
2188 3544 2435 3607 peccaret
2471 3545 2594 3591 ante
2624 3537 2884 3606 praedixit.
2930 3537 3054 3592 Haec
3095 3537 3193 3592 l'nit
3220 3540 3504 3597 retributio

1920 3625 2191 3697 peccatori
2210 3623 2499 3687 reddenda,
2518 3633 2573 3678 ut
2588 3623 2731 3693 juste
2753 3626 2957 3694 peccati
2975 3625 3287 3694 supplicium
3306 3626 3499 3692 lueret,

1922 3716 2011 3785 qui
2042 3715 2150 3769 Deo
2171 3715 2317 3783 justo
2346 3713 2538 3781 injuste
2594 3722 2885 3782 peccasset.
2932 3712 3001 3767 Ut
3028 3722 3206 3768 autem
3253 3723 3507 3784 peccator

1921 3809 2061 3857 esset
2090 3802 2322 3870 gratuito
2352 3816 2574 3855 munere
2601 3801 2857 3856 liberatus
2882 3843 2896 3867 ,
2928 3800 3126 3856 factum
3155 3811 3237 3856 est
3271 3812 3328 3857 ut
3356 3819 3503 3858 mor-

1926 3902 2031 3948 tem
2053 3893 2313 3963 corporis,
2340 3908 2501 3962 quam
2531 3908 2560 3946 a
2584 3893 2693 3947 Deo
2712 3892 2858 3961 justo
2884 3901 3135 3961 peccator
3161 3895 3317 3965 136
3337 3894 3501 3949 homo

1924 3972 2222 4053 pertulerat
2239 3981 2401 4050 juste,
2435 3981 2526 4036 Dei
2557 3981 2719 4034 Filius
2741 3996 2770 4033 a
2800 3990 3086 4050 peccatore
3117 3990 3390 4051 pateretur
3418 3983 3503 4038 in-

1921 4072 2095 4141 juste;
2128 4081 2182 4126 et
2209 4071 2274 4124 ad
2303 4071 2607 4140 sepulcrum
2634 4069 2943 4138 perveniret
2973 4085 3099 4124 caro
3122 4070 3272 4138 justi,
3305 4085 3505 4138 quous-

1926 4178 2030 4232 que
2059 4161 2233 4216 fuerat
2259 4176 2387 4215 caro
2415 4159 2663 4215 devoluta
2691 4159 2927 4228 peccati;
2967 4169 3021 4213 et
3049 4174 3213 4229 usque
3243 4159 3309 4212 ad
3339 4158 3506 4213 infer—

1928 4268 2054 4307 num
2076 4252 2422 4307 descenderet
2444 4251 2619 4305 anima
2640 4249 2950 4312 Salvatoris,
2976 4249 3063 4304 ubi
3086 4249 3291 4319 peccati
3312 4250 3507 4305 merito

1930 4342 2278 4412 torquebatur
2324 4341 2500 4394 anima
2549 4339 2869 4408 peccatoris.
2917 4337 3030 4393 Hoc
3075 4348 3252 4393 autem
3282 4338 3402 4394 ideo
3426 4337 3509 4393 fa-

1930 4441 2072 4486 ctum
2102 4439 2205 4496 est,
2264 4437 2322 4483 ut
2368 4444 2466 4499 per
2512 4427 3248 4496 morientem'temporaliter
3291 4442 3510 4483 carnem

1854 4556 1906 4614 D
1928 4520 2078 4589 justi,
2106 4518 2398 4572 donaretur
2418 4517 2527 4571 vita
2555 4524 2752 4570 mterna
2778 4516 2947 4581 carni,
2978 4524 3032 4569 et
3060 4529 3156 4583 per
3178 4514 3509 4569 descenden-

1931 4620 2036 4663 tem
2077 4608 2144 4663 ad
2181 4608 2442 4662 infernum
2481 4607 2712 4661 animam
2736 4605 2884 4674 justi,
2916 4606 3132 4660 dolores
3177 4605 3513 4661 solverentur

1932 4699 2143 4753 inferni.
2199 4696 2493 4765 Utrumque
2530 4703 2709 4748 autem
2749 4694 3025 4763 Scriptura
3054 4704 3236 4746 saneta
3287 4707 3392 4745 non
3422 4699 3509 4744 ta-

1931 4787 2060 4850 cuit,
2098 4784 2166 4838 de
2194 4783 2586 4839 resurrectione
2607 4781 2821 4849 quidem
2843 4782 3039 4847 carnis,
3062 4781 3141 4834 sic
3162 4779 3321 4833 beato
3345 4776 3509 4833 Paulo

1932 4876 2184 4943 loquente
2215 4891 2228 4926 :
2263 4872 2363 4925 Per
2393 4870 2646 4925 hominem
2676 4886 2834 4935 mors,
2864 4880 2913 4923 et
2940 4887 3029 4936 per
3051 4869 3305 4921 hominem
3334 4884 3509 4920 resur-

1933 4966 2089 5020 rectio
2118 4971 2433 5017 mortuorum
2463 4976 2480 5014 :
2509 4969 2558 5012 et
2580 4961 2710 5013 sicut
2736 4959 2791 5011 in
2820 4958 2985 5011 Adam
3006 4973 3178 5010 omnes
3201 4956 3508 5021 moriuntur,

1931 5055 2006 5108 ita
2033 5063 2080 5108 et
2108 5056 2163 5108 in
2193 5049 2396 5106 Christo
2425 5066 2600 5104 omnes
2643 5046 3033 5117 viviﬁcabuntur
3060 5043 3112 5107 (Ι
3141 5043 3260 5099 Cor.
3295 5061 3383 5113 xv,
3416 5042 3507 5110 2|,
3533 5091 3536 5093 Α

1933 5145 2043 5216 22).
2063 5144 2203 5198 idem
2226 5144 2389 5197 homo
2404 5141 2646 5196 Christus
2667 5147 2767 5199 est,
2785 5138 2874 5208 qui
2897 5153 2993 5209 pro
3015 5137 3168 5192 nobis
3189 5146 3242 5192 et
3271 5134 3512 5208 pontifex

1934 5233 2103 5288 factus
2130 5240 2212 5288 est
2254 5231 2379 5285 dum
2402 5232 2742 5299 semetipsum
2763 5228 2998 5298 passioni
3027 5227 3241 5292 obtulit,
3260 5234 3314 5279 et
3334 5226 3539 5279 hostias

1933 5322 2104 5377 {actus
2144 5328 2227 5375 est
2270 5320 2395 5373 dum
2426 5318 2747 5388 passionem,
2775 5317 2888 5385 ipse
2925 5315 3179 5384 suscepit.
3212 5312 3348 5366 Huic
3373 5310 3512 5366 dici-

1935 5417 2059 5464 tur:
2093 5408 2169 5461 Tu
2213 5424 2267 5461 es
2308 5406 2549 5462 sacerdos
2577 5406 2632 5460 in
2677 5414 2942 5472 a'ternum,
2974 5402 3250 5459 secundum
3278 5401 3510 5456 ordinem

1936 5496 2313 5554 Melchisedech
2343 5495 2513 5568 (Psal.
2543 5511 2649 5561 cxx,
2680 5493 2760 5563 4).
2805 5492 2873 5548 Et
2918 5491 3169 5547 sacerdos
3215 5499 3415 5554 tamen,
3456 5495 3513 5544 et

1935 5590 2135 5658 hostia,
2158 5590 2401 5644 humanae
2421 5596 2625 5642 natura:
2649 5595 2757 5641 tam
2780 5584 2952 5642 ollicia
2974 5590 3368 5655 cognoscuntur
3393 5594 3515 5638 esse

2012 5736 2033 5763 ο
2067 5723 2227 5785 Editi,
2259 5723 2561 5777 adversatus
2585 5730 2681 5774 est.

2012 5793 2037 5831 δ
2070 5793 2167 5851 Ms.
2198 5794 2385 5861 Corb.,
2414 5794 2465 5846 in
2494 5793 2718 5863 inferno.
2756 5855 2760 5859 _
2842 5818 2850 5824 -
