4026 6336
522 422 627 479 295

1542 420 1599 473 S.
1639 419 2000 475 FULGENTII
2038 420 2335 476 EPISCUPI
2372 419 2744 488 BUSl’ENSlS

3654 430 3766 485 296

520 556 682 610 quam
706 540 938 595 nomina.
963 537 1032 593 Et
1050 537 1300 606 quoniam
1325 533 1464 589 idem
1495 535 1731 603 pontifex
1761 533 2092 591 inﬁrmitates
2120 546 2162 603 Α
2193 536 2360 589 stolus
2402 535 2551 605 dicit)
2598 538 2905 591 oblationem
2954 548 3002 592 et
3040 538 3259 593 hostiam
3291 539 3400 594 Deo
3447 538 3521 594 in'
3545 544 3761 598 odorem

522 641 734 687 nostras
761 630 995 698 suscepit
1020 637 1077 681 ct
1098 625 1298 690 habuit,
1331 632 1610 695 propterea
1641 624 1705 678 de
1727 625 1841 694 ipso
1862 625 2096 695 Aposto-

522 722 605 775 lus
631 720 795 776 dicit:
823 717 943 773 Non
972 718 1107 771 enim
1135 716 1378 769 habemus
1404 716 1696 786 pontiﬁcem
1727 706 1813 788 qui
1844 732 1944 769 non
1972 733 2094 788 pos-

521 812 589 865 sit
616 812 837 881 compati
864 794 1249 878 inﬁrmitatibus
1275 809 1464 861 nostris
1488 806 1675 873 (Hebr.
1706 824 1778 875 tv,
1811 806 1929 878 15);
1960 815 2014 861 et
2036 815 2094 861 ut

521 920 581 959 se
607 903 673 957 de
703 909 890 956 natura
917 901 1147 955 humana
1176 899 1321 968 loqui
1351 898 1584 964 doceret,
1629 898 1820 969 adjecit
1852 917 1864 952 :
1900 898 2091 952 Tenta—

522 1003 628 1047 tum
654 1001 820 1046 autem
842 1006 930 1061 per
954 991 1126 1044 omnia
1153 1006 1246 1060 pro
1265 988 1619 1056 similitudine,
1646 988 1833 1061 absque
1852 998 2089 1061 peccato;

522 1090 577 1135 et
615 1081 774 1151 paulo
814 1079 1034 1134 inferius
1076 1078 1347 1133 subdidit:
1382 1077 1562 1133 Omnis
1604 1080 1742 1133 enim
1767 1079 2001 1151 pontifex
2028 1094 2092 1133 ex

521 1172 810 1228 hominibus
835 1180 1125 1242 assumptus
1147 1188 1240 1242 pro
1265 1170 1555 1226 hominibus
1583 1173 1910 1226 constituitur
1937 1172 1991 1225 in
2014 1171 2092 1225 his

520 1283 634 1337 qua:
667 1273 785 1319 sunt
813 1265 882 1318 ad
910 1262 1076 1317 Deum
1101 1304 1117 1331 ,
1166 1270 1223 1316 ut
1250 1263 1435 1331 offerat
1458 1262 1596 1317 dona
1627 1272 1678 1316 et
1716 1262 1974 1332 sacriﬁcia
1998 1279 2091 1332 pro

521 1357 764 1425 peccatis,
807 1356 891 1425 qui
939 1353 1210 1408 condolere
1235 1353 1399 1424 possit
1438 1353 1516 1407 his
1556 1354 1642 1423 qui
1669 1354 1912 1424 ignorant
1940 1361 1988 1405 et
2012 1369 2093 1405 er-

522 1454 660 1506 rant,
680 1445 920 1516 quoniam
934 1452 987 1523 et
1008 1445 1119 1514 ipse
1131 1444 1477 1498 circumdatus
1490 1452 1567 1498 est
1585 1445 1638 1497 in
1642 1443 1886 1514 firmitate
1903 1443 1921 1516 (
1929 1444 1973 1496 ﬂ
1982 1442 2088 1498 ebr.

521 1550 574 1599 v,
608 1535 659 1596 1,
691 1533 769 1603 2).
807 1533 866 1587 ln
893 1548 959 1587 eo
987 1547 1115 1602 ergo
1136 1547 1244 1601 quo
1264 1532 1622 1587 circumdatus
1642 1531 1742 1586 fuit
1760 1530 2088 1598 inﬁrmitate,

522 1630 575 1683 in
604 1642 670 1682 eo
698 1619 972 1682 condoluit
1000 1623 1310 1693 ignorantiae
1331 1630 1386 1678 et
1405 1622 1675 1678 erroribus
1702 1620 1898 1676 nostris
1915 1662 1929 1686 ,
1954 1627 2009 1676 et
2036 1620 2092 1674 in

521 1733 587 1772 eo
615 1728 923 1785 compassus
950 1721 1032 1769 est
1059 1711 1453 1768 inﬁrmitatibus
1475 1712 1710 1778 nostris;
1744 1711 1817 1767 ibi
1842 1718 1927 1767 est
1950 1712 2092 1765 enim

522 1808 694 1861 unitas
718 1804 1104 1875 compassionis
1123 1845 1139 1870 ,
1179 1804 1270 1858 ubi
1296 1813 1380 1859 est
1407 1804 1585 1859 unitas
1610 1803 1907 1870 naturalis;
1940 1804 1993 1858 in
2024 1819 2092 1859 eo

2196 626 2465 678 suavitatis
2512 624 2729 695 (Ephes.
2760 642 2791 679 v
2816 664 2831 689 ,
2861 626 2918 693 Ξ)
2940 668 2956 694 ,
3003 627 3140 681 sicut
3178 637 3420 683 mortuus
3441 646 3559 700 pro
3588 634 3770 697 nobis,

2195 728 2383 768 omnes
2409 731 2507 769 nos
2535 716 2636 770 sibi
2667 718 2925 771 commori
2956 717 3114 782 fecit;
3154 720 3232 773 sic
3262 721 3453 776 solutis
3493 720 3773 779 doloribus

2195 804 2408 869 inferni,
2438 821 2627 860 omnes
2656 804 2839 862 ﬁdeles
2867 808 2935 862 ab
2963 807 3152 863 iisdem
3191 810 3469 866 doloribus
3498 812 3769 876 liberavit,

2192 897 2329 953 sicut
2350 899 2538 953 beatus
2558 897 2749 955 Petrus
2772 900 3106 968 testiﬁcatur,
3128 911 3184 957 et
3202 903 3331 959 dicit
3354 910 3384 958 :‘
3400 905 3574 960 Jesum
3597 926 3629 961 a
3652 907 3707 961 Ν
3713 926 3777 962 a-

2193 993 2369 1046 zareth
2395 1034 2411 1059 ,
2452 994 2613 1047 virum
2641 994 2977 1064 approbatum
3005 1014 3038 1050 a
3059 996 3170 1053 Deo
3191 1000 3246 1054 in
3274 999 3445 1067 vobis,
3477 1004 3770 1067 virtutibus,

2192 1091 2243 1135 et
2268 1082 2452 1154 signis,
2475 1093 2523 1137 et
2550 1086 2821 1156 prodigiis,
2852 1103 2967 1156 qua:
2996 1089 3116 1157 fecit
3137 1105 3229 1159 per
3247 1091 3392 1145 illum
3415 1090 3555 1145 Deus
3580 1095 3634 1147 in
3663 1111 3771 1148 me-

2193 1173 2278 1227 dio
2307 1174 2459 1226 vestri
2476 1189 2499 1237 ',
2540 1175 2671 1227 sicut
2697 1193 2786 1230 vos
2812 1177 2956 1230 scitis
2993 1193 3011 1231 :
3041 1177 3176 1231 hunc
3199 1178 3411 1248 deﬁnito
3438 1183 3655 1237 consitio
3679 1222 3695 1244 ,
3724 1192 3777 1236 et

2193 1265 2518 1333 prwscientia
2545 1264 2645 1319 Dei
2666 1268 2942 1335 traditum,
2974 1285 3065 1339 per
3082 1286 3266 1323 manus
3285 1271 3573 1343 iniquorum
3599 1284 3622 1312 ο
3653 1274 3773 1344 afﬁ-

2192 1366 2365 1426 gentes
2395 1358 2723 1415 interemistis
2742 1377 2761 1414 :
2790 1377 2937 1431 quem
2963 1360 3102 1417 Deus
3126 1366 3421 1432 suscitavit,
3459 1367 3643 1421 solutis
3670 1368 3773 1422 doc

2192 1446 2386 1502 toribus
2412 1449 2622 1519 inferni,
2640 1450 2793 1521 juxta
2819 1453 2955 1523 quod
2976 1447 3291 1524 impossibile
3308 1464 3420 1510 erat
3440 1459 3603 1512 teneri
3622 1459 3775 1512 illum

2192 1536 2256 1590 ab
2277 1554 2337 1592 eo
2363 1538 2497 1607 (Act.
2526 1554 2581 1602 ιι,
2607 1539 2697 1606 22,
2720 1539 2808 1605 25,
2833 1541 2945 1611 24).
2991 1542 3093 1599 Ubi
3112 1546 3274 1599 etiam
3296 1545 3608 1603 Davidicum
3642 1548 3775 1603 illud

2192 1626 2340 1695 quod
2376 1628 2431 1683 in
2460 1630 2634 1699 primo
2664 1630 2801 1688 libro
2829 1626 3103 1703 posuimus
3140 1637 3507 1693 testimonium
3535 1640 3608 1694 ita
3643 1656 3776 1710 pro-

2193 1716 2380 1772 tulisse
2409 1727 2779 1776 monstratur:
2819 1722 2991 1779 David
3014 1728 3152 1780 enim
3177 1727 3299 1781 dicit
3323 1730 3377 1783 in
3398 1730 3566 1799 ipsum
3585 1748 3604 1785 :
3633 1731 3776 1787 Pro-

2193 1805 2426 1861 videbam
2444 1807 2720 1864 Dominum
2741 1828 2915 1867 coram
2934 1830 3016 1868 me
3029 1832 3247 1886 semper,
3261 1821 3499 1889 quoniam
3520 1838 3553 1874 a
3572 1822 3774 1877 dextris

520 1908 701 1954 autem
723 1897 875 1952 nobis
899 1896 1139 1967 pontifex
1159 1896 1248 1951 ille
1267 1910 1578 1967 compassus
1597 1902 1700 1962 est,
1730 1895 1783 1949 in
1803 1910 1912 1964 quo
1932 1895 2094 1950 etiam
2128 1907 2168 1966 Β
2196 1905 2276 1949 est
2300 1898 2464 1964 mihi,
2505 1915 2570 1954 ne
2598 1918 2937 1959 commoveor.
2970 1905 3192 1977 Propter
3215 1909 3310 1963 hoc
3333 1911 3672 1981 jocundatum
3693 1922 3775 1967 est

522 2005 620 2057 nos
647 1988 1020 2057 compatimur,
1051 1987 1264 2041 dicente
1291 1987 1451 2041 beato
1480 1985 1740 2056 Apostolo
1765 2003 1779 2038 :
1822 1984 1944 2056 Ipse
1971 1983 2094 2056 Spi-

521 2081 649 2131 ritus
691 2079 1031 2131 testimonium
1070 2077 1239 2130 reddit
1270 2076 1473 2146 spiritui
1525 2083 1699 2130 nostro
1755 2075 1892 2146 quod
1920 2092 2096 2131 sumus

520 2170 618 2237 ﬁlii
656 2167 767 2222 Dei.
810 2167 872 2223 Si
900 2177 1069 2221 autem
1094 2167 1194 2238 ﬁlii
1218 2209 1232 2233 ,
1272 2176 1322 2221 et
1343 2166 1569 2221 hwredes
1592 2205 1607 2231 ,
1637 2166 1864 2221 hrcredes
1891 2166 2096 2235 quidem

521 2256 640 2317 Dei,
663 2257 954 2311 cohceredes
984 2267 1153 2310 autem
1182 2254 1393 2309 Christi.
1438 2254 1499 2309 Si
1528 2265 1698 2309 tamen
1732 2256 2091 2326 compatimur,

518 2358 576 2402 ut
604 2358 655 2403 et
692 2360 714 2384 η
758 2347 1202 2418 congloriﬁeemur
1244 2344 1421 2416 (Rom.
1452 2362 1571 2409 vm,
1605 2344 1703 2410 16,
1738 2345 1849 2415 17).
1901 2345 2096 2400 Beatus

522 2452 736 2506 quoque
764 2435 954 2491 Petrus
994 2434 1062 2489 ad
1087 2424 1243 2503 hujus
1287 2449 1388 2489 nos
1435 2434 1663 2502 gratiam
1708 2435 2097 2504 compassionis

519 2524 784 2586 hortatur,
806 2524 989 2578 dicens
1013 2540 1026 2575 :
1058 2512 1345 2585 carissimi,
1376 2522 1534 2576 nolite
1554 2538 1888 2592 expavescere
1911 2523 1965 2575 in
1991 2523 2096 2594 fer-

518 2630 657 2677 vore,
681 2613 767 2683 qui
795 2612 863 2665 ad
903 2612 1231 2665 tentalionem
1270 2612 1405 2665 vobis
1432 2612 1513 2681 ﬁt.
1546 2609 1725 2666 Nolite
1741 2628 1941 2680 pavere,
1976 2621 2094 2666 tan-

518 2720 674 2775 quam
699 2705 813 2757 novi
843 2701 981 2757 vobis
1009 2702 1206 2769 aliquid
1242 2702 1547 2772 contingat;
1587 2701 1680 2755 sed
1722 2711 1779 2754 ut
1806 2702 2095 2755 communi-

521 2801 695 2846 cantes
721 2792 910 2846 Christi
936 2790 1260 2861 passionibus
1289 2791 1526 2861 gaudete,
1557 2799 1612 2844 ut
1637 2801 1685 2844 et
1705 2792 1757 2844 in
1788 2791 2095 2845 revelatione

519 2883 700 2955 gloria:
726 2884 837 2953 ejus
864 2883 1131 2954 gaudeatis
1161 2882 1481 2936 exsultantes
1512 2880 1564 2951 (Ι
1587 2880 1728 2936 Petr.
1749 2898 1834 2944 μ’,
1868 2880 1953 2945 12,
1983 2881 2092 2953 15).

521 2973 578 3027 ln
609 2981 796 3027 natura
825 2985 954 3040 ergo
981 2972 1213 3026 humana
1239 2969 1477 3040 pontifex
1509 2970 1598 3024 ille
1624 2970 1905 3025 veritatem
1935 2971 2096 3023 susti—

523 3080 656 3119 nens
679 3063 938 3134 passionis
963 3104 979 3125 ,
1012 3063 1065 3116 in
1092 3077 1157 3117 ea
1193 3063 1376 3132 utique
1405 3062 1554 3115 novit
1581 3061 1813 3129 compati
1844 3060 2097 3115 membris

521 3157 651 3211 suis.
692 3154 981 3224 Propterea
1016 3163 1071 3208 et
1097 3154 1285 3209 beatus
1316 3152 1514 3209 Paulus
1539 3153 1747 3208 dicebat
1774 3171 1786 3205 :
1811 3152 1901 3207 .Ut
1926 3154 2097 3207 adim-

2197 2002 2287 2040 cor
2305 2004 2473 2041 meum
2492 2029 2509 2055 ,
2558 1998 2607 2043 et
2627 1991 2901 2047 exsultavit
2927 1993 3249 2066 lingua‘mea
3272 2016 3290 2062 ;
3332 2000 3542 2071 insuper
3567 2010 3621 2055 et
3645 2020 3775 2056 care
3848 2020 3861 2029 ’

2197 2091 2309 2128 mea
2337 2078 2575 2146 requievit
2598 2079 2652 2132 in
2673 2096 2781 2152 spe.
2809 2079 3062 2145 Quoniam
3083 2103 3185 2140 non
3207 2087 3516 2160 derelinques
3535 2092 3775 2146 animum

2199 2181 2365 2219 meam
2392 2167 2446 2220 in
2469 2167 2671 2239 inferno
2687 2211 2702 2235 ,
2745 2187 2837 2225 nec
2859 2173 3007 2228 dabis
3034 2186 3266 2231 sanctum
3297 2190 3435 2234 tuum
3463 2182 3628 2236 ridere
3652 2200 3774 2237 cor-

2195 2256 2505 2325 ruptionem.
2547 2257 2718 2315 Notas
2738 2264 2862 2317 mihi
2892 2267 3057 2336 fecisti
3085 2268 3194 2323 vias
3222 2271 3367 2337 vita,
3395 2281 3444 2325 et
3467 2274 3774 2344 adimplebis

2299 2345 2622 2414 jocunditate
2648 2366 2765 2403 cum
2802 2355 2938 2424 facie
2966 2362 3055 2408 tua
3087 2355 3257 2425 (Psal.
3284 2375 3353 2413 xv
3376 2399 3391 2425 ,
3429 2360 3464 2414 8
3486 2403 3502 2429 ,
3544 2362 3577 2417 9
3600 2403 3616 2429 ,
3651 2363 3769 2435 10).

2194 2430 2271 2487 lbi
2298 2435 2488 2490 beatus
2514 2435 2703 2494 Petrus
2729 2440 2910 2497 divino
2946 2460 3074 2501 vere
3108 2448 3297 2517 spiritu
3327 2450 3681 2520 illuminatus,
3715 2430 3775 2511 et

2195 2524 2483 2579 secundum
2532 2526 2740 2583 Domini
2786 2545 3090 2590 sermonem
3140 2536 3228 2592 lux
3294 2541 3479 2595 mundi
3526 2540 3769 2608 eifectus,

2195 2613 2424 2682 qualiter
2446 2614 2589 2673 hunc
2614 2617 2789 2674 locum
2819 2622 3114 2692 intelligere
3140 2627 3489 2700 deberemus,
3535 2632 3773 2690 clarissi-

2195 2717 2281 2757 ma
2328 2703 2447 2759 luce
2486 2707 2879 2775 prmdicationis
2914 2715 3186 2785 ostendit,
3235 2721 3446 2790 nequis
3474 2711 3774 2780 inthristo

2193 2808 2376 2852 veram
2405 2810 2622 2851 carnem
2649 2799 2727 2854 sic
2755 2800 3106 2872 intelligeret,
3156 2816 3216 2861 ut
3240 2824 3420 2864 veram
3453 2811 3504 2865 in
3534 2812 3626 2867 illo
3650 2815 3775 2867 ani-

2197 2899 2338 2939 mam
2368 2886 2677 2956 denegaret.
2719 2890 2972 2962 Sequitur
2998 2910 3127 2964 ergo
3162 2915 3175 2950 :
3221 2898 3333 2953 Viri
3361 2903 3549 2975 fratres
3572 2944 3585 2966 ,
3618 2903 3778 2958 liceat

2196 2977 2445 3032 audenter
2472 2980 2642 3035 dicere
2671 2982 2741 3035 ad
2769 2999 2856 3039 vos
2895 2985 2959 3040 de
2985 2990 3286 3057 patriarcha
3325 2991 3497 3046 David
3520 3034 3533 3058 ,
3574 2996 3695 3064 quia
3726 3005 3779 3050 et

2196 3068 2465 3140 defunctus
2493 3081 2570 3126 est
2590 3113 2606 3139 ,
2656 3083 2706 3128 et
2729 3078 2958 3145 sepultus
2987 3087 3067 3134 est
3089 3121 3104 3146 ,
3153 3092 3201 3136 et
3240 3085 3527 3152 sepulcrum
3555 3088 3668 3159 ejus
3694 3097 3777 3143 est

2196 3160 2337 3231 apud
2373 3179 2468 3217 nos
2493 3179 2650 3236 usque
2673 3166 2727 3220 in
2768 3167 3070 3224 hodiernum
3107 3171 3260 3227 diem.
3320 3173 3580 3246 Propheta
3613 3178 3776 3248 igitur

522 3248 689 3318 pleam
716 3264 778 3301 ea
800 3263 912 3313 quae
934 3246 1115 3300 desunt
1142 3247 1438 3317 passionum
1459 3243 1649 3299 Christi
1676 3246 1729 3298 in
1759 3261 1915 3298 carne
1954 3261 2090 3314 mea,
2119 3263 2164 3325 ο
2196 3262 2308 3302 cum
2329 3258 2479 3318 esset,
2506 3260 2557 3306 et
2576 3254 2730 3307 sciret
2757 3255 2877 3327 quia
2892 3256 3239 3328 jurejurando
3266 3243 3496 3332 jurasset
3529 3265 3607 3320 illi
3631 3243 3780 3322 Deus

520 3353 614 3407 pro
638 3352 850 3407 corpore
876 3338 1006 3408 ejus,
1030 3335 1165 3408 quod
1186 3346 1258 3389 est
1282 3333 1517 3389 Ecclesia
1535 3333 1755 3406 (Coloss.
1773 3351 1809 3401 ι,
1831 3333 1947 3405 24).

517 3468 700 3540 CAPUT
726 3485 889 3540 XXXI.“
916 3467 1028 3522 Nos
1055 3485 1249 3540 quoque
1275 3475 1479 3540 oportet
1495 3467 1738 3540 compati
1772 3474 1823 3521 et
1852 3468 2097 3540 commori

590 3538 819 3593 Christo.
860 3538 1007 3593 Sicut
1028 3536 1274 3592 morimur
1299 3536 1410 3590 cum
1441 3536 1643 3607 Christo
1667 3577 1682 3601 ,
1716 3538 1787 3590 ita
1810 3536 1874 3590 ab
1899 3537 2095 3607 inferni

590 3607 851 3664 doloribus
882 3607 1177 3661 liberamur.
1235 3607 1483 3660 Divinitas
1509 3606 1738 3668 Christi,
1791 3606 2095 3677 nequecur-

589 3696 706 3732 nem
749 3678 803 3732 in
833 3677 1068 3747 sepulcro
1091 3715 1106 3739 ,
1158 3693 1320 3746 neque
1356 3677 1585 3730 animam
1629 3676 1681 3730 in
1712 3677 1915 3748 inferno
1944 3676 2091 3730 dese-

587 3750 709 3802 ruit.

542 3864 548 3877 '
591 3861 731 3929 Quid
760 3869 938 3915 autem
980 3860 1170 3914 mirum
1207 3859 1460 3927 quoniam
1502 3858 1595 3930 (al.
1637 3858 1802 3929 quod)
1856 3856 2092 3927 pontiﬁci

521 3963 707 4010 nostro
737 3953 961 4006 naturali
991 3952 1369 4006 communione
1397 3951 1754 4021 compatimur
1777 3990 1793 4016 ,
1840 3967 1959 4005 cum
1996 3966 2093 4006 nos

518 4047 709 4099 beatus
737 4044 1025 4112 Apostolus
1045 4044 1208 4098 etiam
1236 4059 1357 4098 cum
1391 4044 1482 4096 illo
1512 4052 1751 4097 mortuos
1781 4060 1898 4099 esse
1930 4052 2091 4100 teste-

518 4144 608 4187 tur
633 4133 717 4187 his
740 4132 915 4186 verbis
941 4149 953 4184 :
988 4132 1050 4186 Si
1072 4133 1259 4185 mortui
1286 4133 1408 4184 estis
1436 4148 1548 4184 cum
1572 4130 1772 4186 Christo
1793 4175 1808 4200 ,
1840 4134 1962 4204 quid
1989 4134 2088 4188 ad-

517 4224 617 4277 huc
662 4231 905 4294 tanquam
946 4223 1163 4276 viventes
1207 4223 1260 4275 in
1301 4221 1490 4275 mundo
1527 4220 1554 4258 δ
1594 4221 1912 4275 decernitis?
1955 4224 2091 4279 Dicit

518 4313 681 4368 etiam
709 4312 992 4367 Timotheo
1019 4330 1031 4365 :
1069 4312 1221 4384 137
1252 4311 1452 4365 Memor
1483 4322 1591 4365 esto
1617 4311 1794 4365 Iesum
1832 4312 2088 4369 Christum

517 4399 860 4454 resurrexisse
892 4416 923 4452 a
955 4401 1168 4464 mortuis
1190 4441 1205 4465 ,
1250 4417 1314 4453 ea:
1344 4402 1534 4454 semine
1564 4399 1733 4453 David
1753 4441 1768 4464 ,
1811 4403 2084 4458 secundum

515 4488 855 4562 Evangelium
878 4506 1046 4543 meum
1070 4530 1086 4557 ,
1128 4490 1183 4543 in
1224 4506 1322 4560 quo
1350 4476 1527 4543 laboro
1566 4507 1721 4561 usque
1758 4491 1826 4543 ad
1864 4493 2084 4560 vincula,

514 4584 664 4656 quasi
688 4584 823 4638 male
846 4601 1066 4654 operans
1085 4601 1104 4650 ;
1124 4584 1216 4638 sed
1233 4584 1437 4638 verbum
1457 4584 1554 4638 Dei
1573 4603 1673 4639 non
1698 4596 1774 4639 est
1798 4588 2083 4658 alligatum.

514 4671 711 4729 Omnia
731 4683 900 4729 autem
925 4674 1152 4729 sustineo
1180 4685 1387 4745 propter
1414 4676 1599 4730 electos
1620 4717 1635 4741 ,
1675 4685 1732 4730 ut
1759 4687 1807 4731 et
1828 4678 1927 4748 ipsi
1948 4680 2090 4735 sala-

514 4773 617 4819 tem
636 4773 1017 4833 consequantur
1038 4803 1053 4829 ,
1081 4779 1195 4836 ques
1216 4774 1292 4818 est
1319 4765 1373 4818 in
1408 4765 1608 4819 Christo
1633 4764 1667 4818 J
1672 4782 1761 4819 esu
1786 4783 1901 4821 cum
1919 4769 2089 4841 gloria

513 4854 705 4910 caelesti
736 4853 825 4927 (II
857 4854 989 4910 Tim.
1023 4871 1062 4911 ιι
1086 4897 1101 4924 ,
1132 4854 1212 4909 8-
1236 4855 1345 4926 l0).
1402 4855 1591 4912 Sciens
1635 4872 1764 4927 ergo
1797 4858 2087 4930 Apostolus

510 4943 695 5000 Jesum
714 4944 981 5001 Christum
1002 4960 1070 5001 ex
1089 4946 1291 5001 semine
1311 4945 1475 5000 David
1497 4962 1527 5000 a
1550 4947 1773 5001 mortuis
1794 4950 2088 5006 surrexisse

418 5100 423 5103 _
516 5034 594 5105 (in
624 5050 732 5103 quo
760 5036 945 5107 utique
974 5037 1282 5095 communio
1321 5044 1523 5090 natura:
1570 5037 1940 5093 manifestatur
1983 5041 2084 5096 hu-

514 5120 710 5194 manm)
730 5165 745 5189 ,
776 5124 829 5178 in
857 5140 964 5194 quo
992 5141 1115 5180 eum
1143 5134 1411 5180 mortuum
1440 5134 1685 5193 n0verat,
1715 5127 1768 5180 in
1794 5141 1860 5181 eo
1882 5143 1980 5183 nos
2008 5129 2080 5185 illi

513 5221 880 5270 commortuus
901 5230 1026 5277 esse
1053 5224 1456 5281 commemorat,
1489 5214 1671 5271 dicens
1695 5235 1708 5269 :
1750 5214 1949 5272 Fidelis
1975 5236 2079 5273 ser-

511 5318 634 5357 mo:
665 5319 787 5356 nam
804 5304 851 5358 si
880 5306 1179 5360 commortui
1208 5321 1380 5359 sumus
1402 5345 1416 5371 ,
1446 5315 1496 5359 et
1518 5306 1829 5360 convivemus
1851 5323 1869 5371 ;
1893 5307 1938 5360 si
1964 5324 2081 5364 sus—

508 5375 823 5462 tinebimus,
867 5406 917 5451 et
967 5398 1389 5469 conregnabimus
1422 5398 1585 5468 (Ibid.
1611 5439 1628 5465 ,
1675 5398 1785 5467 11).
1834 5398 2080 5461 Pontifex

517 5472 647 5556 ergo
674 5487 764 5544 ille
790 5490 882 5558 qui
910 5490 1235 5563 semetipsum
1259 5506 1352 5560 pro
1374 5491 1518 5545 nobis
1540 5489 1722 5544 obtulit
1751 5491 1908 5564 (sicut
1931 5492 2079 5566 Apo-

583 5698 611 5771 ξ
635 5688 715 5746 lta
750 5707 851 5771 ms.
891 5692 1248 5771 Corb.,juxta
1283 5693 1524 5749 (inrcum
1563 5697 1983 5771 σιένδςιξαεθῶμιγ
2025 5706 2081 5753 et

510 5756 666 5836 Vulg.
697 5761 1044 5836 versionem;
1066 5756 1378 5836 euitivero,
1406 5775 1539 5836 utet
1571 5756 1935 5836 glorificemui'.

584 5828 608 5867 δ
637 5829 717 5885 Ita
744 5846 871 5899 mss.
902 5831 1064 5888 Corb.
1091 5844 1145 5888 et
1174 5833 1373 5889 Victor.
1403 5833 1542 5889 Editi
1568 5828 1730 5904 vero,
1761 5838 2070 5893 diseernitis.

2199 3341 2264 3394 de
2290 3344 2459 3414 fructu
2494 3344 2655 3399 lumbi
2680 3346 2792 3416 ejus
2818 3349 2996 3404 sedere
3023 3367 3175 3422 super
3207 3355 3375 3408 sedem
3402 3356 3515 3427 ejus
3536 3396 3551 3422 ,
3597 3359 3780 3429 provi-

2198 3428 2325 3484 dens
2360 3432 2556 3488 locutus
2586 3444 2663 3488 est
2690 3436 2754 3489 de
2780 3441 3150 3494 resurrectione
3177 3440 3368 3498 Christi
3390 3485 3404 3510 ,
3454 3448 3575 3517 quia
3611 3463 3782 3518 neque

2197 3520 2439 3576 derelicta
2467 3532 2543 3577 est
2581 3527 2757 3579 animo
2782 3527 2895 3597 ejus
2938 3529 2992 3582 in
3019 3530 3225 3601 inferno
3247 3572 3262 3597 ,
3305 3549 3467 3605 neque
3504 3552 3626 3590 caro
3657 3538 3779 3607 ejus

2194 3614 2319 3667 vidit
2348 3617 2730 3686 corruptionem
2757 3617 2892 3691 (Act.
2926 3635 2984 3686 ιι,
3013 3619 3101 3685 29,
3133 3620 3222 3686 50,
3254 3623 3364 3694 51).
3405 3624 3461 3679 ln
3489 3626 3590 3681 hoc
3610 3626 3782 3695 igitur

2194 3702 2444 3758 divinitas
2469 3702 2666 3760 Christi
2695 3707 2948 3763 virtutem
2975 3725 3084 3764 suae
3122 3712 3557 3782 impassibilitatis
3579 3724 3777 3772 osten-

2194 3791 2289 3858 dit,
2321 3793 2465 3862 quod
2493 3795 2589 3868 (at.
2618 3797 2760 3866 qum)
2788 3797 2984 3867 ubique
3008 3815 3220 3871 semper
3244 3811 3406 3873 atque
3433 3804 3781 3865 ineﬁ‘abiliter

2193 3901 2448 3956 praesens,
2492 3898 2548 3945 et
2573 3891 2864 3946 secundum
2889 3893 3120 3949 animam
3151 3912 3302 3952 suam
3333 3897 3386 3952 in
3416 3898 3623 3956 interno
3652 3902 3779 3959 sine

2192 3972 2467 4032 doloribus
2485 3978 2605 4047 fuit,
2632 3988 2688 4033 et
2712 3982 3008 4037 secundum
3033 3999 3249 4040 carnem
3272 4002 3420 4042 suam
3444 3989 3495 4043 in
3522 3990 3776 4060 sepulcro

2191 4066 2307 4122 sine
2351 4069 2696 4139 corruptione
2728 4070 2899 4140 jacuit
2923 4115 2937 4139 ,
2988 4077 3112 4145 quia
3152 4093 3251 4134 nec
3277 4080 3427 4135 carni
3462 4097 3572 4138 suae
3599 4082 3778 4141 defuit

2190 4169 2310 4209 cum
2340 4156 2574 4210 animam
2602 4172 2754 4213 suam
2798 4160 2852 4214 in
2903 4162 3112 4219 inferno
3160 4167 3345 4224 dolere
3389 4179 3497 4225 nan
3543 4172 3771 4239 sineret,

2190 4259 2290 4299 nec
2329 4245 2561 4299 animam
2597 4261 2747 4301 suam
2790 4248 2843 4302 in
2885 4250 3093 4308 interno
3119 4254 3357 4311 deseruit
3415 4274 3536 4314 cum
3578 4261 3631 4315 in
3680 4278 3776 4318 se-

2189 4332 2376 4402 pulcro
2405 4347 2622 4388 carnem
2650 4350 2801 4391 suam
2830 4353 2859 4391 a
2894 4344 3238 4412 corruptione
3257 4356 3512 4402 servaret.
3540 4349 3773 4418 Dignum

2187 4436 2418 4491 namque
2454 4420 2555 4475 fuit
2616 4429 2676 4476 ut
2720 4440 2936 4483 carnem
2978 4431 3219 4501 sepulcri!
3245 4449 3349 4489 non
3394 4448 3769 4509 corrumperet

2188 4513 2355 4580 locus,
2389 4527 2550 4582 quam
2597 4516 2805 4585 peccati
2844 4535 2949 4574 non
2990 4522 3228 4591 corrupit
3261 4521 3500 4592 affectus,
3548 4536 3603 4583 et
3643 4530 3766 4584 ani-

2117 4629 2163 4688 D
2188 4624 2329 4663 mam
2356 4610 2513 4667 dolor
2542 4627 2649 4668 non
2689 4613 3027 4687 contingeret
3053 4617 3143 4689 (al.
3177 4620 3508 4690 contigisset)
3545 4619 3765 4691 inferni,

2190 4714 2351 4768 quam
2379 4703 2611 4760 servitus
2636 4706 2874 4775 nequivit
2903 4714 3088 4764 tenere
3127 4711 3353 4780 peccati.
3397 4710 3623 4782 Propter
3660 4713 3771 4770 hoc

2191 4789 2245 4844 in
2274 4791 2500 4861 psalmo,
2531 4810 2657 4851 cum
2685 4811 2753 4850 ex
2781 4795 2950 4852 forma
2979 4800 3152 4864 servi,
3185 4801 3237 4854 in
3264 4816 3368 4870 qua
3396 4799 3639 4857 Christus
3662 4820 3770 4858 no-

2190 4888 2300 4936 stra
2329 4892 2551 4954 peccata
2579 4886 2830 4956 portavit,
2863 4886 3066 4943 diceret
3090 4906 3102 4941 :
3137 4887 3272 4953 Quia
3292 4890 3485 4959 repleta
3513 4902 3590 4945 est
3609 4886 3773 4947 malis

2188 4974 2364 5028 anima
2388 4991 2532 5041 mea,
2584 4986 2635 5031 et
2662 4979 2768 5031 vita
2802 4994 2915 5032 mea
2943 4980 2997 5033 in
3035 4981 3294 5052 infernum
3334 4984 3770 5055 appropinquavit

2193 5060 2362 5132 (Ρεαι.
2390 5078 2623 5129 Lxxxvu,
2651 5064 2708 5135 4)
2732 5107 2746 5131 ,
2780 5075 2838 5121 ut
2866 5070 3170 5124 ostenderet
3203 5072 3358 5142 138
3384 5071 3628 5127 eamdem
3643 5074 3771 5127 ani-

2190 5165 2332 5206 mam
2360 5167 2510 5208 suam
2537 5170 2568 5209 a
2591 5165 2815 5225 peccato
2844 5158 3066 5214 liberam
3097 5160 3148 5214 in
3174 5160 3436 5217 infernum
3466 5178 3565 5233 pro
3602 5165 3770 5221 nobis

2185 5243 2558 5312 peccatoribus
2597 5245 2957 5316 descendisse,
3012 5249 3245 5306 subdidit
3278 5252 3463 5308 dicens
3503 5270 3515 5306 :
3561 5251 3770 5310 Factus

2184 5348 2299 5386 nm
2339 5334 2472 5389 sicut
2502 5325 2657 5392 h'omo
2702 5340 2812 5392 sine
2870 5340 3130 5410 adjutorio
3176 5344 3312 5398 inter
3359 5353 3589 5400 mortuos
3629 5345 3767 5401 liber

2184 5419 2376 5491 (Ibid.,
2406 5421 2482 5494 5).

2185 5518 2367 5576 Csru'r
2397 5538 2564 5579 xxxu.
2605 5523 2778 5580 Filius
2808 5524 2906 5581 Dei
2936 5536 3137 5584 ratione
3176 5533 3350 5586 carnis
3386 5532 3576 5587 dicitur
3616 5550 3766 5590 mor-

2262 5712 2283 5741 ε
2315 5701 2521 5787 Itanms:
2552 5703 2753 5787 Victor.
2785 5722 2885 5764 nec
2913 5725 3021 5768 non
3048 5709 3239 5770 Colon.
3257 5753 3274 5782 ,
3307 5711 3432 5774 Ant.
3463 5722 3519 5774 et
3545 5715 3712 5773 Basil.
3741 5735 3762 5787 ;

2185 5778 2240 5823 at
2268 5787 2366 5828 ms.
2395 5772 2579 5842 Corb.,
2610 5775 2909 5849 oﬁligentes.
