4072 6332
305 313 410 368 297

1481 332 1575 389 AD
1607 333 2106 399 TRASIMUNDUM
2137 336 2263 394 LIB.
2305 338 2391 393 lll.

3471 344 3579 406 298

372 445 487 523 tuus
509 478 556 523 ,ῃ
577 448 627 523 et
666 439 1376 523 regrrexisse;.§ecitndum
1403 444 1724 502 divinitatem
1753 466 1887 503 unus
1917 457 1960 513 Α
1993 453 2261 520 potestatis
2283 468 2301 504 :
2346 453 2402 503 in
2447 467 2545 523 quo
2589 460 2640 504 et
2668 455 2955 510 circumcisi
2984 461 3106 513 estis
3132 497 3145 523 ,
3193 463 3577 520 circumcisione

373 516 453 561 est
477 507 689 577 effectus
718 509 899 563 Patris
927 522 974 564 et
1003 511 1149 567 Filii.

372 595 761 652 Verumtamen
786 615 907 653 cum
937 599 1050 654 sola
1087 617 1212 658 caro
1241 615 1547 662 moreretur
1575 617 1632 662 et
1660 609 1891 664 resusci-

298 695 512 745 taretur
541 687 593 740 in
624 686 839 742 Christo
857 729 872 754 ,
904 699 1124 760 propter
1153 694 1414 751 unitatem
1443 711 1691 767 personae
1716 697 1811 753 Dei
1837 706 1892 753 et

299 780 558 846 nominis,
587 779 752 834 Filius
773 780 869 836 Dei
900 781 1097 839 dicitur
1123 795 1385 844 mortuus.
1429 789 1582 856 Quod
1612 789 1893 845 evidenter

296 871 382 928 his
423 873 603 928 verbis
642 870 841 928 Paulus
885 878 1164 946 apostolus
1208 889 1541 950 protestatur
1576 901 1589 935 :
1635 881 1695 938 Si
1733 883 1890 947 enim,

297 977 419 1016 cum
444 963 643 1016 inimici
671 980 924 1030 essemus,
941 969 1276 1023 reconciliati
1299 987 1474 1025 sumus
1504 971 1614 1026 Deo
1644 989 1734 1043 per
1753 990 1892 1027 mor-

301 1063 402 1107 tem
433 1051 561 1106 Filii
581 1052 716 1122 ejus,
749 1054 910 1108 multo
934 1057 1097 1126 magis
1125 1058 1443 1112 reconciliati
1469 1059 1599 1114 salvi
1621 1062 1809 1114 erimus
1835 1062 1892 1114 in

295 1145 403 1195 vita
426 1142 588 1211 ipsius
626 1140 800 1212 (Rom.
835 1159 898 1211 v,
931 1143 1042 1213 l0).
1094 1144 1297 1202 Rursus
1345 1146 1534 1203 Filium
1570 1150 1666 1205 Dei
1707 1166 1891 1206 resur-

297 1231 508 1286 rexisse
531 1230 678 1286 Petri
711 1235 1092 1302 prosecutione
1122 1235 1395 1304 firmatur,
1431 1237 1644 1294 Judzeos
1673 1239 1738 1294 ad
1768 1255 1890 1295 cre-

298 1325 584 1381 dulitatem
625 1324 822 1381 Christi
853 1327 1032 1382 taliter
1069 1329 1408 1386 exhortantis
1446 1350 1458 1384 :
1512 1330 1615 1388 Vos
1643 1333 1766 1386 estis
1791 1333 1892 1403 ﬁlii

297 1417 670 1488 prophetarum
693 1459 710 1484 ,
760 1427 810 1471 et
843 1421 1135 1474 testamenti
1175 1423 1312 1493 quod
1353 1424 1607 1494 disposuit
1643 1423 1788 1477 Deus
1819 1423 1890 1476 ad

295 1516 475 1578 patres
502 1517 731 1576 nostros,
765 1509 942 1564 dicens
969 1511 1038 1564 ad
1066 1511 1365 1568 Abraham:
1396 1514 1469 1568 Et
1495 1515 1550 1569 in
1579 1517 1774 1570 semine
1802 1523 1889 1569 tuo

298 1595 668 1652 benedicentur
695 1614 870 1652 omnes
902 1599 1114 1670 familiis
1145 1608 1333 1656 terra:
1358 1601 1498 1658 vobis
1526 1604 1750 1673 primum
1775 1621 1890 1657 sus-

295 1690 462 1743 citans
520 1686 656 1742 Deus
699 1687 747 1740 F
748 1689 898 1744 ilium
930 1707 1106 1756 suum,
1151 1692 1291 1746 misit
1345 1709 1460 1746 eum
1511 1692 1889 1748 benedicentem

297 1781 463 1844 vobis,
493 1791 549 1834 ut
574 1790 838 1835 convertat
865 1798 921 1837 se
943 1786 1287 1857 unusquisque
1311 1803 1342 1839 a
1367 1787 1594 1858 nequitia
1623 1804 1718 1841 sua
1747 1787 1884 1860 (Act.

293 1884 356 1927 ιιι
383 1914 399 1936 ,
422 1870 496 1926 ‘25
519 1913 533 1938 ,
556 1870 667 1938 ‘25).
723 1871 901 1929 Etiam
940 1875 992 1930 in
1033 1876 1136 1931 hoc
1175 1878 1448 1948 capitulo,
1497 1894 1659 1949 quem
1698 1895 1886 1935 semen

300 1961 532 2016 Abraha:
554 1975 836 2030 memorat,
862 1963 1111 2019 eumdem
1137 1965 1328 2021 Filium
1352 1967 1446 2023 Dei
1476 1969 1666 2024 beatus
1693 1968 1887 2026 Petrus

299 2052 537 2123 appellat
561 2070 575 2105 :
611 2069 720 2109 non
749 2055 893 2110 enim
922 2055 1176 2111 dividitur
1203 2056 1465 2114 Christus.
1502 2068 1527 2096 ἰ
1557 2060 1657 2126 Qui
1683 2069 1884 2128 tamen,

297 2152 356 2196 ut
384 2157 495 2196 non
526 2143 818 2198 secundum
850 2143 903 2198 id
931 2145 1076 2213 quod
1101 2155 1186 2200 est
1207 2162 1272 2200 ex
1304 2146 1416 2202 Deo
1447 2145 1606 2203 Patre
1627 2190 1641 2214 ,
1673 2151 1769 2206 sed
1797 2167 1887 2207 se-

292 2233 528 2288 cundum
554 2231 606 2286 id
620 2233 762 2303 quod
785 2241 870 2288 est
885 2249 953 2288 ex
971 2233 1176 2290 semine
1199 2235 1446 2303 Abrahte,
1469 2249 1826 2307 cognoscatur
1850 2257 1882 2296 a

293 2324 522 2378 mortuis
547 2324 866 2390 surrexisse,
900 2341 999 2394 pro
1031 2325 1236 2381 unitate
1258 2342 1501 2396 personae
1529 2328 1582 2382 in
1610 2343 1714 2398 qua
1739 2329 1883 2385 Deus

293 2421 344 2468 et
373 2413 541 2468 homo
572 2429 710 2469 unus
739 2423 822 2470 est
846 2413 1111 2482 Christus,
1137 2432 1243 2470 non
1268 2417 1561 2486 incongrue
1590 2417 1688 2473 Dei
1715 2419 1883 2477 Filius

291 2498 489 2556 dicitur
531 2503 840 2557 suscitatus.
901 2502 1068 2574 Cujus
1109 2514 1169 2560 ut
1209 2507 1502 2562 secundum
1547 2507 1881 2564 divinitatem

294 2605 402 2646 una
435 2594 761 2664 probaretur
802 2603 992 2650 natura
1023 2612 1144 2652 cum
1174 2595 1334 2654 Patre
1357 2628 1388 2666 ,-
1422 2615 1565 2654 unus
1593 2600 1751 2655 simul
1780 2601 1880 2656 fuit

294 2683 518 2740 effectus
547 2687 604 2741 in
633 2701 818 2756 opere.
858 2687 1009 2743 Sicut
1035 2690 1180 2744 enim
1207 2706 1424 2746 carnem
1449 2707 1598 2747 suam
1629 2693 1682 2747 in
1710 2693 1880 2764 Virgi-

293 2778 376 2832 nis
403 2786 561 2833 utero
586 2821 603 2846 ,
634 2778 864 2834 faciente
893 2778 1050 2835 Patre
1077 2824 1094 2848 ,
1123 2783 1286 2837 etiam
1317 2783 1430 2854 ipse
1459 2784 1585 2839 fecit
1614 2785 1760 2857 (quia
1785 2801 1876 2841 se-

291 2867 524 2921 cundum
554 2867 846 2923 humanam
877 2878 1124 2925 naturam
1153 2871 1222 2926 de
1241 2870 1456 2928 Christo
1478 2874 1735 2944 scriptum
1756 2885 1872 2931 est:

293 2955 365 3010 Et
389 2956 662 3013 Dominum
683 2975 819 3021 eum,
845 2968 895 3013 et
913 2958 1173 3016 Christum
1193 2961 1336 3017 Deus
1359 2965 1516 3034 fecit;
1547 2965 1679 3020 hunc
1700 2965 1877 3021 Iesum

288 3065 439 3120 quem
476 3066 562 3104 vos
600 3049 932 3120 cruciﬁxistis
985 3053 1122 3122 [‘Act.
1169 3068 1243 3118 ιι,
1293 3052 1426 3124 36];
1489 3056 1745 3126 scriptum
1791 3064 1875 3112 est

286 3139 451 3194 etiam
489 3159 502 3192 :
537 3137 673 3204 Quia
699 3143 957 3212 sapientia
993 3143 1271 3214 aediﬁcavit
1317 3143 1415 3199 sibi
1451 3146 1659 3202 domum
1690 3147 1870 3221 [Prov.

284 3245 365 3294 ιι,
400 3231 456 3301 1]
477 3232 525 3301 ),
553 3234 631 3288 sic
650 3234 811 3288 etiam
837 3250 960 3289 cum
990 3234 1290 3292 traderetur
1316 3253 1346 3292 a
1374 3236 1566 3306 Patre,
1598 3241 1714 3312 ipse
1733 3258 1872 3312 quo-

281 3337 404 3392 que
438 3340 500 3379 se
541 3327 874 3395 cognoscitur
912 3327 1233 3395 tradidisse;
1277 3330 1536 3400 scriptum
1565 3340 1650 3388 est
1689 3334 1873 3388 enim:

289 3411 430 3478 Quia
458 3415 599 3471 Deus
625 3415 766 3474 Filio
797 3418 822 3456 δ
850 3421 1061 3492 proprio
1087 3437 1192 3474 non
1219 3424 1464 3492 pepercit,
1493 3424 1586 3478 sed
1611 3442 1704 3494 pro
1731 3425 1876 3480 nobis

285 3508 522 3562 omnibus
543 3509 761 3563 tradidit
787 3509 934 3564 illum
964 3508 1141 3581 (Rom.
1165 3527 1278 3577 vui,
1309 3512 1400 3577 ’52)
1428 3531 1442 3578 ;
1475 3523 1531 3569 et
1556 3515 1623 3570 de
1645 3516 1760 3586 ipso
1783 3516 1874 3570 Fi-

286 3597 358 3655 lio
385 3600 585 3655 dicitur
612 3621 624 3653 :
677 3600 830 3665 Quod
858 3612 1029 3657 autem
1058 3621 1193 3659 nunc
1220 3607 1330 3659 vivo
1365 3605 1421 3658 in
1449 3623 1605 3661 carne
1630 3650 1645 3674 ,
1686 3610 1744 3662 in
1772 3609 1877 3679 ﬁde

281 3691 396 3748 vivo
425 3691 553 3748 Filii
584 3693 719 3758 Dei,
755 3696 843 3766 qui
871 3696 1054 3751 dilexit
1078 3713 1177 3763 me,
1203 3706 1255 3752 et
1284 3696 1501 3751 tradidit
1529 3700 1755 3770 seipsum
1781 3716 1876 3770 pro

283 3797 368 3835 me
401 3781 598 3851 (Colat.
625 3798 686 3850 ιι,
715 3783 830 3855 20).

281 3867 466 3926 ωυτ
497 3887 685 3926 xxxm.
725 3871 796 3926 Et
838 3871 999 3957 Pater
1029 3872 1226 3957 Filium
1255 3875 1521 3931 suscitavit
1545 3917 1562 3944 ,
1610 3884 1660 3930 et
1698 3873 1746 3928 F
1750 3876 1870 3931 ilius

815 3952 1082 3999 suscitavit
1105 3952 1350 4015 seipsum.

350 4032 417 4088 In
476 4034 872 4090 resurrectione
930 4051 1146 4106 quoque
1205 4034 1320 4103 ejus
1376 4036 1644 4092 invenitur
1691 4036 1872 4107 operis

276 4122 584 4192 :equalitas,
615 4124 738 4194 quia
765 4141 870 4179 una
901 4134 985 4179 est
1011 4124 1185 4181 Patris
1214 4124 1443 4195 Filiique
1467 4126 1739 4196 maiestas.
1797 4127 1874 4183 De

277 4213 446 4272 Patre
469 4217 670 4288 quippe
697 4219 774 4272 sic
803 4219 992 4273 beatus
1017 4218 1254 4288 loquitur
1281 4217 1475 4274 Petrus
1513 4238 1525 4272 :
1572 4218 1722 4273 Vobis
1759 4221 1871 4287 pri-

274 4326 421 4364 usum
461 4309 596 4365 Deus
625 4313 880 4366 suscitans
906 4310 1102 4366 Filium
1135 4328 1281 4365 suum
1300 4353 1314 4378 ,
1362 4313 1500 4366 misit
1527 4327 1640 4365 eum
1671 4311 1874 4365 benedi-

273 4414 479 4459 centem
515 4402 654 4458 vobis
689 4404 826 4476 (Act.
860 4419 957 4470 ιιι,
1005 4402 1117 4471 25).
1181 4402 1257 4458 De
1298 4404 1477 4474 seipso
1508 4418 1638 4458 vero
1667 4403 1744 4457 sic
1770 4401 1870 4456 Dei

272 4493 450 4551 Filius
475 4495 713 4564 loquitur
740 4496 806 4551 ad
835 4494 1046 4550 Judzeos
1084 4513 1096 4549 :
1138 4495 1332 4551 Solvite
1371 4497 1615 4566 templum
1641 4495 1769 4564 hoc,
1819 4501 1872 4548 et

270 4591 333 4643 in
366 4590 530 4644 tribus
561 4590 738 4644 diebus
779 4587 1036 4644 suscitabo
1066 4589 1194 4642 illud
1225 4571 1405 4660 (Joan;
1439 4605 1517 4657 ιι,
1549 4588 1638 4660 l9)
1664 4629 1681 4654 ,
1721 4585 1869 4657 quod
1895 4605 1950 4667 D

269 4683 519 4739 Joannes
543 4683 756 4754 aperuit
781 4683 965 4739 dicens
991 4701 1003 4735 :
1030 4681 1152 4752 Ipse
1171 4691 1340 4736 autem
1360 4680 1561 4736 dicebat
1590 4682 1654 4734 de
1683 4681 1869 4751 templo

266 4779 514 4848 corporis
534 4778 612 4830 sui
642 4774 807 4848 (Ibid.
835 4815 850 4840 ,
881 4775 993 4846 2|).
1045 4773 1456 4831 Colossensibus
1483 4785 1696 4844 quoque
1725 4771 1868 4827 Pau-

267 4871 358 4926 lus
384 4870 613 4938 loquens
635 4910 649 4933 ,
681 4869 855 4938 ipsum
889 4878 910 4906 ι·
943 4867 1036 4922 Dei
1065 4867 1256 4921 Filium
1286 4865 1674 4920 humanitatem
1716 4879 1870 4919 suam

264 4962 359 5017 his
395 4961 552 5032 139
577 4959 756 5015 verbis
782 4957 1045 5027 significat
1082 4956 1369 5013 suscitasse
1407 4975 1420 5009 :
1462 4954 1644 5010 Videte
1674 4971 1737 5008 ne
1756 4955 1870 5027 quis

259 5072 360 5110 tos
384 5052 601 5106 seducat
621 5069 711 5122 per
733 5049 1134 5122 philosophiam,
1163 5055 1214 5103 et
1240 5049 1449 5102 inanem
1479 5047 1762 5119 fallaciam,
1787 5061 1872 5101 se-

1993 557 2097 595 non
2116 557 2271 594 manu
2293 544 2434 611 facta
2457 543 2512 596 in
2525 544 2901 614 exspoliatione
2925 552 3155 619 corporis
3184 553 3378 616 carnis,
3405 555 3457 608 in
3483 542 3607 609 εἰν-⁸

1993 635 2301 688 cumcisione
2327 632 2552 700 Christi,
2592 639 2877 706 consepulti
2906 640 2954 692 ei
2981 641 3035 692 in
3070 640 3322 713 baptismo
3340 688 3354 712 ,
3395 646 3450 699 in
3479 664 3578 718 quo

1992 734 2044 779 et
2061 728 2456 782 consurrexistis
2474 745 2566 798 per
2595 729 2748 800 ﬁdem
2776 734 3094 802 Operationis
3130 735 3231 790 Dei
3253 776 3267 801 ,
3295 740 3380 809 qui
3409 742 3580 794 susci-

1995 823 2120 876 tavit
2140 822 2283 876 illum
2301 839 2332 874 a
2352 825 2587 877 mortuis.
2617 823 2688 876 Et
2712 842 2820 889 vos,
2840 843 2955 880 cum
2981 831 3173 882 mortui
3201 833 3381 885 essetis
3401 833 3456 885 in
3485 832 3582 885 de—
3605 835 3607 837 ’
3629 818 3635 823 ”

1994 913 2129 969 lictis
2153 923 2202 968 et
2222 917 2475 987 prteputio
2499 919 2670 970 carnis
2693 928 2890 981 vestrm,
2923 921 3296 990 conviviﬁcavit
3319 941 3433 977 cum
3463 926 3580 990 illo,
3601 904 3607 914 ⁸

1995 1007 2198 1061 donans
2219 1007 2358 1062 vobis
2387 1009 2563 1062 omnia
2591 1009 2798 1075 delicta,
2832 1010 3006 1066 deleas
3035 1013 3170 1084 quod
3191 1015 3462 1068 adversum
3485 1032 3581 1070 nos

1993 1106 2108 1151 erat
2149 1098 2550 1170 chirographum
2593 1097 2621 1137 ά
2673 1099 2865 1154 decreti
2906 1102 3043 1172 quod
3089 1112 3199 1156 erat
3259 1106 3581 1158 contrarium

1993 1189 2141 1244 nobis
2162 1231 2177 1257 ,
2209 1201 2258 1245 et
2287 1193 2455 1262 ipsum
2495 1193 2612 1246 tulit
2640 1193 2705 1247 de
2733 1192 2902 1247 medio
2925 1233 2939 1258 ,
2976 1195 3184 1265 alﬁgens
3223 1194 3354 1249 illud
3393 1197 3534 1249 cruci
3557 1231 3575 1258 ,

1992 1296 2184 1335 exuens
2219 1299 2271 1336 se
2291 1299 2478 1348 carne;
2499 1285 2824 1354 principatus
2849 1293 2898 1336 et
2919 1293 3193 1354 potestates
3209 1287 3437 1340 traduxit
3449 1303 3578 1341 con-

1993 1370 2231 1440 ﬁdenter,
2279 1373 2454 1443 palam
2487 1374 2808 1444 triumphans
2834 1374 2952 1429 illos
2980 1373 3032 1428 in
3055 1378 3328 1447 semetipso
3357 1377 3489 1445 (Col.
3517 1393 3576 1444 ιι,

1991 1461 2170 1535 8-15).
2222 1464 2338 1519 Νοη
2371 1465 2639 1521 nescimus
2679 1467 2820 1520 hunc
2847 1467 3025 1521 locum
3053 1468 3118 1521 ad
3161 1484 3443 1538 personam
3476 1469 3578 1526 Pa-

1990 1552 2089 1608 tris
2109 1569 2140 1607 a
2167 1556 2436 1610 nonnullis
2459 1555 2674 1622 referri;
2700 1555 2795 1611 sed
2821 1572 2887 1612 ex
2909 1558 3246 1614 connexione
3273 1560 3575 1624 verborum,

1990 1646 2036 1702 si
2063 1656 2222 1704 cauta
2246 1657 2268 1684 ο
2292 1648 2518 1719 legentis
2546 1649 2766 1706 accedat
2793 1651 3040 1716 intentio,
3071 1653 3241 1721 magis
3267 1654 3320 1707 id
3350 1654 3578 1723 capituli

1990 1737 2147 1808 hujus
2174 1755 2362 1795 sensus
2393 1739 2628 1796 ostendit
2653 1785 2666 1807 ,
2710 1750 2766 1796 ut
2789 1757 2925 1798 unus
2954 1743 3203 1814 idemque
3233 1744 3398 1799 Filius
3420 1786 3435 1810 ,
3468 1761 3577 1800 non

1915 1851 1963 1912 Β
1989 1831 2164 1887 solum
2195 1831 2439 1888 Christus
2467 1833 2558 1902 qui
2586 1835 2876 1889 suscitatus
2911 1842 3032 1900 est,
3084 1836 3180 1890 sed
3227 1837 3390 1900 etiam
3438 1836 3580 1892 Deus

1988 1921 2103 1992 ipse
2130 1924 2223 1992 qui
2252 1923 2523 1979 Christum
2567 1925 2850 1980 suscitavit
2875 1968 2890 1994 ,
2938 1939 3233 1997 appareat:
3280 1937 3338 1981 ut
3364 1936 3580 1984 constet

1987 2015 2303 2086 Apostolum
2332 2018 2387 2072 in
2417 2019 2519 2074 hoc
2546 2019 2667 2073 loco
2697 2019 2793 2073 Dei
2837 2033 3034 2074 nomen
3075 2020 3142 2074 ad
3191 2020 3334 2074 illam
3376 2021 3578 2091 sempi-

1986 2115 2195 2163 ternam
2226 2107 2344 2164 Filii
2369 2152 2385 2178 ,
2414 2125 2534 2178 quae
2553 2117 2635 2165 est
2661 2126 2728 2166 ex
2754 2111 2932 2177 Patre,
2960 2112 3308 2168 substantiam
3331 2154 3345 2177 ,
3378 2129 3575 2169 nomen

1985 2211 2114 2252 vero
2142 2195 2340 2254 Christi
2388 2199 2455 2254 ad
2495 2215 2637 2266 eam,
2692 2216 2852 2270 quam
2901 2217 2970 2258 ex
3017 2203 3236 2258 homine
3264 2203 3359 2260 Dei
3412 2205 3578 2262 Filius

1982 2290 2230 2360 sumpsit,
2275 2291 2528 2348 retulisse
2571 2303 2846 2362 naturam,
2910 2295 3128 2364 dignum
3171 2314 3278 2367 prze
3325 2298 3576 2353 omnibus

1983 2380 2186 2437 ducens
2252 2381 2448 2438 Doctor
2485 2387 2712 2456 gentium
2748 2387 2801 2439 in
2843 2387 2948 2456 ﬁde
2985 2397 3035 2441 et
3071 2389 3304 2454 veritate,
3337 2397 3396 2442 ut
3436 2389 3576 2444 sicut

1983 2471 2234 2528 eumdem
2263 2472 2555 2541 Christum,
2581 2476 2673 2545 qui
2695 2477 2985 2532 suscitatus
3005 2487 3104 2543 est,
3137 2478 3445 2548 praedicavit
3469 2479 3571 2532 ho-

1981 2562 2180 2618 minem
2201 2603 2216 2626 ,
2250 2564 2468 2622 dicens:
2501 2567 2608 2622 Per
2633 2569 2892 2622 hominem
2916 2586 3054 2624 mors
3074 2609 3088 2633 ,
3129 2580 3178 2623 et
3199 2589 3289 2640 per
3314 2571 3571 2625 hominem

1981 2658 2289 2710 resurrectio
2339 2668 2695 2722 mortuorum;
2741 2660 2874 2712 sicut
2914 2661 3050 2714 enim
3091 2662 3145 2714 in
3186 2661 3354 2715 Adam
3393 2677 3571 2716 omnes

1980 2743 2290 2810 moriuntur,
2322 2745 2396 2798 ita
2416 2746 2470 2799 in
2501 2744 2708 2801 Christo
2737 2763 2912 2802 omnes
2941 2749 3328 2818 viviﬁcabuntur
3361 2749 3414 2821 (1
3444 2748 3566 2805 Cor.

1980 2849 2053 2888 xv
2075 2876 2091 2901 ,
2117 2833 2182 2888 21
2212 2878 2227 2901 ,
2259 2834 2350 2908 2‘2)
2380 2855 2394 2902 ;
2446 2853 2556 2892 non
2592 2838 2800 2893 minore
2828 2840 3037 2894 cautela
3075 2841 3319 2896 eumdem
3349 2841 3568 2909 Filium,

1980 2925 2073 2994 qui
2101 2941 2252 2981 suam
2281 2943 2498 2983 carnem
2533 2929 2621 2982 illa
2664 2943 2771 2998 qua
2803 2929 2898 2999 (al.
2928 2930 3068 3001 quae)
3095 2931 3316 3000 mqualis
3354 2938 3439 2986 est
3474 2929 3570 2985 Pa-

1981 3019 2048 3073 tri
2081 3020 2326 3089 potentia
2357 3015 2677 3086 suscitavit,
2718 3021 2884 3076 Deum
2922 3021 3201 3077 verissime
3226 3022 3568 3093 praedicaret,

1979 3110 2120 3166 sicut
2147 3111 2305 3180 hujus
2334 3111 2438 3168 loci
2467 3121 2645 3167 textus
2672 3112 2815 3167 clara
2847 3113 3280 3168 manifestatione
3309 3114 3566 3183 vulgavit.

1900 3227 1947 3292 C
1978 3199 2121 3257 Deus
2148 3203 2291 3257 enim
2321 3203 2410 3272 qui
2441 3203 2720 3258 suscitavit
2741 3203 3011 3259 Christum
3041 3221 3070 3259 a
3092 3206 3336 3271 mortuis,
3369 3207 3569 3277 quique

1982 3308 2112 3360 nos,
2142 3309 2257 3347 cum
2285 3296 2473 3348 mortui
2501 3312 2725 3350 essemus
2752 3296 2806 3348 in
2829 3296 3027 3352 delictis
3047 3337 3062 3361 ,
3101 3309 3149 3351 et
3173 3301 3423 3370 prwputio
3448 3318 3567 3354 rar-

1981 3385 2062 3438 nis
2091 3395 2303 3450 nostrae,
2321 3387 2692 3455 conviviﬁcavit
2717 3403 2830 3440 cum
2850 3388 2941 3441 illo
2962 3389 3180 3460 (Coloss.
3207 3406 3264 3455 ιι,
3291 3390 3402 3458 15),
3424 3391 3567 3447 idem

1981 3474 2138 3529 nobis
2166 3475 2358 3531 delicta
2390 3478 2569 3531 omnia
2599 3476 2819 3530 donavit
2842 3519 2857 3543 ,
2906 3487 2962 3531 et
2983 3480 3073 3547 qui
3101 3479 3320 3534 donavit
3347 3480 3565 3546 delicta,

1979 3565 2395 3635 chirographum
2430 3567 2576 3635 quod
2623 3566 2905 3621 adversum
2937 3583 3037 3621 nos
3065 3578 3182 3622 erat
3222 3570 3458 3634 delevit,
3510 3578 3566 3626 et

1920 3697 1925 3702 .
1979 3655 2248 3710 sublatum
2286 3657 2354 3711 de
2386 3656 2566 3712 medio
2593 3658 2738 3712 cruci
2767 3657 2963 3723 aﬂixit;
3015 3661 3106 3728 qui
3148 3660 3565 3733 chirographum

1978 3748 2123 3802 cruci
2180 3745 2386 3812 amxit,
2444 3746 2585 3803 idem
2631 3763 2691 3804 se
2737 3763 2898 3804 carne
2943 3751 3129 3816 exuit;
3191 3752 3280 3820 qui
3331 3769 3389 3808 se
3439 3770 3564 3810 car-

1979 3857 2046 3896 ne
2093 3842 2274 3904 exuit,
2321 3841 2411 3896 ille
2460 3841 2622 3896 etiam
2676 3844 2997 3913 principatus
3039 3853 3087 3897 et
3135 3854 3413 3914 potestates
3455 3858 3564 3902 tra-

1978 3931 2128 3986 duxit
2157 3932 2476 4003 conﬁdenter
2500 3972 2515 3996 ,
2561 3934 2734 4002 palam
2775 3935 3096 4006 triumphans
3135 3937 3252 3991 illos
3293 3940 3348 3992 in
3377 3949 3564 3994 semet-

1975 4027 2088 4094 ipso
2121 4024 2287 4097 (Ibid.
2318 4068 2334 4094 ,
2379 4025 2490 4096 15).
2533 4024 2658 4082 Haec
2686 4033 2907 4092 autem,
2959 4026 3126 4084 Paulo
3168 4038 3339 4097 teste,
3382 4033 3564 4088 omnia

1977 4115 2118 4174 Deus
2154 4117 2310 4182 fecit,
2357 4117 2448 4186 qui
2489 4115 2765 4172 Christum
2810 4135 2841 4172 a
2869 4121 3095 4174 mortuis
3124 4122 3418 4178 suscitavit.
3471 4126 3565 4179 At-

1975 4209 2230 4264 tendatur
2269 4211 2448 4279 itaque
2493 4211 2538 4264 si
2581 4209 2742 4267 Pater
2760 4213 3172 4284 chirographum
3206 4217 3349 4270 cruci
3371 4218 3564 4289 afﬁxit,

1975 4299 2020 4353 si
2049 4297 2212 4354 Pater
2234 4315 2294 4355 se
2323 4315 2486 4355 carne
2521 4301 2696 4366 exuit,
2743 4303 2785 4357 si
2838 4301 2999 4357 Pater
3026 4305 3359 4373 principatus
3387 4316 3442 4361 et
3473 4324 3564 4377 po-

1974 4397 2200 4445 testates
2224 4391 2480 4459 traduxit,
2499 4393 2674 4463 palam
2697 4394 3019 4463 triumphans
3044 4395 3162 4449 illos
3184 4396 3237 4448 in
3257 4398 3560 4465 semetipso;

1973 4489 2030 4538 et
2057 4483 2101 4537 si
2130 4482 2244 4538 hmo
2268 4486 2447 4538 omnia
2468 4493 2706 4555 paternae
2733 4487 3006 4556 potuerint
3034 4489 3558 4558 coaptaripersouce,

1973 4575 2133 4645 digne
2179 4577 2461 4646 negabitur
2500 4577 2666 4632 Filius
2713 4578 2800 4632 hic
2829 4579 2896 4634 ab
2927 4578 3186 4649 Apostolo
3227 4581 3562 4652 designatus,

1976 4668 2066 4724 ille
2092 4667 2297 4724 scilicet
2320 4667 2462 4723 Deus
2493 4669 2585 4737 qui
2612 4667 2886 4723 Christum
2922 4686 2951 4723 a
2993 4671 3218 4727 mortuis
3260 4671 3556 4726 suscitavit.

1978 4759 2036 4814 Si
2055 4766 2235 4814 autem
2259 4759 2439 4813 omnia
2461 4760 2710 4830 superius
2735 4758 3013 4827 designata
3044 4759 3178 4815 Filio
3203 4764 3367 4829 magis
3399 4779 3558 4833 quam

1982 4851 2129 4908 Patri
2159 4851 2522 4917 conveniunt,
2571 4859 2931 4921 cognoscatur
2971 4868 3106 4906 unus
3135 4860 3296 4921 atque
3326 4853 3462 4908 idem
3493 4854 3560 4908 ah

1980 4943 2240 5014 Apostolo
2266 4941 2589 5013 prasdicatus
2629 4941 2873 4997 Christus
2910 4941 2999 5011 qui
3040 4960 3068 4995 ιι
3110 4943 3335 4996 mortuis
3375 4960 3560 5000 resur-

1978 5035 2162 5104 rexit,
2213 5044 2269 5090 et
2297 5034 2438 5090 Deus
2465 5035 2556 5103 qui
2596 5032 2869 5088 Christum
2919 5049 2948 5087 a
2995 5032 3223 5087 mortuis
3260 5033 3556 5089 suscitavit.

1979 5125 2149 5196 Igitur
2175 5132 2231 5181 et
2251 5125 2344 5196 qui
2372 5125 2652 5181 suscitavit
2679 5123 3024 5192 semetipsum
3042 5164 3057 5190 ,
3085 5131 3139 5176 et
3166 5124 3450 5178 suscitatus
3478 5133 3556 5179 est

1977 5218 2221 5273 Christus
2259 5235 2272 5271 :
2313 5217 2437 5288 quia
2481 5217 2618 5272 sicut
2647 5217 2698 5270 in
2735 5231 2800 5270 eo
2827 5214 2972 5283 quod
3001 5213 3055 5268 in
3089 5229 3147 5268 se
3184 5215 3312 5269 fecit
3347 5215 3458 5284 ipse
3486 5212 3552 5268 di-

1977 5320 2170 5381 gnatus
2198 5318 2281 5366 est
2309 5307 2446 5374 fieri,
2478 5316 2533 5364 et
2563 5310 2616 5364 in
2645 5324 2711 5363 eo
2740 5306 2884 5380 quod
2911 5307 2965 5362 in
2994 5323 3052 5363 se
3090 5307 3310 5363 tradidit
3338 5309 3451 5378 ipse
3473 5306 3556 5363 di—
3582 5353 3588 5366 .

1976 5410 2168 5472 gnatus
2197 5408 2279 5456 est
2307 5399 2476 5467 tradi,
2507 5406 2560 5453 et
2587 5399 2641 5454 in
2667 5413 2733 5454 eo
2755 5398 2898 5469 quod
2929 5399 2982 5454 in
3011 5413 3070 5454 se
3109 5398 3279 5455 occidi
3316 5399 3558 5470 permisit

256 5148 503 5203 cundum
526 5147 828 5202 traditiones
855 5146 1140 5213 hominum,
1159 5143 1436 5200 secundum
1455 5143 1708 5197 elementa
1726 5158 1875 5196 mun-

253 5242 342 5305 di,
373 5248 428 5293 et
451 5255 551 5293 non
575 5239 854 5294 secundum
878 5236 1138 5292 Christum
1157 5253 1174 5290 :
1191 5237 1310 5307 quia
1329 5235 1386 5289 in
1409 5235 1521 5304 ipso
1543 5231 1741 5287 habitat
1773 5233 1866 5302 (al.

252 5329 557 5400 inhabitat)
584 5330 752 5384 omnis
781 5327 1044 5399 plenitudo
1070 5325 1356 5381 divinitatis
1394 5322 1732 5392 corporaliter
1752 5361 1769 5386 ,
1818 5326 1873 5374 et

250 5423 398 5477 estis
429 5423 486 5477 in
512 5421 606 5478 illo
635 5421 847 5492 repleti,
879 5422 964 5493 qui
993 5427 1069 5474 est
1093 5425 1247 5490 caput
1276 5418 1445 5472 omnis
1467 5414 1789 5485 principatus
1818 5419 1869 5464 et

2055 5612 2168 5667 cita
2183 5607 2538 5675 ms.Victor.;
2569 5608 2918 5665 atms.C0rb.
2949 5619 3002 5665 et
3027 5609 3316 5675 ed.,Deum
3335 5609 3547 5664 Filium.

2044 5679 2071 5720 ἀ
2098 5682 2195 5737 Ms.
2223 5678 2410 5745 Corb.,
2442 5681 2690 5747 decretis,
2719 5679 2870 5750 juxta
2907 5689 3111 5736 textum
3138 5678 3378 5738 Gnecum
3408 5682 3552 5750 Apo-

1972 5754 2126 5826 stoli_,
2156 5761 2262 5814 τοῐς
2290 5750 2554 5826 abnuant.

340 5636 372 5664 ι
404 5622 486 5680 Ita
513 5626 796 5680 restitutus
817 5629 902 5677 est
923 5621 1008 5677 hic
1038 5621 1188 5676 locus
1216 5635 1286 5676 ex
1299 5633 1426 5674 mss.
1441 5616 1604 5674 Corb.
1629 5612 1864 5671 etsBasil.

261 5698 472 5755 Colon.
505 5706 684 5768 autem
713 5704 769 5768 et
795 5694 919 5768 Ant.
958 5692 1260 5768 habebant,
1294 5687 1404 5768 Qui
1431 5697 1602 5768 tamen
1643 5702 1749 5768 non
1779 5701 1866 5768 se:

262 5753 507 5826 eundum
535 5766 592 5820 id
619 5765 754 5837 quod
783 5781 848 5819 ex
868 5762 980 5819 Deo
1003 5761 1190 5826 Patre,
1214 5753 1304 5815 sed
1326 5753 1607 5837 secundum
1644 5757 1700 5810 id
1725 5753 1866 5817 quod
1972 5754 2134 5837 stoli',
2156 5761 2262 5814 τοῖς
2290 5753 2554 5837 abund-tv-
2593 5830 2604 5837 _
2740 5829 2752 5837 Α
2963 5831 2974 5837 _
3208 5821 3264 5837 η,

264 5821 568 5899 semine
593 5821 816 5890 A'brahte
840 5821 1187 5917 cognoscatur
1200 5833 1506 5917 surrexisse.
2043 5823 2172 5917 "Pa
2200 5838 2328 5878 11188-
2357 5821 2527 5878 Ὁοτδ-
2555 5830 2608 5878 εί
2641 5821 2840 5879 νίοεοτ·
2868 5840 2882 5890 ἶ
2926 5831 2980 5876 ⁸η
3008 5822 3166 5885 editis
3205 5821 3292 5876 δίε
3325 5834 3379 5875 ⁸⁸³
3408 5831 3455 5874 ⁸⁸
3477 5823 3550 5874 (θ’

348 5911 382 5950 δ
414 5908 513 5965 Ms.
545 5907 780 5973 Victor.,
807 5895 948 5958 Filio
976 5920 1068 5958 suo
1097 5906 1323 5974 proprio.
1969 5895 2152 5965 gentis.

557 5999 826 6058 Ριτιιοι..
872 5991 1068 6054 LXV.
1697 6075 1756 6086 In,
1775 6072 1793 6086 ,

3077 5985 3149 6044 10
