4072 6332
530 482 639 545 299

1556 470 1628 535 .S.
1669 462 2033 526 FULGENTII
2070 458 2375 522 EPISCOPI
2414 450 2782 517 RUSPENSIS

3682 446 3783 509 800

531 598 648 671 ipse
681 594 839 670 ιω
863 593 1110 662 dignatus
1147 596 1226 644 est
1277 586 1432 651 mori,
1505 585 1583 640 sic
1610 584 1661 638 in
1690 597 1757 639 eo
1785 580 1932 652 quod
1960 581 2013 635 in
2051 594 2112 637 se
2133 584 2184 646 Α
2213 593 2361 643 vare,
2410 577 2550 632 sicut
2600 573 2886 644 Apostolus
2921 572 3084 627 dicit:
3120 568 3391 644 Nusquam
3418 576 3553 629 enim
3582 579 3792 650 angelos

531 693 811 751 suscitavit
833 690 948 759 ipse
975 686 1220 754 dignatus
1249 691 1332 737 est
1359 678 1625 735 suscitari.

529 787 712 844 Carus
753 799 932 841 xxxiv.
981 780 1295 834 Humanitas
1324 775 1515 831 Christi
1543 788 1645 826 non
1676 781 1783 827 tota
1805 771 1917 844 fuit
1944 771 2001 844 in
2026 782 2112 822 se-

603 838 896 929 Merely:
923 854 1149 929 inferno,
1180 849 1271 929 sed
1290 857 1407 929 tota
1434 845 1503 929 ibi
1534 845 1629 926 fuit
1658 838 2114 929 diriuiit'auliecta

754 906 1158 1000 harundinae
1178 916 1375 1000 Christi.
1397 906 1781 1000 (ξιοίαὲιίξςμιςιξιιδ.⁸
1807 906 1949 1000 Varii
1972 926 2114 1000 σίν-Ἧ-

604 972 1166 1051 ζῷ”εέἓὲἀῖῆἷέξὶὶλή
1190 972 1553 1043 ήΜηνεὶοηὶἱαξ.
1594 972 1867 1037 Εὔιοηὶιτε.
1908 972 2110 1051 Ariani.

602 1048 935 1122 Eunomiani.
952 1062 1357 1129 Apollinarium.
1382 1055 1653 1129 Noesiani.
1673 1048 2114 1129 SalaellianiLPa-

604 1118 927 1208 ﬁipassiani.
986 1118 1340 1188 Valentiniani
1384 1136 1433 1182 et
1471 1124 1879 1198 Apollinarium.
1947 1118 2116 1174 Error

602 1206 739 1263 circa
770 1206 1023 1277 Spiritum
1046 1213 1301 1258 sanctum.

604 1297 925 1354 Humanitas
947 1308 1076 1365 ergo
1096 1308 1223 1350 vera
1244 1291 1366 1346 Filii
1390 1289 1507 1358 Dei,
1534 1303 1633 1344 nec
1656 1294 1767 1341 tota
1792 1286 1845 1339 in
1866 1281 2114 1353 sepulcro

530 1387 652 1457 fuit,
673 1406 772 1447 nec
795 1398 906 1446 tota
929 1389 981 1444 in
1003 1385 1233 1453 inferno,
1249 1382 1344 1440 sed
1364 1382 1418 1437 in
1440 1374 1686 1451 sepulcro
1708 1373 1998 1433 secundum
2021 1386 2116 1457 ve-

530 1497 646 1538 ram
661 1497 875 1537 carnem
892 1462 1134 1535 Christus
1155 1484 1398 1530 mortuus
1413 1470 1599 1540 jacuit,
1619 1476 1673 1522 et
1692 1462 1982 1522 secundum
2000 1450 2117 1516 ani-

529 1590 675 1632 mam
705 1574 772 1628 ad
805 1572 1070 1627 infernum
1107 1567 1349 1623 Christus
1384 1558 1659 1619 descendit
1688 1576 1701 1611 :
1733 1572 1795 1612 ac
1822 1551 2116 1610 secundum

529 1667 776 1724 eamdem
806 1665 1037 1720 animam
1063 1661 1130 1717 ab
1153 1659 1361 1715 inferno
1387 1656 1455 1711 ad
1481 1667 1695 1710 carnem
1712 1691 1727 1717 ,
1760 1663 1920 1719 quam
1947 1646 2000 1701 in
2029 1660 2117 1700 se-

529 1758 717 1830 pulcro
745 1757 1061 1825 reliquerat,
1089 1750 1276 1816 rediit;
1301 1744 1594 1803 secundum
1623 1740 1954 1796 divinitatem
1984 1749 2117 1789 vero

530 1838 683 1906 suam
706 1888 722 1915 ,
762 1864 881 1920 quae
909 1862 1010 1903 nec
1038 1846 1161 1900 loco
1198 1849 1411 1898 tenetur
1433 1880 1448 1907 ,
1494 1852 1596 1893 nec
1624 1832 1729 1889 ﬁne
1756 1828 2113 1891 concluditur,

530 1948 675 1998 totus
697 1940 794 1996 fuit
815 1939 869 1995 in
890 1937 1135 2009 sepulcro
1157 1951 1277 1991 cum
1303 1947 1487 1997 carne,
1509 1937 1655 1985 totus
1678 1927 1729 1981 in
1763 1924 1968 1980 inferno
1994 1935 2123 1977 cum-

533 2033 730 2099 anima,
763 2048 827 2088 ac
855 2047 951 2102 per
974 2030 1097 2093 hoc,
1129 2027 1321 2099 plenus
1349 2025 1445 2079 fuit
1475 2021 1670 2092 ubique
1696 2015 1959 2079 Christus,
1990 2012 2116 2084 quia

533 2138 640 2177 non
675 2131 760 2178 est
779 2122 918 2176 Deus
940 2119 1008 2175 ab
1028 2115 1359 2173 humanitate
1379 2126 1540 2182 quam
1562 2113 1873 2176 susceperat
1900 2116 2116 2173 separa-

532 2222 647 2280 tus,
677 2214 768 2283 qui
796 2221 851 2268 et
879 2213 932 2266 in
962 2210 1139 2265 anima
1165 2222 1261 2262 sua
1289 2205 1406 2272 fuit,
1439 2211 1496 2257 ut
1524 2198 1713 2256 solutis
1738 2193 1931 2252 inferni
1958 2191 2115 2248 dolo-

530 2306 680 2363 ribus
705 2305 771 2362 ab
800 2303 1010 2360 inferno
1038 2300 1230 2357 victrix
1259 2297 1479 2364 rediret,
1511 2301 1565 2348 et
1594 2294 1650 2347 in
1677 2303 1841 2347 carne
1870 2302 1965 2342 sua
1993 2285 2114 2350 fuit,

530 2406 592 2453 ut
618 2395 781 2452 celeri
808 2391 1208 2451 resurrectione
1231 2382 1503 2456 corrumpi
1532 2400 1640 2438 non
1675 2385 1879 2452 posset.
1921 2374 2117 2431 Totum

529 2488 693 2559 igitur
712 2488 987 2544 hominem
1013 2500 1137 2541 cum
1159 2478 1270 2538 suis
1295 2475 1710 2539 inﬁrmitatibus,
1734 2472 1849 2527 sine
1868 2475 2117 2542 peccato,

529 2577 629 2636 Dei
666 2578 832 2635 Filius
868 2594 968 2649 pro
1013 2574 1167 2631 nobis
1211 2571 1420 2643 accepit
1450 2587 1464 2623 :
1495 2569 1548 2623 in
1576 2575 1693 2621 toto
1724 2563 1946 2618 traditus
1974 2559 2116 2614 idem

529 2665 773 2731 Christus
818 2666 1111 2725 secundum
1135 2660 1305 2722 solam
1328 2677 1546 2719 carnem
1565 2669 1649 2716 est
1667 2666 1940 2722 mortuus;
1973 2661 2119 2708 totus

528 2759 777 2819 Christus
801 2761 1095 2819 secundum
1140 2757 1311 2814 solam
1353 2756 1587 2811 animam
1633 2750 1701 2807 ad
1728 2749 1990 2806 infernum
2020 2748 2117 2803 de-

529 2854 765 2921 scendit;
795 2853 935 2909 idem
959 2860 1119 2920 atque
1150 2847 1519 2919 inseparabilis
1549 2845 1792 2900 Christus
1825 2839 2118 2897 secundum

528 2945 700 3000 solam
749 2959 964 2999 carnem
996 2941 1065 2997 de
1090 2941 1338 3013 sepulcro
1365 2935 1638 3001 surrexit;
1683 2933 1823 2988 idem
1851 2939 2010 3000 atque
2036 2930 2118 2986 in-

529 3034 844 3106 separabilis
863 3033 1107 3090 Christus
1128 3029 1422 3088 secundum
1441 3035 1614 3082 totum
1634 3022 1926 3085 hominem,
1956 3034 2119 3089 quem

532 3125 759 3195 accepit,
785 3133 981 3179 terram
1004 3122 1246 3178 localiter
1273 3120 1525 3176 deserens
1547 3115 1616 3171 ad
1636 3114 1831 3170 caelum
1856 3109 2116 3177 ascendit,

533 3224 588 3271 et
618 3214 669 3269 in
699 3213 901 3270 dextris
929 3213 1026 3267 Dei
1053 3211 1192 3268 sedit
1232 3214 1247 3279 (
1274 3210 1347 3263 al.
1378 3204 1530 3263 sedet
1552 3208 1603 3277 );
1645 3202 1938 3260 secundum
1966 3216 2121 3256 enm-

531 3294 653 3360 dem
692 3308 867 3359 totum
900 3302 1173 3358 hominem
1209 3308 1467 3355 venturus
1505 3296 1570 3352 ad
1595 3291 1941 3366 judicandum
1969 3293 2121 3347 vivos

532 3405 589 3453 et
615 3404 889 3460 mortuos;
919 3403 1275 3450 coronaturus
1302 3390 1489 3447 ﬁdeles
1517 3399 1571 3445 et
1599 3390 1738 3461 pios,
1770 3388 1889 3442 illos
1916 3386 2120 3443 scilicet

531 3486 622 3557 qui
649 3501 772 3541 eum
796 3485 848 3540 in
871 3492 1116 3553 utraque,
1145 3482 1197 3538 id
1226 3490 1310 3537 est
1336 3481 1389 3535 in
1418 3472 1596 3535 divina
1626 3480 1961 3546 humanaque
1988 3476 2117 3530 sub-

533 3574 758 3640 Stantia,
791 3589 995 3638 verum,
1029 3572 1246 3642 plenum
1280 3578 1335 3625 et
1364 3567 1658 3640 perfectum
1686 3564 1985 3626 credentes,
2018 3578 2121 3619 nec

530 3662 628 3720 Dei
642 3661 779 3720 Filio
790 3663 990 3733 aliquid
1007 3671 1243 3734 paterna:
1257 3658 1566 3715 substantiae
1586 3657 1852 3722 minuunt,
1876 3663 1930 3710 et
1947 3660 2120 3709 totum

532 3772 634 3829 pro
661 3772 720 3812 se
747 3764 1052 3826 susceptum
1084 3754 1352 3817 hominem
1377 3752 1492 3805 sine
1518 3757 1742 3821 peccato
1767 3756 2116 3817 cognoscunt.

530 3844 1001 3904 Condemnaturus
1011 3853 1188 3898 autem
1203 3841 1466 3904 inﬁdeles,
1484 3842 1573 3911 qui
1588 3841 1825 3895 diversos
1839 3838 2121 3908 cujuslibet

532 3934 768 4013 perfiditc
798 3939 1072 3997 sectantur
1098 3951 1335 4002 errores,
1389 3935 1587 4004 quique
1636 3935 1688 3987 in
1732 3934 1809 3988 eis
1861 3932 1931 3985 ita
1962 3931 2121 3986 simul

534 4027 799 4084 obdurato
827 4026 991 4083 corde
1019 4026 1332 4097 perdurant,
1357 4033 1415 4079 ut
1442 4041 1537 4081 eos
1567 4040 1732 4094 usque
1761 4020 1825 4077 ad
1846 4024 1967 4079 vita:
1985 4038 2121 4092 prae-

534 4119 701 4175 sentis
727 4119 933 4173 obitum
958 4132 1065 4171 non
1094 4116 1398 4184 relinquant
1425 4134 1436 4168 :
1472 4114 1523 4169 in
1553 4114 1745 4184 quibus
1770 4121 1893 4167 sunt
1922 4111 1999 4165 illi
2026 4112 2119 4181 qui

536 4208 593 4264 in
618 4208 832 4265 Christo
877 4207 1214 4277 phantasiam
1244 4194 1435 4262 carnis
1482 4204 1681 4259 audent
1727 4202 1969 4268 credere,
1998 4218 2121 4257 cum

536 4310 659 4355 eum
688 4298 972 4353 veritatem
1000 4298 1178 4353 carnis
1211 4297 1479 4365 denegant
1519 4295 1821 4366 accepisse;
1855 4293 1929 4348 illi
1959 4295 2121 4348 etiam

537 4390 649 4463 qui,
684 4394 734 4447 in
766 4408 831 4448 eo
858 4390 1191 4447 divinitatem
1235 4390 1557 4446 omnimodis
1578 4391 1920 4458 abnegautes,
1952 4389 2121 4443 solam

535 4480 768 4540 hominis
790 4488 977 4554 putant
1004 4480 1166 4537 fuisse
1194 4481 1583 4547 substantiam;
1613 4476 1705 4534 sed
1728 4489 1783 4534 et
1811 4474 1865 4533 hi
1886 4480 1977 4549 qui
1999 4494 2122 4534 eum

537 4578 625 4635 vel
653 4576 718 4634 de
745 4578 856 4634 Deo
885 4574 1041 4633 Patre
1070 4576 1239 4631 Deum
1280 4575 1546 4644 denegant
1576 4572 1890 4628 naturaliter
1915 4580 2122 4642 natum,

2215 667 2577 741 apprehendit,
2631 664 2721 719 sed
2767 679 2935 720 semen
2983 663 3205 718 Abrahw
3251 665 3610 735 apprehendit,
3658 670 3795 723 unde

2214 758 2387 815 debuit
2408 775 2498 830 per
2526 760 2701 813 omnia
2731 754 2976 829 [ratribus
2996 754 3216 811 similari
3245 754 3434 827 (Hebr.
3466 775 3524 821 ιι.
3556 758 3642 826 16,
3678 761 3788 834 17).

2213 853 2464 924 Suscepit
2487 866 2616 922 ergo
2637 846 2803 906 Filius
2831 849 2929 906 Dei
2956 849 3187 904 animam
3213 857 3475 916 nostram,
3504 850 3555 906 id
3586 860 3668 907 est
3686 869 3795 908 me-

2212 938 2315 1001 lius
2336 952 2598 1009 nostrum,
2627 934 2751 1013 quia
2779 942 2969 996 melior
2996 948 3079 995 est
3106 941 3327 996 meliore
3349 950 3568 1008 nostro;
3598 942 3665 998 de
3684 961 3793 1013 quo

2211 1033 2447 1090 Joannes
2472 1032 2639 1089 dicit:
2672 1034 2851 1105 Major
2884 1018 2959 1086 est
2997 1029 3135 1086 Deus
3164 1028 3317 1086 corde
3344 1041 3518 1088 nostro
3550 1026 3605 1106 (Ι
3631 1033 3791 1091 Joan.

2212 1144 2289 1194 ιιι,
2323 1127 2437 1199 20),
2473 1124 2624 1201 ιιι
2657 1126 2750 1183 sed
2797 1143 2904 1181 non
2954 1125 3157 1195 sprevit
3196 1127 3357 1180 etiam
3406 1141 3621 1181 carnem
3666 1145 3793 1187 nos-

2216 1231 2372 1288 tram,
2402 1220 2457 1275 id
2486 1228 2567 1276 est
2607 1218 2845 1274 intimum
2878 1214 2971 1289 (al.
3004 1212 3294 1287 inﬁrmum)
3340 1227 3581 1274 nostrum
3625 1220 3797 1278 susci-

2214 1328 2364 1384 pere,
2411 1310 2534 1395 quia
2577 1318 2750 1366 totum
2802 1306 3072 1365 hominem
3120 1317 3342 1364 venerat
3389 1302 3643 1381 liberare;
3693 1330 3797 1371 nec

2214 1403 2390 1476 potuit
2434 1396 2615 1457 inﬁmo
2659 1409 2846 1457 nostro
2879 1412 2901 1437 ³
2922 1398 3149 1455 inﬁmus
3178 1398 3313 1469 ﬁeri,
3358 1417 3454 1471 per
3487 1418 3644 1473 quem
3674 1406 3796 1462 iulio

2216 1512 2362 1550 mum
2390 1499 2631 1548 nostrum
2675 1492 2728 1547 in
2768 1490 2896 1546 illud
2925 1507 3124 1547 nomen
3167 1486 3302 1564 quod
3330 1490 3480 1563 super
3509 1512 3659 1551 omne
3694 1516 3794 1555 no-

2217 1605 2332 1643 men
2353 1592 2426 1641 est
2458 1585 2652 1641 meruit
2672 1580 2915 1647 exaltari,
2943 1593 2999 1637 ut
3029 1585 3083 1638 in
3116 1584 3320 1638 nomine
3345 1580 3468 1641 Iesu
3496 1604 3645 1643 omne
3662 1588 3797 1661 genis

2218 1683 2478 1754 ﬂectatur,
2521 1679 2819 1741 caelestium,
2853 1676 3187 1751 terrestrium,
3233 1686 3281 1730 et
3319 1677 3660 1750 infernarum,
3689 1680 3717 1719 ιι
3745 1691 3798 1737 et

2218 1774 2384 1831 omnis
2412 1766 2588 1845 lingua
2616 1771 2923 1842 conﬁteatur
2959 1769 3077 1841 quia
3099 1768 3349 1824 Dominus
3377 1769 3527 1826 Jesus
3565 1771 3797 1830 Christus

2218 1867 2273 1922 in
2301 1864 2466 1939 gloria
2492 1874 2567 1920 est
2596 1852 2695 1919 Dei
2719 1860 2892 1918 Patris
2944 1858 3164 1934 (Philip.
3196 1878 3253 1931 ιι,
3293 1848 3471 1934 9—H).
3502 1864 3605 1931 Qui
3632 1866 3790 1921 etiam

2148 1961 2191 2019 Β
2221 1958 2341 2015 illos
2396 1955 2675 2015 tormentis
2729 1965 2811 2012 est
2840 1952 3319 2011 interminabilibus
3363 1955 3671 2023 traditurus,
3704 1958 3797 2027 qui
3830 1946 3833 1949 ’

2218 2049 2390 2106 sancti
2441 2048 2670 2121 Spiritus
2708 2055 2957 2103 naturam
2989 2061 3019 2100 a
3045 2046 3341 2101 substantia
3372 2043 3541 2099 Patris
3566 2046 3799 2117 Filiique

2218 2141 2547 2203 discernunt,
2579 2147 2638 2195 ut
2663 2138 2750 2192 vel
2770 2139 2989 2192 omnino
3018 2152 3139 2193 eum
3169 2137 3522 2207 personaliter
3548 2152 3663 2193 esse
3683 2154 3798 2195 non

2218 2240 2434 2304 putent;
2464 2231 2569 2297 vel,
2594 2239 2845 2301 tanquam
2867 2230 3186 2295 ministrum,
3218 2229 3392 2284 meriti
3419 2244 3639 2299 prorsus
3664 2231 3802 2288 infe-

2218 2324 2377 2380 rioris
2402 2324 2743 2388 existiment;
2787 2321 2889 2393 ipsi
2934 2321 3035 2376 sibi
3064 2336 3161 2377 sua
3184 2321 3516 2391 professione
3551 2322 3645 2393 (al.
3671 2337 3801 2378 con-

2217 2416 2473 2491 fessione)
2522 2416 2800 2486 contrarii,
2847 2415 2939 2486 qui
2977 2429 3037 2472 se
3080 2414 3167 2471 vel
3215 2412 3270 2469 in
3319 2416 3409 2470 illo
3446 2415 3539 2484 qui
3580 2415 3800 2473 omnino

2218 2527 2327 2568 non
2354 2519 2455 2576 est,
2487 2509 2574 2564 vel
2602 2509 2656 2563 in
2700 2522 2767 2564 eo
2807 2506 2898 2577 qui
2926 2504 3067 2561 Deus
3104 2519 3213 2559 non
3249 2511 3351 2571 est,
3385 2503 3607 2560 credere
3634 2502 3801 2561 conﬁ-

2217 2608 2418 2656 tentur.

2220 2711 2402 2769 Carur
2432 2726 2594 2766 xxxv.
2637 2706 2762 2763 Tres
2788 2722 3021 2777 persona
3059 2706 3255 2777 pariter
3285 2705 3565 2777 uiuiﬁcant.
3597 2703 3799 2777 Pariter

2290 2784 2443 2837 etiam
2467 2772 2799 2837 reneaeranti
2829 2776 2948 2832 Una
2974 2772 3169 2831 caritas
3191 2772 3346 2830 trium
3364 2772 3419 2829 in
3449 2775 3616 2829 nobis.
3639 2772 3795 2828 Habi-

2293 2798 2443 2837 etiam
2467 2798 2589 2835 rene
2623 2798 2792 2834 erant.
2829 2798 2948 2832 una
2974 2798 3169 2831 cantas
3191 2798 3346 2830 srsum
3364 2798 3419 2829 tn
3449 2798 3616 2829 ηουιε.
3639 2798 3794 2828 Πανι-

2293 2861 2406 2906 tant
2427 2853 2481 2905 in
2504 2798 2670 2905 uagis.
2700 2847 2844 2901 Dant
2872 2848 3111 2918 gratiam.
3145 2844 3407 2918 Templum
3442 2862 3616 2918 sumus
3645 2847 3794 2918 totius

2293 2922 2586 2977 Trinitatis.
2624 2913 2943 2989 Repetantur
2966 2913 3399 2989 summatim'qute
3430 2916 3565 2987 dicta
3591 2923 3709 2969 sunt
3735 2913 3798 2968 de

2292 2993 2493 3064 Spiritu
2511 2987 2712 3046 saneto.
2736 2989 2878 3043 Deus
2897 3002 3031 3043 unus
3050 2994 3100 3041 st
3123 2987 3308 3041 trinas.

2292 3102 2365 3159 Ut
2390 3102 2533 3158 enim
2562 3114 2730 3171 pauca
2756 3096 2915 3167 hujus
2937 3096 3115 3168 operis
3144 3108 3306 3152 causa
3326 3093 3620 3163 subjiciam,
3651 3092 3799 3149 dicm-

2221 3204 2327 3250 tur.
2355 3190 2482 3264 quid
2528 3190 2705 3244 minus
2753 3187 2915 3243 habet
2951 3180 3184 3258 Spiritus
3210 3186 3418 3242 sanctus
3447 3188 3604 3253 quam
3636 3181 3802 3238 habet

2223 3283 2386 3339 Pater
2411 3290 2470 3338 et
2486 3280 2684 3345 Filius,
2715 3280 2807 3350 qui
2836 3287 2891 3333 et
2918 3279 3127 3332 initium
3152 3276 3440 3332 creationis
3462 3280 3657 3328 nostra:
3675 3282 3803 3327 cum

2222 3376 2383 3432 Patre
2411 3390 2477 3431 ac
2512 3373 2650 3429 Filio
2677 3371 2837 3427 simul
2874 3369 3021 3437 fecit,
3051 3376 3106 3424 et
3142 3367 3388 3423 effectum
3418 3362 3804 3434 redemptionis

2221 3476 2417 3524 nostrae
2442 3480 2566 3523 cum
2585 3463 2746 3521 Patre
2763 3462 2921 3519 simul
2952 3461 3192 3529 Filioque
3221 3452 3465 3528 perfecit?
3489 3446 3698 3512 Caelum
3726 3453 3804 3510 fe-

2220 3557 2361 3615 cisse
2385 3557 2580 3613 dicitur
2622 3553 2792 3619 Deus;
2818 3552 2910 3609 sed
2941 3556 3202 3622 operante
3230 3547 3407 3613 Patre,
3451 3545 3609 3601 simul
3633 3548 3689 3600 et
3710 3543 3807 3598 Fin

2220 3649 2323 3704 lius
2344 3648 2614 3703 invenitur
2641 3652 2986 3715 cooperator,
3009 3651 3064 3697 et
3089 3641 3320 3712 Spiritus
3347 3647 3597 3694 sanctus:
3634 3633 3808 3690 Verbo

2221 3743 2363 3799 enim
2393 3739 2604 3795 Domini
2631 3737 2747 3791 creti
2771 3735 2970 3807 ﬁrmati
3009 3740 3147 3800 sunt,
3195 3741 3244 3787 et
3292 3730 3494 3801 Spiritu
3537 3728 3643 3782 aris
3692 3727 3810 3797 ejus

2221 3836 2388 3891 omnis
2415 3835 2571 3887 virtus
2601 3847 2777 3885 eorum
2796 3828 2969 3899 (Psal.
2986 3822 3402 3895 xxxn,6).Quid
3423 3820 3584 3875 Patre
3606 3819 3694 3874 vel
3714 3817 3808 3872 Fi-

2222 3926 2296 3980 lio
2320 3925 2495 3978 minus
2522 3914 2724 3976 habere
2753 3919 3010 3983 creditur,
3044 3932 3072 3972 a
3101 3924 3209 3987 quo
3237 3917 3404 3971 virtus
3430 3912 3603 3969 omnis
3631 3912 3805 3968 cutio-

2221 4033 2341 4073 rum
2373 4014 2580 4069 ﬁrmata
2624 4010 2990 4068 monstratur?
3010 4000 3188 4065 Vitam
3219 4007 3347 4062 dare
3400 4007 3574 4061 nullus
3602 4011 3803 4075 potest,

2222 4108 2325 4164 nisi
2353 4108 2445 4178 qui
2471 4103 2897 4162 substantialiter
2920 4103 3061 4157 Deus
3099 4109 3213 4165 est;
3243 4100 3385 4154 sicut
3423 4102 3603 4152 autem
3631 4086 3810 4151 viviﬁ-

2224 4210 2313 4257 cat
2342 4202 2518 4263 Pater,
2550 4197 2627 4252 sic
2656 4190 2891 4250 vivificat
2936 4192 3119 4258 Filius,
3170 4192 3246 4247 sic
3291 4188 3524 4244 vivificat
3570 4182 3809 4258 Spiritus

2222 4301 2459 4347 sanctus.
2485 4286 2538 4342 Ν
2544 4306 2627 4342 am
2655 4288 2785 4341 sicut
2808 4286 2971 4340 Pater
2996 4282 3210 4339 suscitat
3233 4290 3459 4336 mortuos
3488 4284 3537 4333 et
3560 4278 3809 4347 uiuiﬁcus,

2223 4382 2299 4436 sic
2337 4392 2387 4437 et
2421 4380 2591 4435 Filius
2635 4395 2762 4451 quos
2809 4377 2915 4431 vult
2954 4375 3175 4446 vivi/icui
3206 4371 3381 4444 (Joan.
3415 4374 3470 4437 'v‘,
3495 4362 3610 4437 ‘21).
3645 4366 3712 4420 Et
3740 4365 3814 4422 de

2224 4473 2426 4546 Spiritu
2448 4471 2733 4544 Apostolus
2754 4468 2913 4525 dicit:
2939 4467 3135 4521 Littera
3159 4464 3363 4530 occidit,
3390 4462 3614 4533 Spiritus
3632 4465 3813 4513 autem

2226 4566 2448 4635 viviﬁcat
2496 4561 2580 4633 (II
2625 4561 2744 4616 Cor.
2779 4577 2851 4627 ιιι,
2884 4557 2961 4632 6).
2994 4556 3137 4613 Idem
3179 4570 3362 4612 rursus
3403 4554 3508 4608 ait:
3543 4550 3606 4608 Si
3632 4560 3814 4605 autem

536 4670 624 4727 vel
654 4676 824 4726 totam
872 4685 979 4725 non
1024 4666 1247 4723 credunt
1292 4666 1526 4723 hominis
1556 4667 1607 4720 in
1633 4665 1848 4720 Christo
1876 4665 2126 4719 substan-
2156 4725 2193 4733 _
2228 4658 2455 4733 Spiritus
2481 4661 2612 4730 ejus,
2645 4656 2731 4729 qui
2751 4656 3011 4710 suscitauit
3038 4651 3218 4706 Iesum
3244 4648 3502 4705 Christum
3522 4644 3813 4712 amortuis,

538 4761 688 4817 tiam.
721 4760 980 4816 Similiter
1006 4767 1061 4814 et
1090 4760 1210 4814 illos
1244 4759 1695 4814 condemnaturus
1734 4756 1981 4810 adveniet
2008 4756 2119 4826 qui,
2150 4725 2203 4785 D
2227 4725 2424 4807 habitat
2451 4725 2518 4806 inv
2536 4725 2673 4806 robii
2694 4790 2707 4814 ,
2734 4750 2817 4817 qui
2848 4745 3109 4801 suscitavit
3128 4740 3307 4797 Iesum
3336 4736 3593 4794 Christum
3614 4754 3644 4789 a
3664 4750 3813 4791 mor-

539 4869 608 4910 ex
635 4853 965 4934 operationis
994 4853 1199 4906 unitate
1227 4867 1388 4905 unum
1418 4849 1583 4903 Dcum
1616 4850 1824 4903 Patrem
1854 4856 1908 4901 ct
1930 4844 2123 4901 Filium

542 4930 844 5015 credentes,
870 4948 1093 5002 alterum
1118 4961 1180 5000 ex
1218 4944 1387 4997 altero
1428 4942 1507 4997 sic
1536 4951 1718 4996 natum
1750 4939 2034 5008 denegant,
2065 4930 2125 4992 ut

540 5037 895 5108 personaliter
926 5034 1138 5090 Patrem
1172 5034 1471 5102 Filiumque
1514 5029 1871 5093 confundant;
1902 5028 2121 5098 quique,

544 5124 689 5185 Patri
727 5130 1013 5184 humanam
1062 5126 1264 5200 pariter
1309 5126 1647 5181 nativitatem
1693 5120 2025 5194 assignantes
2070 5130 2128 5178 et

544 5229 794 5285 mortem,
818 5218 991 5289 ipsum
1022 5218 1236 5275 Patrem
1263 5217 1447 5274 dicunt
1477 5223 1663 5271 natum
1692 5231 1762 5271 ex
1788 5208 2026 5283 Virgine,
2050 5213 2133 5284 ip-

544 5328 664 5369 sum
707 5313 871 5367 etiam
921 5327 1135 5382 passum
1186 5310 1418 5365 fatentur
1465 5309 1517 5363 in
1566 5324 1745 5363 carne.
1794 5304 1919 5362 Illos
1965 5305 2130 5360 etiam

544 5410 749 5459 αξιοι*ηο
795 5401 1173 5459 condemnabit
1217 5400 1528 5470 gehennalis
1569 5398 1818 5454 tormenti
1844 5392 2127 5467 supplicio,

544 5490 637 5561 qui
665 5507 860 5562 corpus
886 5490 1085 5545 Christi
1116 5507 1219 5544 non
1248 5506 1313 5543 ex
1359 5490 1573 5557 Virgine
1620 5487 1856 5544 fatentur
1884 5488 2133 5543 substan-

546 5581 749 5637 tialiter
767 5594 1060 5652 sumptum,
1075 5581 1169 5636 sed
1197 5579 1511 5648 conﬁngunt
1539 5580 1608 5636 de
1628 5580 1765 5636 ccelo
1786 5579 2087 5648 depositum
2113 5594 2127 5631 :

545 5690 669 5733 cum
699 5675 791 5728 Dei
829 5674 992 5731 Filius
1027 5684 1310 5745 propterea
1345 5674 1413 5727 de
1443 5672 1656 5728 homine
1686 5681 1931 5727 naturam
1973 5668 2134 5725 fuerit

548 5760 796 5833 dignatus
814 5768 1056 5836 corporis
1078 5764 1275 5821 terreni
1297 5767 1586 5835 suscipere,
1619 5766 1744 5834 quia
1776 5780 1879 5819 non
1909 5770 2130 5819 venerat

549 5871 647 5913 eos
673 5855 766 5925 qui
793 5856 847 5911 in
887 5857 1045 5921 creto,
1092 5857 1187 5914 sed
1233 5873 1329 5913 eos
1370 5857 1463 5926 qui
1502 5856 1713 5911 fuerant
1751 5855 1803 5910 in
1836 5863 1981 5911 terra
2018 5855 2123 5909 sal-

538 6000 551 6076 ‘,_
626 5998 649 6025 ·
680 5987 868 6057 Basil.,
900 5990 1141 6062 inferius.

2229 4846 2326 4900 tuis
2355 4843 2629 4915 viviﬁcabit
2651 4848 2700 4894 et
2720 4839 2960 4894 mortalia
2979 4844 3200 4907 corpora
3219 4839 3403 4895 uestra,
3427 4838 3635 4900 prapter
3661 4827 3818 4881 inha-

2229 4910 2471 4992 bitantem
2518 4934 2772 5004 Spiritum
2806 4929 2917 5000 ejus
2944 4931 3000 4983 in
3029 4925 3169 4982 vobis
3212 4922 3385 4996 (Rom.
3418 4937 3530 4985 vm,
3562 4918 3671 4983 ii).
3703 4910 3815 4972 Re-

2228 5038 2451 5102 gcnerat
2478 5023 2658 5089 Pater,
2688 5028 2971 5091 regenerat
3022 5019 3210 5085 Filius,
3252 5021 3536 5084 regenerat
3578 5011 3816 5081 Spiritus

2228 5101 2479 5182 Sanctus;
2520 5115 2643 5184 quia
2669 5128 2789 5169 cum
2819 5113 3081 5182 baptisma
3119 5107 3276 5164 datur
3299 5107 3353 5159 in
3374 5105 3578 5159 nomine
3608 5101 3811 5165 Patris,

2228 5208 2277 5261 et
2300 5202 2445 5272 Filii,
2473 5212 2523 5259 et
2552 5200 2779 5276 Spiritus
2803 5203 2989 5265 saneti,
3020 5214 3087 5254 ex
3116 5212 3182 5253 eo
3209 5194 3574 5263 unusquisque
3594 5204 3821 5261 regene-

2230 5304 2379 5352 ratur
2415 5296 2467 5350 in
2495 5294 2648 5365 cujus
2688 5292 2903 5348 nomine
2948 5288 3268 5359 baptizatur.
3301 5284 3432 5341 Cum
3478 5296 3607 5351 ergo
3631 5280 3684 5335 in
3715 5282 3821 5335 no-i

2231 5387 2373 5441 mine
2405 5378 2683 5439 Trinitatis
2710 5380 2865 5437 datur
2910 5380 3191 5449 baptisma,
3241 5374 3405 5431 simul
3438 5378 3547 5428 tota
3578 5368 3820 5427 Trinitas

2232 5490 2530 5554 regenerat,
2560 5496 2678 5553 qua:
2706 5490 2842 5536 unus
2870 5488 2924 5534 et
2952 5479 3097 5533 solus
3126 5484 3210 5533 est
3236 5476 3396 5531 Deus.
3430 5471 3726 5543 PrOpterea
3747 5468 3822 5525 de
3902 5544 3909 5548 δ

2233 5577 2475 5631 ﬁdelibus
2498 5574 2732 5630 Joannes
2760 5572 2887 5627 dicit
2914 5588 2927 5624 :
2959 5568 3061 5634 Qui
3099 5587 3203 5624 non
3241 5584 3305 5622 ea:
3330 5563 3688 5638 sanguinibus,
3718 5580 3819 5617 ne—

2233 5683 2328 5738 que
2354 5682 2419 5720 ea:
2448 5666 2706 5719 uoluntate
2733 5661 2926 5725 carnis,
2972 5676 3131 5730 neque
3155 5676 3221 5713 ea;
3257 5659 3519 5713 voluntate
3556 5656 3675 5719 viri,-
3723 5650 3824 5708 sed

2235 5776 2298 5813 ea:
2341 5754 2448 5813 Deo
2496 5752 2607 5811 nati
2657 5766 2774 5809 sunt
2806 5755 2985 5825 (Joan.
3016 5770 3050 5817 ι,
3086 5750 3194 5822 l5).
3222 5749 3317 5805 Est
3346 5751 3397 5803 in
3431 5747 3586 5803 nobis
3615 5746 3822 5801 caritas

2233 5842 2421 5914 Patris,
2473 5847 2600 5915 quia
2641 5844 2737 5914 (at.
2781 5844 2850 5899 de
2895 5842 3022 5915 qua)
3053 5841 3180 5897 dicit
3207 5830 3442 5895 Paulus:
3473 5832 3829 5895 Commendat

2367 5983 2391 6020 ιι
2425 5980 2526 6035 Ms.
2559 5978 2753 6043 Corb.,
2788 5989 2843 6033 ut
2872 5980 3038 6034 omnis
3062 5974 3260 6049 lingua.
