4072 6332
259 446 352 508 301

1431 443 1520 505 AD
1560 442 2054 506 TRASIMUNDUM
2090 446 2218 505 LIB.
2257 440 2378 503 ΙΙΙ..

3404 444 3507 503 5οὶ

254 574 419 621 autem
442 578 590 618 suam
618 562 886 617 caritatem
908 559 1045 617 Deus
1070 564 1124 616 in
1154 560 1329 626 nobis;
1359 564 1603 633 quoniam
1620 564 1687 627 si,
1716 578 1829 616 cum
1855 565 1912 625 Α
1932 560 2263 616 demonstrat
2291 558 2595 630 Apostolus,
2626 558 2777 628 cujus
2798 574 2896 615 nos
2915 558 3153 628 domum,
3170 560 3242 614 ita
3267 560 3507 616 scribens

255 654 417 708 adhuc
439 661 729 724 peccatores
758 668 1000 717 essemus,
1032 650 1262 707 Christus
1305 670 1397 723 pro
1424 652 1566 706 nobis
1601 663 1831 706 mortuus

254 756 341 811 est,
370 747 530 801 multo
559 747 717 817 igitur
747 746 911 816 magis
930 746 1207 816 justiﬁcati
1240 763 1373 799 nunc
1394 748 1445 799 in
1467 748 1718 818 sanguine
1746 738 1828 816 ip-

253 836 354 889 sius
383 834 513 889 salvi
543 837 731 889 erimus
753 834 817 889 ab
846 838 925 888 ira
948 853 1037 906 per
1058 836 1225 906 ipsum
1253 835 1429 906 (Rom.
1460 853 1512 900 γ,
1546 830 1599 900 8,
1631 830 1707 904 9).
1740 824 1832 890 Est

252 924 301 979 in
325 922 489 979 nobis
509 924 669 977 etiam
685 924 881 978 caritas
905 922 1120 989 Christi,
1145 924 1357 980 dicente
1379 924 1637 994 Apostolo
1662 942 1675 976 :
1706 922 1831 989 Quis

252 1030 341 1068 nos
380 1012 641 1082 separabit
669 1031 702 1065 a
742 1015 959 1067 caritate
987 1012 1177 1068 Christi
1204 1014 1379 1087 (Rom.
1400 1032 1509 1092 νιιι,
1550 1013 1675 1083 55)?
1704 1024 1727 1049 ⁸
1766 1013 1831 1069 Ει

252 1105 355 1159 alio
387 1105 508 1159 loco
535 1122 547 1156 :
595 1104 742 1159 Scire
768 1106 923 1158 etiam
952 1108 1410 1175 superemineutem
1435 1106 1662 1160 scientiw
1689 1105 1830 1159 cari-

252 1206 405 1250 tatem
433 1195 646 1263 Christi,
676 1207 734 1249 ut
770 1197 1087 1267 impleamini
1135 1200 1188 1251 in
1235 1215 1434 1252 onmem
1463 1197 1831 1268 plenitudinem

254 1278 342 1341 Dei
378 1286 594 1358 (Ephes.
625 1304 700 1353 ιιι,
736 1286 843 1356 19).
891 1287 1091 1342 Eadem
1123 1298 1204 1343 est
1238 1288 1291 1343 in
1321 1288 1475 1343 nobis
1501 1289 1663 1342 etiam
1692 1287 1830 1342 cari-

254 1386 324 1434 tas
358 1376 587 1446 Spiritus
606 1377 795 1439 sancti,
828 1377 895 1432 de
921 1393 1025 1446 qua
1054 1377 1252 1432 Paulus
1282 1377 1410 1433 dicit
1439 1396 1450 1430 :
1488 1377 1710 1431 Obsecro
1730 1378 1830 1449 igi-

256 1479 331 1520 tur
372 1484 480 1531 ros,
521 1466 673 1537 142
704 1469 911 1537 fratres,
948 1484 1038 1535 per
1065 1466 1344 1522 Dominum
1373 1478 1611 1523 nostrum
1650 1469 1827 1523 Jesum

253 1558 526 1624 Christum,
572 1569 620 1612 et
658 1575 750 1628 per
777 1560 1046 1613 caritatem
1073 1560 1298 1629 Spiritus
1338 1562 1505 1614 sancti
1529 1559 1705 1632 (Rom.
1737 1572 1824 1627 xv,

254 1645 358 1715 50).
400 1645 468 1700 Et
496 1646 602 1701 alio
633 1646 751 1701 loco
779 1665 791 1700 :
824 1645 1028 1702 Caritas
1066 1646 1166 1701 Dei
1188 1650 1379 1718 diﬂ'usa
1411 1663 1485 1703 est
1509 1651 1561 1703 in
1587 1649 1826 1705 cordibus

256 1743 440 1795 nostris
460 1757 552 1807 per
570 1740 819 1809 Spiritum
837 1751 1070 1794 sanctum
1090 1743 1174 1810 qui
1200 1741 1349 1796 datus
1370 1752 1445 1797 est
1465 1742 1612 1797 nobis
1644 1744 1822 1815 (Rom.

253 1851 302 1899 v,
332 1833 408 1905 5).
439 1831 503 1885 Ει
530 1831 704 1885 denuo
726 1832 853 1886 dicit
879 1850 890 1884 :
923 1831 1147 1886 Fructus
1177 1836 1348 1886 autem
1373 1822 1605 1904 Spiritus
1632 1834 1707 1887 est
1735 1852 1824 1889 ca-

1934 648 2189 720 Hebrzcis,
2220 652 2495 723 appellat:
2528 648 2761 706 Christus
2803 661 2973 706 autem
3004 663 3247 726 tanquam
3284 656 3424 727 [ilius
3451 658 3509 712 in

1934 744 2085 800 domo
2114 762 2228 811 sua,
2258 761 2372 816 quin
2409 741 2588 800 domus
2614 760 2708 798 nos
2728 760 2932 813 sumus,
2984 747 3236 816 siquidem
3264 748 3510 819 ﬁduciam

1900 843 1983 889 .et
2030 836 2250 907 gloriam
2292 837 2401 906 spei
2447 851 2605 905 usque
2653 834 2721 888 ad
2764 836 2919 907 ﬁnem
2964 836 3171 907 ﬁrmam
3199 840 3510 893 retineamus

1934 927 2123 999 (Hebr.
2147 944 2225 998 ιιι,
2253 927 2331 999 6).
2372 926 2506 982 Nam
2531 936 2588 983 et
2614 926 2787 998 ipsum
2816 944 3009 998 corpus
3035 927 3180 998 Filii,
3210 936 3267 984 et
3293 926 3507 984 domum

1932 1018 2209 1088 Scriptura
2239 1026 2423 1075 sancta
2452 1017 2751 1073 nominavit
2804 1026 2860 1073 et
2902 1017 3182 1089 templum,
3231 1036 3352 1075 cum
3384 1018 3513 1074 dicit

1932 1094 2186 1163 Salomon
2212 1125 2224 1160 :
2258 1102 2531 1178 Sapientia
2568 1104 2846 1177 wdiﬁcabit
2866 1109 2965 1162 sibi
2984 1109 3192 1163 domum
3221 1108 3402 1180 (Prov.
3432 1127 3509 1177 ix,

1932 1195 2019 1270 1);
2052 1206 2107 1253 et
2134 1200 2463 1268 evangelista
2493 1197 2618 1253 huic
2665 1199 2846 1254 sensui
2878 1200 3213 1259 concordans
3242 1203 3354 1255 ait:
3388 1200 3510 1272 Ipse

1932 1300 2101 1343 autem
2121 1279 2323 1344 dicebat
2344 1288 2407 1345 de
2434 1291 2617 1357 templo
2646 1291 2878 1362 corporis
2900 1294 2979 1345 sui
3015 1291 3192 1362 (Joan.
3224 1310 3280 1358 ιι,
3308 1292 3420 1364 21).
3451 1293 3509 1348 Si

1930 1393 2060 1450 ergo
2097 1380 2244 1449 quod
2279 1397 2476 1451 corpus
2516 1390 2599 1436 est
2644 1381 2838 1437 Christi
2879 1384 3135 1453 templum
3162 1394 3246 1440 est
3276 1384 3505 1455 Christi,

1930 1485 2031 1523 nos
2060 1485 2276 1538 quoque
2304 1470 2560 1540 templum
2589 1469 2705 1540 ejus
2734 1487 2938 1537 sumus,
2980 1489 3115 1542 quos
3160 1490 3356 1544 corpus
3392 1476 3507 1544 ejus

1928 1560 2047 1615 esse
2075 1559 2360 1615 conﬁrmat
2385 1560 2696 1631 Apostolus,
2743 1558 2967 1618 dicens:
3014 1562 3114 1618 Vos
3155 1567 3280 1620 estis
3322 1582 3507 1637 corpus

1930 1650 2146 1719 Christi,
2176 1657 2227 1705 et
2251 1652 2484 1706 membra
2525 1651 2581 1723 (1
2616 1651 2737 1707 Cor.
2766 1668 2856 1717 ιιι,
2890 1652 3020 1723 27).,
3035 1654 3313 1726 Templum
3344 1658 3506 1713 etiam

1927 1742 2160 1815 Spiritus
2199 1747 2371 1800 sancti
2430 1761 2530 1801 nos
2577 1761 2696 1801 esse
2748 1746 3028 1802 manifeste
3076 1758 3501 1816 commemorat,

1928 1826 2179 1902 Nescitis,
2211 1837 2479 1907 inuuiens,
2503 1839 2625 1910 quia
2665 1836 2893 1892 membra
2917 1849 3085 1893 vestra
3110 1841 3350 1909 templum
3376 1838 3402 1876 ⁸
3429 1847 3506 1894 est

257 1928 404 1990 ritas,
430 1926 682 1996 gaudium,
725 1942 830 1996 pas:
881 1924 1077 1995 (Colat.
1113 1942 1164 1990 v,
1200 1924 1313 1997 2‘2).
1341 1926 1558 1981 Habitat
1587 1928 1640 1982 in
1668 1929 1898 2004 nobis];
1926 1918 2152 1996 Spiritus
2179 1931 2365 1995 sancti,
2394 1931 2483 2001 qui
2518 1930 2574 1982 in
2608 1924 2747 1983 vobis
2791 1938 2886 1999 est,
2933 1947 3081 2001 quem
3108 1930 3305 1985 habetis
3332 1950 3362 1984 a
3392 1931 3503 1987 Deo

258 2016 430 2082 Pater,
472 2016 675 2069 habitat
704 2014 890 2082 Filius,
920 2016 1128 2070 habitat
1156 2015 1385 2086 Spiritus
1430 2027 1666 2086 sanctus,
1697 2020 1823 2089 quia

1926 2015 1983 2089 (1
2013 2015 2132 2074 Cur.
2158 2032 2231 2086 vt,
2260 2019 2387 2090 19)?
2418 2017 2519 2074 Ubi
2547 2034 2670 2097 eum
2720 2019 2886 2075 Deum
2927 2036 3141 2090 quoque
3164 2027 3502 2092 monstravit,

252 2107 369 2175 seri;
393 2116 506 2161 tum
529 2116 648 2163 est:
684 2104 996 2160 Inhabitabo
1024 2108 1078 2160 in
1109 2107 1233 2172 illis,
1267 2118 1316 2162 et
1360 2109 1689 2166 inambulabo
1736 2109 1825 2182 (ΙΙ
1923 2106 2027 2163 ista
2058 2106 2212 2182 1&3
2232 2109 2554 2178 subjiciens:
2584 2109 2654 2163 Et
2681 2127 2785 2164 non
2807 2111 2929 2165 estis
2950 2114 3103 2166 vestri
3123 2130 3141 2166 :
3164 2117 3318 2185 empti
3368 2118 3507 2170 enim

255 2199 366 2258 Cor.
390 2218 465 2264 vi,
492 2199 601 2268 16).
629 2199 706 2254 De
734 2199 869 2254 Filio
898 2213 1114 2268 quoque
1140 2200 1271 2255 dicit
1296 2200 1584 2270 Apostolus
1609 2218 1623 2256 :
1655 2202 1722 2257 In
1744 2204 1829 2258 in-
1922 2202 2048 2255 estis
2076 2203 2239 2272 pretio
2266 2218 2494 2273 magno;
2524 2203 2812 2273 gloriﬁcate
2836 2205 3013 2275 igitur,
3040 2215 3091 2258 et
3116 2215 3320 2276 portate
3339 2206 3504 2261 Deum

258 2294 433 2346 teriore
456 2291 660 2345 homine
687 2288 922 2344 habitare
945 2288 1227 2356 Christum,
1255 2309 1345 2362 per
1368 2291 1546 2361 ﬁdem,
1574 2294 1631 2348 in
1651 2295 1827 2349 cordi-
1924 2289 1982 2345 in
2011 2307 2224 2360 corpore
2268 2301 2433 2347 vestro
2474 2280 2666 2364 (Ibid.,
2710 2280 2821 2361 15).
2868 2292 2994 2348 Hoc
3027 2301 3207 2350 tamen
3248 2296 3503 2366 templum

258 2383 337 2437 bus
369 2384 552 2438 uestris
577 2381 793 2455 (Ephes.
818 2382 999 2447 ιιι,υ16,
1033 2383 1143 2452 17).
1174 2383 1432 2453 Spiritum
1461 2402 1676 2456 quoque
1704 2404 1830 2444 san-

256 2483 388 2533 ctum
404 2476 489 2529 his
515 2476 694 2530 verbis
714 2476 765 2530 in
790 2476 945 2531 nobis
963 2477 1209 2533 habitare
1237 2478 1522 2533 conﬁrmat
1554 2497 1567 2532 :
1601 2478 1831 2537 Nescitis

255 2568 367 2637 quia
391 2568 632 2635 templum
661 2565 758 2622 Dei
796 2570 942 2635 estis,
982 2577 1030 2622 et
1061 2567 1292 2640 Spiritus
1316 2569 1414 2623 Dei
1442 2570 1639 2625 habitat
1659 2573 1714 2627 in
1740 2588 1831 2630 tto-

258 2656 332 2711 bis
359 2655 413 2728 (1
452 2656 575 2713 Cor.
608 2674 684 2726 ιιι,
712 2656 843 2731 16)ἱ³
872 2657 958 2723 Ει,
991 2668 1050 2714 ιιι
1082 2660 1393 2717 ostenderet
1434 2663 1684 2718 eumdem
1713 2679 1833 2721 esse

252 2747 507 2820 Spiritum
550 2751 648 2806 Dei
696 2754 787 2822 qui
829 2752 1063 2823 Spiritus
1105 2765 1327 2812 sanctus
1354 2764 1458 2821 est,
1492 2756 1832 2813 Timotheum

252 2842 331 2898 sic
377 2842 629 2899 admonet
675 2844 901 2902 dicens:
937 2846 1134 2902 Bonum
1182 2850 1471 2919 depositum
1516 2851 1714 2927 custodi
1742 2868 1833 2922 per

253 2938 503 3008 Spiritum
530 2953 765 2996 sanctum
806 2944 891 3013 qui
918 2943 1117 2997 habitat
1140 2945 1191 2998 in
1219 2943 1365 3000 nobis
1400 2943 1490 3016 (II
1506 2945 1639 3001 Tim.
1664 2944 1828 3016 1,“).

252 3032 354 3087 Dat
380 3037 605 3103 gratiam
635 3035 815 3100 Pater,
869 3036 962 3091 dat
1002 3034 1228 3105 gratiam
1260 3037 1448 3102 Filius,
1486 3038 1578 3092 dat
1604 3038 1835 3107 gratiam

248 3122 481 3195 Spiritus
507 3135 754 3191 sanctus,
793 3128 934 3183 sicut
962 3129 1283 3198 praedicator
1328 3131 1589 3197 veritatis,
1620 3130 1835 3187 Christo

244 3218 302 3273 in
347 3235 409 3275 se
454 3221 730 3289 loquente,
762 3228 1029 3276 testatur:
1058 3219 1241 3276 Gratia
1285 3221 1425 3277 vobis
1453 3231 1503 3276 et
1529 3237 1636 3292 pas:
1664 3238 1699 3276 a
1724 3220 1835 3278 Deo

1928 2380 2161 2457 Spiritus
2180 2388 2351 2443 sancti
2387 2388 2627 2444 membra
2658 2387 2855 2443 Christi
2878 2403 2995 2442 esse
3016 2396 3262 2453 testatur,
3288 2388 3504 2443 dicens:

1929 2481 2161 2538 Nescitis
2217 2485 2338 2553 quia
2386 2488 2604 2553 corpora
2640 2488 2813 2537 uestra
2855 2481 3085 2536 inembra
3119 2479 3310 2535 Christi
3352 2481 3509 2533 sunt?

1930 2576 2151 2635 Dicatur
2171 2576 2335 2646 igitur
2358 2577 2406 2633 si
2432 2576 2692 2632 cmlorum
2711 2577 2964 2629 virtutem
2991 2574 3166 2645 potuit
3187 2573 3399 2627 (innare
3415 2572 3510 2640 Qui

1932 2684 2042 2724 non
2069 2676 2156 2723 est
2183 2667 2363 2724 Deus?
2391 2669 2436 2722 si
2465 2675 2647 2738 potest
2673 2660 2945 2722 viviﬁcare
2973 2666 3064 2736 qui
3090 2680 3197 2720 non
3227 2674 3309 2720 est
3335 2664 3510 2720 Deus?

1932 2762 1978 2818 sl
2020 2768 2203 2834 potest
2249 2763 2304 2818 in
2349 2751 2684 2832 baptismatis
2722 2761 3131 2830 regeneratione
3173 2755 3513 2813 ‘sanctiilcare

1933 2840 2180 2921 quilnon
2219 2861 2302 2908 est
2343 2852 2518 2909 Deus?
2546 2852 2590 2908 si
2619 2858 2799 2922 potest
2842 2850 3119 2907 caritatem
3150 2851 3385 2905 tribuere
3419 2849 3512 2918 qui

1935 2947 2044 2998 iion
2084 2944 2167 2999 est
2201 2936 2381 2999 Deus?
2407 2940 2453 3000 si
2482 2952 2659 3016 poteSt
2690 2943 2742 3000 in
2773 2944 3115 3000 eredentibus
3143 2941 3386 2998 habitare
3420 2943 3514 3013 qui

1935 3039 2045 3088 non
2075 3040 2156 3088 est
2184 3032 2364 3089 Deus?
2401 3034 2448 3090 si
2486 3036 2668 3104 putest
2710 3034 2939 3103 gratiam
2983 3032 3113 3089 dare
3153 3033 3246 3102 qui
3281 3048 3389 3088 non
3434 3022 3518 3089 est

1935 3116 2113 3178 Deus?
2157 3118 2203 3177 si
2246 3120 2425 3192 potest
2465 3123 2721 3193 templum
2787 3123 3031 3179 membra
3081 3122 3280 3178 Christi
3318 3116 3518 3177 habere

1936 3214 2031 3285 qui
2056 3230 2160 3269 non
2191 3211 2274 3270 est
2299 3213 2477 3271 Deus?
2497 3222 2552 3269 et
2570 3210 2727 3283 digne
2747 3213 2977 3284 Spiritus
3003 3222 3216 3270 sanctus
3243 3213 3519 3281 negabitur

247 3308 422 3377 Patre
447 3319 641 3376 nostro,
669 3321 716 3365 et
749 3310 971 3366 Domino
993 3311 1118 3366 Jesu
1147 3311 1350 3367 Christo
1382 3312 1560 3383 (Rom.
1584 3330 1625 3379 ι,
1655 3313 1732 3382 7).
1755 3313 1833 3370 De
1855 3307 1904 3370 C
1935 3300 2097 3363 Deus.
2145 3299 2351 3362 Rursus
2393 3298 2603 3362 dicatur
2641 3306 2688 3360 si
2729 3321 2794 3361 ea
2837 3314 2957 3376 Qua:
2993 3302 3060 3360 de
3104 3304 3304 3375 Spiritu
3330 3313 3519 3359 sancto

240 3398 457 3470 Spiritu
498 3416 707 3472 quoque
738 3410 930 3457 sancto
957 3403 1213 3472 scriptum
1242 3412 1326 3458 est
1361 3404 1414 3458 in
1453 3405 1673 3461 Actibus
1700 3420 1832 3476 apo-

244 3492 536 3557 stolorum,
550 3507 668 3547 cum
683 3492 871 3548 Petrus
892 3493 957 3547 ad
979 3493 1278 3549 docendum
1296 3493 1606 3550 Cornelium
1627 3495 1696 3552 ab
1716 3496 1833 3565 ipso

244 3582 453 3654 Spiritu
477 3583 781 3639 mitteretur
804 3602 818 3638 :
846 3583 1108 3654 Loquente
1136 3594 1308 3639 autem
1344 3584 1501 3639 Petro
1521 3584 1674 3639 verba
1703 3585 1829 3652 haec,

242 3675 435 3727 cecidit
480 3674 709 3744 Spiritus
763 3684 974 3729 sanctus
1024 3691 1181 3744 super
1230 3689 1405 3729 omnes
1446 3676 1532 3746 qui
1557 3672 1834 3728 audiebant

241 3762 478 3833 uerbum,
507 3773 558 3818 et
587 3764 955 3835 obstupuerunt
995 3782 1059 3819 ea:
1105 3766 1490 3819 circumcisione
1530 3765 1710 3836 fideles
1749 3766 1836 3838 qui

1935 3402 2353 3454 commemorata
2383 3404 2508 3453 sunt
2538 3405 2714 3467 potest
2741 3396 2919 3466 aliqua
2945 3403 3192 3451 creatura
3218 3394 3432 3449 facere?
3463 3401 3520 3449 et

1936 3490 2095 3560 digne
2118 3484 2349 3561 Spiritus
2376 3493 2592 3545 sanctus
2612 3488 2818 3546 dicetur
2838 3497 3104 3544 creatura.
3128 3486 3185 3541 Si
3207 3495 3387 3542 autem
3404 3487 3521 3541 haec

1936 3582 2198 3637 creaturae
2224 3578 2498 3651 possibilia
2526 3588 2796 3649 nunquam
2824 3577 3069 3645 fuerunt,
3099 3584 3153 3632 et
3181 3574 3522 3630 inveniuntur

1938 3674 1993 3727 in
2036 3670 2240 3742 Spiritu
2279 3674 2486 3732 sancto,
2518 3676 2636 3739 quin
2679 3677 2859 3723 tamen
2896 3667 2996 3722 soli
3036 3671 3349 3736 competunt
3384 3664 3519 3734 Deo,

1937 3772 2049 3820 non
2088 3762 2346 3819 debemus
2380 3758 2696 3817 naturaliter
2720 3759 2989 3816 diversum
3017 3775 3048 3814 a
3080 3757 3240 3814 Patre
3278 3756 3522 3826 Filioque

1939 3848 2139 3923 dicere,
2172 3860 2331 3927 quem
2366 3854 2418 3908 in
2443 3860 2665 3925 Operam
2696 3850 2937 3923 potentia
2964 3851 3230 3906 diversum
3258 3862 3364 3904 non
3391 3860 3521 3918 pos-

1940 3962 2123 4004 sumus
2160 3943 2417 4001 invenire'.
2458 3934 2535 4000 Ac
2561 3936 2639 3999 sic
2665 3957 2734 3999 ex
2763 3942 2966 3997 unitate
3007 3940 3185 4011 operis
3239 3940 3414 3994 unitas
3440 3944 3526 3993 est

1943 4036 2280 4112 agnoscenda
2321 4036 2563 4100 virtutis;
2596 4050 2697 4094 nec
2723 4036 3000 4106 quisquam
3029 4030 3237 4088 dubitet
3288 4031 3521 4096 Patrem,

1944 4140 2001 4191 et
2020 4130 2235 4201 Filium,
2260 4134 2316 4187 et
2334 4128 2592 4201 Spiritum
2613 4136 2873 4192 sanctum,
2897 4140 3245 4197 personarum
3267 4123 3529 4178 Trinitate

1945 4235 2181 4294 servata,
2211 4234 2375 4280 unum
2420 4222 2590 4278 Deum
2635 4220 2951 4275 naturaliter
2989 4219 3194 4284 dicere,
3224 4217 3315 4286 qui
3353 4216 3531 4286 potuit

1948 4321 2196 4375 universa
2251 4317 2365 4374 sola
2406 4317 2683 4372 voluntate
2725 4311 2986 4377 condere,
3016 4310 3105 4381 qui
3132 4320 3322 4366 cuncta
3350 4315 3537 4383 putest

1947 4410 2160 4464 virtutis
2205 4406 2591 4476 omnipotentia
2635 4403 2960 4472 gubernare,
2998 4400 3089 4471 qui
3131 4400 3313 4454 omnia
3352 4402 3531 4467 potest

1951 4494 2317 4555 immensitate
2344 4496 2636 4553 divinitatis
2663 4493 2904 4565 implere.

1950 4596 2130 4654 Cum
2190 4613 2367 4652 xxxvi.
2457 4595 2726 4718 l’erorgtio
2780 4593 2849 4648 ad
2908 4608 3077 4665 regem
3135 4590 3531 4648 Trasimundum

2238 4708 2246 4713 .
2657 4680 2883 4718 nanum.

2657 4680 2883 4718 nanum.

243 3865 496 3908 uenerant
521 3872 635 3909 cum
660 3854 847 3921 Petro;
884 3858 1006 3927 quia
1034 3864 1082 3909 et
1108 3857 1163 3909 in
1191 3856 1426 3910 nationes
1456 3857 1625 3928 gratia
1665 3854 1838 3926 Spiri-

236 3957 325 4003 tus
346 3950 521 4003 sancti
548 3949 717 4019 effusa
737 3958 811 4003 est
836 3950 975 4019 (Act.
1003 3965 1058 4016 Χ,
1096 3948 1188 4017 lui,
1210 3947 1323 4018 45).
1356 3948 1551 4003 Sumus
1579 3948 1838 4016 templum
1884 3998 1895 4018 κ

238 4038 448 4107 Patris,
480 4055 667 4095 sumus
698 4041 957 4109 templum
985 4040 1125 4105 Filii,
1162 4054 1346 4094 sumus
1373 4040 1629 4109 templum
1672 4037 1841 4107 Spiri-

239 4139 333 4187 tus
363 4132 577 4197 sancti,
606 4131 747 4186 sicut
770 4129 797 4169 b
824 4130 989 4186 Paulo
1012 4131 1235 4186 doctore
1263 4130 1575 4193 didicimus,
1602 4129 1697 4198 qui
1725 4130 1837 4183 ait:

247 4222 363 4278 Vas
393 4226 537 4279 enim
559 4224 683 4277 estis
707 4223 950 4292 templum
961 4220 1057 4275 Dei
1071 4222 1168 4275 vivi
1189 4219 1279 4288 (II
1294 4218 1412 4276 Cor.
1430 4219 1629 4289 νι,15).
1645 4217 1713 4273 Ει
1735 4219 1842 4274 alio

224 4311 369 4379 loco
392 4332 405 4369 :
433 4314 624 4385 Siquis
640 4324 811 4367 autem
824 4312 1065 4382 templum
1088 4310 1182 4364 Dei
1198 4311 1477 4385 uiolauerit,
1500 4308 1758 4383 disperdet
1776 4308 1845 4363 il-

238 4407 353 4461 lum
368 4382 552 4461 Deus:
577 4405 820 4475 templum
840 4405 975 4458 enim
996 4401 1093 4456 Dei
1106 4382 1339 4455 sanctum
1358 4401 1600 4473 est,quod
1609 4400 1733 4456 estis
1758 4417 1847 4456 vos

235 4495 295 4569 ιι
327 4497 463 4554 Cor.
492 4513 571 4558 ιιι,
606 4495 730 4565 17);
762 4494 881 4550 Filii
919 4509 1137 4563 quoque
1176 4494 1430 4564 templum
1459 4508 1662 4558 sumus,
1695 4493 1847 4562 cujus

230 4588 443 4645 domus
462 4603 670 4644 sumus.
696 4586 829 4641 Nam
878 4596 933 4641 et
966 4587 1079 4655 ipse
1123 4585 1286 4640 Filius
1324 4586 1581 4654 templum
1624 4584 1846 4639 domum

231 4684 489 4747 vocavit,
522 4682 738 4737 dicente
767 4681 1096 4751 evangelista
1123 4698 1135 4732 :
1168 4679 1417 4733 Ascendit
1462 4677 1616 4732 Jesus
1657 4676 1846 4731 Hiero-
1869 4690 1924 4752 ι)
2238 4708 2246 4713 -

226 4778 527 4846 sotymam,
556 4782 607 4827 et
626 4773 817 4826 invenit
863 4772 917 4825 in
961 4771 1148 4841 templo
1180 4769 1455 4824 uendentes
1476 4767 1624 4822 boves
1652 4776 1704 4820 et
1731 4783 1846 4821 oves
2023 4757 2167 4825 Hice,
2198 4768 2257 4813 ut
2284 4756 2540 4813 Dominus
2565 4754 2728 4819 dedit,
2759 4754 3173 4846 clementissime
3215 4770 3330 4819 rex,
3366 4755 3531 4810 malui

231 4843 440 4938 uda...
472 4880 531 4929 ιι,
566 4862 633 4917 15
658 4872 704 4916 et
724 4863 876 4934 seq.),
902 4872 1007 4917 etc.
1041 4860 1186 4927 Quos
1205 4874 1327 4914 cum
1359 4854 1428 4912 de
1449 4856 1653 4927 templo
1677 4858 1846 4927 proti-
1952 4858 2055 4906 tuae
2094 4848 2281 4921 pietati
2317 4848 2557 4904 scribere
2600 4860 2762 4916 quam
2807 4843 3130 4938 omnimodis
3168 4846 3416 4938 reticere,
3465 4862 3533 4902 ne

224 4935 339 5011 nus
388 4951 667 5021 ejecisset,
714 4951 1068 5006 vendentibus
1107 4947 1384 5004 columbas
1424 4945 1599 5000 dixit:
1633 4945 1848 5017 Auferte
1951 4940 2180 5012 silendo,
2210 4948 2302 4996 aut
2326 4939 2940 5042 aestimarersuperbus‘
2963 4944 3056 4992 aut
3080 4936 3150 4992 de
3174 4935 3294 4992 ﬁdei
3336 4946 3534 4994 nostra:

224 5045 342 5099 ista
369 5045 520 5111 hinc,
549 5051 597 5097 et
625 5042 781 5096 nolite
811 5044 980 5113 {acere
1021 5040 1231 5095 domum
1268 5037 1443 5092 Patris
1490 5037 1590 5092 mei
1635 5036 1845 5091 domum
1950 5035 2179 5092 veritate
2216 5038 2439 5107 putarer
2468 5032 2781 5102 ambiguus,
2812 5029 2939 5088 cuni
2971 5029 3265 5087 Ecclesiam
3301 5031 3533 5087 catholl-

222 5135 622 5208 negotiationis
653 5131 841 5205 (Ibid.,
868 5131 976 5203 l6).
1010 5130 1267 5185 Similiter
1298 5128 1464 5183 David
1479 5128 1531 5184 id
1558 5129 1654 5199 (al.
1678 5128 1842 5199 idem)
1950 5140 2069 5182 cam
2104 5124 2274 5182 solam
2303 5124 2548 5181 Christus
2580 5122 2879 5179 columbam
2906 5136 3059 5177 suam
3085 5120 3316 5177 voluerit
3350 5123 3536 5193 appel-

223 5246 369 5287 essc
401 5228 667 5298 templum
692 5225 790 5283 Dei
819 5224 963 5295 quod
992 5224 1210 5280 domum
1250 5223 1303 5277 in
1330 5221 1548 5293 psalmis
1583 5219 1839 5284 ostendit,
1948 5212 2081 5286 lari,
2117 5214 2301 5271 dicens
2331 5232 2344 5269 :
2380 5213 2501 5269 Una
2524 5221 2602 5268 est
2628 5212 2861 5267 columba
2897 5227 3034 5281 mea,
3073 5226 3180 5267 una
3221 5220 3300 5267 est
3344 5212 3534 5266 dilecta

216 5327 484 5383 dicens:
516 5321 633 5395 Ego
673 5329 844 5375 autem
882 5321 936 5373 in
986 5317 1310 5373 multitudine
1338 5314 1711 5370 misericordia:
1740 5321 1842 5368 tua:
1945 5312 2061 5360 mea
2090 5304 2267 5377 ((Ῑαηε·
2294 5320 2368 5395 Ὅ,
2400 5298 2477 5375 8)·
2502 5301 2561 5357 In
2590 5312 2703 5395 φξοΑ
2719 5302 2978 5395 091nm
2995 5303 3220 5395 “(ﬁlling
3246 5304 3441 5395 (famas
3474 5315 3534 5361 εἴ

224 5415 487 5473 mtroibs
533 5391 588 5469 in
628 5414 835 5468 domum
879 5422 1046 5477 tuam;
1081 5408 1309 5465 adorabo
1348 5407 1416 5461 ad
1445 5407 1689 5476 templum
1717 5421 1845 5459 san-
1948 5396 2264 5467 simplicitas
2290 5393 2600 5463 designatur
2627 5392 2721 5467 (at.
2759 5391 3146 5466 designantur).
3188 5392 3315 5448 Sola
3354 5401 3535 5449 autem

218 5518 397 5561 ciunt
439 5518 457 5541 ε
490 5516 632 5558 tuum
658 5505 716 5558 in
734 5505 915 5557 timore
943 5510 1027 5556 tuo
1058 5486 1225 5566 (Ῥεαι.
1258 5497 1408 5569 v,8).
1439 5495 1572 5551 Cum
1597 5496 1699 5551 hoc
1718 5508 1847 5563 ergo
1950 5500 2130 5542 veram
2161 5482 2401 5557 possidet
2422 5484 2722 5554 caritatem,
2744 5498 2865 5554 quae
2891 5482 3082 5540 Filium
3107 5483 3204 5540 Dei
3227 5498 3385 5554 quem
3410 5482 3535 5540 dili-

225 5602 311 5656 sit
346 5597 623 5666 templum
655 5596 751 5651 Dei
790 5594 935 5664 quod
954 5593 1145 5648 domus
1167 5590 1282 5657 Dei,
1315 5589 1571 5660 templum
1602 5603 1700 5643 nos
1732 5584 1852 5640 Filii
1892 5606 1893 5615 ι
1954 5579 2050 5649 git,
2083 5595 2188 5635 non
2218 5577 2345 5633 dicit
2380 5576 2435 5631 in
2464 5575 2742 5634 divinitate
2770 5577 3052 5643 minorem,
3085 5575 3181 5634 sed
3209 5575 3357 5633 Patri
3390 5574 3532 5635 fate-

2013 5740 2042 5784 Ιι
2070 5738 2259 5809 Basil.,
2286 5738 2427 5809 sicut
2441 5756 2475 5792 a
2502 5738 2672 5809 Paulo
2699 5740 2925 5796 doctore.

2037 5824 2058 5851 ο
2088 5804 2278 5867 Colon.
2307 5818 2364 5865 et
2400 5806 2560 5866 Basil.
2588 5826 2699 5868 non
2725 5810 2926 5869 habent
2951 5819 3113 5870 tuum.
3154 5804 3255 5871 Ms.
3283 5810 3447 5871 Corb.
3477 5814 3533 5869 et

1967 5880 2541 6015 Αἳίῗξὲιῑξῖἐίξὲἲε..
2568 5960 2705 6006 ευ...

311 5766 342 5793 ι
390 5753 638 5811 Aberant
665 5754 780 5809 haec
805 5753 874 5808 ab
900 5750 1056 5806 editis
1082 5748 1277 5805 Colon.
1305 5757 1362 5805 et
1389 5749 1546 5813 Ant.;
1595 5745 1839 5802 restituta

220 5834 380 5881 sunt
418 5839 489 5877 ex
518 5838 643 5880 mss.
697 5822 860 5878 Corb.
894 5829 950 5877 et
996 5820 1199 5874 Victor.
1242 5818 1402 5873 Basil.
1428 5834 1553 5873 vero
1580 5817 1663 5871 sic
1686 5815 1851 5882 legit:

220 5897 403 5954 Item
433 5910 453 5945 :
481 5896 556 5947 Ad
589 5893 1003 5965 ragnoscendam
1032 5888 1532 5960 superabunduutem
1551 5885 1859 5958 cognitionis

223 5971 548 6025 ueritatem
575 5965 785 6020 Christi.

3142 6071 3193 6079 ο-ο
