4072 6332
564 505 668 570 305

1583 510 1643 566 S.
1681 503 2041 567 FULGENTII
2079 511 2380 571 EPISCOPI
2418 514 2790 573 BUSPENSIS

3719 521 3830 585 504

562 635 651 684 tur
674 603 955 700 aqualem.
987 628 1110 684 Sola
1141 643 1268 684 vero
1297 625 1540 698 possidet
1567 627 1848 684 veritatem
1888 629 2143 701 simplici-
2168 637 2218 696 Α
2247 633 2403 690 deres
2439 635 2738 703 largitatem
2767 633 2931 690 divini
2974 634 3228 702 muneris,
3259 644 3317 692 et
3350 646 3670 708 potestatem
3717 659 3829 700 non

559 720 706 788 tatis,
737 735 854 789 quae
877 736 1032 774 unam
1060 734 1239 773 veram
1279 725 1333 773 et
1362 719 1656 788 simplicem
1697 718 1865 774 credit
1893 720 2142 775 substan—

559 808 689 863 tiam
715 809 1004 864 Trinitatis.
1043 808 1269 864 Oramus
1303 817 1484 864 autem
1525 809 1712 876 Deum,
1751 818 1809 863 ut
1849 826 2006 866 aures
2033 811 2145 866 cle-

559 903 770 956 mentite
813 913 916 957 tua:
957 903 1123 957 verbo
1150 903 1392 958 veritatis
1421 904 1658 974 placidas
1699 905 1914 972 reddat,
1950 916 2004 960 et
2053 902 2167 976 pio'

558 992 704 1047 cordi
732 1001 824 1046 tuo
854 993 1030 1047 lumen
1062 993 1339 1062 sapientizn
1378 994 1634 1063 spiritalis
1675 995 1937 1060 infundat,
1967 1004 2024 1050 ut
2054 995 2144 1050 Fi-

556 1083 683 1138 lium
714 1083 808 1139 Dei
840 1086 1028 1147 Deum,
1062 1094 1116 1140 et
1175 1086 1460 1140 Dominum
1499 1095 1740 1142 nostrum
1770 1079 1951 1142 Iesum
1988 1085 2143 1142 Chri-

555 1184 694 1230 stum
736 1177 813 1231 sic
839 1177 1186 1244 ltonorilices,
1213 1177 1353 1233 sicut
1380 1177 1702 1234 honoriﬁcas
1733 1176 1948 1232 Patrem
1977 1198 1990 1233 :
2020 1193 2138 1234 me-
2165 1189 2174 1212 ‘

554 1274 702 1319 retur
730 1267 871 1320 enim
901 1267 1006 1322 hoc
1049 1283 1078 1321 a
1110 1276 1181 1333 te,
1216 1277 1274 1322 ut
1313 1285 1434 1323 eum
1464 1269 1555 1338 qui
1599 1277 1653 1324 te
1692 1269 1815 1324 fecit
1843 1268 2004 1323 Patre
2042 1276 2138 1325 tuo

553 1356 851 1418 meliorem.
886 1357 1029 1410 Patri
1058 1373 1158 1412 suo
1186 1357 1482 1413 secundum
1517 1358 1749 1412 divinam
1779 1368 2024 1412 naturam
2051 1357 2134 1412 fa-

551 1446 716 1499 tearis
742 1445 1022 1514 aequalem.
1054 1446 1267 1512 Quaeso,
1297 1447 1529 1515 gloriose
1556 1461 1672 1512 rex,
1704 1456 1762 1502 ut
1790 1447 1843 1502 in
1874 1455 1928 1502 te
1954 1446 2135 1502 consi-

2241 728 2454 782 minuas
2488 729 2786 796 largitoris;
2817 737 2874 782 ut
2907 729 2998 797 qui
3036 730 3130 784 tibi
3159 731 3453 801 temporale
3491 733 3713 788 donavit
3739 751 3831 792 re-

2243 831 2428 887 gnum,
2459 819 2624 874 donet
2667 819 2828 874 etiam
2871 822 3272 891 sempiternum.
3320 822 3436 892 lpee
3476 824 3618 878 enim
3647 825 3776 879 dicit
3811 845 3826 880 :

2245 910 2352 965 Eos
2395 913 2479 982 qui
2525 928 2607 965 me
2651 912 2966 982 gloriﬁcant,
2996 911 3296 982 gloriﬁcabo
3338 910 3391 981 (1
3434 911 3562 982 Reg.
3603 929 3658 978 ιι,
3709 915 3826 985 50).

2245 1003 2399 1069 Quod
2424 1005 2536 1074 ipsa
2561 1003 2792 1059 Trinitas
2812 1004 2989 1070 faciat,
3003 1020 3122 1074 qua:
3143 1021 3279 1060 unus
3298 1014 3352 1060 et
3374 1023 3530 1061 verus
3549 1017 3630 1063 est
3650 1007 3790 1064 Deus
3811 1029 3824 1062 :

2248 1093 2350 1159 Qui
2376 1104 2538 1165 potest
2559 1097 2733 1149 omnia
2759 1097 2927 1167 facere
2957 1113 3112 1165 supra
3151 1113 3302 1168 quam
3325 1099 3538 1167 petintus
3562 1109 3650 1152 aut
3673 1102 3828 1155 intel-

2243 1191 2448 1261 ligimus
2481 1189 2696 1260 (Ep/tes.
2731 1205 2806 1251 ιιι,
2839 1187 2928 1258 9.0)
2960 1207 2974 1255 ;
3007 1205 3072 1242 ea;
3098 1190 3210 1252 ipso
3238 1191 3393 1253 enim,
3425 1201 3474 1244 et
3501 1209 3593 1261 per
3631 1192 3824 1262 ipsum,

2246 1291 2272 1319 ⁸
2296 1292 2346 1336 et
2375 1284 2428 1336 in
2458 1283 2570 1352 ipso
2611 1289 2729 1334 sunt
2767 1280 2942 1334 omnia
2983 1280 3157 1350 (Rom.
3191 1298 3265 1349 tu,
3296 1280 3406 1351 56).
3433 1281 3536 1352 Ipsi
3569 1283 3736 1350 gloria
3766 1283 3824 1339 in

2240 1371 2432 1426 saecula
2463 1370 2797 1425 saeculorum.
2829 1373 3016 1424 Amen.

627 1586 652 1614 ι
681 1576 845 1633 Abest
872 1579 939 1634 ab
959 1578 1116 1634 editis
1135 1589 1184 1632 et
1204 1580 1258 1632 in
1279 1579 1422 1649 ipso;
1451 1577 1645 1648 legitur
1673 1578 1725 1632 in
1756 1593 1856 1633 ms.
1886 1576 2050 1633 Corb.
2074 1583 2132 1633 et
2166 1575 2222 1630 in
2248 1580 2402 1628 textu
2427 1569 2691 1641 Apostoli.

567 1676 3795 1724 Μ

1285 1907 1441 1982 ,μ
1533 1843 2091 1968 SANCTI

2236 1841 3079 1950 FULGENTII

778 2252 902 2335 IN
975 2253 1332 2338 UNUM
1405 2251 1866 2337 CORPUS
1940 2250 2272 2335 NUNC
2346 2248 2826 2331 PRIMUM
2901 2247 3557 2336 COLLECT/E.

1025 2512 1354 2568 EPISTOLA
1393 2511 1624 2568 PRIMA.

542 2615 573 2647 ι
589 2606 673 2662 De
697 2605 960 2676 conjugali
987 2603 1174 2670 debito,
1205 2615 1253 2657 et
1282 2613 1393 2685 voto
1419 2605 1746 2658 continentia:
1765 2621 1797 2657 a
1819 2605 2122 2676 conjugibus

1227 2691 1432 2729 81711880.

609 2769 838 2827 Domino
861 2775 918 2822 et
943 2765 1135 2821 merito
1163 2764 1458 2819 venerabili
1493 2764 1600 2820 lilio
1628 2764 1985 2830 Fuccsnnus,
2010 2781 2124 2821 ser-

541 2878 729 2921 vorum
748 2861 947 2917 Christi
975 2859 1223 2923 famulus,
1262 2859 1317 2912 in
1339 2858 1568 2913 Domino
1590 2860 1836 2914 salutem.

610 2951 791 3006 Cum
830 2964 1049 3004 PBIIUI.
1107 2946 1390 3002 Excusatio
1437 2948 1616 3003 dilata:
1661 2951 2123 3020 responsionis.—

544 3043 593 3096 l.
636 3041 931 3112 Epistolam
977 3049 1158 3103 tuam,
1210 3049 1407 3094 sanctae
1449 3041 1825 3096 sollicitudinis
1871 3042 2120 3109 indicem,

540 3142 668 3188 ante
689 3132 892 3203 aliquot
919 3146 1132 3188 menses
1160 3131 1450 3200 accipiens,
1479 3146 1599 3186 cum
1623 3133 1934 3202 persolvere
1959 3149 2124 3204 cupe-

541 3237 658 3278 rem
703 3223 821 3276 sine
866 3221 1124 3277 dilatione
1175 3236 1522 3292 responsum,
1557 3222 1635 3277 sic
1681 3238 1799 3277 sum
1842 3225 2122 3294 repentina

540 3315 783 3384 corporis
825 3314 1143 3383 aegritudine
1189 3320 1486 3382 correptus,
1527 3321 1586 3368 ut
1624 3312 1849 3369 febrium
1884 3315 2121 3372 violenta

541 3405 795 3460 nimietas
824 3413 1184 3460 commeatum
1213 3403 1344 3458 mihi
1383 3404 1504 3459 vitae
1543 3406 1825 3474 praisentis
1852 3406 2118 3474 auferret;

538 3495 643 3551 nisi
665 3511 824 3551 verus
843 3495 1143 3550 animarum
1164 3509 1557 3565 corporumque
1577 3495 1831 3563 medicus,
1857 3499 1946 3566 qui
1967 3507 2122 3553 sanat

538 3605 728 3644 onmes
755 3589 1041 3656 languores
1064 3595 1297 3652 nostros,
1322 3596 1377 3642 et
1397 3587 1615 3642 redimit
1639 3587 1732 3660 (al.
1763 3588 2010 3660 redimet)
2053 3589 2122 3644 de

538 3681 759 3736 interitu
790 3680 954 3734 vitam
981 3689 1244 3747 nostram,
1272 3679 1339 3734 ad
1368 3679 1753 3735 removendum
1787 3686 1948 3734 tanta:
1975 3679 2123 3734 infir-

537 3772 742 3827 mitatis
784 3769 1071 3839 ﬂagellum,
1111 3769 1422 3838 dignaretur
1465 3768 1742 3824 medicina:
1786 3784 1896 3824 suae
1941 3769 2123 3838 largiri

532 3863 850 3922 subsidium.
885 3861 1118 3931 Recepta
1138 3875 1354 3931 quoque
1378 3860 1657 3931 SOSpitate,
1683 3875 1790 3916 non
1814 3859 1980 3915 defuit
1999 3861 2119 3930 qui-

534 3957 662 4011 dem
688 3954 1015 4010 rescribendi
1047 3953 1139 4026 (al.
1171 3951 1458 4021 scribendi)
1488 3952 1754 4018 voluntas,
1783 3951 1878 4008 sed
1899 3951 1964 4006 ad
1986 3951 2116 4007 diri-

534 4047 768 4116 gendum
797 4045 1004 4101 obstitit
1022 4044 1263 4100 hiemalis
1286 4043 1563 4113 asperitas.
1591 4043 1740 4098 Nunc
1765 4044 1962 4112 itaque,
1988 4043 2114 4113 quia

537 4144 755 4194 creator
781 4145 836 4191 et
864 4136 1171 4191 moderator
1200 4144 1498 4205 temporum
1528 4135 1841 4206 temperiem
1868 4135 2115 4203 dignatus

537 4233 624 4282 est
655 4225 856 4282 donare
876 4235 1182 4290 ventorum,
1211 4226 1586 4282 consultationi
1619 4226 1713 4299 (al.
1737 4226 2112 4298 consolationi)

540 4326 678 4385 tute,
721 4317 865 4388 quod
908 4317 1253 4372 miseratione
1297 4325 1457 4388 atque
1503 4318 1853 4387 inspiratione
1897 4318 2114 4389 superni

539 4409 806 4478 largitoris
833 4409 1037 4479 accepi,
1070 4409 1353 4464 redhibere
1383 4425 1490 4465 non
1521 4410 1721 4465 destiti.

608 4498 739 4555 CAP.
800 4515 856 4554 ιι.
927 4498 1095 4554 Tenor
1138 4501 1557 4572 interrogationis
1604 4517 1755 4570 super
1797 4503 2112 4556 continentia

538 4592 736 4662 uxoris.
765 4590 1072 4646 Commixtio
1111 4591 1397 4662 coujngalis
1426 4593 1480 4645 in
1505 4608 1560 4645 se
1586 4591 1726 4645 mala
1754 4609 1857 4647 non
1897 4602 1991 4658 est,
2023 4592 2114 4647 sed

537 4659 793 4738 excessus.
825 4680 1065 4735 Debitum
1087 4659 1375 4751 coniugiale.
1398 4713 1468 4724 —
1489 4679 1540 4734 2.
1574 4680 1713 4736 Dicis
1741 4682 1921 4752 itaque
1947 4681 2110 4737 ﬁliam

538 4784 774 4829 nostram
815 4772 1096 4840 coniugem
1137 4781 1283 4826 tuam
1329 4787 1466 4842 pene
1507 4787 1670 4840 usque
1705 4773 1772 4827 ad
1812 4781 2108 4828 extremum

535 4879 709 4933 nuper
731 4871 1018 4931 aigrotasse
1039 4862 1352 4932 periculum,
1377 4871 1448 4926 et,
1479 4863 1615 4918 sicut
1638 4863 1949 4932 plerumque
1976 4879 2108 4918 con—

537 4956 713 5022 tingit,
751 4963 969 5025 accepta
1012 4970 1200 5009 manus
1229 4955 1588 5023 impositione,
1626 4953 1992 5022 paenitentiam
2021 4969 2108 5009 se-

531 5044 768 5099 cundum
793 5059 998 5098 morem
1031 5047 1189 5113 quem
1219 5043 1379 5098 habet
1407 5041 1703 5096 Christiana
1731 5043 1919 5113 religio
1949 5061 2108 5115 pere-

533 5135 696 5203 gisse.
726 5133 923 5190 Verum
957 5135 1082 5204 quia
1110 5133 1468 5203 postmodum,
1499 5132 1687 5188 divina:
1715 5135 1968 5190 bonitatis
1988 5153 2108 5192 mu-

532 5241 688 5293 nere,
703 5225 911 5297 plenam
933 5225 1140 5296 accepit
1156 5225 1396 5296 corporis
1416 5225 1747 5295 sospitatem,
1769 5224 2107 5294 fragilitatem

543 5316 696 5386 145
739 5317 916 5370 carnis
961 5316 1227 5383 allegans,
1266 5315 1441 5371 mtatis
1481 5315 1698 5385 insuper
1729 5314 1980 5383 juvenilis
2025 5317 2106 5373 in-

536 5404 919 5458 continentiam
953 5403 1255 5468 conliteris;
1286 5413 1341 5457 et
1368 5405 1421 5458 in
1452 5405 1550 5460 hac
1578 5403 1927 5472 ambiguitate
1954 5407 2103 5475 cogi-

538 5497 774 5562 tationis,
800 5512 905 5566 qua
931 5510 1147 5550 carnem
1176 5495 1499 5562 consideras,
1530 5496 1970 5565 maiestatemque
1999 5495 2106 5553 for-

536 5587 726 5652 midas,
774 5587 920 5642 velut
966 5593 1128 5640 nauta
1175 5584 1414 5640 locorum
1465 5586 1706 5654 ignarus,
1756 5593 1811 5640 et
1858 5585 2104 5643 ﬂuctibus

535 5677 814 5746 ventisque
842 5675 1093 5745 iactatus,
1119 5675 1244 5729 dum
1273 5675 1629 5746 periculorum
1663 5677 1870 5732 incerta
1898 5693 2102 5748 prteca-

605 5801 628 5827 ιι
658 5789 756 5844 Ms.
816 5790 1039 5856 Victor.,
1105 5791 1214 5846 Deo
1277 5806 1409 5861 quoa
1457 5794 1822 5847 continentiam
1882 5792 2099 5849 debeant

531 5863 700 5932 etiam_
715 5876 806 5932 con
805 5861 985 5932 jugali,
1002 5879 1200 5932 servare
1229 5872 1341 5932 post
1359 5872 1544 5916 votum.

603 5930 630 5967 ιδ
659 5927 941 5992 Destinam,
974 5930 1029 5982 id
1050 5940 1132 6004 est
1159 5927 1396 6004 fulcrum,
1422 5933 1700 6004 fulcimen;
1731 5933 1804 5988 ita
1834 5933 2100 5991 Arnobius

532 5998 570 6055 Β..
599 6014 635 6054 ιι
661 6007 846 6052 contra
875 6008 1060 6065 gentes
1089 5998 1230 6056 circa
1260 5998 1454 6057 ﬁnem':
1489 6001 1749 6057 Atlantem
1769 6012 2096 6075 gestatorem,

2149 2515 2198 2576 B
2224 2527 2337 2576 ves,
2367 2519 2551 2566 nostra
2571 2509 2667 2565 tibi
2693 2509 3044 2581 responsione
3073 2508 3428 2565 demonstrari
3454 2507 3660 2579 ﬂagitas
3679 2526 3806 2584 pora.

2229 2618 2361 2676 tum,
2385 2607 2475 2662 ubi
2502 2607 2674 2677 possis
2702 2606 2891 2660 animae
2919 2606 3090 2661 vitare
3117 2605 3470 2674 naufragium.

2297 2714 2348 2767 ὅ.
2390 2712 2570 2768 Tenor
2597 2726 2725 2782 ergo
2748 2712 3181 2782 interrogationis
3201 2719 3307 2768 tua:
3325 2713 3431 2769 duo
3453 2713 3694 2783 quzedatn
3714 2727 3801 2770 me

2224 2805 2501 2877 compellit
2529 2821 2640 2861 non
2667 2805 2904 2875 segniter
2929 2804 3316 2860 consideranda
3345 2821 3574 2875 pensare
3598 2824 3611 2859 :
3657 2806 3796 2862 scili-

2225 2906 2312 2953 cet
2339 2913 2448 2953 non
2473 2897 2648 2952 solum
2668 2896 2795 2966 quid
2825 2897 2878 2950 in
2907 2911 2966 2950 se
2985 2895 3279 2964 coniugalis
3308 2896 3646 2952 admixtionis
3698 2898 3790 2970 (al.

2225 2989 2655 3059 commixtionis)
2689 2989 2918 3058 qualitas
2961 2989 3189 3053 habeat,
3223 2989 3316 3044 sed
3364 2990 3526 3044 etiam
3569 2991 3694 3059 quid
3741 2990 3798 3043 in

2225 3095 2546 3152 unaquaque
2566 3095 2626 3134 re
2646 3079 2964 3150 pollicitatio
2987 3080 3232 3135 voventis
3261 3088 3531 3149 exposcat.

2293 3179 2346 3234 4.
2377 3180 2559 3248 Igitur,
2591 3180 2636 3234 si
2657 3195 2754 3250 per
2781 3195 2840 3234 se
2868 3180 3038 3250 ipsam
3067 3179 3187 3249 quis
3239 3179 3465 3234 ﬁdelium
3506 3177 3793 3247 coniugum

2223 3271 2661 3327 commixtionem
2706 3271 2842 3325 duce
2887 3271 3096 3326 ratione
3149 3269 3476 3335 consideret,
3519 3269 3802 3339 culpabilis

2222 3382 2348 3420 usus
2376 3382 2482 3420 non
2507 3365 2559 3419 in
2585 3365 2852 3433 coniugali
2881 3365 3188 3432 concubitu,
3219 3365 3314 3419 sed
3340 3364 3392 3418 in
3439 3362 3804 3419 concumben-

2221 3458 2352 3511 tium
2380 3457 2680 3527 reperietur
2708 3471 2966 3523 excessu;
2997 3471 3172 3526 neque
3196 3471 3264 3511 ex
3285 3455 3668 3510 commixtione
3690 3469 3807 3508 rna-

2219 3547 2294 3602 ris
2322 3554 2378 3602 ct
2405 3547 2633 3611 feminae,
2661 3546 2757 3601 sed
2786 3561 2855 3601 ex
2906 3546 3350 3601 immoderatione
3402 3544 3634 3598 libidinis
3683 3543 3806 3598 cul-

2219 3653 2341 3709 pam
2372 3639 2538 3692 trahit
2557 3639 2734 3694 coitus
2761 3635 3080 3706 coniugalis.
3111 3636 3170 3690 ln
3199 3636 3514 3705 coniugibus
3537 3649 3666 3704 ergo
3695 3648 3808 3689 ex-

2220 3745 2402 3785 cessus
2446 3729 2567 3798 iure
2594 3728 3022 3800 reprehenditur,
3055 3728 3306 3798 nuptialis
3345 3736 3521 3782 tamen
3565 3726 3808 3794 dignitas

2222 3820 2401 3876 collati
2454 3819 2555 3874 sibi
2601 3819 2855 3873 divinitus
2905 3818 3125 3873 honoris
3153 3833 3375 3873 munere
3398 3833 3503 3872 non
3534 3817 3804 3888 privatur.

2145 3885 2190 3949 Ο
2221 3909 2346 3966 Ideo
2366 3911 2562 3965 clamat
2591 3910 2900 3980 apostolicae
2920 3909 3312 3978 praadicationis
3331 3885 3621 3964 auctoritas
3645 3927 3658 3960 :
3682 3907 3805 3963 Ho-

2219 4003 2449 4056 norabile
2477 4003 2782 4057 connubium
2808 4005 2862 4056 in
2889 4003 3141 4068 omnibus,
3169 4013 3218 4056 et
3274 4003 3450 4058 thorus
3490 4003 3806 4058 immacula—

2221 4103 2296 4146 tus
2322 4092 2506 4161 (Hebr.
2536 4109 2646 4157 xm,
2677 4093 2752 4164 4).
2785 4092 3091 4149 Corinthios
3111 4109 3325 4163 quoque
3345 4109 3506 4164 super
3524 4094 3805 4150 matrimo-

2219 4184 2292 4237 nii
2321 4183 2603 4239 honestate
2625 4184 2891 4238 servanda
2920 4183 3114 4239 Paulus
3158 4185 3471 4250 informans,
3502 4201 3624 4240 cum
3649 4201 3804 4255 pra:-

2217 4275 2495 4331 misisset:
2549 4274 2750 4331 Bonum
2796 4286 2873 4329 est
2917 4276 3107 4330 homini
3160 4277 3422 4330 mulierem
3448 4294 3550 4332 non
3582 4289 3805 4348 tangere

2217 4367 2269 4437 (1
2293 4366 2412 4423 Cor.
2447 4385 2534 4434 vn,
2563 4371 2647 4440 l);
2678 4369 3032 4440 quorumdam
3062 4369 3422 4426 inﬁrmitatem
3473 4371 3675 4440 videns,
3708 4382 3815 4428 ει·-

2214 4474 2319 4530 que
2349 4460 2644 4530 apostolica
2673 4468 2921 4528 satagens
2947 4461 3188 4526 caritate,
3215 4470 3463 4531 tanquam
3492 4463 3679 4533 parieti
3701 4465 3801 4518 in-

2213 4552 2434 4618 clinato,
2465 4561 2518 4607 et
2544 4553 2789 4608 maceria:
2818 4554 3056 4624 impulsa:
3085 4555 3180 4625 (al.
3219 4554 3506 4626 depulsae),
3540 4571 3647 4610 non
3685 4571 3800 4612 rte-

2211 4644 2378 4712 glexit
2398 4644 2588 4699 doctor
2611 4645 2855 4713 egregius
2880 4646 3262 4702 consolationis
3282 4647 3308 4685 b
3335 4647 3616 4713 destinam,
3630 4647 3803 4703 Chri-

2212 4746 2295 4791 sto
2325 4737 2377 4790 in
2399 4753 2458 4792 se
2481 4737 2753 4806 loquente,
2785 4753 3105 4808 supponere.
3133 4738 3369 4809 Denique
3397 4740 3802 4809 subsequenter

2211 4831 2449 4900 adjungit
2488 4849 2500 4882 :
2545 4832 2765 4902 Propter
2821 4834 3189 4903 fornicationes
3241 4833 3332 4903 (al.
3366 4835 3801 4904 fornicationem)

2211 4930 2380 4975 autem
2411 4923 2753 4992 unusquisque
2771 4939 2917 4976 suam
2951 4940 3162 4978 uxorem
3177 4923 3382 4991 habeat,
3403 4932 3452 4978 et
3467 4941 3802 4996 unaquaque

2209 5028 2356 5067 suum
2384 5014 2546 5066 virum
2570 5012 2785 5078 habeat;
2815 5016 2965 5069 uxori
2985 5016 3061 5069 vir
3076 5017 3298 5070 debitum
3319 5016 3519 5083 reddat,
3543 5018 3804 5074 similiter

2212 5114 2380 5158 autem
2401 5115 2450 5159 et
2477 5121 2612 5160 uxor
2633 5108 2740 5162 viro
2764 5107 2951 5181 (Ibid.,
2982 5108 3034 5173 2,
3059 5108 3136 5177 5).

2281 5195 2334 5250 5.
2375 5197 2696 5267 Apostolica:
2719 5199 2897 5267 itaque
2923 5200 3170 5256 lectionis
3192 5209 3349 5255 tenor
3366 5199 3616 5268 ostendit,
3647 5217 3799 5257 uxo-

2134 5268 2188 5329 Ῑ)
2213 5307 2326 5347 rem
2353 5292 2488 5357 viro,
2522 5300 2576 5347 et
2598 5293 2769 5347 virum
2792 5292 2947 5346 uxori
2967 5291 3198 5362 quadam
3213 5293 3378 5349 debiti
3399 5295 3800 5350 communione

2209 5383 2440 5440 misceri.
2475 5383 2626 5450 Quod
2655 5383 3003 5453 proculdubio
3029 5399 3136 5439 non
3165 5385 3461 5456 appellaret
3486 5385 3803 5456 Apostolus

2209 5476 2598 5543 debitum,-nisi
2627 5477 2860 5545 legitime
2885 5476 3046 5533 sciret
3101 5493 3219 5534 esse
3265 5477 3619 5543 reddendum;
3677 5496 3804 5537 nec

2205 5567 2420 5636 iuberet
2449 5579 2470 5607 ο
2503 5568 2650 5622 reddi
2672 5576 2868 5622 mutum
2897 5569 3266 5625 consensionis
3294 5566 3488 5634 olllcio,
3535 5571 3578 5623 si
3633 5578 3804 5625 esset

2208 5659 2387 5731 iniqua
2417 5659 2744 5730 reposcentis
2763 5661 2972 5715 exactio
3008 5679 3021 5715 :
3053 5677 3222 5732 usque
3245 5661 3380 5718 adeo
3413 5677 3641 5730 namque
3676 5677 3803 5716 nu-
3863 5676 3876 5684 ·

2204 5793 2431 5866 baiulum
2459 5811 2520 5866 ac
2548 5795 2802 5850 destinam
2830 5797 2961 5852 caeli.
3259 5863 3264 5866 _

2280 5876 2301 5904 ο
2328 5865 2473 5938 Εάὶιί
2501 5865 2715 5938 habent,
2748 5883 2840 5921 nec
2859 5868 3065 5938 juberet
3091 5865 3406 5922 reddendum
3429 5870 3635 5938 mutuor
3651 5880 3807 5938 con.-

2203 5937 2718 6062 εῗηῧὶριῖίειοῃξςὶωη,
2750 5939 2843 5994 sed
2860 5933 3186 5996 concinnior
3211 5938 3420 5995 videtur
3437 5951 3568 5993 mss.
3598 5933 3800 5993 Corh.

2202 6020 2232 6060 e
2332 6021 2379 6060 tc
2411 6046 2422 6058 .
2477 6022 2537 6062 ec
2566 6025 2636 6064 ιο.
