4026 6336
222 311 330 367 505

1644 314 1976 373 EPISTOLA
2012 320 2054 376 l.

3383 327 3488 384 506

219 426 362 497 ptias
375 423 530 493 operi
550 421 732 477 divino
754 422 1026 493 applicare
1050 438 1159 480 non
1187 425 1409 493 ambigit
1431 426 1670 494 gentium
1697 427 1807 482 Do-
1833 429 1890 488 Α
1913 430 2186 486 contrahit
2213 432 2493 486 infirmitas
2521 432 2727 498 carnis,
2756 433 2800 488 si
2830 433 3036 488 mulieri
3065 449 3174 488 non
3202 435 3490 495 misceatur

217 527 358 581 ctor,
392 524 452 569 ut
479 522 536 570 et
563 514 804 569 mulieris
833 516 886 569 in
912 529 1140 585 corpore
1157 516 1279 581 viri,
1311 525 1366 571 et
1396 517 1452 570 in
1480 517 1666 572 uxoris
1694 532 1816 572 cor—

216 622 354 677 pore
379 605 482 659 viri
505 612 832 672 potestatem
851 605 1046 673 aequali
1073 620 1297 675 prorsus
1343 605 1466 674 jure
1506 606 1810 673 conﬁrmet,

215 700 405 754 dicens
429 715 441 750 :
469 695 663 750 Mulier
680 697 760 749 sui
783 697 1010 766 corporis
1040 704 1348 766 potestatem
1400 713 1506 750 non
1563 706 1589 733 ι
1639 697 1809 764 habet,

214 792 304 846 sed
329 792 440 854 uir;
467 789 706 843 similiter
731 799 899 843 autem
921 800 972 843 et
1008 791 1084 843 vir
1112 791 1192 844 sui
1237 791 1468 859 corporis
1514 799 1814 861 potestatem

215 903 318 940 non
363 883 546 948 habet,
578 883 671 937 sed
715 882 1237 954 mulier{(lbid.,4).
1283 883 1403 938 Alio
1433 883 1632 951 (autem
1690 883 1812 939 loco

216 979 360 1033 idem
401 979 531 1032 dicit
566 996 579 1030 :
619 975 756 1041 Quia
806 994 910 1033 non
932 986 1010 1032 est
1043 987 1266 1048 potestas
1305 977 1406 1032 nisi
1435 993 1468 1030 a
1489 976 1599 1032 Deo
1630 976 1809 1050 (Rom.

216 1084 328 1130 xm,
362 1068 438 1136 l).

280 1158 414 1212 CAP.
444 1173 521 1212 In.
579 1156 840 1212 Utendum
886 1158 1126 1230 confugio
1175 1169 1380 1230 propter
1432 1160 1650 1230 prolem,
1707 1177 1812 1215 non

217 1255 426 1318 prapter
457 1246 891 1300 libidinem.—6.
934 1245 1102 1316 Hujus
1134 1248 1295 1316 igitur
1321 1249 1608 1318 potestatis
1634 1249 1808 1304 incul-

217 1338 406 1408 pabilis
427 1345 512 1391 est
535 1353 682 1402 usus,
709 1335 890 1392 officio
932 1337 1185 1406 gignendi
1213 1337 1468 1394 divinitus
1497 1339 1807 1405 attributus,

215 1431 254 1485 si
280 1430 505 1498 iustitia:
535 1429 824 1483 terminum
848 1428 1151 1497 transgredi
1178 1428 1495 1484 libidinosus
1525 1445 1633 1484 non
1679 1445 1807 1500 per-

216 1523 461 1577 mittatur
481 1536 756 1577 excessus.
780 1519 996 1575 Justitia
1023 1536 1156 1576 vero
1207 1522 1390 1576 utendi
1429 1521 1664 1590 conjugii
1693 1522 1809 1577 haec

219 1622 315 1676 est,
348 1622 407 1667 ut
433 1628 544 1667 non
568 1613 846 1682 explenda:
869 1612 1119 1676 libidinis,
1147 1613 1242 1671 sed
1269 1612 1654 1668 substituendae
1682 1628 1809 1683 pro-

217 1705 278 1759 lis
304 1705 534 1759 obtentu
572 1703 674 1757 sibi
703 1703 962 1772 conjuges
998 1717 1237 1772 congruo
1266 1712 1514 1772 tempore
1543 1705 1808 1764 miscean-

1920 521 2094 584 alteri.
2124 524 2366 593 quisquis
2394 540 2502 578 non
2533 541 2632 596 pro
2661 525 2775 580 sola
2804 525 3178 595 generatione,
3204 525 3301 582 sed
3327 528 3498 584 etiam

1918 623 2142 684 propter
2187 616 2526 684 fragilitatem
2587 618 2764 673 carnis
2818 634 2929 674 suae
2981 621 3236 676 miscetur
3294 622 3495 682 uxori:

1918 707 2044 775 quia
2080 709 2182 761 etsi
2210 707 2484 779 praefixum
2513 711 2902 766 concumbendi
2932 713 3146 768 modum
3175 714 3390 780 transit,
3421 725 3499 766 ta-

1918 814 2043 854 men
2089 801 2424 872 conjugalem
2481 805 2765 858 terminum
2814 821 2923 860 non
2964 807 3215 872 excedit;
3267 818 3322 862 et
3375 808 3500 862 licet

1919 891 2202 945 contrahat
2245 893 2474 947 carnalis
2503 893 2784 951 inﬁrmitas
2825 896 3034 966 culpam
3059 939 3074 963 ,
3128 898 3380 967 impetrat
3413 905 3496 950 ta-

1917 994 2042 1034 men
2073 981 2322 1050 nuptialis
2351 983 2628 1052 integritas
2670 987 2903 1039 veniam.
2967 986 3176 1055 Accipit
3215 1000 3343 1054 ergo
3376 985 3498 1039 talis

1918 1070 2322 1140 indulgentiam,
2358 1090 2463 1128 non
2493 1091 2588 1145 pro
2613 1091 2680 1132 eo
2708 1077 2849 1146 quod
2879 1078 2944 1133 ab
2970 1094 3074 1132 una
3094 1078 3330 1132 debitum
3360 1093 3495 1133 con—

1912 1160 2096 1232 jugale
2133 1163 2253 1232 plus
2295 1180 2454 1234 quam
2499 1176 2715 1236 oportet
2754 1168 2920 1238 exigit
2969 1169 3064 1241 (al.
3111 1170 3309 1239 exegit)
3335 1209 3348 1230 ,
3399 1168 3496 1224 sed

1917 1253 2044 1320 quia
2073 1269 2178 1308 una
2223 1256 2457 1323 legitime
2502 1257 2595 1328 (al.
2627 1258 2882 1328 legitima)
2933 1268 3153 1330 accepta
3190 1269 3496 1328 contentus,

1917 1345 2140 1399 alteram
2173 1363 2276 1401 non
2323 1349 2565 1417 requirit.
2607 1347 2664 1404 Si
2707 1358 2884 1406 tamen
2917 1368 3023 1406 non
3053 1353 3246 1407 desunt
3280 1355 3490 1410 miseri-

1914 1436 2116 1491 cordia:
2145 1454 2306 1508 opera
2330 1481 2344 1505 ,
2382 1455 2500 1508 quae
2529 1449 2736 1495 tantum
2767 1443 2946 1496 valent
2973 1445 3024 1497 in
3055 1444 3312 1514 religione
3336 1443 3495 1499 Chri-

1911 1527 2119 1590 stiana,
2153 1537 2210 1582 ut
2234 1545 2342 1582 non
2370 1530 2544 1585 solum
2572 1532 2663 1599 qui
2688 1532 2946 1600 conjugiis
2971 1541 3192 1587 utuntur
3212 1575 3227 1599 ,
3275 1518 3374 1588 aut
3402 1536 3496 1605 qui

1916 1621 2253 1675 continentes
2283 1629 2408 1675 sunt
2432 1663 2446 1686 ,
2495 1621 2590 1676 sed
2627 1623 2785 1676 etiam
2835 1624 3068 1692 virgines
3107 1623 3174 1678 ad
3216 1625 3494 1693 praemium

1915 1714 2236 1782 virginitatis
2265 1715 2549 1783 pervenire
2578 1729 2685 1769 non
2713 1716 2920 1785 possint
2944 1755 2959 1780 ,
3002 1715 3047 1769 si
3087 1731 3249 1784 opera
3277 1716 3491 1770 miseri-

215 1795 396 1851 tur.ln
424 1795 530 1849 illis
554 1773 787 1863 namque
809 1793 963 1847 bonis
1007 1808 1126 1862 quae
1151 1791 1279 1848 fecit
1324 1792 1484 1858 Deus,
1538 1793 1802 1848 invenitur

1915 1806 2112 1863 cordize
2141 1807 2486 1875 caritatisque
2512 1807 2869 1874 neglexerint.
2909 1806 2966 1861 Si
2996 1823 3126 1862 vero
3166 1807 3283 1876 quis
3312 1808 3494 1862 inten-

219 1897 363 1944 casta
385 1887 657 1957 copulatio
685 1887 870 1941 uxoris
893 1894 948 1940 et
973 1886 1103 1950 viri;
1133 1887 1185 1940 in
1217 1886 1410 1955 quibus
1432 1886 1526 1939 Dei
1550 1887 1803 1956 operibus

222 1977 382 2034 libido
404 1992 505 2032 non
533 1984 718 2046 potest
738 1976 992 2041 inveniri;
1015 1991 1118 2031 nec
1139 1976 1426 2045 aliquando
1441 1975 1663 2044 justitia:
1680 1991 1805 2032 con-

221 2071 371 2139 gruit,
400 2083 522 2136 qum
552 2085 660 2123 non
691 2069 997 2123 hominibus
1024 2083 1093 2123 ex
1120 2068 1265 2124 dono
1321 2067 1645 2124 conditionis
1702 2071 1796 2141 (al.

219 2160 556 2233 conditoris),
609 2161 704 2217 sed
753 2161 1126 2231 peccatoribus
1156 2176 1226 2216 ex
1247 2160 1380 2216 vitio
1418 2161 1607 2231 primae
1659 2177 1798 2232 prae-

220 2253 560 2309 varicationis
587 2253 834 2308 accessit.
875 2254 1030 2323 156
1052 2252 1157 2308 Sed
1179 2253 1301 2322 quia
1325 2253 1442 2308 sine
1463 2253 1572 2318 illa,
1598 2254 1650 2307 in
1675 2268 1800 2309 cor-

222 2359 332 2417 pore
351 2344 554 2399 mortis
576 2343 753 2412 hujus,
783 2345 964 2412 proles
991 2344 1225 2399 humana
1273 2360 1380 2399 non
1420 2345 1643 2407 seritur,
1690 2360 1800 2400 non

221 2452 320 2495 eam
340 2435 605 2492 aﬂ'ectant
625 2437 872 2506 conjugia
903 2445 1072 2501 casta,
1105 2438 1199 2492 sed
1225 2437 1479 2502 tolerant,
1507 2438 1667 2505 eique
1701 2437 1801 2491 im-

220 2532 356 2603 ponit
379 2529 642 2600 nuptialis
664 2530 918 2585 honestas
939 2530 1157 2585 modum
1187 2531 1305 2586 sine
1350 2547 1455 2601 qua
1477 2546 1587 2585 non
1617 2540 1800 2602 potest

219 2623 264 2678 in
290 2639 456 2678 carne
495 2623 705 2694 peccati
736 2623 993 2678 naturalis
1022 2623 1242 2692 explere
1291 2622 1634 2678 fecunditatis
1674 2621 1797 2678 offi-

220 2717 369 2771 cium.

283 2808 332 2863 7.
361 2807 455 2864 Sic
483 2822 615 2877 ergo
646 2809 810 2878 qureri
842 2807 1001 2862 debet
1027 2822 1094 2862 ex
1132 2807 1333 2877 nuptiis
1361 2807 1582 2872 fructus,
1615 2815 1674 2861 ut
1701 2821 1796 2860 co-

223 2899 473 2954 hibendus
502 2901 574 2954 sit
604 2899 819 2954 lubrica:
863 2898 1154 2968 voluptatis
1195 2912 1466 2952 excessus.
1509 2895 1792 2963 Quocirca,

229 2991 269 3046 si
287 2990 574 3058 conjugalis
588 3005 715 3045 usus
731 2998 950 3044 eatenus
971 2996 1320 3059 temperetur,
1347 2997 1404 3042 ut
1421 3005 1528 3043 non
1547 2989 1796 3042 aestuanti

225 3079 416 3134 libidini
459 3081 673 3135 animus
710 3081 951 3147 serviat,
1004 3079 1097 3134 sed
1145 3088 1464 3149 proventum
1513 3080 1798 3135 nasciturm

221 3170 380 3241 prolis
408 3170 671 3237 attendat,
741 3178 796 3224 et
835 3185 952 3224 cum
982 3177 1109 3223 nata
1134 3168 1292 3222 fuerit
1319 3169 1624 3223 diluendam
1654 3169 1799 3223 cele-

221 3261 330 3316 rius
357 3260 582 3330 spiritali
633 3260 985 3328 generatione
1047 3275 1153 3313 non
1186 3259 1438 3328 negligat,
1494 3273 1601 3312 non
1627 3258 1796 3329 depu-

225 3361 366 3407 tatur
390 3352 624 3409 tidelibus
651 3352 967 3422 conjugibus
989 3352 1055 3406 ad
1086 3359 1363 3422 peccatum
1393 3353 1570 3408 carnis
1594 3352 1797 3406 indulta

223 3446 564 3510 commixtio,
609 3446 736 3514 quia
767 3453 821 3500 et
860 3445 1154 3514 coniugalis
1190 3453 1370 3501 servat
1409 3445 1797 3501 confoederatio

223 3535 551 3599 castitatem,
606 3542 662 3588 et
687 3533 1008 3589 verecundia
1047 3535 1282 3590 custodit
1314 3534 1798 3604 modesta-tempe-

224 3628 368 3690 riem,
397 3634 457 3680 et
484 3626 596 3681 Deo
625 3625 902 3680 dicandam
929 3626 1225 3695 conjugalis
1253 3627 1475 3681 exhibet
1498 3625 1798 3682 fecunditas

224 3715 422 3783 prolem
448 3754 463 3779 ,
495 3713 524 3753 δ
558 3723 616 3769 ut
643 3723 697 3770 et
725 3714 1098 3785 Redemptoris
1142 3731 1246 3785 ope
1285 3716 1450 3770 homo
1485 3715 1597 3785 jam
1642 3723 1798 3771 natus

226 3806 540 3861 reformetur
559 3805 896 3876 baptismatis
915 3815 1274 3874 sacramento,
1297 3805 1448 3875 cujus
1467 3822 1632 3877 opere
1652 3808 1800 3876 prius

225 3895 478 3952 formatur
506 3898 560 3952 in
609 3905 806 3964 utero;
844 3907 897 3952 et
925 3899 1072 3952 illum
1110 3898 1306 3952 habeat
1343 3899 1574 3953 humana
1605 3907 1798 3953 natura

227 3989 483 4045 beneﬁcio
507 3989 755 4045 secunda:
778 3990 1074 4044 nativitatis
1101 3997 1329 4060 patrem,
1353 4005 1512 4059 quem
1544 3991 1595 4044 in
1626 3991 1797 4060 prima

227 4083 500 4136 nativitate
529 4095 640 4136 sua:
664 4080 984 4135 conditionis
1013 4081 1252 4149 agnoscit
1271 4088 1565 4134 auctorem.

291 4173 343 4229 8.
393 4173 728 4242 Conjugatus
791 4188 919 4241 ergo
981 4174 1025 4226 si
1085 4174 1376 4228 fornicetur
1423 4173 1801 4229 damnabiliter

227 4274 448 4335 peccat;
500 4265 544 4316 si
573 4279 701 4317 vero
752 4264 894 4317 thori
944 4261 1102 4317 fidem
1150 4278 1258 4316 non
1305 4263 1557 4326 deserat,
1603 4263 1698 4317 sed
1747 4265 1800 4317 in

227 4371 386 4412 uxore
414 4372 508 4411 sua
534 4397 549 4421 ,
575 4356 805 4409 naturali
830 4359 1091 4409 duntaxat
1119 4370 1250 4416 usu,
1297 4355 1685 4423 aliquantulum
1716 4355 1800 4408 in-

228 4457 548 4519 temperatus
573 4450 669 4518 (al.
700 4447 1130 4516 intemperatius)
1161 4445 1392 4501 excedat
1417 4488 1433 4513 ,
1488 4461 1596 4500 non
1625 4445 1798 4500 solum

1913 1910 2000 1956 tus
2030 1901 2282 1970 operibus
2323 1900 2481 1955 bonis
2507 1908 2713 1954 tantam
2743 1901 3036 1956 servaverit
3075 1901 3129 1955 in
3158 1915 3325 1955 uxore
3351 1909 3488 1955 tem-

1907 1994 2114 2064 periem
2126 2037 2140 2060 ,
2159 2003 2218 2047 ut
2233 1991 2461 2048 filiorum
2478 1992 2929 2063 procreandorum
2947 2008 3106 2047 causa
3125 1992 3492 2046 tantummodo

1905 2085 2201 2138 misceatur
2227 2084 2426 2151 uxori,
2475 2084 2640 2138 multa
2666 2083 2821 2137 laude
2866 2084 2987 2137 talis
3025 2091 3106 2137 est
3132 2081 3487 2151 proculdubio

1904 2174 2102 2244 dignus
2125 2216 2140 2240 ,
2193 2175 2240 2230 si
2277 2175 2397 2245 quis
2437 2175 2547 2230 hoc
2576 2175 2774 2230 nostris
2802 2183 2982 2244 potest
3025 2174 3248 2244 implere
3276 2181 3493 2244 tempo-

1905 2261 2079 2318 ribus.

1985 2354 2073 2409 10.
2113 2353 2420 2411 Fomicatio
2461 2363 2643 2412 tamen
2669 2369 2943 2424 nunquam
2981 2363 3163 2425 potest
3206 2370 3328 2411 esse
3374 2355 3492 2410 sine

1903 2448 2062 2516 gravi
2091 2449 2342 2511 crimine,
2374 2449 2428 2502 in
2465 2463 2572 2517 qua
2602 2446 2726 2502 licet
2753 2463 2861 2502 non
2891 2447 3194 2501 dubitemus
3219 2444 3493 2533 damnabi-

1906 2541 2038 2596 liter
2064 2555 2289 2610 peccare
2320 2541 2594 2595 hominem
2624 2540 2691 2594 ab
2722 2555 2889 2594 uxore
2925 2539 3247 2606 disjunctum
3272 2577 3288 2602 ,
3333 2537 3485 2592 dam-

1904 2633 2142 2687 nabilius
2162 2641 2342 2687 tamen
2359 2631 2606 2687 fornicari
2622 2633 2871 2687 existimo
2887 2631 3248 2699 conjugatum.
3275 2625 3490 2684 Utrum-

1907 2737 2015 2790 que
2037 2732 2214 2777 autem
2245 2722 2520 2792 Scriptura
2557 2731 2740 2777 sancta
2765 2721 3109 2790 judicandum
3133 2762 3148 2785 ,
3182 2730 3236 2775 et
3261 2737 3292 2774 a
3318 2735 3487 2790 regno

1908 2814 2005 2882 (al.
2036 2813 2205 2881 regni)
2229 2813 2324 2868 Dei
2345 2813 2656 2883 pronuntiat
2673 2813 2910 2866 alienum
2937 2829 2949 2864 :
2976 2812 3233 2880 scriptum
3255 2825 3489 2879 namque

1903 2916 1992 2961 est
2017 2908 2071 2961 in
2090 2906 2329 2977 Epistola
2352 2906 2419 2960 ad
2451 2905 2707 2961 Hebrzcos
2730 2925 2744 2958 :
2773 2905 2907 2970 Quia
2921 2906 3258 2978 fomicatores
3269 2916 3317 2958 et
3338 2903 3490 2960 adul-

1905 3007 2041 3053 teros
2080 2998 2339 3070 judicabit
2364 2997 2506 3052 Deus
2537 2996 2730 3068 (Hebr.
2763 3014 2884 3061 xui,
2928 2995 3016 3065 4).
3058 2995 3125 3048 Et
3163 2998 3215 3049 in
3248 2994 3488 3065 Epistola

1907 3105 2069 3160 quam
2092 3090 2158 3142 ad
2178 3087 2488 3144 Corinthios
2515 3090 2666 3159 147
2689 3089 2900 3158 scripsit
2923 3087 3233 3156 Apostolus,
3259 3087 3484 3142 dicitur:

1827 3184 1876 3248 C
1910 3180 2093 3236 Nolite
2117 3197 2294 3236 errare
2318 3198 2336 3234 :
2366 3199 2528 3253 neque
2554 3181 2825 3251 fornicarii
2843 3223 2858 3248 ,
2890 3196 3049 3251 neque
3076 3178 3232 3232 idolis
3257 3180 3488 3233 servien-

1906 3283 2013 3336 tes,
2045 3291 2208 3345 neque
2236 3274 2456 3328 adulteri
2478 3317 2492 3341 ,
2520 3291 2679 3345 neque
2706 3274 2913 3337 molles,
2947 3282 3106 3342 neque
3145 3273 3493 3326 masculorum

1905 3365 2283 3428 concubitores,
2315 3381 2478 3436 neque
2506 3365 2644 3434 fures
2666 3407 2679 3428 ,
2715 3380 2874 3434 neque
2901 3364 3066 3428 avari,
3097 3379 3254 3434 neque
3279 3362 3490 3426 ebriosi.

1905 3470 2070 3526 neque
2099 3455 2374 3519 maledici,
2407 3472 2566 3524 neque
2596 3471 2838 3524 rapaces,
2872 3470 3085 3524 regnum
3113 3451 3213 3505 Dei
3255 3452 3491 3522 posside-

1904 3547 2030 3597 bunt
2060 3542 2113 3613 (Ι
2133 3542 2252 3597 Cor.
2286 3559 2339 3597 v1
2360 3583 2375 3607 ,
2403 3544 2436 3596 9
2461 3587 2476 3610 ,
2510 3544 2622 3612 10).
2684 3543 2889 3597 Rursus
2937 3545 3076 3596 inter
3103 3557 3267 3610 opera
3312 3541 3490 3596 carnis

1900 3635 2048 3688 idem
2076 3635 2352 3708 apostolus
2378 3633 2576 3687 Paulus
2600 3633 3008 3688 fornicationem
3028 3671 3042 3694 ,
3073 3632 3488 3701 immunditiam,

1903 3724 2279 3793 luxuriamque
2307 3724 2650 3788 dinumerat;
2690 3724 2743 3777 in
2771 3738 3000 3792 quorum
3032 3723 3376 3779 conclusione
3407 3723 3490 3778 di-

1901 3814 1979 3868 cit
2005 3831 2017 3865 :
2053 3810 2310 3876 Quoniam
2338 3815 2424 3885 qui
2465 3815 2593 3866 talia
2621 3822 2780 3884 agunt
2816 3831 3027 3886 regnum
3061 3814 3151 3867 Dei
3181 3831 3283 3869 non
3311 3826 3332 3853 ε
3361 3832 3486 3869 con-

1901 3912 2179 3974 sequentur
2205 3902 2403 3975 (Galat.
2429 3920 2482 3964 v,
2514 3903 2630 3973 21).
2663 3901 2966 3959 Ρηειιιοιιθι
2993 3905 3155 3959 etiam
3209 3923 3272 3958 ne
3317 3907 3490 3976 lugeat

1902 3996 2092 4050 multas
2140 4013 2205 4050 ea:
2243 3995 2322 4050 his
2363 3998 2449 4067 qui
2489 4005 2608 4049 ante
2646 4007 2982 4066 peccaverunt
3004 4037 3018 4062 ,
3064 4007 3112 4049 et
3142 4013 3241 4048 non
3279 4004 3489 4067 egerunt

1899 4089 2258 4160 paenitentiam
2289 4085 2316 4124 ἀ
2347 4104 2501 4158 super
2529 4088 2858 4154 immunditia
2881 4128 2896 4151 ,
2938 4098 2989 4144 et
3017 4090 3360 4159 fornicatione
3383 4129 3398 4156 ,
3441 4094 3493 4142 et

1898 4181 2242 4250 impudicitia,
2268 4197 2422 4252 quam
2451 4191 2718 4250 gesserunt
2747 4181 2836 4252 (II
2859 4180 2974 4235 Cor.
3006 4199 3077 4236 χιι
3095 4221 3107 4243 ,
3137 4181 3249 4251 2i).

1976 4272 2104 4325 CAP.
2138 4287 2188 4324 v.
2227 4269 2358 4324 Vota
2394 4271 2500 4324 Deo
2531 4273 2794 4325 reddenda
2817 4272 3004 4344 absque
3046 4275 3391 4327 excusatione.
3422 4301 3488 4314 —

1904 4359 1991 4413 11.
2027 4360 2190 4429 Igitur
2217 4361 2341 4429 quia
2365 4360 2431 4414 de
2460 4361 2722 4428 qualitate
2761 4362 3012 4430 conjugii,
3042 4363 3184 4431 quod
3233 4362 3490 4418 Dominus

1903 4449 2144 4515 donavit,
2173 4450 2422 4513 diximus,
2454 4451 2583 4504 illud
2613 4460 2696 4505 est
2724 4462 3116 4522 consequenter
3146 4461 3257 4506 tota
3287 4454 3488 4508 sollici-

227 4543 422 4598 scilicet
451 4541 852 4610 generationem
874 4553 1140 4608 quaerens,
1170 4538 1264 4593 sed
1289 4537 1575 4609 aliquando
1597 4537 1803 4592 libidini
1827 4545 1881 4609 ι)
1907 4541 2092 4596 tudine
2142 4543 2578 4610 pertractandum
2604 4586 2618 4610 ,
2661 4545 2913 4615 quidnam
2967 4554 3157 4599 vestra:
3203 4546 3491 4600 voluntatis

229 4635 397 4688 carnis
423 4632 685 4686 obediens
708 4673 723 4698 ,
782 4632 886 4686 hoc
924 4629 1138 4700 quidem
1169 4631 1284 4685 sine
1313 4631 1468 4700 culpa
1502 4646 1609 4685 non
1634 4630 1802 4695 facit;

230 4727 345 4781 talis
383 4733 565 4780 autem
607 4725 766 4793 culpa
806 4723 964 4778 citius
988 4723 1127 4778 bene
1165 4723 1410 4792 operanti
1440 4729 1602 4792 atque
1631 4723 1806 4776 oranti

228 4817 512 4871 remittitur
531 4857 545 4881 ,
584 4816 710 4886 quia
739 4816 839 4885 ipsi
871 4814 1084 4884 conjugi
1115 4824 1295 4869 servat
1322 4815 1584 4868 maritalis
1613 4817 1807 4869 caritas

230 4906 390 4960 fidem
417 4951 431 4974 ,
480 4908 533 4961 in
563 4923 668 4976 qua
699 4922 806 4961 non
834 4915 1016 4976 potest
1041 4907 1298 4960 maritalis
1321 4904 1601 4959 infirmitas
1623 4915 1806 4960 custo-

230 4998 342 5052 dire
363 4999 703 5070 temperiem;
731 5007 786 5054 et
805 4999 850 5055 si
879 4999 1130 5069 nuptialis
1159 4999 1210 5051 in
1231 5014 1396 5053 uxore
1417 4998 1674 5053 modestia
1697 5014 1805 5052 non

230 5096 439 5144 tenetur
462 5129 478 5152 ,
531 5105 560 5143 a
590 5090 814 5160 nuptiali
844 5097 1020 5144 tamen
1050 5086 1156 5142 fide
1184 5088 1325 5142 nulla
1355 5089 1804 5144 immoderatione

233 5178 530 5235 disceditur.

306 5271 426 5326 CAP.
456 5289 527 5326 Iv.
558 5272 777 5327 Servata
798 5273 934 5326 thori
961 5272 1090 5342 ﬁdes
1107 5271 1364 5325 maculam
1383 5271 1614 5325 libidinis
1635 5271 1803 5327 diluit.

242 5359 414 5418 Omnis
441 5365 718 5436 fornicatio
737 5363 1069 5429 damnabilis,
1100 5364 1388 5432 prwsertim
1405 5365 1458 5415 in
1477 5364 1713 5434 conjuge.
1736 5401 1810 5413 ._.

239 5453 295 5509 9.
326 5457 544 5512 Retenta
591 5469 723 5523 ergo
762 5455 900 5510 thori
943 5453 1076 5510 ﬁdes
1123 5453 1385 5509 maculam
1430 5452 1585 5508 diluit
1647 5467 1808 5521 quam

317 5598 338 5626 ι
365 5587 438 5645 lta
463 5606 594 5646 mss.
626 5587 789 5645 Corb.
816 5596 874 5645 et
888 5587 1090 5645 Victor.
1131 5603 1230 5644 nec
1267 5605 1373 5644 non
1422 5590 1542 5641 Ant.
1566 5596 1622 5642 et
1640 5586 1805 5642 Basil.

239 5656 424 5784 Egon.
456 5677 610 5730 vero,
643 5676 748 5718 non
774 5659 960 5725 habent
979 5702 996 5730 ,
1026 5661 1121 5717 sed
1147 5662 1252 5725 vir,
1298 5660 1563 5714 similiter.
1591 5699 1605 5712 .
1637 5700 1650 5712 .
1701 5675 1805 5713 non

347 5741 442 5784 εει.
465 5741 570 5784 εις.
805 5781 825 5784 κέ
841 5777 852 5784 .

323 5741 442 5799 νισι,
465 5741 570 5788 etc.
841 5777 852 5785 .
893 5790 902 5798 ,

323 5800 344 5840 ⁸³
370 5801 493 5860 Mss.
522 5802 686 5859 Corb.
718 5809 774 5857 et
792 5781 1026 5871 Viden,
1058 5812 1116 5856 ut
1143 5801 1239 5857 Dei
1275 5801 1642 5872 Redemptoris.

1911 4622 2202 4704 praefixerit
2248 4634 2266 4701 (
2290 4634 2335 4688 si
2364 4650 2468 4704 qua
2501 4643 2626 4690 tunc
2655 4637 2832 4705 potuit
2859 4639 3007 4704 esse)
3037 4636 3272 4690 devotio.
3307 4635 3492 4704 Neque

1911 4725 2054 4780 enim
2084 4725 2210 4794 quia
2240 4725 2295 4779 in
2323 4726 2482 4780 rebus
2514 4726 2605 4794 (al.
2642 4729 2835 4798 rebus)
2866 4744 2896 4782 a
2926 4729 3036 4782 Deo
3067 4729 3336 4784 concessis
3365 4744 3493 4785 usus

1911 4817 2216 4872 hominibus
2264 4831 2373 4871 non
2423 4817 2787 4882 interdicitur,
2821 4819 2942 4872 ideo
2971 4819 3131 4873 debet
3160 4821 3319 4874 homo
3349 4819 3492 4888 quod

1912 4910 2122 4964 voverit
2149 4907 2259 4963 Deo
2285 4923 2391 4962 non
2416 4907 2660 4973 reddere,
2692 4925 2812 4963 cum
2835 4910 3090 4979 scriptum
3114 4911 3180 4963 sit
3214 4929 3224 4963 :
3262 4909 3494 4967 Reddam

1917 4998 2008 5052 tibi
2034 5009 2151 5053 uota
2173 5016 2306 5064 mea,
2338 5013 2453 5070 qua:
2481 4997 2823 5052 distinxerunt
2851 5000 2988 5052 labia
3009 5016 3121 5052 mea
3154 4999 3336 5071 (Psal.
3369 5019 3493 5069 va,

1916 5092 2030 5161 15).
2056 5091 2122 5144 Ει
2159 5108 2228 5146 ne
2253 5091 2534 5161 quisquam
2565 5091 2664 5145 sibi
2695 5091 2855 5144 vellet
2888 5093 3289 5146 excusationem
3326 5095 3494 5149 tribu-

1915 5182 2131 5238 lationis
2171 5183 2239 5237 ad
2277 5181 2590 5237 frustranda:
2631 5182 2902 5235 licentiam
2932 5184 3301 5251 promissionis
3342 5201 3494 5240 assu-

1914 5289 2082 5339 mere,
2115 5288 2217 5327 nec
2241 5289 2301 5328 se
2325 5281 2539 5343 putaret
2565 5273 2672 5325 voti
2695 5288 2866 5337 reum,
2892 5273 2937 5327 si
2958 5289 3017 5328 se
3054 5273 3274 5328 dixisset
3301 5274 3367 5329 ad
3396 5275 3494 5329 ali-

1916 5363 2043 5432 quid
2064 5362 2362 5417 vovendum
2401 5377 2507 5416 non
2543 5362 2818 5416 voluntate
2838 5363 2933 5419 sed
2975 5362 3320 5417 tribulatione
3350 5379 3492 5418 com-

1915 5452 2146 5524 pulsum,
2189 5453 2389 5508 docens
2437 5452 2626 5507 beatus
2673 5451 2840 5507 David
2868 5455 3048 5507 omnia
3079 5468 3196 5510 esse
3223 5453 3334 5509 Deo
3366 5454 3491 5508 red-

1989 5597 2010 5624 ο
2036 5588 2113 5642 lta
2141 5604 2237 5642 ms.
2284 5587 2446 5642 Corb.
2477 5596 2532 5641 et
2562 5586 2779 5642 Graecus
2831 5587 3071 5659 Apostoli
3119 5596 3315 5644 textus.
3346 5587 3490 5644 Editi

1912 5674 2044 5714 vero
2070 5674 2276 5724 omnes,
2300 5668 2696 5728 consequuntur.

1983 5727 2008 5764 (ι
2042 5728 2138 5782 Ms.
2171 5727 2355 5791 (lorb.,
2391 5729 2556 5799 Super
2584 5727 2982 5793 immunditiam,
2998 5739 3046 5784 et
3075 5731 3485 5799 fornicationem,

1912 5811 1960 5856 et
1983 5800 2369 5870 impudicitiam.
