4026 6336
462 5758 486 5791 ἣ

514 306 618 361 307
1084 344 1091 361 ,
1534 294 1592 351 S.
1633 288 1996 353 FULGENTII
2034 284 2337 359 EPISCOP!
2372 286 2743 348 RUSPENSIS

3658 283 3772 339 508

507 415 704 480 danda,
737 427 858 485 quae
879 411 1077 471 iuerint
1102 409 1338 480 legitime
1358 410 1618 466 duntaxat
1641 409 1802 469 etiam
1824 409 1877 464 in
1906 406 2082 467 tribus
2109 407 2163 483 Α
2187 390 2465 475 delinquit,
2494 404 2541 463 si
2567 405 2667 469 sibi
2689 403 2941 475 deinceps
2966 400 3128 467 licere
3154 405 3306 469 putat
3323 397 3468 468 quod
3496 407 3626 460 ante
3651 400 3772 458 lici-

509 510 712 575 latione
734 509 1016 582 promissa,
1040 521 1161 569 cum
1176 504 1398 563 dixisset
1418 501 1528 561 Deo
1556 517 1569 553 :
1604 498 1839 557 Reddam
1859 496 1950 557 tibi
1972 505 2087 559 vota

505 619 624 661 nua
663 618 778 671 quat
805 603 1151 657 distinxerunt
1174 594 1313 651 labia
1338 611 1478 662 mea,
1518 593 1776 651 continuo
1804 589 2039 647 subdidit
2069 606 2084 643 :

505 692 577 746 Et
601 684 823 749 lodutum
847 700 923 751 est
947 706 1004 745 os
1025 703 1192 745 meum
1207 688 1260 747 in
1282 684 1612 747 tribulatione
1630 700 1744 739 mea
1768 680 1820 752 (1
1825 680 1958 753 bid.,
1972 678 2085 753 id).

508 784 616 841 Sed
637 794 694 839 et
719 785 774 837 in
796 779 1214 839 Deuteronomio
1237 779 1496 851 scriptum
1524 785 1608 839 est
1629 795 1642 832 :
1676 776 1739 832 Si
1760 784 1930 835 autem
1952 789 2090 831 vouc-

511 880 585 933 ris
607 885 775 935 votum
794 875 1019 930 Domino
1041 873 1154 931 Dea
1183 882 1290 940 tuo,
1306 889 1410 931 non
1437 871 1673 935 tat-dabis
1693 870 1908 933 reddere
1935 867 2085 933 illud,

510 972 633 1042 quia
644 968 919 1041 exquirens
937 967 1165 1038 exquiret
1193 963 1444 1029 Dominus
1463 962 1602 1019 Deus
1624 979 1656 1015 a
1680 971 1748 1024 te,
1773 971 1824 1017 et
1842 961 1940 1021 erit
1966 960 2021 1023 in
2042 966 2089 1023 te

488 1071 794 1137 peccatum.
814 1061 873 1117 Si
888 1067 1057 1115 autem
1076 1055 1303 1117 nolueris
1318 1070 1510 1118 vovere,
1530 1070 1635 1111 non
1648 1054 1746 1107 erit
1761 1053 1813 1106 in
1829 1059 1877 1107 te
1900 1064 2087 1127 pecca-

512 1162 637 1208 tum.
654 1148 781 1215 Quae
793 1158 979 1207 exeunt
994 1166 1083 1219 per
1103 1144 1242 1209 labia
1266 1153 1355 1200 tua
1368 1144 1643 1208 custodias,
1661 1151 1709 1197 et
1736 1143 1896 1215 facies
1915 1155 2087 1213 quem-

511 1242 787 1301 admodum
817 1241 1011 1295 uooeris
1060 1238 1171 1291 Deo
1203 1246 1288 1293 tuo
1313 1245 1482 1299 votum
1506 1233 1643 1306 quod
1678 1234 1877 1295 locutus
1916 1248 1971 1291 es
2000 1248 2090 1288 ore

509 1344 599 1391 tuo
623 1333 798 1407 (Deut.
833 1348 983 1398 χχιιι,
1008 1329 1123 1401 24).
1152 1329 1292 1389 Dicit
1319 1336 1371 1393 et
1396 1326 1688 1389 Salomon:
1718 1325 1912 1387 Statim
1937 1333 2093 1389 utito-

509 1426 645 1482 veris
668 1436 837 1481 uotum
882 1422 1135 1484 Domino,
1169 1436 1273 1475 non
1304 1418 1533 1485 tardabis
1559 1417 1773 1477 reddere
1820 1415 1971 1475 illud,
2015 1413 2091 1470 Tu

511 1519 683 1588 itaque
709 1532 822 1588 qua:
850 1515 1042 1575 roret-is
1068 1513 1242 1567 redde.
1270 1511 1470 1571 Bonum
1488 1519 1565 1567 est
1590 1525 1694 1573 non
1712 1524 1907 1576 vovere,
1936 1522 2091 1578 quam

512 1609 704 1665 vovisse
722 1615 771 1661 et
796 1622 900 1661 non
921 1605 1114 1660 solvere
1137 1602 1332 1673 (Eccle.
1358 1617 1412 1667 v,
1442 1600 1497 1668 ἦ,
1528 1597 1605 1669 4).

583 1722 712 1780 Car.
744 1736 818 1777 γι.
855 1719 960 1774 Res
983 1720 1140 1775 licita:
1167 1724 1281 1788 post
1308 1724 1482 1770 notum
1506 1715 1640 1783 ﬁunt
1665 1711 1883 1769 illicitae.
1909 1708 2089 1766 Conti-

511 1818 703 1872 πρωίας
729 1823 843 1869 voto
872 1812 1130 1867 obstrictis
1168 1775 1465 1880 coniugium
1491 1775 1724 1860 redditur
1748 1803 2091 1859 illicitum.-—
2118 1775 2168 1851 Β
2192 1795 2312 1880 Inus
2345 1796 2374 1880 ε.

513 1909 603 1963 12.
633 1905 866 1961 Proinde
892 1904 1162 1959 licitarum
1181 1915 1366 1956 rerum
1396 1914 1523 1953 usus
1550 1897 1697 1952 licite
1732 1911 1854 1951 cum
1882 1903 2090 1964 tempe-

512 2000 688 2057 rantia
715 1997 946 2066 geritur,
977 1995 1150 2050 donec
1194 1992 1276 2048 rei
1305 1991 1463 2047 licitas
1502 1988 1827 2045 renuntiatio
1854 2001 1965 2043 non
1992 2000 2089 2042 vo-

511 2098 689 2153 vetur,
723 2095 779 2141 et
799 2085 1034 2155 quandiu
1057 2097 1164 2138 non
1185 2089 1400 2137 tenetur
1428 2095 1495 2136 ex
1519 2079 1819 2149 utriusque,
1841 2077 1893 2134 id
1921 2085 2092 2133 estex

515 2178 695 2239 mariti
716 2177 1007 2246 uxorisque
1029 2190 1316 2240 consensu,
1330 2179 1590 2243 perpetua
1610 2168 1953 2237 continentiae
1973 2182 2112 2238 pro-.

514 2270 718 2335 missio,
746 2284 854 2324 non
883 2276 965 2322 est
991 2266 1176 2321 illicita
1205 2264 1499 2332 conjugalis
1519 2261 1776 2317 admixtio
1819 2260 1915 2332 (al.
1942 2276 2092 2315 com-

517 2361 749 2430 mixtio).
781 2358 1051 2428 Scriptum
1076 2364 1159 2412 est
1180 2358 1324 2410 enim
1353 2372 1368 2408 ι
1398 2352 1461 2409 Si
1480 2353 1691 2407 duxeris
1722 2369 1958 2420 uxorem,
1986 2368 2092 2407 non

513 2452 768 2525 peccasti;
797 2460 847 2505 et
874 2452 921 2504 si
949 2449 1177 2519 nupserit
1205 2448 1365 2518 virgo,
1389 2462 1496 2511 non
1518 2446 1742 2515 peccavit
1770 2442 1823 2512 (Ι
1844 2441 1965 2497 Cor.
1996 2459 2089 2509 vu,

514 2543 630 2612 εδ).
669 2541 1045 2596 Verumtamen
1071 2553 1194 2592 cum
1245 2537 1341 2607 (al.
1370 2535 1495 2603 etsi)
1543 2549 1653 2590 non
1695 2541 1886 2605 peccet
1942 2532 2092 2601 virgo

516 2648 635 2706 qum
652 2632 825 2696 nubit,
841 2631 1109 2685 invenitur
1129 2629 1309 2698 aliqua
1328 2627 1481 2695 virgo
1497 2640 1726 2697 peccare
1744 2626 1790 2683 si
1809 2626 2051 2695 nupserit
2073 2642 2089 2680 :

514 2741 625 2781 non
654 2724 799 2779 enim
851 2729 1039 2793 peccat
1066 2721 1217 2788 virgo
1244 2719 1472 2783 nubeus,
1503 2719 1551 2774 si
1575 2718 1933 2788 virginitatem
1979 2717 2091 2774 Deo

515 2820 827 2891 priusquam
861 2817 1085 2872 nuberet
1113 2815 1168 2868 in
1193 2812 1356 2868 corde
1402 2827 1508 2866 non
1536 2813 1705 2869 vovit.
1736 2809 2000 2871 Caeterum
2043 2810 2092 2865 si

518 2907 989 2980 (quemadmodum
1037 2905 1172 2961 dixit
1200 2901 1510 2974 Apostolus)
1539 2903 1717 2958 statuit
1744 2904 1799 2957 in
1820 2901 1972 2957 corde
1999 2918 2091 2957 suo

519 3005 670 3074 ﬁrma
710 3018 815 3056 non
845 2999 1036 3055 habens
1074 2998 1448 3060 necessitatem,
1479 3003 1782 3066 potestatem
1805 3003 1971 3059 autem
1993 2994 2090 3048 ha.

2187 506 2300 557 tum
2341 496 2536 563 fuerat.
2585 497 2646 553 In
2674 497 2868 578 talibus
2912 499 3109 569 quippe
3163 496 3323 551 rebus
3367 494 3512 565 quod
3562 511 3773 551 vovens

2187 589 2300 647 Deo
2322 590 2424 649 sibi
2452 590 2637 655 adimit
2662 589 2929 654 voluntas,
2958 589 3102 647 nulla
3129 590 3383 658 deinceps
3406 587 3624 657 impune
3650 602 3775 656 perv

2188 683 2355 745 mittit
2380 697 2644 752 usurpare
2669 682 2991 747 necessitas;
3015 697 3123 745 nec
3148 688 3436 743 temerator
3461 680 3572 734 voti
3595 693 3767 733 excu—

2189 774 2457 841 sationem
2477 771 2681 842 justam
2708 788 2815 831 suae
2843 772 3295 842 praevaricationis
3328 771 3587 839 inveniet,
3607 785 3772 840 quem

2188 879 2349 929 nemo
2377 864 2636 934 compulit
2661 870 2719 919 ut
2745 872 2985 923 voveret.

2262 956 2351 1019 14.
2382 956 2479 1023 Est
2504 956 2667 1028 plane
2712 956 2914 1029 aliquid
2957 954 3365 1019 discernendum
3417 954 3556 1011 inter
3582 961 3771 1007 votum

2188 1047 2409 1115 virginis
2427 1056 2519 1101 aut
2541 1046 2735 1109 vidum,
2756 1055 2811 1102 et
2840 1048 2978 1100 inter
2997 1054 3179 1100 votum
3195 1060 3383 1100 eorum
3403 1045 3496 1112 qui
3519 1052 3776 1099 tenentur

2188 1139 2407 1207 vinculo
2432 1137 2723 1209 coniugali.
2752 1138 2865 1197 Nec
2889 1138 3032 1205 enim
3063 1144 3211 1199 tanta
3234 1143 3318 1197 est
3340 1133 3567 1189 vovendi
3599 1133 3774 1189 licen-

2193 1232 2263 1287 tia
2292 1231 2379 1289 vel
2408 1231 2627 1297 libertas
2650 1230 2770 1289 viro
2799 1229 2912 1285 sive
2946 1226 3156 1289 mulieri
3193 1232 3518 1295 potestatem
3545 1224 3628 1283 sui
3656 1239 3779 1281 coro

2191 1322 2340 1393 poris
2368 1337 2479 1381 non
2500 1321 2744 1388 babenti,
2766 1327 2966 1389 quanta
2994 1326 3077 1375 est
3106 1316 3276 1375 vidua:
3301 1315 3521 1371 cuilibet
3549 1323 3643 1370 aut
3664 1315 3779 1369 vir-

2191 1414 2303 1484 gini
2329 1432 2341 1466 :
2374 1413 2669 1482 coniugata
2697 1413 2863 1477 enim,
2884 1410 2974 1475 vel
3000 1402 3317 1479 conjugatae,
3335 1407 3630 1479 corporalis
3650 1422 3778 1463 con-

2193 1506 2436 1571 tinentiae
2460 1505 2716 1565 vovenda:
2756 1503 2978 1567 facultas
3003 1500 3159 1570 plena
3205 1513 3312 1554 non
3335 1497 3590 1569 suppetit,
3619 1496 3778 1567 cujus

2193 1612 2390 1667 corpus
2417 1611 2521 1651 non
2546 1594 2601 1659 in
2628 1609 2745 1655 sua,
2759 1592 2853 1649 sed
2878 1592 2931 1651 in
2952 1589 3194 1659 conjugis
3215 1595 3480 1661 potestate
3500 1586 3775 1651 consistit,

2193 1687 2486 1749 secundum
2515 1686 2645 1749 illud
2686 1683 2929 1755 Apostoli
2969 1682 3190 1745 dictum,
3221 1678 3365 1750 quod
3401 1692 3562 1749 supra
3590 1678 3777 1751 posui-

2610 1776 2689 1835 stti
2734 1775 2962 1845 corporis
3005 1779 3304 1842 potestatem
3336 1776 3451 1827 'non
3480 1766 3652 1833 habet,
3680 1767 3777 1829 sed

2189 1870 2297 1935 uir;
2328 1869 2567 1933 similiter
2592 1874 2764 1929 autem
2785 1872 2835 1920 et
2854 1865 2932 1925 vir
2956 1864 3037 1929 sui
3076 1862 3304 1931 corporis
3331 1867 3635 1935 potestatem
3665 1873 3774 1917 non

2191 1963 2363 2029 habet,
2393 1962 2485 2018 sed
2534 1961 2719 2016 mulier
2750 1957 2802 2028 (1
2833 1956 2952 2015 Cor.
2985 1972 3077 2021 vu,
3106 1953 3183 2025 4).
3214 1953 3339 2033 Non.
3374 1953 3551 2020 itaque
3576 1951 3778 2015 sinitur

2191 2054 2396 2124 absque
2442 2050 2685 2121 conjugis
2711 2049 2989 2109 voluntate
3017 2044 3405 2103 continentiam
3450 2055 3729 2105 assumere
3751 2080 3774 2115 ,

2192 2143 2344 2214 cuius
2370 2157 2564 2213 corpus
2592 2157 2699 2197 non
2725 2148 2809 2201 est
2836 2139 2889 2203 in
2903 2136 3121 2208 propria
3148 2141 3416 2206 potestate
3443 2150 3459 2189 :
3487 2133 3589 2193 hoc
3616 2131 3771 2189 enim

2192 2237 2419 2308 quisque
2457 2241 2609 2299 recta
2654 2239 2712 2287 et
2763 2229 2916 2287 lirma
2958 2228 3245 2285 devotione
3273 2224 3420 2285 solus
3459 2222 3775 2295 promittit,

2192 2324 2339 2397 quod
2382 2324 2465 2391 sui
2494 2331 2699 2381 tantum
2750 2321 2886 2392 juris
2935 2334 3053 2383 esse
3098 2315 3429 2387 cognoverit.
3463 2322 3490 2351 ι
3528 2313 3659 2369 Tale
3685 2321 3777 2379 est

2193 2418 2338 2481 enim
2362 2424 2422 2477 ut
2439 2414 2573 2471 velit
2596 2414 2820 2487 quisque
2838 2410 3081 2482 corporis
3108 2408 3222 2473 sui,
3248 2405 3394 2480 quod
3432 2413 3514 2461 est
3542 2404 3596 2463 in
3634 2418 3772 2459 con-

2164 2507 2331 2581 ‘jugis
2352 2513 2642 2578 potestate,
2673 2502 3059 2573 continentiam
3080 2498 3319 2571 proﬁteri
3336 2539 3352 2565 ,
3373 2496 3531 2571 quale
3560 2495 3606 2549 si
3647 2494 3773 2565 quis

2194 2600 2264 2667 de
2320 2599 2542 2659 alterius
2571 2598 2869 2661 substantia
2911 2602 3004 2651 aut
3051 2593 3447 2665 eleemosynam
3478 2588 3653 2644 facere
3676 2592 3774 2667 aut

2192 2691 2511 2750 sacriﬁcium
2532 2696 2759 2746 conetur
2785 2687 2980 2743 offerre
3003 2702 3016 2738 :
3044 2684 3185 2738 Deus
3204 2688 3383 2735 autem
3404 2686 3588 2733 noster
3608 2676 3771 2747 (sicut

2196 2786 2312 2856 ipse
2331 2783 2584 2855 testatur)
2615 2782 2787 2853 diligit
2806 2778 3088 2853 justitiam,
3115 2784 3166 2830 et
3193 2773 3308 2831 odio
3338 2770 3490 2829 habet
3527 2772 3765 2840 rapinam

2191 2877 2250 2943 in
2277 2874 2574 2931 holocausta
2592 2872 2749 2944 (lsai.
2779 2886 2887 2936 ut,
2910 2867 2987 2941 8).

2269 2988 2356 3043 lli.
2381 2987 2474 3042 llla
2504 2987 2690 3056 itaque
2714 2984 2856 3040 inter
2873 2980 3129 3049 conjuges
3155 2971 3602 3036 est'continentiat
3621 2976 3773 3033 certa

520 3059 643 3147 bans
661 3109 769 3147 sua:
789 3090 1065 3145 voluntatis
1081 3129 1096 3149 ,
1122 3098 1171 3141 et
1198 3088 1293 3141 hoc
1309 3059 1561 3158 judicavit
1586 3086 1643 3140 in
1670 3085 1822 3141 corde
1843 3099 1956 3151 suo,
1979 3101 2091 3147 ser-
2124 3140 2167 3158 η
2195 3076 2515 3150 promissio,
2535 3082 2655 3145 qua:
2675 3072 2835 3133 fuerit
2861 3070 3139 3137 utriusque
3157 3064 3511 3125 consensione
3538 3059 3770 3129 ﬁrmata;

518 3199 641 3239 vare
664 3183 1010 3252 virginitatem
1034 3195 1181 3233 suam
1212 3140 1399 3245 (Ibid,
1423 3176 1535 3246 5'1),
1565 3176 1801 3244 graviter
1840 3140 2087 3244 postmo-
2118 3140 2168 3219 θ
2198 3140 2363 3241 quam
2537 3140 2621 3223 vir
2658 3173 2716 3220 et
2741 3162 2934 3219 mulier
2960 3161 3062 3217 sibi
3089 3157 3489 3218 consentientes
3514 3149 3775 3211 concordi

520 3276 644 3331 dum
671 3281 879 3344 peccat,
925 3273 971 3327 si
1017 3279 1140 3341 post
1183 3269 1412 3324 dicatam
1443 3268 1801 3337 virginitatem
1830 3266 1961 3330 Deo,
1992 3282 2089 3324 vo-

519 3365 681 3421 luerit
706 3365 940 3419 humano
967 3360 1169 3415 servire
1189 3357 1478 3414 connubio.
1502 3356 1633 3412 Nam
1655 3365 1712 3417 et
1736 3356 1925 3411 viduas
1941 3370 2094 3425 quas-

520 3458 643 3513 dam
684 3455 875 3510 beatus
913 3450 1111 3506 Paulus
1149 3449 1365 3504 vinculo
1393 3447 1707 3518 pronuntiat
1733 3445 2093 3503 damnationis

520 3550 826 3611 obstrictas,
850 3546 974 3616 quia
1023 3542 1230 3599 scilicet
1267 3548 1391 3612 post
1418 3539 1761 3597 continentia:
1804 3537 2093 3610 professio-

521 3656 646 3696 nem
669 3636 903 3694 nubendi
928 3642 1200 3704 receptam
1221 3648 1330 3687 non
1350 3631 1607 3701 abjiciunt
1624 3630 1979 3687 voluntatem.
2015 3630 2093 3686 De

518 3731 713 3801 quibus
741 3726 1004 3783 evitandis
1027 3723 1364 3779 Timotheum
1390 3724 1468 3776 sic
1498 3721 1712 3778 instruit
1738 3738 1752 3775 :
1782 3720 2092 3776 Adolescen-

521 3822 679 3873 tiores
708 3826 879 3871 autem
923 3815 1103 3869 viduas
1132 3814 1332 3881 devita;
1359 3829 1474 3867 cum
1510 3812 1646 3867 enim
1672 3811 1950 3871 luxuriam
1974 3813 2091 3883 fue-

521 3914 629 3965 rint
650 3910 703 3962 in
731 3906 957 3972 Christo,
992 3904 1147 3975 148
1175 3902 1363 3957 nubere
1390 3903 1582 3965 volunt,
1606 3899 1847 3956 habentes
1875 3901 2093 3956 damna-

525 4003 733 4063 tionem,
762 4000 880 4066 quia
909 3999 1128 4068 primam
1148 3995 1303 4066 ﬁdem
1330 3996 1533 4048 irritam
1561 3995 1791 4064 fecerunt
1813 3991 1865 4064 (Ι
1885 3991 2018 4048 Tim.
2037 4009 2090 4059 ν,

525 4090 636 4161 Η).
664 4088 863 4143 Adimit
892 4087 1051 4156 igitur
1074 4083 1461 4141 concumbendi
1510 4083 1777 4139 licentiam
1814 4083 2094 4140 continen-

525 4184 612 4237 tia:
641 4181 946 4252 promissio,
972 4194 1074 4234 nec
1101 4178 1217 4233 sola
1244 4179 1438 4233 talibus
1483 4177 1764 4241 fornicatio
1813 4176 2093 4234 interdici.

523 4280 630 4335 tur,
656 4270 752 4327 sed
780 4270 940 4325 etiam
962 4268 1221 4323 maritalis
1249 4266 1505 4322 admixtio
1526 4266 1863 4336 prohibetur,
1886 4274 1941 4320 et
1958 4281 2094 4336 prae-

524 4364 894 4419 varicatricem
956 4361 1291 4423 voluntatem
1346 4366 1493 4413 tenet
1547 4357 1825 4428 culpabilis
1880 4372 2050 4414 nexus
2072 4397 2090 4424 ,

523 4455 734 4512 etiamsi
762 4454 937 4508 nullus
960 4453 1015 4507 in
1057 4466 1222 4532 opere
1250 4457 1611 4519 consequatur
1636 4447 1878 4505 effectus.
1909 4449 2094 4519 Neque

523 4548 665 4602 enim
704 4546 897 4601 frustra
940 4531 1201 4615 scriptum
1229 4552 1312 4599 est
1360 4544 1484 4613 quia
1513 4531 1938 4612 Concupiicentia
1978 4558 2093 4596 cum

521 4639 825 4706 conceperit,
851 4636 987 4707 parit
1003 4643 1263 4707 peccatum
1285 4632 1422 4703 (Jac.
1454 4648 1491 4698 I,
1522 4632 1635 4702 15).
1867 4622 1874 4629 ’

592 4749 721 4804 Car.
750 4764 842 4802 vu.
870 4745 993 4801 Non
1018 4755 1093 4800 est
1115 4744 1417 4816 conjugibus
1461 4746 1671 4799 licentia
1699 4743 1937 4808 verendi,
1962 4744 2095 4797 sicut

522 4842 723 4903 solutis,
756 4841 875 4910 quia
916 4838 1144 4908 corporis
1168 4838 1246 4890 sui
1276 4844 1577 4906 potestatent
1621 4851 1726 4889 non
1753 4834 1957 4888 habent.
1989 4833 2095 4889 Vo-

525 4944 631 4989 tum
659 4932 987 4987 continentia:
1005 4929 1215 5000 obligat,
1240 4930 1283 4981 si
1312 4930 1407 4999 ﬁat
1426 4944 1674 4982 consensu
1696 4927 1956 4995 utriusque
1979 4943 2098 4980 con-

496 5048 501 5053 α
517 5028 681 5099 juqis.
708 5056 777 5065 —
810 5023 893 5077 15.
930 5022 1187 5089 Quocirca
1220 5036 1326 5074 non
1375 5021 1546 5074 solum
1574 5035 1604 5073 a
1632 5020 1924 5086 virginibus
1952 5019 2092 5073 inte-

522 5119 706 5187 gritas,
738 5129 923 5169 verum
952 5114 1111 5168 etiam
1142 5129 1172 5167 a
1208 5111 1381 5167 viduis
1406 5119 1564 5181 atque
1592 5110 1906 5180 coniugibus
1934 5108 2095 5164 debet

524 5211 635 5265 Deo
665 5208 839 5263 dicata
860 5207 1188 5262 continentia
1210 5221 1329 5261 cum
1375 5206 1565 5260 timore
1594 5213 1648 5259 et
1694 5211 1926 5259 tremore
1973 5218 2091 5258 ser-

521 5301 658 5355 vari.
690 5298 825 5365 Quia
848 5300 1154 5370 priusquam
1183 5298 1252 5353 sit
1280 5297 1470 5366 aliquis
1497 5295 1608 5350 voti
1652 5310 1800 5363 reus,
1828 5310 1935 5348 non
1962 5308 2094 5348 con-

522 5394 823 5457 demnatur,
852 5391 966 5446 sive
1016 5392 1165 5459 virgo
1222 5390 1365 5445 licite
1421 5390 1605 5454 nubat,
1628 5388 1741 5444 sive
1792 5387 2018 5441 maritus
2039 5394 2095 5442 et

524 5499 664 5540 uxor
692 5483 972 5553 coniugale
993 5482 1095 5538 sibi
1123 5481 1361 5537 debitum
1380 5480 1625 5535 reddant.
1653 5478 1942 5549 Postquam
1966 5492 2096 5533 vero

522 5580 783 5649 quisque,
835 5578 1062 5639 meliora
1117 5582 1454 5641 consectam,
1491 5573 1822 5643 professione
1866 5572 2099 5642 scipsum

524 5671 872 5729 continentiae
902 5670 1017 5726 sive
1046 5667 1365 5738 integritatis
1389 5666 1758 5735 obstrinxerit,
1785 5664 2100 5737 gravissime

598 5813 626 5844 ⁸
653 5802 779 5863 Mss.
801 5803 968 5863 Corb.
995 5812 1053 5861 et
1077 5804 1239 5871 Vict.,
1271 5803 1396 5859 Tale
1419 5812 1495 5857 est
1522 5812 1710 5858 autem.

2196 3263 2493 3322 voluntate,
2524 3267 2778 3327 tanquam
2801 3250 3120 3308 sacriﬁcium
3141 3250 3197 3307 in
3222 3248 3446 3307 odorem
3469 3242 3772 3309 suavitatis,

2197 3369 2363 3424 super
2388 3353 2558 3407 altare
2588 3345 2729 3412 ﬁdei,
2759 3345 2874 3401 Deo
2901 3358 3030 3399 vero
3059 3355 3122 3401 ac
3149 3352 3356 3397 summo
3379 3337 3434 3395 in
3457 3333 3659 3404 templo
3686 3331 3775 3393 sui

2194 3421 2373 3502 cordis
2400 3440 2711 3505 obtulerint,
2744 3451 2847 3493 nec
2866 3434 3065 3497 mulier
3092 3430 3315 3489 ulterius
3341 3428 3393 3485 in
3413 3424 3534 3491 viri,
3565 3436 3667 3479 nec
3687 3421 3775 3475 vir

2168 3519 2173 3523 ’
2195 3540 2257 3595 in
2279 3533 2519 3591 mulieris
2547 3542 2794 3600 corpore,
2818 3526 2883 3582 ad
2908 3521 3296 3594 reposcendum
3327 3516 3560 3579 debitum
3583 3511 3778 3581 conju-

2193 3629 2314 3701 gale
2340 3634 2518 3698 potest
2543 3622 2742 3679 habere
2770 3618 3060 3688 legitimam
3087 3619 3429 3685 potestatem.
3449 3606 3600 3661 Sicut
3619 3604 3776 3701 enim

2192 3693 2504 3792 priustmam
2556 3715 2668 3769 Deo
2716 3710 2873 3769 simul
2911 3713 3169 3765 voverant
3209 3697 3643 3773 reprehensibilis
3670 3693 3777 3751 fuit

2195 3814 2354 3871 unius
2382 3808 2609 3875 oblatio,
2634 3806 2761 3876 quia
2798 3801 3022 3871 legitimi
3060 3797 3327 3856 consortis
3374 3793 3560 3853 deerat
3585 3802 3774 3851 assen-

2193 3919 2323 3962 sus:
2358 3904 2432 3957 ita
2455 3916 2576 3956 eum
2606 3898 2723 3969 pari
2750 3894 3005 3952 obtulerit
3046 3901 3271 3961 uterque
3313 3899 3599 3951 consensu,
3627 3879 3777 3950 quod

2193 4003 2282 4051 est
2324 3990 2752 4063 inseparabiliter
2788 3986 2815 4025 ι)
2862 3988 3140 4053 utriusque
3179 3991 3488 4046 commune,
3515 3988 3622 4029 non
3669 3970 3773 4025 erit

2197 4084 2513 4155 impunitus,
2544 4082 2592 4136 si
2621 4080 2741 4150 quis
2768 4092 2963 4132 munus
2989 4075 3100 4128 Deo
3135 4069 3439 4129 voluntaria
3483 4063 3772 4129 devotione

2194 4175 2453 4242 oblatum,
2478 4173 2663 4228 illicito
2692 4166 2981 4223 crediderit
3007 4178 3172 4234 opere
3198 4156 3589 4215 temerandum.

2265 4265 2394 4324 Car.
2425 4281 2535 4321 vut.
2571 4261 2673 4327 Qui
2695 4278 2798 4316 non
2827 4269 2933 4315 toto
2955 4260 3129 4313 animo
3155 4256 3287 4311 vovit
3303 4295 3318 4319 ,
3348 4269 3407 4307 eo
3432 4252 3599 4321 magis
3622 4247 3773 4309 dam-

2192 4359 2383 4415 nabilis
2410 4366 2506 4412 est.
2535 4354 2615 4411 De
2642 4363 2754 4409 voto
2775 4352 2905 4406 nihil
2935 4352 3049 4406 licet
3070 4351 3288 4405 retinere
3314 4355 3405 4400 aut
3432 4350 3677 4414 repetere.
3703 4368 3775 4379 —

2196 4454 2285 4510 16.
2317 4453 2472 4521 Quod
2499 4452 2545 4507 si
2573 4452 2711 4506 forte
2732 4449 2853 4519 quis
2876 4463 2985 4502 non
3006 4454 3121 4501 toto
3149 4443 3327 4498 animo
3354 4439 3565 4496 vovisse
3590 4448 3777 4492 cause-

2200 4556 2307 4614 tur,
2333 4560 2399 4600 eo
2450 4544 2619 4613 magis
2664 4539 2983 4597 damnabilis
3006 4538 3127 4601 erit,
3149 4533 3295 4604 quod
3321 4548 3427 4587 non
3455 4528 3681 4598 simplex
3705 4524 3776 4581 ad

2198 4639 2393 4706 Deum,
2428 4636 2521 4693 sed
2551 4635 2705 4692 ﬁctus
2735 4632 2975 4688 accessit.
3023 4629 3180 4701 1&9
3211 4625 3482 4693 Scriptum
3518 4629 3601 4676 est
3626 4617 3774 4674 enim

2200 4730 2327 4800 quia
2351 4728 2578 4800 Spiritus
2604 4736 2812 4780 sanctus
2833 4722 3122 4791 disciplina:
3143 4716 3351 4787 effugiet
3376 4714 3570 4783 ﬁctum,
3599 4717 3773 4800 etqau-

2201 4798 2331 4896 feret
2362 4798 2419 4875 se
2441 4836 2475 4873 ο
2500 4814 2891 4890 cogitationibus
2922 4827 3033 4884 qua:
3059 4818 3179 4865 sunt
3197 4809 3306 4863 sine
3328 4806 3584 4860 intellectu
3613 4798 3774 4896 (Sep.

2202 4890 2238 4979 ι,
2261 4912 2340 4982 Β).
2369 4911 2490 4965 Alio
2511 4921 2725 4979 quoque
2753 4905 2873 4958 loco
2897 4902 3050 4957 [ictos
3068 4896 3555 4982 sanetaScriptura
3584 4890 3664 4947 sic
3691 4890 3776 4943 in-

2200 4976 2426 5075 crepat:
2471 4976 2559 5055 Vir
2586 4998 2777 5069 duplici
2808 4995 2980 5060 corde,
3003 5002 3053 5048 et
3092 4991 3245 5049 labiis
3268 4976 3552 5055 sceleratis,
3581 4991 3630 5037 et
3661 4995 3777 5034 nta-

2200 5096 2350 5150 nibus
2393 5088 2853 5163 malefacientibus,
2885 5094 2935 5141 et
2963 5080 3219 5156 peccatori
3245 5075 3552 5151 ingredienti
3582 5082 3775 5127 terram

2200 5185 2395 5242 duabus
2419 5184 2512 5238 viis
2541 5180 2727 5253 (Eccli.
2753 5197 2810 5246 ιι,
2842 5177 2951 5246 14).

2271 5296 2359 5350 1⁸7.
2400 5292 2569 5361 Quam
2598 5292 2668 5348 sit
2696 5300 2875 5346 autem
2900 5287 3119 5348 malum,
3144 5296 3412 5355 quamque
3439 5278 3664 5334 sollicite
3687 5275 3774 5329 fu-

2199 5387 2472 5459 giendum,
2501 5385 2546 5442 si
2580 5383 2698 5454 quis
2720 5382 2786 5437 de
2813 5382 2917 5436 hoc
2937 5376 3081 5448 quod
3123 5377 3233 5430 Deo
3265 5372 3469 5428 voverit
3510 5378 3604 5424 aut
3641 5366 3778 5420 reti-

2199 5457 2330 5533 uere
2373 5482 2466 5530 aut
2493 5482 2738 5544 repetere
2768 5467 2968 5541 aliquid
3010 5463 3289 5523 mortifera
3331 5457 3773 5534 praevaricatione

2202 5575 2492 5642 pertentet,
2512 5565 2760 5637 exemplo
2780 5574 2904 5623 sunt
2926 5561 3163 5637 Ananiae
3191 5568 3248 5635 et
3266 5558 3513 5632 Saphira,
3542 5569 3677 5633 quos
3703 5551 3773 5605 de

2201 5663 2376 5735 pretio
2396 5661 2511 5731 agri
2532 5656 2818 5728 quamdam
2846 5664 3053 5727 partem
3070 5653 3355 5717 inﬁdeliter
3372 5648 3775 5715 subtraham.

2271 5796 2301 5836 δ
2327 5794 2428 5854 Ms.
2450 5789 2637 5863 eam,
2654 5793 2872 5865 utrique.
