4026 6336
205 309 316 368 809

1624 288 1950 352 EPISTOLA
1984 289 2028 346 l.

3369 282 3477 343 5i0

205 438 318 479 non
350 418 522 475 solum
550 431 651 483 vox
679 414 994 485 apostolica,
1025 420 1276 486 tanquam
1316 411 1481 469 divini
1508 411 1643 483 juris
1667 424 1792 481 per—
1818 416 1870 470 Α
1895 411 1979 457 est
2020 408 2075 456 et
2116 398 2330 455 mentiri
2382 412 2487 450 non
2534 405 2747 485 potest;
2789 404 2845 454 et
2879 395 3022 455 bene
3049 401 3255 471 petenti
3278 398 3388 466 det,
3416 408 3474 475 et

203 525 451 579 vasores,
480 509 783 579 increpavit
813 506 908 578 (al.
940 507 1248 577 increpuit),
1277 504 1375 563 sed
1400 506 1561 560 etiam
1584 502 1787 559 severi—

207 614 289 660 tas
309 598 537 672 iustitiae
564 599 797 655 clelestis
825 585 1042 654 cecidit.
1087 597 1285 652 Beatus
1312 596 1544 666 denique
1574 595 1788 663 Petrus,

208 711 313 752 non
340 693 518 751 solum
566 690 768 746 fraudis
788 690 921 746 vitio
949 699 1303 746 memoratum
1352 690 1614 748 Ananiam
1657 687 1795 742 dixit

209 788 507 847 obnoxium
525 826 541 850 ,
572 785 700 855 quin
743 784 905 839 etiam
934 798 1030 839 cor
1057 773 1173 853 ejus
1199 798 1228 837 a
1258 780 1455 849 Satana
1480 779 1795 852 pronuntia-

207 882 283 937 vit
311 879 616 950 impletum,
642 875 826 931 dicens
856 894 870 929 :
896 876 1125 941 Anania,
1169 890 1261 928 cur
1300 874 1523 945 implevit
1564 860 1797 926 Satanas

209 990 297 1030 cor
324 982 469 1025 tuum
506 969 712 1024 mentiri
742 976 790 1022 te
835 965 1059 1040 Spiritui
1101 974 1297 1031 sancto,
1330 974 1385 1019 ut
1416 964 1687 1039 fraudares
1735 963 1799 1018 de

210 1065 371 1136 pretio
398 1062 518 1135 agri
535 1060 561 1113 2’
581 1058 773 1115 Nonne
791 1075 1009 1127 manens
1033 1058 1122 1112 tibi
1146 1056 1423 1124 manebat,
1457 1067 1508 1111 et
1536 1056 1801 1129 penunda-

216 1166 315 1209 tum
343 1156 400 1208 in
449 1164 539 1207 tua
574 1161 688 1206 erat
722 1150 1011 1223 potestate?
1042 1158 1068 1187 ⁸
1101 1146 1237 1213 Quid
1262 1151 1435 1220 utique
1462 1149 1630 1219 fecisti
1664 1149 1802 1202 hoc?

215 1242 333 1298 Non
356 1241 656 1298 hominibus
678 1241 920 1296 mentitus
948 1256 1023 1307 es,
1055 1239 1148 1293 sed
1174 1237 1283 1293 Deo
1316 1239 1453 1311 (Act.
1480 1254 1534 1301 v,
1558 1237 1615 1305 5,
1641 1237 1718 1310 4).
1744 1238 1803 1293 Si

217 1336 328 1406 quis
357 1335 526 1405 igitur
557 1348 673 1389 rem
716 1332 944 1401 Domino
978 1331 1090 1402 jam
1117 1329 1369 1385 devotam
1397 1330 1600 1385 carnali
1619 1328 1804 1400 [victus

218 1426 470 1481 illecebra
493 1424 783 1481 crediderit
815 1422 994 1478 denuo
1020 1422 1432 1492 reposcendam,
1479 1433 1586 1473 non
1612 1428 1696 1474 est
1725 1418 1804 1474 le-

220 1518 434 1586 gitimus
456 1516 534 1570 rei
561 1531 671 1571 suae
700 1528 999 1585 possessor,
1022 1512 1117 1568 sed
1141 1512 1304 1566 divini
1328 1509 1462 1579 juris
1490 1509 1805 1581 pronuntia-

222 1602 304 1661 tur
320 1609 565 1662 invasor.
613 1606 724 1662 Nec
760 1605 1029 1661 immerito
1061 1605 1406 1661 continentiae
1439 1604 1549 1676 jam
1596 1605 1804 1660 devotae

222 1698 454 1754 violator
476 1697 780 1754 immundus
805 1698 973 1781 audit,
1005 1697 1149 1773 quod
1183 1713 1376 1755 avarus
1402 1701 1641 1770 pecuniae
1662 1698 1809 1755 frau-

225 1791 374 1847 dator
401 1790 625 1847 audivit.
1003 1808 1009 1819 ·

295 1900 529 1958 CAP.1X.
592 1902 884 1974 Responsio
946 1902 1015 1957 ad
1047 1904 1370 1974 interrogata
1412 1904 1475 1961 ab
1518 1906 1668 1961 initio
1705 1910 1810 1981 epi-

231 1993 392 2051 stolae.
464 1992 783 2065 Verecundia
836 1996 892 2063 in
939 2002 1058 2063 qctu
1114 1994 1380 2077 conjugali
1414 1998 1685 2053 servanda.
1737 2029 1810 2042 —-

233 2084 314 2157 is.
358 2083 593 2143 Proinde
641 2095 833 2157 cuncta
887 2101 1006 2169 quae
1057 2087 1302 2158 superius
1343 2087 1609 2173 disputata
1663 2101 1808 2159 sunt,

234 2181 560 2249 conscientia
574 2181 723 2253 vobis
747 2185 1107 2257 testimqnium
1131 2185 1446 2263 perhibente
1472 2189 1806 2265 perpendite.

235 2270 308 2349 Et,
334 2274 378 2329 si
401 2275 624 2347 quidem
653 2278 1039 2351 continentiam
1066 2281 1183 2351 pari
1204 2281 1425 2345 vovistis
1453 2297 1697 2353 assensu,
1724 2291 1810 2341 te-

240 2381 413 2423 norem
436 2378 634 2425 vestrae
664 2371 964 2435 dilectionis
986 2387 1107 2429 cum
1136 2374 1229 2429 Dei
1258 2376 1451 2431 timore
1472 2385 1686 2439 servate
1718 2396 1730 2429 :
1757 2385 1813 2432 et

237 2459 275 2512 si
300 2460 521 2529 quando
563 2464 738 2523 carnis
783 2464 1068 2523 infirmitas
1104 2448 1341 2522 mentem
1377 2468 1576 2539 pulsat,
1605 2470 1813 2524 animus

236 2548 295 2603 ad
318 2550 584 2623 auxilium
600 2552 791 2627 divinae
813 2556 1174 2629 miserationis
1184 2566 1450 2635 accurrat,
1468 2573 1569 2627 nec
1579 2559 1737 2625 cedat
1756 2559 1817 2621 li-

236 2641 417 2715 bidini,
446 2643 544 2717 sed
558 2646 722 2721 Deum
739 2656 852 2705 tota
875 2649 1179 2721 humilitate
1210 2650 1380 2711 ﬁdelis
1401 2660 1613 2721 exuret,
1627 2664 1682 2709 et
1696 2667 1814 2708 car-

236 2735 334 2790 nali
356 2735 629 2807 desiderio
650 2737 898 2809 militanti
921 2738 1177 2801 adversus
1202 2741 1436 2810 animam
1458 2756 1566 2801 non
1586 2758 1815 2799 consen-

239 2826 352 2897 tiat,
376 2828 476 2885 sed
496 2839 779 2901 repugnet.
804 2830 861 2893 Si
872 2847 999 2889 vero
1020 2833 1408 2905 continentiam
1431 2850 1567 2903 unus
1580 2843 1817 2901 vestrum

242 2919 350 2987 sine
376 2920 601 2993 alterius
629 2926 777 2993 vovit
801 2941 1047 2994 assensu,
1080 2928 1363 2987 temerarie
1389 2944 1449 2987 se
1478 2930 1689 2991 vovisse
1718 2946 1815 2989 co-

242 3020 478 3095 silescat,
493 3012 796 3083 etdebitum
810 3014 1021 3086 coniugi
1034 3026 1178 3073 casta
1192 3018 1502 3075 sinceritate
1514 3020 1813 3089 reditibeat,

306 3100 393 3165 i9,
437 3103 845 3179 Verumtamen,
878 3116 936 3165 ut
974 3111 1153 3166 omnia
1183 3122 1360 3181 vestra
1408 3113 1635 3175 honeste
1669 3112 1817 3183 ﬁant,

238 3192 289 3251 in
312 3194 619 3263 redditione
646 3197 944 3271 conjugalis
983 3200 1167 3267 debiti,
1200 3202 1278 3261 sic
1305 3200 1671 3271 inﬁrmitatem
1699 3220 1819 3259 car-
1847 3192 1869 3243 ‘-

239 3283 326 3353 nis
348 3300 479 3353 usus
500 3288 732 3359 excipiat
756 3290 1073 3360 coniugalis,
1104 3299 1162 3347 ut
1189 3308 1295 3351 non
1319 3309 1445 3349 caro
1472 3293 1679 3355 libidini
1706 3310 1822 3352 ser-

242 3379 372 3446 viat,
405 3379 500 3439 sed
526 3383 690 3449 animi
719 3383 887 3441 virtus
916 3383 1097 3453 adjuta
1136 3385 1390 3443 divinitus
1434 3388 1665 3451 carnalis
1693 3403 1825 3445 con-

241 3472 588 3543 cupiscentiae
615 3471 765 3533 frena
793 3476 1100 3547 restringat.
1132 3475 1414 3548 Negotium
1435 3493 1668 3548 namque
1702 3479 1829 3543 sub—

243 3561 525 3623 stituendae
574 3563 741 3639 prolis
786 3563 859 3637 ita
908 3563 1071 3620 debet
1116 3580 1147 3619 a
1181 3567 1499 3636 conjugibus
1541 3568 1744 3636 peragi,
1771 3575 1832 3622 ut

244 3654 617 3727 subserriente
642 3653 960 3727 verecundia
994 3653 1120 3717 dum
1148 3671 1206 3710 se
1232 3656 1299 3711 ad
1326 3671 1463 3726 opus
1490 3655 1831 3725 fecunditatis

247 3747 460 3819 animus
509 3743 682 3802 ﬁdelis
731 3746 973 3821 inclinat,
1022 3747 1341 3817 modestiam
1389 3748 1544 3817 simul
1575 3749 1833 3817 naturalis

248 3834 568 3903 honestatis,
600 3836 712 3895 Deo
735 3836 1038 3906 adiuvante,
1076 3836 1379 3899 custodiat:
1424 3840 1691 3911 praecipue
1736 3854 1833 3894 au-

248 3940 357 3989 tem
387 3930 792 4001 observandum
815 3939 897 3995 est
925 3929 1169 3989 ﬁdelibus
1194 3932 1511 4003 coniugibus
1552 3941 1610 3988 ut
1650 3933 1739 3993 illa
1760 3932 1835 3993 fu-

250 4025 399 4103 giant
422 4040 588 4099 opera
618 4039 736 4095 quae
756 4024 933 4087 divina
962 4026 1242 4093 severitas,
1290 4035 1346 4082 et
1391 4025 1628 4095 facienda
1653 4025 1838 4095 probi-

250 4119 362 4184 bet,
397 4124 458 4175 et
484 4113 626 4181 facta
669 4115 1011 4187 condemnat.
1057 4115 1182 4187 Haec
1227 4118 1369 4175 enim
1414 4133 1512 4187 nec
1541 4118 1838 4187 apostolica

252 4211 501 4279 doctrina
547 4208 791 4269 ﬁdelibus
822 4210 1093 4283 insinuare
1135 4211 1400 4281 cessavit,
1440 4219 1498 4271 ut
1545 4208 1611 4265 ad
1659 4218 1840 4269 custo-

254 4301 509 4371 diendam
555 4302 678 4365 vitap
722 4302 876 4357 bonae
923 4300 1161 4372 regulam
1210 4300 1503 4377 prudenter
1551 4301 1843 4357 instrueret

255 4393 653 4465 salubriterque
676 4398 922 4451 terreret.

322 4486 463 4557 Cir.
521 4501 575 4538 ι.
625 4482 954 4557 Continentia
1007 4502 1040 4549 α
1099 4483 1209 4555 Pco
1261 4483 1495 4553 omnibus
1549 4493 1626 4553 est
1696 4500 1844 4554 expe-

495 4575 575 4647 De
623 4551 869 4647 regimine
913 4551 1167 4648 funtiiiaz,
1219 4586 1269 4630 et
1323 4551 1625 4643 educatione
1665 4551 1843 4645 prolis.
1874 4551 1927 4611 D

260 4666 466 4745 ιζςςιιιιι
536 4668 794 4747 profectus
849 4675 898 4721 et
968 4666 1294 4740 perfectionis
1355 4666 1413 4736 in
1468 4666 1727 4737 conjugio.
1779 4694 1851 4707 ——

261 4757 347 4833 Ἂ-
389 4756 645 4837 Magnum
675 4758 855 4828 itaque
887 4759 1087 4827 bonum
1137 4765 1218 4819 est
1266 4757 1545 4827 mulierem
1578 4772 1682 4821 non
1729 4764 1849 4821 tan-

260 4846 590 4939 gere,,quod
628 4847 797 4939 debet
834 4848 1008 4919 omnis
1052 4846 1226 4913 fidelis
1271 4844 1643 4939 principaliter
1666 4844 1853 4939 obser-

261 4934 395 5007 vare
442 4960 457 4995 :
503 4947 727 5017 propter
776 4937 1160 5006 fornicationes
1202 4946 1403 5004 tamen,
1433 4934 1694 5011 quisquis,
1739 4934 1852 4989 sive

265 5033 607 5105 conjugatus,
634 5032 746 5093 sive
766 5048 795 5087 a
814 5030 1063 5105 conjugio
1084 5030 1242 5094 liber,
1265 5029 1308 5095 si
1338 5028 1720 5095 continentiam
1740 5025 1853 5081 Deo

266 5142 379 5182 non
408 5125 577 5192 vovit,
623 5131 679 5178 et
724 5122 958 5195 seipsum
1004 5123 1070 5176 ad
1118 5119 1440 5191 implendam
1469 5119 1856 5183 continentiam

268 5223 445 5287 cernit
466 5217 760 5291 invalidum
805 5216 823 5289 (
867 5215 1110 5287 quamvis
1146 5212 1236 5273 ubi
1274 5212 1433 5283 plena
1469 5211 1629 5271 fuerit
1680 5211 1855 5267 conti-

271 5312 438 5368 nendi
467 5311 738 5385 voiuntas,
771 5317 826 5377 et
854 5308 921 5377 ab
949 5306 1197 5377 oratione
1220 5312 1382 5373 atque
1423 5304 1580 5377 15o
1606 5302 1859 5373 cperibus

271 5405 431 5462 bonis
472 5420 582 5460 non
623 5400 890 5475 destiterit
925 5414 1052 5473 vera
1075 5398 1254 5455 cordis
1302 5396 1599 5463 humilitas,
1630 5395 1719 5469 ille
1763 5394 1855 5466 qui

273 5498 411 5553 dixit
443 5517 455 5550 :
491 5496 679 5561 Petita,
713 5505 761 5569 et
797 5494 1005 5565 dabitur
1038 5491 1207 5556 vobis;
1235 5492 1467 5565 quierite,
1491 5497 1539 5545 et
1557 5489 1856 5561 invenietis;

275 5593 566 5668 pulsatqqt
596 5589 855 5665 aperietur
882 5584 1020 5661 tabis
1043 5584 1259 5655 (Matth.
1288 5598 1382 5655 vn,
1402 5583 1490 5655 7);
1521 5580 1648 5650 quia
1660 5581 1859 5651 vetitas

356 5728 477 5783 alta
508 5743 610 5782 ms.
656 5723 823 5780 Corb.
867 5725 938 5778 At
977 5721 1105 5776 editi
1140 5720 1355 5785 Colon.,
1404 5719 1529 5775 Ant.
1581 5725 1635 5771 et
1676 5716 1860 5782 Basil.,

287 5798 384 5864 Qui
409 5809 585 5871 utique
612 5798 778 5873 fecisti
806 5795 923 5873 hoc,
951 5810 1053 5847 non
1078 5809 1153 5867 es,
1183 5797 1289 5865 etc.

1891 492 2151 567 quaerenti
2178 491 2588 547 adinventiones
2616 504 2741 544 suas
2783 499 3069 567 praeparet,
3102 500 3160 547 et
3185 491 3321 547 bene
3346 491 3468 562 pul-

1892 585 2032 641 santi
2062 584 2176 655 ipse
2201 583 2429 654 aperiat,
2457 588 2517 636 ut
2545 580 2613 635 ad
2640 581 2938 651 penetralia
2968 581 3091 637 vitae
3127 581 3366 637 melioris
3393 580 3477 636 in-

1892 674 2393 746 troeat);tamen,si
2422 672 2544 742 quis
2570 670 2746 726 adhuc
2776 670 2894 740 plus
2919 679 3003 725 est
3027 672 3095 726 de
3124 686 3220 726 sua
3247 666 3479 726 inﬁrmi—

1894 774 2008 820 tate
2060 764 2320 819 sollicitus
2356 762 2622 834 quamde
2670 761 2879 817 Domini
2908 763 3106 817 virtute
3150 777 3395 831 securus,
3432 764 3482 819 si

1896 857 2284 913 continentiam
2317 872 2423 912 non
2454 856 2603 910 vovit
2643 855 2841 922 carnis,
2873 855 3152 911 contineat
3185 856 3253 911 ab
3280 855 3481 927 iniqui-

1897 955 2029 1012 tate,
2064 954 2119 1001 et
2146 947 2288 1002 sicut
2313 946 2474 1001 decet
2521 951 2705 1000 utatur
2730 959 2900 1002 uxore
2950 964 2964 998 :
3009 946 3270 1000 malitiam
3318 954 3482 1016 atque

1899 1037 2181 1092 avaritiam
2212 1036 2400 1105 fugiat,
2432 1044 2487 1101 et
2515 1052 2623 1105 non
2653 1036 3481 1108 condemnabitur(al.condem-

1900 1127 2106 1207 natur),
2133 1129 2177 1183 si
2205 1127 2424 1211 conjugi
2452 1128 2690 1211 debitum
2720 1128 2911 1183 reddat
2941 1147 2954 1181 :
2986 1144 3095 1187 non
3118 1129 3190 1195 sit
3216 1127 3480 1189 ebriosus,

1901 1236 2012 1276 non
2040 1220 2271 1284 invidus,
2304 1210 2413 1274 non
2443 1210 2959 1289 contentiqsus,non
2992 1222 3163 1284 ﬁctus,
3194 1233 3302 1274 non
3329 1218 3485 1274 mali-

1901 1325 2057 1381 gnus,
2091 1327 2198 1366 non
2228 1311 2511 1380 litigiosus,
2558 1307 2676 1367 neti
2713 1312 2992 1382 superbus,
3023 1326 3131 1365 non
3157 1326 3345 1382 rapax,
3374 1325 3484 1379 non

1903 1416 2096 1457 avarus
2127 1420 2140 1455 :
2170 1410 2428 1470 quantum
2476 1401 2544 1467 ad
2590 1402 2763 1475 ipsum
2801 1402 3024 1467 attinet,
3056 1416 3246 1472 pacem
3284 1402 3487 1467 habere

1905 1508 2028 1548 cum
2075 1494 2325 1548 omnibus
2364 1501 2590 1563 quaerat,
2642 1492 2932 1563 perniciem
2965 1509 3068 1547 non
3111 1502 3312 1560 teneat,
3353 1492 3490 1551 nulli

1906 1583 2173 1650 detrahat,
2206 1600 2326 1639 cum
2350 1583 2538 1641 amicis
2558 1583 2716 1643 ﬁdem
2740 1591 2940 1651 teneat,
2964 1583 3193 1639 inimicis
3216 1598 3491 1656 nunquam

1906 1675 2141 1747 perﬁdus
2184 1684 2277 1731 aut
2324 1675 2570 1746 periurus
2612 1675 2837 1743 existat;
2904 1675 3079 1730 aliena
3128 1690 3236 1746 non
3293 1674 3487 1753 rapiat,

1836 1786 1885 1847 Β
1907 1768 2144 1841 aequitati
2156 1767 2436 1839 pecuniam
2459 1783 2565 1822 non
2581 1776 2885 1847 praeponat;
2902 1767 2972 1822 sit
2992 1767 3044 1822 in
3059 1766 3285 1836 negotiis
3292 1765 3490 1847 justus,

1910 1860 1965 1914 in
1993 1859 2246 1933 operibus
2281 1858 2429 1929 pius,
2460 1859 2606 1913 mitis
2638 1857 2706 1912 ad
2738 1857 3063 1925 tolerandas,
3091 1858 3277 1912 tardus
3306 1857 3374 1912 ad
3404 1846 3493 1918 re-

1908 1950 2223 2008 tribuendas
2248 1949 2496 2020 injurias;
2526 1951 2578 2004 in
2606 1946 2712 2005 ﬁde
2732 1949 2958 2015 stabilis,
2994 1958 3204 2003 amator
3227 1947 3493 2021 castitatis

1911 2049 1966 2098 et
1986 2041 2151 2115 pacis.
2167 2040 2424 2096 Attendat
2446 2040 2741 2099 Salvatoris
2763 2041 2931 2095 nostri
2951 2040 3170 2103 dictum,
3190 2054 3297 2109 quo
3319 2038 3493 2111 nobis,

1911 2141 1968 2189 et
1994 2131 2121 2205 quid
2152 2132 2410 2187 faciamus
2430 2132 2692 2211 praecipit,
2726 2138 2781 2186 et
2802 2131 2930 2201 quid
2960 2131 3286 2202 accipiamus
3314 2136 3498 2187 osten-

1912 2224 2020 2289 dit;
2052 2225 2127 2279 ait
2162 2226 2302 2279 enim
2330 2242 2342 2277 :
2376 2222 2653 2289 Dimittite,
2686 2233 2736 2279 et
2765 2224 3049 2279 dimittetur
3080 2223 3251 2290 vobis;
3283 2222 3423 2303 date,
3450 2229 3502 2279 et

1914 2315 2123 2371 dabitur
2143 2314 2282 2370 vobis
2315 2313 2465 2387 (Luc.
2496 2331 2568 2382 vr,
2600 2314 2709 2385 57).
2739 2312 2821 2369 Sit
2848 2328 2977 2384 ergo
3016 2322 3277 2386 quantum
3322 2319 3502 2395 potest

1913 2408 1968 2463 in
1998 2408 2357 2479 eleemosynis
2401 2407 2578 2473 largus
2607 2414 2662 2461 et
2687 2406 2893 2479 hilaris,
2925 2414 2981 2461 et
3022 2406 3089 2460 ad
3118 2404 3499 2461 dimittendum

1914 2497 2264 2570 peccantibus
2293 2498 2464 2552 facilis
2490 2513 2554 2553 ac
2603 2497 2814 2564 suavis;
2859 2512 2960 2552 nec
3000 2505 3181 2551 tamen
3230 2503 3381 2573 putet
3425 2494 3503 2569 ita

1913 2589 2266 2661 peccantibus
2289 2590 2498 2643 veniam
2529 2589 2886 2650 tribuendam,
2919 2598 2979 2643 ut
3025 2587 3360 2659 disciplinam
3388 2598 3501 2642 suae

1916 2679 2108 2736 domus
2138 2679 2412 2734 existimet
2439 2679 2831 2748 negligentiam,
2871 2677 2967 2732 sed
2992 2677 3187 2747 vigoris
3218 2676 3309 2749 (at.
3357 2676 3502 2745 rigov

1917 2769 2017 2842 ris)
2050 2770 2289 2825 retinens
2317 2770 2718 2840 clementiaeque
2744 2768 3076 2840 temperiem,
3101 2776 3279 2825 servet
3298 2767 3352 2822 in
3381 2780 3504 2824 cor-

1916 2861 2170 2932 reptione
2192 2860 2529 2926 modestiam,
2559 2870 2615 2914 et
2645 2861 2694 2913 in
2726 2859 3040 2915 remissione
3067 2873 3364 2915 censuram.
3396 2856 3501 2914 Ar.

1920 2964 2069 3025 gnat,
2114 2963 2351 3019 moneat,
2398 2961 2619 3019 terreat,
2653 2954 2914 3027 increpet,
2962 2951 3294 3019 consoletur,
3344 2950 3501 3005 oble-

1925 3058 2066 3115 ctet;
2100 3063 2201 3103 nec
2228 3055 2435 3102 tantum
2467 3045 2940 3101 faciatin‘subditis
2967 3044 3313 3116 peccantibus
3333 3056 3508 3111 quan-

1928 3153 2042 3197 tum
2088 3142 2321 3211 impetus
2369 3139 2564 3194 furoris
2608 3138 2853 3208 impellit,
2903 3136 2997 3192 sed
3027 3146 3288 3208 quantum
3316 3133 3509 3190 modus

1929 3232 2340 3291 consultationis
2386 3230 2663 3301 exposcit;
2692 3237 2748 3284 et
2785 3230 2829 3283 si
2867 3227 3232 3287 verberandus
3280 3235 3364 3283 est
3407 3240 3511 3298 pro

1929 3334 2155 3405 peccato
2205 3324 2453 3390 famulus,
2505 3339 2611 3377 non
2658 3321 2948 3377 ulciscendi
2989 3320 3152 3375 libido
3200 3320 3510 3401 praevaleat,

1930 3418 2024 3473 sed
2048 3417 2274 3486 aequitas
2294 3414 2594 3471 Christiana
2624 3415 2802 3487 potius
2831 3414 2905 3467 illi
2948 3414 3241 3469 clementer
3268 3410 3515 3477 consulat

1931 3523 2092 3577 quem
2120 3506 2381 3575 ﬂagellat;
2415 3521 2477 3559 ac
2506 3505 2582 3557 sic
2610 3512 2664 3558 et
2692 3501 2908 3573 quando
2937 3501 3144 3581 iustitia
3175 3500 3517 3571 persequitur

1934 3599 2169 3668 culpam,
2198 3612 2305 3651 non
2336 3595 2473 3649 desit
2502 3593 2887 3659 misericordia,
2934 3608 3051 3664 quae
3081 3590 3323 3646 modeste
3366 3588 3518 3646 novit

1932 3701 2155 3749 tenuare
2184 3691 2489 3745 vindictam.

2004 3782 2094 3837 Ἦ.
2137 3781 2449 3836 Nutriantur
2493 3780 2609 3849 ﬁlii,
2658 3777 2952 3851 secundum
3021 3776 3264 3849 Apostoli
3310 3787 3520 3849 praece-

1939 3885 2109 3948 ptum,
2142 3875 2197 3929 in
2229 3874 2504 3944 disciplina
2526 3882 2574 3928 et
2596 3874 2917 3945 correptione
2957 3854 3168 3926 Domini
3199 3869 3412 3942 (Epltes.
3441 3884 3522 3945 vr,

1938 3969 2016 4041 4),
2045 3985 2145 4025 nec
2173 3967 2553 4040 permittantur
2592 3967 2861 4036 impudice
2889 3976 2982 4020 aut
3017 3964 3291 4021 luxuriose
3316 3963 3521 4031 vivere,

1941 4077 2062 4118 cum
2093 4076 2198 4115 non
2223 4059 2471 4124 lasciviae,
2486 4056 2580 4113 sed
2603 4057 2836 4113 castitati
2863 4072 2926 4111 ac
2955 4054 3327 4127 temperantiae
3345 4052 3527 4124 proles

1942 4152 2141 4209 debeat
2172 4150 2474 4206 Christiana
2503 4150 2725 4205 servire.
2771 4148 2955 4218 Neque
3003 4149 3144 4202 enim
3174 4158 3227 4200 et
3277 4145 3344 4201 de
3373 4143 3527 4199 malis

1943 4244 2195 4315 operibus
2224 4242 2453 4298 ﬁliorum
2494 4258 2600 4297 non
2626 4243 2730 4296 erit
2771 4241 2823 4295 in
2860 4241 2950 4295 illa
2996 4239 3219 4295 terribili
3248 4238 3528 4294 examina-

1945 4337 2093 4390 tione
2117 4342 2397 4409 parentum
2431 4332 2748 4402 negligentia
2770 4331 3079 4400 iudicanda,
3111 4345 3234 4385 cum
3264 4337 3319 4383 et
3347 4329 3400 4382 in
3423 4328 3532 4386 hoc

1946 4425 2145 4482 saeculo
2198 4433 2483 4495 propterea
2514 4421 2631 4477 lleli
2664 4421 2918 4476 sacerdos
2947 4418 3002 4493 (1
3033 4419 3160 4491 Reg.
3192 4432 3250 4486 ιι,
3276 4419 3331 4489 5)
3361 4433 3392 4472 a
3421 4417 3532 4472 Do—

1950 4517 2097 4572 mino
2125 4516 2445 4583 reprobatus
2472 4512 2631 4568 fuerit
2658 4521 2711 4566 et
2740 4511 3000 4585 abiectus,
3044 4526 3151 4565 non
3177 4510 3299 4583 quia
3326 4507 3446 4564 ﬁliis
3472 4507 3533 4566 in

1954 4604 2235 4674 iniquitate
2283 4604 2575 4660 consensit.
2623 4600 2715 4656 sed
2763 4602 2887 4670 quia
2930 4609 3214 4673 peccantes
3250 4607 3532 4656 mansueto

1954 4698 2204 4769 quamvis
2231 4713 2480 4752 sermone
2509 4697 2797 4763 monuerit,
2838 4695 3124 4766 prohibere
3169 4705 3347 4750 tamen
3377 4710 3533 4750 com-

1952 4788 2162 4861 petenti
2189 4789 2476 4844 severitate
2506 4788 2751 4842 cessavit.
2775 4787 2942 4856 Magis
2961 4795 3140 4842 autem
3168 4795 3417 4867 parentes
3440 4786 3535 4858 qui

1953 4896 2081 4937 vere
2127 4880 2358 4946 diligunt
2410 4878 2567 4946 ﬁlios,
2609 4879 2747 4933 bene
2789 4878 3062 4949 operando
3106 4880 3185 4935 eis
3230 4880 3532 4948 consulant,

1957 4986 2117 5039 quam
2150 4969 2363 5025 divitias
2383 4969 2709 5039 colligendo;
2731 4985 2801 5025 ne
2819 4970 2944 5024 dum
2974 4968 3096 5024 ﬁliis
3123 4970 3385 5026 tenaciter
3409 4971 3537 5027 sub-

1960 5060 2159 5115 stantia
2191 5060 2476 5129 colligitur,
2492 5061 2861 5130 opportunitas
2887 5060 3014 5115 boni
3036 5062 3215 5132 operis
3235 5061 3531 5120 omittatur.

2032 5150 2121 5203 22.
2164 5149 2280 5203 Prae
2310 5151 2558 5204 omnibus
2592 5157 2774 5203 autem
2825 5150 3008 5205 ﬁdeles
3037 5153 3377 5219 meminerint
3407 5169 3537 5210 con-

1958 5243 2128 5312 jugati
2177 5256 2391 5311 semper
2433 5241 2765 5296 orationibus
2805 5248 2965 5309 atque
3010 5241 3364 5314 eleemosynis
3392 5236 3543 5301 ’iusi-

1963 5333 2239 5397 stcndum;
2275 5348 2372 5385 nec
2400 5332 2566 5387 velint
2588 5331 2788 5401 iugiter
2808 5332 2858 5386 in
2883 5332 2996 5401 ipsa
3025 5334 3200 5388 carnis
3229 5333 3541 5405 inﬁrmitate

1958 5424 2161 5493 jacere,
2201 5422 2294 5478 sed
2346 5419 2597 5476 festinent
2620 5420 2648 5459 ι)
2677 5421 2900 5491 gradqu
2929 5422 3051 5476 vitae
3079 5423 3304 5492 potioris
3348 5438 3539 5478 ascen-

1967 5515 2111 5569 dere.
2146 5511 2211 5567 Et
2242 5523 2298 5567 ut
2326 5512 2393 5567 ad
2424 5513 2676 5568 virtutem
2723 5515 3066 5569 continentiae
3112 5517 3389 5585 perveniat
3431 5516 3542 5569 nni-

1965 5624 2100 5671 mus,
2134 5607 2301 5675 magis
2346 5606 2620 5675 magisque
2643 5607 2871 5661 carnalis
2900 5592 3345 5677 concupiscentiae
3392 5622 3539 5661 com-

2040 5740 2068 5795 Ρ
2097 5716 2194 5801 Ms.
2226 5740 2430 5807 Victor,
2461 5740 2726 5813 gaudium.
