4026 6336
1514 329 1574 387 S.
1600 325 1968 386 FULGENTII
2004 323 2308 380 EPISCOPI
2347 319 2721 380 RUSPENSIS
3619 312 3733 368 διε

1109 460 1167 507 ut
1213 451 1362 515 dum,
1407 445 1519 500 Deo
1547 441 1858 511 adjuvante,
1890 438 2037 491 illum
2065 443 2118 500 Α
2143 449 2245 490 nec
2267 432 2332 488 de
2352 433 2644 488 amissione
2671 432 2853 488 solatii
2881 428 3194 502 temporalis
3237 425 3492 486 concidat
3518 423 3735 482 animus

2141 525 2355 580 internis
2378 524 2542 580 rebus
2569 523 2802 590 deditus,
2835 532 2890 578 et
2913 523 2980 578 de
3007 521 3093 576 his
3133 519 3403 576 salubrem
3455 516 3739 572 tristitiam

2141 630 2348 688 sumat,
2383 621 2435 674 in
2479 620 2677 689 quibus
2721 634 2781 674 se
2821 626 2913 672 aut
2966 617 3144 671 minus
3197 613 3400 683 aliquid
3441 621 3535 668 aut
3579 627 3740 668 secus

2141 729 2302 785 quam
2327 712 2567 783 oportuit
2590 711 2785 767 fecisse
2814 707 3144 765 considerat.
3175 705 3407 777 Propter
3435 702 3580 775 quod
3603 702 3740 758 Pau-

2143 809 2228 865 lus
2255 814 2538 876 utramque
2564 803 2833 858 tristitiam
2865 816 2972 855 non
2993 801 3169 854 minus
3197 812 3362 868 opere
3389 796 3550 851 docet
3575 810 3740 864 quam

2145 897 2170 936 ἀ
2200 897 2556 954 retributione
2576 894 2889 950 discretam.
2911 890 3151 959 Denique
3180 889 3233 943 in
3256 902 3361 943 una
3380 886 3568 942 salutis
3609 901 3743 955 pro-

2148 998 2388 1057 ventum,
2421 988 2473 1043 in
2499 986 2667 1041 altera
2696 984 2884 1039 mortis
2907 981 3139 1053 positum
3159 978 3494 1034 demonstrat
3517 975 3744 1029 exitium

2146 1084 2370 1141 dicens:
2406 1078 2534 1146 Quae
2564 1080 2702 1133 enim
2729 1075 3012 1132 secundum
3041 1072 3209 1127 Deum
3249 1079 3325 1125 est
3368 1069 3579 1122 tristitia
3631 1083 3744 1135 pa:-

2147 1177 2424 1232 nitentiam
2449 1175 2505 1227 in
2530 1171 2747 1226 salutem
2767 1167 3004 1223 stabilem
3037 1148 3312 1234 operatur;
3354 1158 3530 1216 saeculi
3573 1167 3750 1239 autem

2151 1269 2366 1324 tristitia
2394 1273 2609 1319 mortem
2633 1269 2879 1332 aperatur
2912 1256 2968 1329 (Ι
2997 1254 3122 1312 Cor.
3150 1271 3246 1316 vn.
3278 1252 3390 1322 l0).

2223 1358 2277 1412 4.
2302 1357 2380 1412 Ne
2407 1356 2568 1426 igitur
2597 1354 2737 1408 ultra
2786 1350 2911 1405 ﬁdei
2951 1347 3269 1402 Christianae
3313 1342 3552 1409 modum,
3577 1339 3752 1396 indis-

2153 1458 2363 1509 cretam
2395 1455 2580 1502 teneas
2608 1444 2676 1498 de
2700 1440 2881 1496 mariti
2913 1447 3090 1494 morte
3114 1436 3411 1501 tristitiam,
3445 1448 3546 1488 nec
3587 1431 3751 1487 amis-

455 1533 654 1597 ωυιυδν
682 1531 731 1584 ί¹¹
754 1528 983 1581 θ⁰τ¹¹ί¹¹⁰
1013 1525 1267 1579 ⁵³¹¹¹ιθ¹¹¹’
2155 1558 2276 1598 sum
2297 1538 2598 1601 existimes,
2622 1535 2718 1590 sed
2747 1531 3080 1604 praemissum
3131 1529 3228 1600 (al.
3256 1527 3625 1600 promissum),
3649 1540 3756 1581 nec

525 1623 711 1680 CAPUT
730 1634 946 1674 PRIMUM.
963 1613 1262 1670 Consolatio
1276 1611 1440 1704 Galla:
1454 1611 1516 1664 de
1535 1619 1698 1664 morte
1718 1609 1890 1662 mariti
1905 1607 2054 1704 juve-
2157 1632 2324 1704 ipsius
2338 1629 2676 1700 iuventutem
2723 1633 2882 1695 putes
2928 1623 3212 1678 immature
3260 1619 3556 1691 pmcisam’
3585 1631 3753 1688 quam

457 1719 563 1775 nis.
577 1715 716 1770 Laus
731 1713 904 1767 mariti
920 1707 1171 1780 defuncti.
1190 1703 1478 1759 —-l.Ante
1491 1717 1702 1757 menses
1717 1701 1922 1771 aliquot
1937 1699 2050 1753 dia-
2162 1699 2547 1782 i'nmmﬁnabm
2578 1719 2727 1774 vides
2755 1716 3056 1772 merum“,
3077 1712 3364 1768 ﬁrmatam.
3395 1709 3566 1766 Fide“
3593 1709 3756 1779 (μήν,

457 1808 590 1866 coni
617 1806 725 1861 mei
770 1819 838 1860 ex
874 1801 1008 1856 urbe
1046 1797 1337 1855 remeantis
1371 1802 1521 1891 certa
1570 1792 1880 1848 narratione
1908 1805 2060 1891 com-
2093 1823 2138 1883 Β
2162 1835 2233 1891 pe
2253 1817 2445 1872 animm
2469 1814 2706 1868 dicitur:
2740 1807 3089 1864 Renovabimr
3110 1807 3241 1861 sicut
3282 1802 3469 1876 aquin
3512 1803 3756 1875 ianum

449 344 548 397 3H.

448 462 713 534 primatur
747 472 1000 533 excessus
1044 473 1057 508 :

447 530 826 627 superaverint
860 530 1111 620 gradum,
1162 544 1215 598 in
1261 555 1371 610 quo
1412 534 1710 605 conjugalis
1753 530 2036 587 inﬁrmitas

446 621 664 703 veniam
684 642 938 716 postulat,
968 637 1251 694 celsiorem
1277 630 1429 702 151
1464 625 1672 697 possint
1697 621 2038 678 laudabiliter

444 714 718 805 obtinere,
765 738 817 791 in
864 748 970 804 quo
1023 724 1369 785 continentia:
1414 721 1585 776 virtus
1633 716 1868 788 palmam
1913 714 2039 768 vitae

446 832 692 891 melioris
718 833 1018 898 exspectat.

1039 927 1368 987 EPISTOLA
1392 925 1462 980 ll.

949 1062 1016 1100 AD
1065 1055 1275 1099 οΛιιΑιι
1328 1049 1543 1091 νιιιυΑιί.

526 1163 604 1219 De
642 1159 1006 1218 Consolatione
1031 1173 1184 1278 sape;
1210 1163 1375 1207 morte
1419 1149 1622 1214 mariti,
1654 1157 1704 1203 et
1741 1146 1808 1202 de
1834 1154 1970 1201 statu

1095 1244 1140 1278 υι
1183 1241 1391 1278 uarum.

1095 1241 1277 1279 vtauar
1287 1241 1391 1276 um.

529 1344 766 1400 Domina:
794 1357 923 1396 vere
945 1337 1138 1394 illustri
1177 1346 1230 1391 et
1269 1335 1319 1388 in
1350 1333 1548 1388 Christi
1588 1333 1783 1386 timore
1813 1345 2078 1412 venera-~

451 1440 550 1498 bili
581 1438 700 1491 lilia:
749 1434 949 1488 Cum:
975 1442 1002 1467 ³
1033 1430 1400 1493 Fuconurws,
1423 1440 1701 1481 servorum
1745 1422 1943 1478 Christi
1974 1421 2051 1475 fa-

459 1905 600 1977 peri,
626 1917 734 1957 non
765 1898 938 1954 solum
969 1894 1047 1948 tui
1104 1890 1348 1960 conjugis
1395 1889 1633 1951 obitum,
1668 1901 1852 1942 verum
1898 1885 2061 1939 etiam

461 1975 710 2050 sanctum
756 1985 1019 2058 propositi
1067 1983 1143 2036 tui
1174 1979 1466 2045 tramitem,
1515 1979 1568 2032 in
1597 1993 1705 2048 quo
1730 1977 1843 2047 jam
1883 1975 2066 2030 ambu-

463 2085 567 2151 las,
591 2084 683 2138 illo
705 2081 1010 2136 deducente
1034 2076 1138 2146 'qui
1169 2083 1253 2130 est
1301 2075 1403 2139 via,
1429 2073 1618 2127 veritas
1660 2080 1708 2126 et
1737 2073 1842 2126 vita
1869 2072 1887 2142 (
1904 2069 2061 2125 Joan.

463 2193 575 2243 11v,
625 2175 705 2246 6),
733 2172 826 2242 qui
874 2169 1116 2223 ﬁdelibus
1158 2165 1270 2221 suis
1298 2165 1447 2219 novit
1491 2179 1589 2234 per
1631 2169 2065 2218 momentaneam

465 2268 740 2327 tristitiam
808 2264 1009 2319 donum
1069 2259 1412 2328 sempiternae
1469 2255 1650 2324 largiri
1726 2254 1950 2318 lmtitim,
2011 2259 2068 2307 et

463 2377 604 2434 quos
633 2360 746 2414 vult
775 2354 1059 2410 salubriter
1086 2351 1155 2405 de
1185 2349 1413 2405 terrenis
1453 2347 1519 2402 ad
1543 2345 1802 2411 cmlestia,
1829 2353 2068 2416 paternae

463 2448 819 2520 benignitatis
841 2442 1265 2515 dispensatione,
1295 2437 1602 2494 transferre.

540 2541 593 2598 2.
624 2540 811 2608 Neque
834 2536 978 2591 enim
1008 2533 1206 2588 frustra
1250 2530 1533 2595 Dominus,
1565 2527 1719 2598 cujus
1761 2527 2068 2598 incompre-

463 2633 752 2696 hensibilia
771 2628 968 2698 judicia
999 2635 1054 2681 et
1082 2623 1485 2692 investigabiles
1507 2623 1619 2676 vias
1637 2614 1912 2692 apostolus
1934 2636 2070 2691 pra:-

465 2731 616 2789 dicat
642 2725 838 2780 Paulus
867 2721 1044 2794 (Rom.
1080 2737 1132 2774 si
1151 2759 1168 2786 ,
1192 2718 1308 2788 55),
1330 2718 1615 2788 conjugem
1648 2724 1796 2769 tuum
1813 2713 2073 2782 religione

467 2823 682 2880 sincera
718 2817 813 2888 (al.
844 2814 1076 2883 sincere)
1111 2811 1344 2874 fidelem,
1385 2811 1547 2866 corde
1589 2809 1867 2872 humilem,
1902 2809 2071 2862 mori-

470 2916 574 2972 bus
623 2912 840 2971 mitem,
891 2905 1148 2976 Operibus
1195 2901 1633 2969 misericordem,
1662 2901 2074 2955 conversatione

473 3007 696 3078 penitus
725 3004 1091 3076 innocentem,
1131 3003 1300 3052 aetate
1337 2994 1615 3064 juvenem,
1647 2992 1714 3048 de
1762 2991 2072 3063 peregrina-

477 3096 626 3150 tione
656 3091 814 3159 hujus
836 3089 958 3142 vita:
981 3086 1048 3140 ad
1075 3092 1331 3140 :nternam
1363 3083 1599 3138 caelestis
1621 3083 1806 3152 patriae
1827 3082 2075 3137 celeriter

2168 1919 2259 1965 tua
2286 1907 2459 1978 (Psal.
2493 1921 2584 1973 cn,
2613 1903 2695 1972 5).

2243 1999 2372 2056 CAP.
2397 2014 2472 2053 ιιι.
2507 1995 2716 2050 Fideles
2740 2011 2844 2048 non
2864 1994 3035 2064 aufert
3055 1999 3172 2044 atra
3217 1989 3347 2043 dies.
3377 1985 3497 2041 Dies
3543 1986 3761 2057 magni-

2170 2093 2364 2149 tudinis
2393 2091 2607 2157 Christi,
2635 2089 2743 2143 dies
2780 2097 2858 2141 est
2901 2084 3120 2140 extremi
3160 2081 3370 2154 judicii.
3401 2108 3473 2121 —-
3514 2076 3566 2132 5.
3599 2077 3761 2132 Absit

2171 2193 2350 2241 autem
2392 2191 2452 2238 ut
2493 2179 2787 2236 infidelium
2843 2173 3243 2232 consentientes
3289 2170 3588 2236 erroribus,
3617 2169 3770 2223 insti-

2170 2288 2378 2330 memus
2398 2279 2491 2326 aut
2514 2269 2752 2325 dicamus
2771 2266 2898 2337 quia
2928 2265 3075 2319 illum
3117 2261 3372 2332 juvenem
3397 2258 3767 2316 Christianum

2327 2381 2540 2432 Abstulit
2561 2387 2665 2430 atra
2681 2380 2814 2439 dies,
2831 2385 2882 2426 et
2902 2376 3077 2424 funere
3101 2376 3276 2439 mersit
3291 2372 3489 2439 acerbo.

2790 2434 2953 2503 (Vino.
2981 2434 3175 2486 Enet'd.
3201 2451 3268 2497 vr,
3293 2434 3426 2498 428.)

2172 2554 2298 2611 Illos
2328 2567 2562 2622 namque
2588 2558 2705 2605 atra
2733 2547 2850 2604 dies
2873 2547 3050 2603 aufert
3075 2546 3193 2615 qui,
3225 2541 3518 2600 secundum
3546 2539 3774 2596 Joannis

2174 2645 2405 2717 apostoli
2432 2644 2655 2707 dictum,
2687 2643 2742 2695 in
2767 2637 2991 2694 tenebris
3020 2647 3162 2704 sunt,
3184 2647 3233 2690 et
3251 2637 3308 2690 in
3327 2632 3547 2688 tenebris
3593 2632 3774 2686 ambu-

2176 2734 2308 2798 lant,
2341 2742 2390 2787 et
2411 2732 2646 2785 nesciunt
2665 2727 2752 2781 ubi
2783 2726 3070 2791 ambulant,
3113 2725 3234 2796 quia
3282 2722 3501 2778 tenebrae
3541 2720 3771 2776 obca’ca-

2175 2834 2355 2880 verunt
2403 2821 2580 2878 oculos
2617 2836 2796 2876 eorum
2835 2817 2889 2890 (1
2918 2817 3077 2872 Joan.
3120 2833 3178 2882 ιι,
3215 2814 3326 2886 ll).
3381 2814 3508 2869 Illos
3555 2813 3776 2868 abstulit

2180 2925 2297 2971 atra
2329 2915 2444 2970 dies
2482 2927 2618 2983 quos
2657 2913 2771 2982 ipsa
2800 2911 2891 2965 lux
2915 2924 3045 2963 vera
3071 2907 3424 2963 vehementer
3451 2903 3775 2974 objurgans:

2178 3005 2296 3062 Hoc
2325 3014 2402 3060 est
2427 3015 2621 3071 autem,
2653 3003 2845 3071 inquit,
2870 2999 3154 3071 judicium,
3197 2997 3317 3069 quia
3337 2996 3426 3050 lus:
3447 2996 3501 3048 in
3531 2993 3783 3048 mundum

2186 3099 2344 3162 venit,
2370 3105 2420 3149 et
2439 3095 2734 3148 dilexerunt
2757 3092 2987 3146 homines
3035 3090 3201 3161 magis
3247 3087 3480 3141 tenebras
3509 3102 3663 3156 quam
3704 3086 3788 3139 lu-

478 3183 752 3241 transtulit
781 3179 1145 3241 mansionem,
1180 3175 1283 3240 nisi
1313 3187 1389 3238 ut,
1421 3183 1475 3228 et
1505 3173 1583 3227 illi
1624 3172 1817 3242 gaudia
1868 3181 2074 3226 mterna
2105 3203 2153 3268 ε
2186 3206 2314 3252 cem,
2349 3195 2500 3242 εναηι
2545 3188 2681 3240 enim
2702 3201 2883 3250 parum
2930 3183 3071 3237 mata
3113 3197 3271 3253 opera
3320 3179 3503 3251 (Ioan.
3556 3193 3633 3245 ιιι,
3669 3177 3786 3246 l9).

479 3273 775 3337 conferret,
803 3279 858 3326 et
887 3269 982 3323 tibi
1014 3267 1322 3323 facultatem
1351 3264 1545 3320 melius
1571 3263 1787 3318 vivendi
1813 3262 2079 3318 concede-

481 3376 587 3426 ret.
638 3364 718 3419 illi
764 3361 987 3418 donavit
1036 3367 1095 3413 ut
1147 3373 1377 3427 corpore
1415 3357 1440 3396 δ
1483 3356 1744 3428 spoliatus
1822 3355 1900 3409 sit
1959 3369 2081 3409 cum

483 3457 701 3516 Christo
729 3456 844 3510 sine
877 3453 982 3507 line
1010 3451 1280 3514 victurus;
1312 3449 1408 3503 tibi
1435 3449 1658 3504 donavit
1686 3456 1746 3502 ut
1793 3463 1912 3517 quae
1957 3455 2083 3501 sunt

486 3551 703 3610 Domini
733 3560 757 3587 ο
785 3548 992 3618 cogites
1014 3553 1093 3609 et,
1120 3543 1411 3599 secundum
1441 3542 1670 3612 apostoli
1691 3541 1840 3596 Pauli
1875 3556 2084 3598 sermo-

487 3659 634 3708 nem,
667 3642 741 3697 sis
767 3647 968 3703 sancta,
1021 3645 1071 3690 et
1114 3651 1332 3706 corpore
1354 3643 1405 3687 et
1451 3634 1654 3701 spiritu.
1697 3629 1926 3686 Proinde
1971 3632 2088 3686 sine

491 3736 833 3794 dubitatione
855 3730 1016 3787 crede
1044 3728 1190 3798 quod
1227 3727 1484 3782 divinitus
1529 3726 1745 3789 dicitur,
1777 3733 1832 3780 et
1852 3740 1973 3780 cum
2003 3723 2088 3779 di-

492 3827 724 3884 lectione
743 3837 903 3893 spera
933 3817 1081 3889 quod
1105 3817 1464 3889 promittitur,
1490 3825 1550 3870 ut
1575 3816 1750 3886 possis
1779 3815 1917 3870 bene
1943 3814 2088 3872 face-

495 3934 556 3974 re
576 3915 721 3985 quod
740 3914 987 3983 jubetur.

567 4011 701 4068 CAP.
737 4028 797 4066 ιι.
829 4007 954 4064 Νοιι
977 4007 1166 4066 debent
1189 4004 1477 4060 Christiani
1529 4007 1592 4060 de
1642 4007 1860 4060 mortuis
1894 4005 2092 4059 contri-

495 4105 648 4170 stari,
665 4106 798 4158 sicut
815 4101 988 4155 caeteri
1003 4101 1091 4171 qui
1104 4115 1246 4168 spem
1261 4114 1364 4151 non
1389 4095 1597 4150 habent.
1625 4096 1832 4166 Duplex
1853 4097 2090 4150 tristitia.

499 4230 573 4242 --
600 4199 651 4251 ὖ.
683 4193 864 4248 Primo
893 4193 1054 4260 igitur
1095 4190 1163 4244 de
1189 4189 1369 4243 mariti
1421 4197 1594 4242 morte
1641 4204 1737 4258 per
1787 4189 2096 4258 apostolum

499 4290 727 4350 Paulum
748 4287 878 4356 quid
923 4285 1120 4340 debeas
1150 4283 1383 4340 ﬁdeliter
1435 4292 1624 4338 tenere
1679 4297 1977 4352 cognosce;
2023 4285 2099 4339 ait

503 4383 646 4439 enim
678 4400 689 4432 :
721 4379 981 4434 Nolumus
1004 4387 1176 4432 autem
1199 4395 1284 4432 ros
1311 4379 1590 4448 ignorare,
1623 4378 1834 4448 fratres,
1867 4377 1932 4430 de
1973 4377 2097 4431 dor-

503 4472 797 4537 mientibus,
840 4478 896 4523 ut
939 4486 1040 4524 non
1089 4467 1499 4532 contristemini,
1529 4469 1664 4522 sicut
1703 4478 1753 4521 et
1802 4468 1973 4521 caeteri
2011 4469 2098 4538 qui

505 4581 648 4634 spem
674 4579 778 4616 non
809 4560 1019 4615 habent.
1044 4559 1108 4614 Si
1136 4560 1274 4613 enim
1297 4558 1552 4612 credimus
1580 4558 1715 4630 quod
1757 4557 1907 4612 Jesus
1960 4575 2098 4614 mor-

509 4665 626 4710 tuus
645 4664 742 4718 est,
763 4665 812 4708 et
831 4652 1135 4714 resurrexit,
1158 4651 1233 4703 ita
1254 4659 1300 4703 et
1341 4648 1482 4703 Deus
1515 4666 1602 4704 eos
1654 4650 1740 4719 qui
1779 4648 2099 4703 dormierunt

506 4765 601 4821 per
627 4747 806 4802 Iesum
852 4745 1075 4799 adducet
1118 4761 1234 4798 cum
1269 4759 1328 4797 eo
1360 4741 1413 4813 (1
1445 4743 1624 4796 Thess.
1658 4758 1730 4809 tv,
1764 4742 1852 4808 15,
1903 4741 2011 4813 14).
2044 4741 2102 4796 Si

511 4852 642 4906 ergo
671 4852 812 4892 vera:
842 4835 965 4890 ﬁdei
988 4842 1206 4890 tenaces
1231 4847 1436 4901 sumus,
1468 4832 1514 4886 si
1535 4831 1603 4887 de
1642 4832 1980 4887 sermonibus
2009 4831 2103 4887 Dei

512 4927 644 4982 nihil
675 4926 1032 4994 ambigimus,‘
1054 4925 1097 4979 si
1129 4923 1194 4976 ad
1217 4921 1450 4976 futuram
1484 4921 1646 4974 vitam
1679 4936 1775 4989 spe
1806 4922 2105 4977 certissima

512 5019 803 5082 tendimus,
831 5018 875 5071 si
905 5017 1063 5086 digne
1094 5016 1261 5070 Deum
1296 4999 1712 5086 proximitmque
1733 5013 2030 5080 diligimus,
2060 5016 2107 5069 si

505 5124 621 5183 non
655 5110 722 5162 ab
749 5108 1056 5163 hominibus
1083 5107 1320 5170 inanem,
1342 5105 1438 5161 sed
1466 5120 1498 5160 a
1527 5105 1638 5160 Deo
1667 5119 1850 5159 veram
1879 5105 2103 5174 gloriam

514 5195 805 5253 Christiani
832 5198 1064 5252 nominis
1085 5205 1479 5268 exspectamus,
1512 5211 1617 5250 non
1639 5196 1895 5252 debemus
1920 5198 2108 5267 utique

515 5289 586 5344 de
618 5288 864 5344 fidelibus
893 5289 1136 5354 mortuis,
1169 5299 1244 5358 et,
1284 5297 1344 5343 ut
1370 5288 1589 5359 proprie
1629 5287 1826 5354 dicam,
1865 5289 1933 5343 de
1977 5289 2106 5344 dor-

517 5382 810 5437 mientibus
862 5379 1091 5449 nostris,
1124 5380 1388 5451 aliquam,
1421 5380 1559 5434 sicut
1609 5379 1882 5446 inﬁdeles,
1907 5381 2108 5439 habere

519 5473 814 5528 tristitiam.
837 5471 1077 5528 Salubris
1123 5472 1323 5526 etenim
1362 5472 1515 5543 152
1563 5472 1846 5541 noxichue
1877 5474 2108 5529 tristitia:

520 5564 683 5620 debet
725 5566 780 5620 in
819 5563 982 5621 corde
1011 5571 1196 5619 nostro
1243 5577 1464 5618 manere
1503 5563 1758 5619 discretio
1796 5579 1901 5633 qua
1953 5563 2013 5620 ﬁt
2052 5574 2114 5621 ut

597 5731 620 5795 ξ
655 5723 818 5795 Abest
845 5721 1151 5795 Futgentius
1191 5723 1259 5792 ab
1286 5720 1480 5788 editis;
1512 5721 1706 5792 legitur
1733 5723 1788 5779 in
1816 5739 1917 5780 ms.
1944 5723 2108 5782 Corb.

601 5793 625 5831 δ
657 5793 754 5849 Ms.
788 5793 976 5859 Corb.,
1006 5795 1304 5848 dissolutus.

601 5875 623 5902 ε
653 5863 733 5921 lta
766 5881 892 5921 mss.
939 5863 1104 5922 Corb.
1148 5872 1205 5920 et
1251 5864 1480 5932 Victor.,
1524 5874 1580 5919 at
1625 5865 1755 5920 editi
1791 5864 1996 5922 habent
2023 5883 2113 5923 co-

2185 3279 2346 3334 Tales
2370 3277 2607 3348 suntqui
2635 3276 2713 3332 sic
2741 3277 2968 3340 vivunt,
2998 3281 3058 3330 ut
3098 3289 3222 3329 cum
3275 3271 3542 3327 audierint
3592 3284 3789 3324 vocem

2186 3369 2306 3424 Filii
2336 3369 2452 3434 Dei,
2482 3382 2592 3422 non
2613 3365 2679 3420 ad
2708 3366 2894 3430 vitam,
2921 3364 3016 3419 sed
3042 3363 3108 3418 ad
3133 3362 3396 3432 judicium
3425 3359 3789 3426 suscitentur,

2186 3460 2398 3515 dicente
2427 3458 2656 3513 Domino
2684 3476 2697 3510 :
2733 3454 2869 3521 Quia
2902 3458 3065 3510 ueniet
3089 3455 3234 3519 hora,
3267 3451 3471 3524 quando
3491 3465 3666 3504 omnes
3691 3451 3796 3519 qui

2187 3553 2244 3606 in
2263 3549 2606 3604 monumentis
2649 3557 2768 3602 sunt
2797 3547 3009 3600 audient
3031 3562 3201 3600 uocem
3228 3544 3375 3614 ejus;
3418 3552 3466 3595 et
3506 3540 3796 3610 procedent

2191 3645 2278 3716 qui
2304 3643 2440 3697 bona
2471 3641 2771 3714 feceruntin
2797 3640 3220 3693 resurrectionem
3241 3638 3380 3704 uiue,
3405 3635 3486 3704 qui
3506 3650 3621 3687 vero
3646 3631 3800 3687 mala

2191 3745 2425 3808 egerunt,
2449 3734 2504 3788 in
2524 3733 2950 3787 resurrectionem
2964 3729 3152 3800 judicii
3179 3727 3360 3800 (Joan.
3384 3743 3440 3794 ν,
3462 3723 3555 3790 28,
3575 3722 3692 3789 29).
3724 3721 3800 3778 Et

2193 3829 2322 3900 quia
2351 3828 2436 3882 his
2485 3842 2587 3882 nec
2635 3825 2816 3881 brevis
2844 3824 2953 3878 vita
3000 3829 3184 3892 potest
3203 3819 3459 3891 prodesse
3488 3832 3588 3872 nec
3611 3816 3794 3884 longa,

2197 3927 2594 3988 consequenter
2644 3917 2713 3972 de
2759 3916 2956 3971 talibus
2982 3915 3034 3968 in
3064 3913 3203 3967 libro
3231 3909 3522 3981 Sapientia
3550 3908 3749 3963 dicitur
3776 3925 3789 3960 :

2198 3997 2270 4067 Et
2299 4014 2343 4066 si
2373 4011 2576 4084 quidem
2624 4010 2795 4080 longa:
2834 4010 2950 4063 vita
2977 4015 3150 4069 erunt,
3181 4007 3237 4059 in
3281 4003 3498 4058 nihilum
3526 4010 3798 4071 computa-

2202 4103 2410 4166 buntur,
2432 4111 2481 4154 et
2509 4102 2620 4155 sine
2641 4100 2838 4154 honore
2864 4099 2962 4152 erit
2992 4097 3270 4151 novissima
3291 4102 3528 4149 senectus
3563 4092 3795 4146 illorum.

2202 4197 2341 4250 Etsi
2371 4198 2584 4250 celerius
2624 4193 2854 4265 defuncti
2905 4193 3116 4263 fuerint,
3168 4206 3272 4243 non
3325 4187 3580 4241 habebunt
3631 4202 3802 4257 spem,

2205 4305 2297 4342 nec
2323 4288 2379 4342 in
2409 4287 2493 4340 die
2517 4284 2890 4357 magnitudinis
2920 4283 3285 4337 allocutionem
3318 4279 3472 4352 (Sap.
3504 4279 3729 4350 mg”).

2277 4377 2330 4431 6.
2373 4376 2503 4443 Qum
2547 4384 2628 4431 est
2657 4382 2835 4430 autem
2865 4374 2981 4428 dies
3022 4371 3426 4442 magnitudinis,
3471 4371 3576 4426 nisi
3601 4369 3718 4425 dies
3748 4371 3807 4427 in

2206 4484 2311 4538 qua
2342 4483 2448 4523 non
2473 4465 3270 4537 judicandus,sedjudicaturus
3297 4465 3479 4520 veniet
3500 4464 3807 4521 Dominus?

2209 4560 2362 4615 Nunc
2398 4559 2540 4613 enim
2570 4573 2690 4613 cum
2712 4558 2880 4621 venit,
2913 4565 2971 4611 ut
2999 4571 3098 4626 pro
3123 4555 3278 4611 nobis
3301 4555 3658 4625 judicaretur,
3691 4571 3808 4612 non

2205 4649 2305 4704 fuit
2325 4649 2440 4704 dies
2468 4648 2878 4717 magnitudinis,
2923 4647 3019 4703 sed
3041 4647 3438 4710 minorationis,
3473 4647 3526 4701 in
3558 4661 3665 4716 qua
3693 4648 3806 4704 mi-

2207 4750 2429 4797 noratus
2454 4752 2536 4796 est
2565 4740 2724 4809 paulo
2754 4739 2931 4794 minus
2962 4739 3028 4794 ab
3057 4739 3294 4807 angelis;
3327 4747 3456 4794 tunc
3481 4746 3662 4794 autem
3693 4741 3810 4794 erit

2208 4835 2325 4890 dies
2366 4835 2769 4905 magnitudinis,
2800 4833 3048 4902 quando,
3079 4833 3372 4888 secundum
3406 4832 3630 4888 Joannis
3660 4842 3814 4889 atte-

2209 4929 2519 4994 stationem,
2555 4941 2744 4982 omnes
2771 4926 2900 4981 mali
2924 4925 3178 4981 abscondi
3213 4925 3429 4994 cupient
3469 4926 3519 4979 in
3556 4927 3815 4980 cavernis

2215 5018 2498 5082 montium,
2532 5017 2776 5072 dicentes
2806 5017 3078 5073 montibus
3107 5026 3162 5071 et
3204 5016 3370 5086 petris
3396 5033 3408 5068 :
3441 5014 3622 5069 Cadite
3650 5034 3816 5086 super

2214 5127 2328 5174 nos,
2354 5120 2403 5164 et
2423 5108 2725 5164 abscondite
2745 5127 2839 5164 nos
2863 5128 2892 5162 (ι
2916 5119 3189 5179 conspectu
3207 5108 3382 5162 Patris
3410 5108 3632 5162 sedentis
3655 5125 3818 5175 super

2219 5201 2481 5262 thronum,
2513 5210 2561 5254 et
2581 5200 2644 5254 ab
2673 5203 2754 5254 ira
2776 5199 2942 5270 Agni,
2975 5199 3218 5270 quoniam
3262 5199 3398 5254 venit
3436 5199 3544 5252 dies
3590 5215 3817 5268 magnus

2212 5295 2309 5348 ira
2351 5292 2560 5347 illorum
2583 5309 2600 5346 :
2623 5301 2672 5346 et
2711 5293 2822 5364 quis
2850 5291 3038 5360 poterit
3085 5301 3224 5345 stare
3254 5293 3437 5362 (Apoc.
3470 5307 3540 5353 vr.
3591 5290 3718 5352 l6)?
3748 5289 3806 5343 In

2214 5387 2316 5442 hac
2353 5384 2440 5440 die
2467 5384 2848 5454 magnitudinis
2889 5384 3017 5437 mali
3056 5399 3164 5438 non
3209 5383 3482 5439 habebunt
3521 5385 3815 5438 allocutio-

2225 5492 2368 5541 nem,
2395 5477 2490 5533 sed
2515 5477 2972 5547 increpationem;
2999 5490 3106 5530 non
3128 5476 3272 5531 enim
3301 5474 3522 5530 audient
3549 5493 3561 5528 :
3607 5474 3816 5539 Venite,

2223 5565 2476 5623 benedicti
2507 5567 2685 5623 Patris
2716 5567 2836 5634 mei,
2868 5567 3115 5636 percipite
3143 5583 3359 5638 regnum
3379 5565 3517 5638 quod
3545 5566 3684 5621 vobis
3710 5583 3821 5635 pa-

2223 5739 2558 5884 ges-fimum}.
2574 5798 2747 5884 _Corb.
2773 5797 3054 5884 tit-Victor.
3080 5813 3180 5858 nec
3196 5819 3305 5862 non
3324 5805 3450 5864 Ant.
3474 5807 3666 5864 Colon.
3686 5823 3826 5866 vero

2223 5881 2278 5927 et
2311 5871 2475 5928 Basil.
2499 5871 2702 5929 habent
2721 5869 3128 5928 retributionem.
