4026 6336
300 379 398 433 515

1678 383 2011 442 EPISTOLA
2045 384 2110 442 ll.

3436 399 3542 454 514

295 498 460 546 ratum
484 498 565 546 est
586 507 620 545 a
645 488 1005 545 constitutione
1025 489 1198 587 mundi
1225 491 1436 586 (μαῖαι.
1462 509 1586 560 xxv,
1617 494 1740 565 34);
1763 497 1858 552 sed
1885 531 1936 587 Α
1962 511 2082 566 quae
2123 498 2306 554 mundi
2346 508 2472 556 sunt
2506 501 2595 556 illa
2631 501 2870 571 cogitare
2897 508 3220 575 permittitur
3255 527 3374 583 quae
3411 529 3534 572 cor-

293 585 494 638 dicetur
519 583 633 638 eis:
667 581 767 647 Ite,
798 580 1074 648 maledicti,
1103 584 1155 636 in
1176 580 1345 654 ignem
1369 592 1738 658 wternum,'qut
1757 604 1854 658 pa-

288 686 424 730 ratus
441 685 523 730 est
541 673 745 730 diabolo
767 684 816 728 et
837 675 1030 745 angelis
1051 675 1162 746 ejus
1186 674 1396 746 (Matth.
1420 693 1546 745 xxv,
1568 679 1677 747 41).
1698 678 1854 735 Tales

286 769 460 838 igitur,
474 767 868 838 quantumlibet
889 768 1443 836 longtnvijmoriantur,
1459 772 1653 827 acerbo
1667 773 1852 829 funere

283 859 682 928 demerguntur,
713 869 769 914 et
794 860 1035 928 quamvis
1070 868 1198 916 actas
1224 877 1406 917 eorum
1435 872 1639 918 matura
1669 866 1853 922 videa-

282 963 364 1009 tur
406 953 469 1009 in
517 969 768 1024 corpore,
820 955 972 1026 153
1013 955 1286 1011 mortifera
1316 965 1498 1014 tamen
1530 961 1713 1016 mundi
1763 960 1848 1016 di-

281 1043 434 1101 lectio
493 1045 792 1100 immaturae
843 1045 1039 1100 mentis
1091 1047 1441 1105 acerbitatem
1493 1057 1731 1107 retentat
1788 1052 1844 1108 in

279 1139 458 1196 corde.

336 1229 469 1286 CAP.
489 1247 560 1286 tv.
587 1230 756 1286 Bonus
771 1231 1113 1297 Christianus,
1135 1233 1577 1303 ctsijuvenis,'non
1597 1239 1846 1308 mergitur

277 1325 451 1394 funere
482 1322 684 1376 acerbo.
712 1319 834 1375 Non
859 1322 961 1374 vita
985 1322 1142 1393 longa
1167 1325 1396 1392 prodest,
1426 1326 1516 1380 sed
1545 1326 1839 1383 bona.—-7.

275 1413 604 1469 Christianus
632 1423 809 1467 autem
835 1414 925 1481 qui
954 1413 1006 1467 in
1035 1414 1224 1469 timore
1258 1415 1351 1470 Dei
1375 1417 1584 1482 vixerit,
1609 1433 1846 1488 quacun-

275 1520 368 1576 que
407 1502 576 1558 fuerit
618 1501 898 1558 defunctus
923 1511 1084 1559 aetate
1105 1507 1368 1576 corporis,
1396 1523 1504 1562 non
1545 1511 1742 1565 acerbo
1763 1509 1846 1565 fu-

277 1608 393 1649 nere
418 1593 704 1661 mergitur,
730 1592 828 1647 sed
873 1592 1067 1662 placita
1096 1593 1209 1650 Deo
1250 1596 1508 1652 subnixus
1535 1601 1845 1657 maturitate

276 1683 605 1740 transfertur.
629 1684 878 1752 Legimus
905 1700 1133 1755 namque
1159 1688 1214 1741 in
1247 1689 1438 1744 eodem
1466 1690 1754 1761 Sapientia:
1780 1694 1847 1748 li-

275 1781 361 1836 bro
390 1799 406 1833 :
439 1781 576 1848 Quia
603 1788 833 1834 senectus
860 1779 1175 1835 honorabilis
1202 1791 1295 1847 est,
1327 1799 1429 1838 non
1456 1784 1722 1851 diuturna,
1752 1804 1844 1842 ne-

278 1889 362 1942 que
389 1887 596 1925 numero
620 1887 872 1926 annorum
891 1881 1181 1941 computata
1204 1888 1222 1926 ἔ
1246 1875 1364 1927 cani
1383 1883 1501 1928 sunt
1531 1885 1700 1930 autem
1725 1895 1840 1932 εεη-
1870 1895 1918 1956 Β

281 1979 357 2015 sus
376 1962 613 2025 hominis,
635 1970 685 2014 et
712 1971 839 2015 tetas
864 1954 1164 2024 senectutis,
1195 1963 1299 2016 vita
1334 1964 1700 2031 immaculata;
1728 1984 1842 2040 qua:

275 2052 457 2122 placita
482 2049 592 2104 Deo
623 2052 782 2121 facta,
815 2050 999 2104 dilecta
1021 2060 1096 2105 est
1116 2052 1272 2122 (Sap.
1305 2068 1376 2120 iv,
1407 2051 1484 2122 8).
1518 2054 1760 2126 Denique
1786 2059 1842 2114 in

271 2140 712 2209 subsequentibus
775 2139 913 2193 bene
967 2140 1234 2195 viventem
1287 2143 1572 2212 quemdam
1619 2146 1841 2217 Deoque

274 2231 520 2302 placitum
558 2230 628 2284 ob
679 2230 782 2284 hoc
822 2239 1033 2299 raptum
1081 2231 1330 2286 celeriter
1363 2233 1522 2300 dicit,
1549 2243 1606 2289 ut
1635 2238 1838 2293 nullam

272 2325 614 2380 mutationem
660 2321 923 2394 perferret
968 2324 1184 2378 malitiae
1212 2325 1498 2390 smeularis,
1524 2341 1624 2381 nec
1661 2328 1840 2382 anima

185 2451 190 2456 ο
271 2416 372 2483 ejus
402 2414 585 2483 aliqua
606 2412 748 2468 foret
772 2413 988 2468 ﬁctione
1010 2414 1105 2485 (at.
1129 2413 1462 2483 fatigatione)
1479 2416 1724 2486 decepta.
1749 2417 1840 2474 Sic

271 2521 386 2576 ergo
415 2506 614 2562 dicitur
637 2523 650 2557 :
685 2503 884 2573 Raptus
905 2515 1000 2570 est,
1033 2523 1095 2558 ne
1121 2507 1322 2560 malitia
1344 2517 1564 2561 mutaret
1591 2509 1729 2563 illius
1757 2512 1840 2563 in-

270 2600 538 2662 tellectum,
568 2605 659 2650 aut
678 2613 742 2650 ne
767 2597 909 2666 ﬁctio
938 2597 1192 2669 deciperet
1219 2600 1448 2653 animam
1475 2601 1644 2655 illius:
1676 2603 1839 2673 fasci-

270 2693 404 2744 natio
432 2698 604 2743 autem
643 2688 661 2758 (
685 2688 755 2743 al.
780 2689 947 2757 enim)
989 2692 1299 2760 nugacitatis
1340 2692 1577 2747 obscurat
1605 2694 1760 2760 bona,
1789 2705 1839 2750 et

268 2782 509 2838 instantia
541 2780 965 2850 concupiscentia:
994 2781 1284 2834 transvertit
1312 2798 1517 2836 sensum
1542 2783 1654 2837 sine
1682 2783 1836 2837 mali-

274 2874 336 2926 tia
347 2889 364 2937 ;
377 2880 759 2926 consummatus
775 2879 942 2924 autem
963 2871 1015 2924 in
1032 2869 1166 2925 brevi
1187 2873 1393 2942 replevit
1409 2883 1639 2942 tempora
1659 2877 1831 2945 longa.

274 2963 466 3020 Placita
486 2965 624 3018 enim
646 2974 755 3018 erat
779 2961 890 3018 Deo
909 2965 1084 3018 anima
1110 2965 1281 3019 illius:
1302 2977 1511 3038 propter
1531 2967 1625 3021 hoc
1653 2984 1838 3038 prope-

268 3056 390 3109 rarit
415 3055 481 3108 de
507 3053 678 3108 media
704 3053 973 3124 iniquitate
1008 3053 1154 3108 illum
1190 3056 1400 3110 educere
1422 3057 1607 3129 (Ibid,
1633 3057 1720 3122 ll,
1747 3059 1833 3126 l2,

265 3149 346 3214 l5,
378 3149 493 3221 ιι).
528 3149 624 3204 His
651 3163 843 3218 nempe
869 3149 1048 3203 verbis
1086 3156 1270 3202 sancta
1311 3145 1586 3218 Scriptura
1615 3164 1715 3203 nos
1734 3149 1834 3204 do-

247 3325 474 3402 longam
503 3331 774 3403 prodesse,
801 3331 896 3388 sed
924 3331 1120 3387 bonam
1145 3349 1160 3398 ;
1192 3341 1245 3387 et
1270 3332 1336 3386 ad
1374 3334 1824 3401 cognoscendum,

259 3435 516 3496 quantum
544 3424 798 3494 possibile
836 3430 947 3491 est,
986 3423 1267 3493 cujuslibet
1293 3423 1528 3478 defuncti
1556 3426 1826 3493 meritum,

257 3533 360 3572 non
384 3526 646 3586 quantum
673 3515 890 3584 dixerit,
917 3515 1010 3570 sed
1035 3515 1265 3584 qualiter
1289 3515 1518 3583 quisque
1539 3516 1732 3570 vixerit
1755 3517 1830 3571 in-

257 3609 529 3663 tuendum.
561 3607 712 3663 Sicut
738 3608 879 3663 enim
908 3608 1015 3662 vita
1043 3607 1202 3673 mala,
1231 3615 1433 3676 quanto
1471 3609 1638 3675 magis
1667 3607 1827 3663 fuerit

255 3699 622 3770 temporaliter
649 3699 980 3768 prolongata,
1028 3707 1178 3752 tanto
1202 3699 1373 3766 magis
1395 3698 1825 3768 delinquentibus

255 3791 568 3863 multiplicat
596 3805 807 3861 poenam
831 3809 844 3844 :
874 3791 953 3846 sic
977 3791 1089 3846 vita
1111 3792 1273 3856 bona,
1297 3793 1539 3860 quamvis
1567 3792 1655 3847 hic
1675 3793 1822 3848 brevi

254 3893 494 3955 tempore
535 3883 840 3950 terminata,
879 3896 1127 3952 magnam
1173 3884 1661 3954 sempiternamque
1689 3899 1820 3939 con-

252 3975 410 4044 quirit
436 3974 576 4029 bene
603 3973 901 4028 viventibus
945 3974 1190 4042 gloriam.
1215 3973 1333 4028 Vita
1363 3975 1524 4044 igitur
1552 3975 1690 4028 mala
1718 3976 1820 4029 im-

251 4074 486 4122 maturos
535 4064 864 4134 acerbosque
913 4079 1068 4121 senes
1116 4065 1378 4133 demergit
1433 4065 1486 4120 in
1539 4074 1819 4133 tartarum,

249 4154 352 4211 vita
377 4170 513 4210 vero
562 4155 704 4210 bona
745 4153 1028 4210 defunctos
1058 4153 1282 4223 juvenes
1309 4163 1550 4210 maturos
1577 4155 1822 4226 perducit

247 4250 310 4304 ad
337 4261 584 4317 regnum.

311 4340 440 4397 Car.
472 4357 526 4395 v.
586 4337 753 4392 Vidua
781 4337 928 4392 debet
953 4355 1064 4392 esse
1089 4339 1314 4392 sollicita
1364 4348 1422 4392 ut
1467 4347 1651 4393 sancta
1678 4343 1746 4394 sit
1771 4350 1820 4394 et

246 4449 456 4504 corpore
475 4441 527 4486 et
546 4433 748 4502 spiritu.
767 4430 964 4486 Sancta
982 4440 1100 4484 sunt
1120 4429 1530 4486 Christianorum
1551 4447 1645 4486 con
1644 4434 1814 4503 jugia.

245 4555 312 4567 —
336 4523 390 4578 8.
415 4523 534 4578 Non
561 4535 690 4589 ergo
737 4522 810 4577 sis
841 4521 1034 4587 tristis,
1067 4521 1209 4591 quod
1259 4530 1311 4576 te
1357 4522 1447 4576 ille
1486 4524 1820 4592 praecesserit

1960 589 2130 659 porali
2160 591 2339 646 vincta
2371 601 2397 630 α
2424 593 2695 650 connubio
2723 595 3016 668 detinetur,
3066 603 3256 657 eodem
3286 608 3534 675 apostolo

1957 683 2195 738 dicente:
2218 682 2346 747 Quae
2368 696 2535 740 autem
2555 698 2714 755 nupta
2734 700 2828 754 est,
2851 693 3043 762 cogitat
3061 711 3175 764 qua:
3195 705 3313 750 sunt
3333 701 3533 761 mundi.

1954 773 2207 842 quomodo
2245 773 2446 843 placeat
2483 777 2591 830 viro
2635 776 2690 848 (Ι
2731 777 2851 834 Cor.
2885 797 2976 848 vn,
3009 783 3123 854 54).
3153 785 3268 842 Illic
3295 797 3534 858 estergo

1953 862 2238 918 mundanae
2265 865 2604 935 cogitationis
2623 870 2899 926 subeunda
2928 876 3241 940 necessitas,
3269 880 3358 934 ubi
3387 896 3535 937 mor-

1952 953 2076 1010 talis
2117 970 2244 1011 caro
2291 957 2554 1015 morituro
2595 962 2882 1018 carnaliter
2928 967 3097 1021 nubit.
3133 966 3198 1021 Et
3244 971 3367 1038 quia
3412 973 3534 1030 illos

1952 1043 2068 1114 ipsa
2113 1046 2288 1101 carnis
2325 1049 2616 1107 necessitas
2661 1053 2962 1110 durioribus
3017 1057 3245 1117 vinculis
3275 1071 3421 1116 tenet
3451 1065 3532 1118 in-

1950 1155 2140 1204 nexos,
2172 1149 2396 1211 propter
2425 1142 2527 1197 hoc
2549 1143 2616 1198 de
2643 1143 2745 1198 illis
2773 1146 3063 1216 Apostolus
3091 1150 3256 1205 dicit:
3291 1151 3531 1207 Tribulu-

1949 1231 2142 1285 tionem
2173 1241 2343 1286 autem
2381 1235 2552 1288 carnis
2597 1234 2848 1291 habebunt
2875 1239 3169 1310 hujusmodi
3201 1240 3385 1313 (Ibid.,
3411 1244 3528 1314 28).

1947 1318 2141 1376 Mulier
2181 1337 2310 1392 ergo
2335 1324 2579 1395 innupta,
2610 1326 2663 1380 id
2692 1336 2774 1382 est
2799 1329 2980 1400 vidua,
3019 1336 3106 1387 cui
3133 1335 3442 1404 praecipitur
3471 1347 3532 1392 ut

1947 1409 2018 1464 sit
2037 1419 2242 1477 sancta,
2265 1421 2321 1468 et
2340 1428 2568 1483 corpore
2595 1425 2651 1470 et
2670 1418 2861 1486 spiritu
2876 1462 2892 1486 ,
2913 1422 3050 1476 sicut
3069 1438 3297 1493 corpore
3319 1426 3531 1488 desistit

1948 1503 2044 1572 (al.
2075 1503 2254 1575 desiit)
2293 1506 2488 1561 marito
2535 1509 2758 1576 servire,
2787 1510 2866 1566 sic
2891 1527 2999 1568 non
3038 1512 3199 1570 debet
3225 1497 3388 1572 corde
3408 1531 3526 1573 car-

1948 1593 2090 1648 nalia
2111 1595 2372 1663 cogitare.

2015 1685 2069 1741 9.
2101 1684 2299 1742 Sancta
2342 1689 2558 1758 quidem
2587 1700 2714 1746 sunt
2755 1689 3180 1750 Christianorum
3234 1699 3520 1770 conjugia:

1943 1775 2070 1844 quia
2101 1779 2156 1830 et
2183 1777 2480 1847 conjugalis
2509 1781 2579 1835 ibi
2613 1783 2832 1837 castitas
2861 1786 3164 1842 custoditur
3191 1789 3242 1842 in
3270 1805 3520 1861 corpore,

1945 1875 2002 1919 et
2025 1867 2231 1936 puritas
2260 1865 2382 1923 ﬁdei
2411 1880 2656 1925 servatur
2676 1873 2727 1926 in
2756 1873 2940 1930 corde.
2971 1877 3126 1948 154
3147 1877 3279 1934 Nam
3306 1889 3362 1935 et
3388 1897 3522 1951 apo-

1943 1957 2133 2012 stolica
2161 1957 2289 2014 dicit
2316 1963 2634 2016 auctoritas:
2665 1963 2982 2020 Honorabile
3001 1970 3307 2024 connubium
3335 1975 3388 2026 in
3413 1991 3523 2026 om-

1944 2047 2112 2113 nibus,
2144 2059 2193 2102 et
2229 2049 2404 2104 thorus
2431 2053 2790 2107 immaculatus
2820 2054 3006 2124 (Hebr.
3047 2074 3160 2126 xm,
3191 2060 3266 2131 4).
3293 2060 3408 2116 Non
3440 2072 3523 2117 est

1942 2151 2072 2207 ergo
2092 2140 2418 2196 connubium
2447 2157 2513 2197 ex
2541 2143 2844 2201 colluvione
2874 2149 3099 2216 peccati,
3130 2149 3222 2204 sed
3252 2166 3320 2206 ex
3362 2154 3518 2208 insti-

1943 2229 2153 2284 tutione
2175 2230 2300 2286 Dei:
2326 2240 2381 2287 et
2409 2231 2462 2286 in
2485 2248 2551 2288 eo
2577 2233 2722 2303 quod
2749 2235 2848 2289 sibi
2873 2237 3130 2308 conjuges
3151 2241 3379 2298 invicem
3411 2259 3521 2298 car-

1941 2320 2026 2376 nis
2047 2320 2285 2376 debitum
2314 2321 2562 2390 reddunt,
2594 2325 2646 2379 in
2669 2336 2925 2394 quantum
2952 2329 3005 2382 id
3033 2331 3275 2388 modeste
3298 2335 3517 2403 faciunt,

1941 2407 2140 2464 Christi
2165 2420 2434 2482 praecepta
2473 2413 2804 2482 custodiunt,
2835 2417 2960 2485 quia
2993 2419 3297 2476 nullatenus
3325 2438 3355 2476 a
3385 2439 3518 2479 con-

1937 2498 2104 2568 jugali
2132 2501 2360 2556 caritate
2397 2511 2453 2557 et
2481 2505 2730 2560 castitate
2757 2506 3054 2563 discedunt.
3078 2508 3402 2568 Exsecratur
3423 2530 3519 2569 au-

1939 2597 2051 2644 tem
2084 2591 2417 2647 adulterinos
2458 2595 2773 2650 concubitus
2818 2599 3036 2654 castitas
3083 2600 3398 2670 conjugalis,
3438 2614 3512 2671 et,

1938 2680 2239 2736 honestatis
2261 2697 2324 2737 ac
2345 2685 2679 2740 verecundia:
2708 2694 2890 2755 tenax,
2931 2689 2999 2744 ab
3045 2705 3150 2745 una
3177 2707 3331 2758 unus,
3363 2702 3418 2749 et
3447 2695 3515 2750 ab

1938 2786 2048 2825 uno
2069 2786 2175 2826 una
2200 2773 2424 2842 expetit,
2450 2775 2595 2843 quod
2615 2784 2840 2847 uterque
2859 2794 2918 2834 se
2939 2780 3029 2833 uni
3049 2789 3254 2836 tantum
3279 2783 3516 2851 legitime

1937 2861 2136 2918 debere
2163 2867 2458 2936 cognoscit.
2481 2865 2594 2922 Illic
2617 2869 2831 2937 quidem
2859 2874 3036 2928 carnis
3071 2872 3308 2928 debitum
3331 2877 3512 2932 reddi-

1937 2962 2026 3008 tur
2051 2955 2169 3011 viro
2201 2972 2216 3009 :
2257 2956 2550 3027 conjugalis
2602 2968 2781 3015 autem
2820 2963 3037 3019 castitas
3081 2966 3250 3034 magis
3288 2966 3514 3024 debetur

1935 3041 2154 3100 Christo
2180 3061 2341 3117 quam
2364 3049 2499 3113 viro,
2530 3050 2656 3118 quia
2677 3059 2734 3104 et
2760 3066 2958 3122 corpus
2985 3062 3114 3109 tunc
3139 3071 3266 3111 vere
3305 3066 3512 3112 castum

1935 3144 2040 3202 est,
2072 3137 2220 3206 quod
2244 3138 2601 3195 fornicatione
2627 3143 2963 3198 carnaliuon
2990 3145 3266 3216 polluitur,
3296 3147 3512 3218 quando
3607 3171 3611 3176 α

262 3249 349 3297 αι
393 3241 450 3295 in
487 3240 594 3295 hoc
641 3240 837 3295 εωευιο
875 3237 1190 3294 Christianis
1229 3237 1476 3294 ﬁdelibus
1515 3254 1624 3294 ηοη
1665 3240 1831 3294 vitam
1859 3264 1906 3330 C
1937 3227 2196 3298 spiritalis
2224 3228 2503 3300 integritas
2528 3230 2730 3288 Christi
2759 3235 2950 3290 timore
2989 3251 3054 3292 ac
3081 3236 3369 3296 dilectione
3397 3254 3511 3295 ser-

1932 3327 2110 3374 vatur.

2002 3409 2131 3466 CAP.
2162 3427 2236 3466 v1.
2266 3411 2496 3484 lnnupta
2523 3415 2577 3467 in
2599 3415 2772 3469 altiori
2787 3416 2952 3486 gradu
2974 3427 3050 3471 est
3075 3435 3226 3489 quam
3254 3432 3509 3492 nupta.—

1929 3504 2018 3558 10.
2073 3504 2326 3559 Attamen
2371 3521 2403 3559 a
2451 3507 2677 3562 muliere
2722 3517 2889 3578 nupta
2949 3510 3141 3564 mulier
3181 3512 3402 3582 innupta
3455 3523 3510 3570 et

1928 3598 2079 3664 virgo
2120 3612 2230 3651 non
2258 3611 2423 3666 parva
2461 3597 2656 3664 gradus
2676 3597 2934 3667 dignitate
2959 3600 3309 3669 discernitur,
3338 3617 3509 3672 quan-

1927 3687 2216 3756 doquidem
2246 3697 2411 3758 nupta
2441 3689 2853 3758 cogitationibus
2876 3694 3157 3750 mundanis
3180 3705 3390 3753 tenetur
3410 3701 3482 3754 ob

1926 3778 2130 3842 stricta,
2153 3779 2348 3834 mulier
2375 3785 2554 3834 autem
2577 3781 2798 3852 innupta
2831 3793 2884 3838 et
2913 3785 3062 3853 virgo
3091 3787 3393 3844 carnalibus
3423 3792 3508 3846 tri-

1924 3869 2290 3928 bulationibus
2337 3887 2442 3926 non
2472 3872 2768 3942 subjicitur,
2797 3875 2920 3944 quia
2963 3876 3193 3932 carnalis
3221 3881 3506 3937 matrimo-

1923 3963 1999 4017 nii
2043 3961 2254 4018 vinculo
2281 3977 2388 4018 non
2419 3970 2650 4018 tenetur.
2683 3963 2757 4019 lbi
2790 3966 2884 4037 (al.
2917 3967 3028 4034 ubi)
3057 3968 3254 4023 certior
3281 3979 3363 4025 est
3383 3985 3508 4028 00i-

1922 4055 2124 4126 poralis
2146 4063 2306 4124 atque
2325 4055 2579 4124 spiritalis
2595 4057 2933 4112 continentiae
2953 4058 3188 4126 libertas,
3213 4062 3337 4130 quia
3360 4063 3504 4120 nulla

1921 4153 2006 4200 est
2033 4160 2101 4200 ex
2128 4145 2396 4215 conjugali
2424 4146 2685 4202 servitute
2734 4150 3044 4205 necessitas.
3073 4147 3369 4221 Utrumque
3400 4154 3504 4222 igi-

1921 4249 2010 4292 tur
2038 4239 2132 4309 (al.
2166 4238 2330 4309 enim)
2354 4238 2552 4293 donum
2577 4239 2670 4294 Dei
2696 4249 2797 4306 est,
2822 4249 2878 4296 et
2903 4241 3199 4311 conjugalis
3224 4246 3504 4316 pudicitia,

1920 4339 1978 4386 et
2008 4331 2336 4387 continentia
2365 4332 2591 4387 vidualis
2623 4350 2636 4385 :
2674 4331 3029 4405 Unusquisque
3069 4336 3211 4389 enim
3235 4339 3504 4406 proprium

1920 4422 2073 4476 habet
2117 4422 2306 4476 donum
2345 4439 2376 4476 a
2415 4422 2652 4493 Deo',‘(al.
2697 4440 2762 4478 ea:
2789 4423 2925 4495 Deo)
2970 4423 3024 4496 (I
3053 4424 3172 4479 Cor.
3204 4427 3294 4493 v'u,
3321 4429 3396 4499 7);
3446 4438 3502 4485 et

1921 4513 2051 4569 illud
2078 4516 2312 4584 quidem,
2344 4524 2601 4584 quantum
2629 4517 2683 4570 in
2714 4531 2772 4572 se
2793 4526 2895 4582 est,
2930 4516 3217 4584 laudabile,
3246 4519 3370 4587 quia
3398 4520 3500 4576 bo-

245 4615 429 4670 diebus
449 4613 654 4683 paucis,
685 4612 778 4666 sed
803 4620 922 4666 esto
949 4612 1195 4676 sollicita,
1227 4620 1281 4666 ct
1307 4613 1383 4668 sic
1401 4614 1543 4667 viam
1572 4615 1813 4669 mortalis
1844 4636 1899 4697 Β
1919 4621 2082 4671 num;
2114 4607 2218 4662 i100
2239 4614 2419 4661 autem
2455 4607 2788 4674 laudabilius.
2815 4608 2941 4676 quia
2969 4608 3178 4663 melius.
3218 4607 3500 4680 Coniugali

245 4703 400 4773 hujus
422 4705 549 4758 vita:
573 4719 790 4774 perage,
815 4713 874 4759 ut
919 4705 986 4759 ad
1013 4712 1268 4759 aeternam
1296 4707 1460 4761 vitam
1482 4707 1664 4763 valeas
1691 4723 1815 4777 per-

243 4800 446 4853 venire.
496 4797 727 4852 Proinde
781 4797 1060 4866 apostolici
1099 4805 1152 4852 te
1192 4805 1406 4868 oportet
1452 4797 1817 4855 indesinenter

241 4890 548 4945 meminisse
575 4890 860 4955 sermonis,
882 4905 990 4958 quo
1012 4890 1086 4944 ait
1111 4909 1122 4943 :
1153 4889 1341 4945 Mulier
1365 4892 1582 4961 innupta
1605 4903 1654 4946 et
1673 4895 1815 4964 virgo

240 4983 462 5037 sollicita
494 4991 571 5036 est
609 4997 722 5052 qua:
747 4990 865 5035 sunt
892 4979 1119 5045 Domini,
1151 4990 1206 5034 ut
1233 4983 1300 5035 sit
1322 4990 1501 5036 sancta
1529 4992 1578 5036 et
1605 4999 1817 5053 corpore

242 5084 292 5126 et
329 5075 513 5143 spiritu
541 5071 596 5142 (1
619 5071 736 5126 Cor.
759 5089 852 5136 vu,
877 5071 985 5143 54).
1013 5071 1290 5141 lnnuptam
1320 5073 1407 5128 hic
1421 5074 1635 5128 viduam
1665 5074 1815 5137 dicit,

244 5182 348 5220 non
376 5167 501 5236 quia
521 5165 742 5220 omnino
769 5180 874 5219 non
897 5165 1152 5232 nupserit,
1177 5163 1272 5218 sed
1295 5165 1422 5232 quia
1451 5165 1566 5218 viro
1597 5173 1812 5219 mortuo

242 5258 412 5311 soluta
437 5257 598 5312 fuerit
623 5256 834 5311 vinculo
863 5255 1103 5325 nuptiali.
1136 5255 1210 5309 De
1239 5268 1345 5323 qua
1374 5255 1480 5309 alio
1509 5255 1629 5310 loco
1653 5255 1808 5310 dicit:

244 5347 306 5401 Si
354 5358 522 5401 autem
575 5355 802 5400 mortuus
861 5347 1015 5416 fuerit
1065 5347 1144 5398 uir
1197 5345 1347 5414 ejus,
1416 5348 1586 5398 soluta
1645 5354 1722 5398 est
1778 5363 1812 5399 a

243 5442 350 5511 lege
389 5441 484 5494 viri
531 5436 709 5511 (Rom.
758 5454 859 5504 vn,
902 5438 986 5508 2).
1028 5436 1178 5492 Hanc
1224 5450 1352 5506 ergo
1388 5445 1626 5492 sanctam
1660 5436 1812 5506 jubet

243 5548 359 5588 esse
378 5575 393 5599 ,
424 5542 479 5590 et
526 5547 789 5602 corpore,
848 5538 904 5586 et
939 5531 1150 5601 spiritu.
1181 5529 1318 5597 Quid
1348 5539 1526 5584 autem
1557 5530 1702 5584 aliud
1730 5539 1814 5584 est

243 5640 468 5696 corpore
515 5632 570 5679 et
611 5623 1065 5694 spiritu‘sanctam
1103 5636 1242 5686 esse,
1274 5620 1374 5675 nisi
1401 5619 1545 5690 quod
1572 5629 1813 5674 sanctum

241 5726 351 5789 est,
374 5727 429 5776 et
451 5718 506 5776 in
535 5731 722 5788 opere,
751 5725 808 5772 et
861 5717 916 5772 in
956 5715 1283 5786 cogitatione
1309 5713 1570 5772 servare?
1599 5710 1809 5769 Etenim

322 5896 345 5923 ι
370 5883 494 5942 Mss.
525 5883 687 5940 Cori).
720 5891 773 5938 ct
797 5879 1020 5945 Victor.,
1039 5878 1239 5950 juncta.

1922 4710 2156 4765 namque
2201 4698 2780 4768 servituteiturpitudo
2827 4699 3058 4753 vincitur
3089 4699 3495 4768 fornicationis;

1921 4786 2118 4842 viduali
2156 4801 2286 4842 vero
2324 4787 2571 4842 libertate
2597 4789 2794 4852 crescit
2819 4788 3046 4858 dignitas
3073 4791 3353 4847 castitatis.
3386 4792 3498 4852 lllic

1923 4861 2056 4936 ildes
2082 4879 2314 4936 consulit
2357 4879 2670 4945 inﬁrmitati,
2717 4895 2786 4935 ne
2812 4881 2968 4936 cadat
2993 4883 3048 4937 in
3070 4885 3256 4937 vitium
3280 4902 3296 4950 ;
3328 4883 3416 4941 hic
3438 4903 3497 4942 se

1925 4973 2094 5028 tidelis
2133 4974 2340 5030 animus
2377 4972 2443 5028 ad
2475 4971 2688 5028 virtutis
2720 4973 2964 5028 extendit
3006 4984 3366 5044 augmentum.
3419 4977 3495 5033 De

1925 5067 2222 5135 conjugatis
2261 5067 2404 5121 enim
2441 5065 2677 5121 dicitur:
2727 5065 2948 5136 Propter
2985 5068 3351 5138 fornicationes
3399 5071 3489 5140 (al.

1919 5157 2334 5230 fornicationem)
2383 5168 2552 5212 autem
2587 5160 2929 5229 unusquisque
2954 5175 3101 5213 suam
3138 5177 3351 5216 uxorem
3395 5163 3490 5215 Ita-

1917 5251 2052 5314 beat,
2085 5260 2134 5303 et
2160 5266 2473 5321 unaqquue
2495 5266 2641 5303 suum
2664 5251 2828 5304 virum
2855 5250 3041 5306 habeat
3070 5251 3123 5322 (I
3141 5251 3260 5308 Cor.
3286 5271 3375 5319 vn,
3410 5253 3486 5325 2).

1915 5340 1992 5396 De
2019 5339 2181 5395 vidua
2210 5355 2340 5396 vero
2365 5341 2556 5395 dicitur
2581 5359 2592 5394 :
2627 5341 2835 5396 Beatior
2860 5353 3031 5398 autem
3072 5346 3169 5398 erit
3197 5345 3242 5398 si
3270 5346 3344 5398 sic
3373 5363 3489 5415 per-

1914 5435 2161 5488 manserit
2191 5433 2376 5506 (Ibid.,
2408 5433 2522 5504 40).
2552 5434 2716 5489 Beata
2745 5451 2875 5506 ergo
2910 5451 3029 5506 qua:
3073 5437 3313 5492 illicitum
3359 5454 3491 5495 con-

1917 5525 2173 5591 cubitum,
2207 5523 2548 5593 turpitudinis
2575 5525 2818 5591 borrorc,
2851 5541 2960 5582 non
2981 5528 3222 5598 appetit;
3253 5529 3347 5584 sed
3368 5529 3491 5587 bea-

1915 5618 2022 5674 tior
2046 5633 2164 5689 quae
2193 5617 2418 5684 licitum,
2440 5618 2648 5689 majore
2668 5620 2913 5690 puritatis
2935 5635 3140 5689 amore,
3168 5625 3484 5679 contemnit.

1911 5713 2078 5778 Beata
2103 5729 2224 5789 qua
2250 5714 2462 5788 alligata
2494 5715 2609 5775 viro
2656 5717 2734 5775 sic
2761 5717 2910 5786 vivit,
2939 5727 3000 5774 ut
3035 5715 3138 5776 soli
3167 5716 3280 5774 viro
3308 5718 3486 5776 carnis

3557 5807 3592 5854 ‘3
