4072 6332
459 337 560 399 515

1481 321 1541 380 S.
1569 313 1933 377 FULGENTll
1955 310 2264 369 EPISCOPI
2288 307 2662 366 RUSPENSIS

3602 300 3708 361 516

459 467 568 508 sua:
587 449 820 503 debitum
852 444 1067 499 reddat:
1099 442 1192 497 sed
1219 441 1428 495 beatior
1452 452 1570 512 qua:
1599 434 1773 490 soluta
1801 432 1880 486 sic
1908 445 2034 500 per-
2063 431 2114 492 Α
2139 428 2449 483 auferantur
2474 445 2486 480 :
2517 429 2654 483 sicut
2675 434 2758 481 est
2782 424 3052 510 copulatio
3079 422 3382 491 coniugum,
3405 421 3714 491 procreatio

395 541 405 558 ⁶
460 547 641 602 manet
669 540 908 608 innupta,
933 553 998 589 ne
1026 535 1237 596 debeat.

402 611 410 620 ’
530 629 657 697 CAP.
703 644 793 682 vu.
830 626 1123 681 Consolatio
1166 623 1348 677 vidum.
1380 651 1451 663 --
1479 617 1564 670 Η.
1615 613 1846 677 Proinde
1882 613 1935 667 in
1968 627 2034 666 eo

459 719 604 792 quod
630 735 697 773 ex
716 717 999 790 conjugata
1028 713 1165 768 facta
1197 727 1255 766 es
1279 709 1669 773 vidua,donum
1699 705 1794 760 Dei
1820 711 2032 758 auctum

462 811 559 866 tibi
590 808 758 876 magis
795 805 1059 868 existima,
1111 818 1216 856 non
1266 801 1538 854 ablatum:
1572 809 1747 865 neque
1794 793 1938 848 enim
1981 799 2038 845 te

462 893 715 965 deseruit,
745 900 835 968 qui
875 897 967 951 tibi
1012 894 1338 964 sequendam
1368 893 1509 945 viam
1538 890 1660 943 vitm
1685 885 1922 942 melioris
1950 900 2038 940 os-

463 992 653 1048 tendit.
678 988 941 1043 Gradibus
982 993 1036 1039 te
1077 984 1244 1038 voluit
1272 982 1527 1035 Dominus
1557 978 1620 1032 ad
1651 977 1872 1032 meliora
1901 988 2038 1029 con-

465 1083 746 1145 scendere,
775 1090 831 1135 ut
860 1079 1106 1152 primitus
1148 1077 1241 1148 (at.
1271 1071 1749 1159 prius).conjugata
1781 1085 1902 1125 cum
1930 1081 2040 1120 uno

467 1175 584 1231 viro
618 1174 845 1230 ﬁdeliter
874 1172 1083 1226 viveres
1106 1210 1121 1235 ,
1154 1184 1259 1240 quo
1303 1165 1641 1238 postmodum
1671 1163 1785 1218 sine
1814 1161 2042 1216 difﬁcul-

469 1276 582 1324 tate
630 1267 831 1336 absque
858 1264 975 1318 viro
1006 1261 1160 1315 vidua
1201 1272 1562 1330 permaneres.
1609 1255 1686 1308 Ad
1739 1253 1841 1307 hoc
1883 1251 2046 1318 igitur

471 1358 704 1414 animum
735 1345 882 1409 tuum
911 1351 1086 1406 divina
1115 1349 1282 1418 gratia
1308 1344 1576 1414 conjugali
1605 1342 1850 1398 castitate
1880 1338 2046 1392 nutri-

470 1451 570 1518 vit,
601 1455 659 1503 ut
695 1461 813 1518 qua:
850 1443 1114 1498 didiceras
1161 1440 1251 1494 illo
1293 1453 1398 1491 uno
1428 1438 1639 1490 vivente
1682 1433 1908 1486 alterum
1938 1445 2047 1484 non

471 1523 734 1611 quaerere,
763 1537 998 1591 disceres
1022 1533 1088 1586 ab
1111 1530 1259 1586 omni
1287 1529 1402 1583 viro
1424 1527 1580 1580 vidua
1608 1522 1902 1579 continere.
1928 1518 2048 1611 Noli

474 1609 603 1700 ergo
627 1628 893 1696 negligere
914 1624 1135 1693 gratiam
1164 1635 1282 1690 qua:
1305 1620 1357 1673 in
1381 1626 1434 1673 te
1455 1626 1566 1672 est:
1592 1622 1647 1670 et
1667 1622 1722 1668 tu
1746 1613 1886 1668 enim
1906 1609 2048 1665 nosti

473 1727 676 1790 quanto
703 1717 892 1782 melius
914 1713 1188 1782 sitjugiter
1209 1727 1238 1764 a
1260 1707 1550 1765 concubitu
1570 1706 1865 1767 continere,
1888 1714 2048 1770 quam

2137 519 2390 584 ﬁliorum,
2419 520 2741 573 abundantia
2761 505 3117 586 ,divitiarum,
3147 515 3486 571 incolumitas
3514 530 3710 585 corpo-

2137 626 2280 673 rum,
2305 619 2358 664 et
2376 592 2429 666 ἐἰ
2457 625 2573 679 quae
2596 619 2718 664 sunt
2745 610 2935 664 similia
2961 627 2976 674 ;
3009 623 3126 679 quae
3153 623 3249 678 per
3275 622 3334 663 se
3363 621 3465 663 nee
3491 607 3718 662 miseros

2140 701 2388 756 homines
2434 709 2656 773 possunt
2706 699 2906 768 facere,
2934 715 3032 754 nec
3078 699 3285 754 beatos.
3318 696 3446 752 Ideo
3495 698 3610 752 hac
3664 707 3720 752 et

2139 791 2298 847 bonis
2335 799 2390 846 et
2435 792 2590 846 malis
2643 805 2674 845 a
2731 790 2959 844 Domino
2986 789 3201 854 dantur,
3235 795 3290 843 et
3333 802 3719 857 nonnunquam

2141 883 2297 939 bonis
2323 883 2583 952 malisque
2605 881 2858 937 divinitus
2887 880 3223 935 auferuntur.
3275 892 3290 901 ‘

2217 977 2302 1031 t6.
2345 976 2540 1031 Beatus
2568 975 2666 1030 fuit
2710 974 2811 1029 Job
2854 989 2975 1029 cum
3004 973 3058 1028 in
3078 973 3275 1032 divitiis
3310 973 3454 1041 juste
3475 974 3726 1040 viveret;

2143 1067 2244 1122 sed
2289 1067 2498 1122 beatior
2523 1081 2643 1120 cum
2700 1068 2754 1119 in
2794 1071 3113 1134 paupertate
3159 1064 3354 1132 justior
3401 1065 3721 1120 exstitisset.

2145 1159 2342 1213 Beatus
2372 1156 2469 1210 fuit
2497 1173 2621 1211 cum
2643 1157 2827 1211 decem
2858 1154 3280 1210 circumdaretur
3307 1153 3448 1222 liliis,
3471 1157 3561 1209 sed
3593 1157 3726 1210 bea-

2148 1251 2259 1304 tior
2277 1265 2399 1304 cum
2431 1265 2532 1304 una
2558 1257 2874 1304 cunctorum
2897 1248 3055 1303 simul
3083 1249 3314 1303 orbitate
3341 1263 3642 1318 percussus,
3673 1251 3727 1304 in

2150 1341 2246 1397 Dei
2269 1341 2554 1396 dilectione
2574 1341 2868 1411 permansit
2886 1340 3191 1396 immobilis.
3214 1339 3412 1394 Beatus
3439 1343 3596 1395 etiam
3628 1341 3732 1396 fuit

2151 1433 2206 1488 in
2246 1434 2487 1502 corporis
2532 1435 2811 1502 sospitate,
2833 1433 2929 1488 sed
2968 1433 3177 1488 beatior
3214 1440 3296 1487 est
3326 1432 3495 1487 factus
3528 1434 3582 1488 in
3605 1434 3730 1488 vul-

2153 1540 2305 1578 nere.
2353 1523 2570 1578 Beatior
2616 1523 2778 1578 etiam
2835 1523 2886 1578 in
2933 1538 3128 1579 acervo
3173 1524 3514 1594 squaloribus
3568 1526 3732 1596 pleno

2155 1629 2313 1684 quam
2361 1615 2415 1667 in
2470 1614 2670 1683 palatio
2698 1613 3052 1668 marmoribus
3080 1614 3360 1670 adornate.
3754 1608 3761 1614 ”

2229 1705 2316 1760 17.
2357 1706 2587 1762 Attende
2609 1707 2770 1761 etiam
2799 1706 2954 1774 duos,
2982 1721 3147 1761 unum
3193 1707 3248 1762 in
3291 1707 3489 1764 divitiis
3516 1717 3570 1764 et
3595 1711 3735 1764 sani-

473 1812 561 1868 vel
615 1826 711 1882 pro
747 1805 1010 1878 coniugali
1047 1803 1371 1858 necessitate
1411 1797 1787 1854 concumbere.
1829 1792 2051 1846 Maritus
2081 1816 2130 1878 Β
2160 1805 2271 1852 tate
2299 1798 2575 1863 miserum,
2606 1796 2831 1850 alterum
2856 1796 2908 1850 in
2931 1803 3168 1866 egeState
3188 1805 3244 1852 et
3262 1798 3486 1853 vulnere
3506 1800 3732 1858 multum

476 1907 567 1977 qui
598 1906 690 1960 tibi
716 1904 869 1958 datus
892 1902 1064 1956 fuerat
1091 1899 1159 1953 ad
1183 1907 1410 1970 tempus,
1431 1895 1672 1949 discessit
1695 1893 1749 1946 in
1770 1900 2047 1960 tempore:

477 1998 634 2053 datus
673 1996 814 2055 enim
859 1994 953 2048 tibi
983 1992 1172 2056 fuerat,
1204 2005 1310 2044 non
1340 1987 1409 2042 ad
1436 1985 1623 2058 patriae
1641 1981 2051 2050 beatitudinem,

477 2088 571 2152 sed
598 2089 663 2141 ad
685 2086 887 2141 itineris
915 2082 1357 2139 consolationem.

552 2177 637 2230 ω.
666 2176 782 2231 Alia
809 2176 1006 2248 quippe
1029 2181 1152 2227 sunt
1180 2170 1272 2224 Dei
1297 2169 1456 2233 dona,
1499 2181 1618 2236 qua:
1655 2163 1800 2219 Deus
1844 2162 1918 2216 ita
1946 2160 2056 2217 suis

481 2269 704 2337 largitur
719 2265 962 2321 ﬁdelibus
986 2265 1037 2318 in
1061 2260 1307 2334 prtesenti
1333 2268 1598 2338 tempore,
1632 2263 1688 2309 ut
1715 2267 1900 2308 eorum
1929 2266 2058 2306 usus

483 2363 538 2418 in
566 2362 664 2414 hac
688 2367 895 2413 tantum
925 2357 1032 2410 vita
1064 2352 1400 2409 necessarius
1429 2350 1708 2411 habeatur,
1732 2361 1839 2416 quo
1869 2345 2059 2400 futurze

483 2453 608 2507 vita:
621 2451 870 2506 meritum
896 2443 1417 2520 comparetur;sicut
1446 2448 1528 2496 est
1554 2439 1840 2496 credulitas
1858 2445 2059 2491 rectam

493 2544 647 2616 155
688 2541 843 2595 ﬁdem
881 2548 906 2576 ει
946 2547 1162 2600 tenens,
1203 2542 1260 2589 et
1298 2531 1538 2604 operatio
1563 2529 1820 2598 justitiam
1851 2525 2060 2580 miseri-

491 2631 835 2702 cordiamque
863 2627 1171 2685 custodiens
1195 2643 1208 2677 :
1234 2631 1291 2678 ut
1314 2623 1443 2676 fides
1473 2628 1620 2675 recta
1647 2633 1756 2673 non
1783 2617 2064 2672 deseratur

490 2723 732 2797 caritatis
776 2720 1007 2785 auxilio,
1057 2732 1176 2788 quae
1219 2716 1273 2770 in
1321 2713 1636 2785 operatione
1674 2709 2060 2792 cognoscitur:

491 2823 713 2890 propter
750 2814 894 2892 quod
929 2810 1215 2884 Apostolus
1257 2822 1375 2862 eam
1404 2805 1561 2861 ﬁdem
1608 2803 1805 2874 probat
1833 2816 1946 2870 qua:
1973 2815 2063 2872 per

495 2894 818 2978 dilectionem
848 2912 1088 2974 operatur
1120 2897 1315 2971 (Gaiat.
1338 2913 1393 2963 v,
1417 2894 1496 2966 6).

567 2994 693 3060 Cap.
736 3010 844 3049 vni.
883 2991 1043 3045 Fides
1086 3000 1134 3043 et
1175 2990 1406 3058 operatio
1436 2985 1730 3040 misericors
1755 2983 1811 3037 in
1841 2981 1938 3035 hac
1965 2981 2070 3046 vita

495 3087 786 3146 necessaria
809 3094 944 3151 sunt,
966 3086 1021 3137 in
1050 3084 1219 3154 patria
1246 3097 1349 3135 non
1370 3087 1540 3134 erunt.
1567 3108 1641 3119 —
1667 3075 1755 3130 15.
1781 3075 1945 3129 Recta
1968 3073 2069 3144 igi-

2155 1890 2392 1945 beatum.
2424 1887 2581 1942 Dives
2607 1887 2695 1940 ille
2723 1886 2815 1955 qui
2843 1887 3150 1942 induebatur
3169 1903 3398 1959 purpura
3417 1897 3465 1942 et
3488 1888 3659 1960 bysso,
3682 1902 3736 1946 et

2156 1978 2462 2049 epulabatur
2507 1975 2732 2047 quotidie
2787 1976 3053 2046 splendide
3100 1977 3253 2050 (Luc.
3304 1976 3736 2050 xvr,19),quam

2158 2068 2334 2124 inanis
2362 2067 2460 2121 fuit
2509 2067 2562 2121 in
2593 2067 2698 2121 illis
2743 2068 2946 2137 epulis,
2974 2083 3135 2139 quam
3165 2084 3369 2140 pauper
3407 2069 3458 2124 in
3494 2071 3739 2126 multitu-

2157 2159 2284 2215 dine
2297 2159 2623 2221 divitiarum,
2641 2173 2799 2228 quam
2813 2160 2983 2214 nudus
2998 2160 3051 2214 in
3072 2159 3470 2230 pulchritudine
3486 2162 3741 2231 vestium,

2159 2266 2320 2321 quam
2343 2248 2585 2304 inﬁrmus
2631 2251 2682 2305 in
2723 2252 2955 2306 sanitate
2982 2253 3243 2322 corporis,
3267 2267 3426 2322 quam
3468 2251 3742 2312 famelicus

2163 2343 2217 2396 in
2246 2340 2526 2394 saturitate
2553 2340 2775 2405 ventris,
2800 2356 2964 2411 quam
3011 2342 3176 2397 miser
3229 2341 3283 2396 in
3326 2342 3550 2411 gaudiis,
3579 2358 3742 2412 quam

2163 2433 2435 2488 desolatus
2483 2431 2624 2486 inter
2663 2432 2957 2487 amicorum
2986 2433 3273 2502 colloquia,
3309 2449 3469 2504 quam
3497 2435 3742 2505 dejectus

2163 2525 2306 2579 inter
2319 2524 2572 2593 obsequia
2594 2525 2928 2580 servulorum
2953 2525 2966 2577 !
2993 2525 3221 2581 Attende
3242 2542 3456 2597 quoque
3481 2526 3745 2584 Lazarum

2165 2623 2220 2672 in
2248 2626 2566 2689 paupertate
2595 2619 2833 2684 divitem,
2867 2621 2919 2674 in
2970 2621 3183 2677 miseria
3213 2621 3451 2688 beatum,
3488 2626 3541 2678 in
3570 2624 3747 2680 infeli-

2168 2712 2332 2766 citate
2387 2710 2619 2775 felicem,
2675 2712 2728 2766 in
2775 2713 3084 2768 vulneribus
3138 2727 3346 2781 sanum,
3377 2723 3432 2770 et
3475 2717 3689 2786 quidem
3716 2729 3740 2758 ο

2169 2806 2286 2858 sine
2304 2803 2485 2868 domo,
2510 2804 2605 2858 sed
2631 2819 2736 2859 non
2766 2805 2882 2860 sine
2909 2805 3163 2872 domino;
3192 2808 3307 2862 sine
3330 2817 3495 2873 veste,
3522 2811 3611 2864 sed
3636 2826 3739 2865 non

2171 2893 2286 2947 sine
2311 2893 2446 2959 fide;
2476 2895 2594 2949 sine
2628 2896 2783 2966 153
2805 2896 2944 2950 bona
2988 2897 3293 2952 valetudine
3337 2901 3608 2970 corporis,
3649 2900 3744 2956 sed

2170 3001 2280 3041 non
2318 2985 2434 3040 sine
2474 2987 2671 3041 robore
2706 2987 2976 3052 caritatis;
3000 2987 3115 3042 sine
3141 2988 3283 3055 cibo,
3337 2989 3431 3044 sed
3477 3006 3585 3045 non
3633 2993 3747 3046 sine

2171 3073 2388 3130 Christo
2412 3093 2427 3142 ;
2456 3077 2679 3131 canibus
2703 3079 3025 3146 expositum,
3055 3079 3149 3134 sed
3169 3079 3373 3134 socium
3400 3081 3703 3150 angelorum
3734 3129 3742 3140 .

499 3189 588 3236 tur
625 3179 755 3233 ﬁdes
781 3185 836 3231 et
871 3163 1174 3238 misericors
1204 3170 1446 3242 operatio
1475 3177 1597 3240 post
1622 3169 1758 3221 hanc
1786 3165 1948 3219 vita.n
1977 3161 2070 3219 de-
2095 3187 2142 3250 ρ
2173 3163 2262 3232 qui
2287 3179 2394 3217 non
2423 3165 2722 3235 accipiebat
2741 3166 2808 3220 de
2837 3167 2989 3222 micis
3023 3182 3143 3237 quae
3170 3168 3432 3225 cadebant
3470 3173 3537 3226 de
3563 3187 3742 3227 mensa

501 3273 698 3334 sinent,
732 3283 853 3324 cum
883 3282 980 3337 per
1006 3264 1243 3334 speciem
1295 3261 1582 3326 videbitur,
1611 3257 1755 3327 quod
1784 3271 1923 3310 nunc
1949 3270 2072 3310 cum

503 3359 740 3427 creditur
768 3373 874 3412 non
915 3355 1160 3419 videtur;
1191 3367 1293 3408 nec
1341 3352 1480 3415 inter
1517 3351 1705 3404 beatos
1751 3348 1854 3402 erit
1881 3346 2074 3415 aliquis

501 3453 686 3524 miser,
705 3444 1174 3510 cuimisericordia
1199 3450 1551 3514 prterogetur.
1580 3439 1706 3494 Haec
1735 3447 1913 3493 autem
1940 3439 2070 3502 duo,

501 3541 556 3600 id
601 3548 686 3597 est
731 3538 860 3594 fides
909 3545 964 3593 et
1017 3535 1278 3606 operatio,
1311 3534 1384 3588 ita
1434 3541 1556 3602 post
1585 3531 1743 3600 hujus
1771 3531 1893 3584 vitm
1916 3528 2075 3584 ﬁnem

501 3650 611 3692 non
655 3637 780 3688 sunt
812 3629 1132 3692 necessaria,
1157 3633 1215 3681 ut
1256 3634 1380 3680 ante
1427 3623 1589 3678 ﬁnem
1619 3638 1725 3678 non
1749 3623 1856 3676 sint
1881 3623 2075 3677 ullate-

451 3748 460 3754 ‘
503 3743 605 3794 nus
633 3723 947 3784 deserenda.
979 3720 1231 3790 Quisquis
1275 3719 1418 3773 enim
1449 3725 1574 3771 ante
1604 3714 1762 3784 ﬁnem
1783 3715 1904 3769 vitae
1937 3729 2075 3784 prm-

503 3819 670 3876 sentis
707 3831 736 3869 a
761 3815 862 3870 ﬁde
890 3821 1038 3868 recta
1083 3811 1199 3876 sive
1241 3809 1384 3864 bona
1407 3808 1719 3878 operatione
1748 3805 2073 3884 discesserit,

505 3909 712 3965 etiamsi
741 3908 791 3962 in
821 3905 905 3960 bis
924 3912 1081 3959 antea
1101 3911 1317 3970 strenue
1341 3900 1726 3967 vigilanterque
1760 3897 2073 3963 cucurrerit,

504 4015 603 4076 pro
633 4015 698 4055 eo
727 3996 871 4070 quod
901 3996 966 4048 ab
988 3995 1178 4050 itinere
1199 4000 1347 4046 recto
1369 3990 1596 4054 desiStit,
1625 3988 1804 4076 perdit
1829 3987 2077 4042 meritum

506 4092 672 4149 totius
695 4088 898 4156 itineris
920 4086 1061 4157 quod
1085 4084 1338 4139 cucurrit.

578 4180 665 4237 14.
704 4179 836 4236 Item
865 4185 990 4236 sunt
1015 4176 1115 4230 alia
1137 4190 1256 4263 quae
1276 4174 1353 4229 sic
1378 4172 1684 4227 hominibus
1714 4172 1766 4225 in
1797 4172 1901 4226 hoc
1942 4179 2081 4226 tem-

506 4289 639 4366 pore
658 4275 830 4356 pietas
855 4271 1030 4326 divina
1053 4262 1293 4352 largitur,
1321 4275 1378 4319 ut
1408 4262 1512 4319 non
1548 4265 1718 4318 solum
1762 4265 1815 4318 in
1848 4265 1949 4319 hac
1973 4265 2079 4320 vita

508 4357 632 4438 cum
682 4364 987 4435 hominibus
1014 4361 1246 4429 debeant
1273 4358 1301 4398 ι)
1330 4373 1549 4414 manere
1589 4357 1866 4422 continua,
1893 4371 2080 4412 verum

508 4461 670 4532 etiam
701 4464 947 4530 crescant
973 4455 1027 4510 in
1056 4452 1407 4522 retributione
1434 4452 1610 4506 divina
1643 4469 1654 4504 :
1685 4453 1824 4506 sicut
1848 4460 1929 4507 est
1955 4467 2080 4524 pec-

2175 3253 2378 3321 divitis,
2407 3254 2500 3308 sed
2531 3255 2803 3310 cmlestem
2836 3255 2932 3328 (at.
2963 3257 3284 3331 cmlestium)
3304 3274 3498 3330 panem
3529 3261 3747 3317 visceri-

2175 3344 2276 3400 bus
2298 3345 2542 3399 ructabat
2571 3346 2817 3401 internis.

2178 3471 2186 3501 -,
2247 3433 2375 3488 CAP.
2409 3451 2463 3489 κ.
2507 3434 2652 3488 Bona
2685 3437 3009 3507 temporalia,
3037 3446 3087 3492 et
3123 3438 3271 3505 bene,
3301 3450 3352 3494 et
3389 3441 3523 3496 male
3557 3441 3756 3496 baben-

2179 3535 2279 3591 tur,
2302 3527 2557 3598 pdriteret
2585 3535 2998 3586 contemnuntur.
3030 3553 3101 3574 -ι
3130 3528 3215 3582 18.
3258 3529 3385 3586 Haec
3415 3541 3539 3586 sunt
3591 3533 3757 3600 igitur

2177 3631 2297 3687 qum
2372 3633 2754 3688 nonnunquam
2827 3620 2966 3677 bene
3031 3622 3314 3688 habentur,
3371 3640 3759 3697 nonnunquam

2179 3713 2367 3776 male;
2426 3729 2806 3784 nonnunquam
2847 3715 2984 3770 bene
3027 3725 3460 3785 contemnuntur,
3504 3735 3760 3778 nonnun-

2180 3818 2340 3873 quam
2382 3805 2538 3861 male.
2571 3803 2716 3863 Bene
2755 3805 2953 3875 quippe
3001 3806 3284 3872 habentur,
3315 3823 3437 3872 eum
3481 3810 3533 3864 in
3563 3825 3761 3867 eorum

2181 3911 2282 3950 usu
2324 3897 2485 3951 timor
2532 3894 2625 3950 Dei
2677 3905 2956 3964 servatur;
2988 3897 3124 3958 bene
3171 3907 3350 3954 autem
3401 3898 3762 3964 contemnun-

2182 3995 2292 4052 tur,
2317 4003 2436 4042 cum
2470 3987 2521 4041 in
2562 4003 2750 4043 eorum
2797 3996 3110 4059 contemptu
3138 4003 3168 4043 a
3198 4004 3407 4045 summo
3430 3990 3540 4046 Deo
3559 3992 3763 4060 gloria,

2183 4092 2292 4132 non
2321 4077 2387 4131 ab
2417 4077 2742 4141 hominibus,
2775 4079 3050 4148 quaeritur.

2255 4167 2342 4221 19.
2383 4167 2539 4226 Tales
2564 4177 2687 4222 sunt
2713 4170 2873 4223 etiam
2900 4169 3100 4240 nuptiae
3122 4210 3136 4235 ,
3168 4184 3287 4239 quae
3308 4180 3363 4226 et
3389 4173 3528 4228 bene
3557 4175 3765 4246 suscipi

2182 4270 2425 4331 possunt,
2455 4269 2509 4315 et
2532 4261 2669 4316 bene
2697 4261 2986 4316 contemni.
3039 4261 3208 4328 Quam
3265 4263 3402 4318 bene
3448 4265 3761 4335 nuptiarum

2184 4366 2318 4423 Opus
2353 4355 2403 4408 in
2431 4354 2678 4408 castitate
2722 4354 2989 4424 conjugali
3014 4353 3257 4410 Susanna
3297 4357 3560 4411 servavit!
3589 4373 3764 4428 quam

2183 4444 2373 4500 melius
2403 4443 2455 4498 in
2481 4444 2810 4499 continentia
2831 4444 3026 4500 viduali
3046 4443 3228 4500 Juditb
3255 4455 3416 4517 atque
3444 4447 3594 4502 Anna
3623 4463 3770 4503 con-

507 4531 750 4624 catorum
771 4548 1070 4626 inundatio,
1093 4546 1334 4603 veritatis
1359 4545 1581 4614 agnitio,
1613 4545 1707 4600 Dei
1747 4531 2080 4616 proximique
2107 4569 2162 4629 Β
2184 4535 2438 4606 tempsit!
2469 4550 2628 4604 quam
2659 4537 2863 4606 optime
2889 4538 2941 4594 in
2983 4537 3289 4606 integritate
3317 4539 3562 4607 virginali
3591 4538 3776 4598 Maria

509 4641 746 4711 dilectio.
775 4640 900 4712 Haec
944 4639 1087 4695 enim
1129 4638 1172 4694 si
1199 4639 1317 4709 quis
1346 4637 1398 4692 in
1430 4637 1532 4692 hoc
1560 4645 1802 4707 tempore
1827 4653 2080 4708 perseve-
2123 4641 2134 4650 ”

509 4742 692 4790 ranter
719 4732 772 4786 in
800 4747 858 4787 se
879 4729 1206 4791 custodierit,
1238 4736 1292 4783 et
1311 4727 1491 4782 divino
1510 4743 1732 4783 munere
1755 4728 2081 4798 proﬁciendo

511 4839 708 4896 augere
731 4821 997 4879 curaverit
1024 4820 1290 4884 inchoata,
1322 4819 1376 4872 in
1406 4818 1582 4873 futuro
1621 4819 1839 4873 habebit
1882 4828 2083 4884 aeterna

511 4929 692 4971 secum
742 4911 1074 4984 perfectione
1127 4925 1398 4965 mansura.
1451 4909 1599 4964 Tunc
1645 4911 1788 4964 enim
1844 4911 2082 4980 perfecta

510 5003 787 5061 mundatio
826 5001 1115 5073 perfectam
1156 5000 1514 5070 cognitionem
1554 5001 1799 5054 veritatis
1829 5001 2077 5070 accipiet,

512 5102 567 5150 et
587 5092 819 5164 perfecta
846 5093 1078 5160 cognitio
1109 5091 1241 5145 nihil
1290 5091 1344 5145 in
1387 5089 1538 5144 nobis
1563 5089 1810 5160 perfecta:
1841 5095 2080 5149 caritatis

514 5185 610 5257 (at.
641 5184 870 5253 caritati)
903 5183 1090 5238 deesse
1116 5181 1409 5250 permittet.

579 5277 707 5332 CAP.
747 5291 821 5331 ις.
860 5275 1046 5346 Aliqua
1086 5275 1428 5342 temporaliter
1469 5283 1516 5326 et
1545 5274 1734 5328 dantur
1760 5283 1808 5328 et
1835 5278 2083 5348 auferun-

514 5376 597 5424 tur
623 5385 655 5422 α
682 5365 809 5422 Deo.
834 5363 1137 5436 Exemplum
1175 5364 1290 5418 Job.
1325 5364 1478 5419 Dives
1509 5374 1557 5419 et
1584 5363 1836 5427 Lazarus,
1857 5369 1937 5422 hic
1966 5367 2085 5423 bea-

517 5472 619 5534 tus,
640 5461 727 5515 ille
752 5461 922 5514 miser.
956 5488 1029 5500 —-
1055 5453 1140 5509 l5.
1183 5456 1295 5510 Alia
1320 5472 1452 5511 vero
1492 5465 1617 5512 sunt
1644 5471 1765 5528 qua:
1805 5460 1883 5514 sic
1916 5475 1944 5512 τι
1974 5457 2085 5516 Deo

513 5551 882 5625 temporaliter
930 5549 1195 5604 donantur
1224 5547 1317 5603 (at.
1349 5548 1586 5622 dantur),
1619 5558 1677 5605 ut
1717 5553 2085 5622 temporaliter

587 5763 614 5794 ι
649 5754 727 5810 ita
747 5769 876 5809 mss.
900 5752 1059 5806 Corb.
1089 5753 1144 5805 et
1157 5746 1284 5808 Ant.
1307 5750 1496 5807 Colon.
1525 5766 1678 5818 vero,
1703 5761 1893 5810 rectam
1912 5753 2093 5814 vitam.

517 5825 704 5894 Basil.,
731 5834 924 5880 rectam
943 5824 1093 5876 uiam.

1137 5990 1147 5994 ’
1175 5995 1211 6005 -ο

2187 4631 2410 4686 nescivit
2433 4631 2446 4682 ι
3629 4671 3632 4674 .

2257 4721 2345 4776 90.
2386 4721 2500 4776 Non
2531 4729 2612 4776 est
2641 4721 2799 4789 igitur
2825 4721 2964 4775 inter
2979 4722 3244 4791 praecipua
3275 4722 3368 4778 Dei
3397 4723 3535 4782 dona
3566 4726 3778 4793 conju-

2187 4813 2330 4881 gium
2371 4812 2760 4879 :estimandum,
2790 4811 2914 4866 licet
2960 4827 3067 4866 non
3115 4821 3340 4881 negetur
3392 4814 3588 4870 donum
3639 4831 3783 4872 esse

2185 4905 2459 4970 divinum;
2491 4920 2590 4960 nec
2610 4913 2687 4959 est
2707 4903 2986 4969 dicendum
3015 4904 3357 4961 beatitudinis
3377 4923 3584 4973 munus,
3615 4910 3788 4978 quod

2187 5011 2309 5052 cum
2331 4997 2472 5051 bono
2499 4997 2670 5065 possit
2695 4997 2970 5067 proposito
3010 4998 3201 5059 teneri,
3236 5006 3412 5067 potest
3439 5000 3599 5055 etiam
3628 5017 3784 5071 pro-

2190 5089 2368 5159 posito
2394 5086 2616 5142 meliore
2641 5089 2933 5143 contemni.
2959 5087 3090 5142 Nam
3113 5088 3159 5143 si
3186 5089 3292 5144 hoc
3323 5091 3462 5144 inter
3489 5092 3790 5161 praecipua

2191 5178 2289 5234 Dei
2313 5178 2451 5233 dona
2471 5177 2719 5233 aestimari
2745 5187 3037 5248 oporteret,
3059 5195 3167 5235 non
3191 5195 3286 5236 ore
3313 5181 3604 5238 Salvatoris
3633 5199 3790 5240 nos-

2189 5271 2262 5327 tri
2291 5269 2652 5338 laudarentur,
2681 5273 2767 5342 qui
2809 5287 2863 5324 se
2903 5273 3043 5341 ipsos
3071 5282 3420 5328 castraverunt
3445 5283 3653 5345 prapter
3683 5296 3796 5332 re-

2193 5381 2347 5437 gnum
2367 5364 2604 5418 caelorum
2619 5363 2829 5438 (Matth.
2854 5380 2962 5427 XIX,
2982 5363 3091 5434 12);
3108 5381 3311 5436 necpro
3327 5382 3386 5422 se
3398 5376 3628 5437 patrem,
3643 5385 3799 5426 ma-

2191 5465 2324 5512 trem
2345 5497 2359 5522 ,
2390 5455 2581 5511 fratres
2600 5496 2614 5521 ,
2646 5469 2861 5510 sorores
2881 5497 2897 5522 ,
2926 5470 3149 5510 uxorem
3167 5497 3184 5523 ,
3215 5455 3372 5523 ﬁlios,
3401 5472 3574 5527 agros,
3605 5459 3803 5517 relin-

2188 5553 2283 5626 qui
2321 5551 2566 5608 Salvator
2596 5551 2709 5620 ipse
2736 5565 2858 5606 cum
2885 5548 3134 5621 centupla
3156 5551 3520 5610 retributionis
3546 5559 3603 5608 et
3633 5554 3800 5614 vita:
3845 5571 3856 5576 ·

2271 5754 2302 5797 1³
2337 5757 2414 5812 Ita
2436 5773 2566 5812 mss.
2595 5754 2755 5827 Corb.
2787 5763 2841 5827 et
2866 5754 3004 5812 Vict.
3035 5755 3197 5813 Basil.
3227 5770 3380 5827 vero,
3402 5768 3646 5815 maneant

2266 5837 2290 5867 ο
2328 5828 2426 5884 Ms.
2455 5827 2641 5892 Corb.,
2663 5825 2934 5896 Equidem.
