4072 6332
534 328 640 384 519

1560 319 1616 372 S.
1661 317 2025 374 FULGENTII
2064 315 2368 374 EPISCOPI
2406 311 2782 371 RUSPENSIS

3718 314 3816 368 3‘20

535 455 927 515 unguentorum
955 446 1072 516 ejus
1094 450 1337 508 currunt,
1367 454 1486 511 qure
1534 438 1798 494 suavitate
1824 437 1993 493 Deum
2021 451 2118 507 gu—
2142 440 2196 500 Α
2224 436 2392 491 tione.
2425 432 2593 504 Igitur
2620 433 2769 504 quod
2799 433 2976 490 omnis
3003 432 3368 492 lsraelitarum
3393 434 3624 506 populus
3646 433 3820 494 facere

531 545 646 594 stus
675 537 945 592 interioris
968 536 1293 609 percipiunt,
1318 547 1437 603 qua:
1467 545 1602 600 puro
1631 527 1826 584 affectu
1853 528 2117 596 esuriant,

530 629 827 700 sitiuntque
851 628 1145 698 justitiam;
1176 641 1296 695 quae
1339 630 1632 694 operantur
1658 621 1858 685 cibum,
1893 636 1999 676 non
2029 621 2122 690 qui

529 722 691 794 perit,
717 721 812 780 sed
835 722 925 792 qui
954 726 1237 791 permanet
1259 717 1314 771 in
1333 716 1500 770 vitam
1529 721 1804 769 :eternam.
1837 711 1971 767 Cum
1999 712 2125 766 tali-

495 795 630 872 .bus
685 822 740 868 et
785 812 1056 881 colloquia
1106 810 1201 865 tibi
1239 807 1608 874 conserenda,
1651 814 1706 862 et
1733 806 2122 878 frequentanda

530 906 811 970 convivia;
845 912 904 959 ut
942 919 1064 960 cum
1103 918 1199 960 eas
1227 901 1364 959 cibis
1402 899 1773 972 corporalibus
1816 900 2024 971 pascis,
2054 899 2123 955 ad

531 998 783 1054 meritum
832 995 926 1050 tibi
972 1003 1174 1050 sanctas
1214 993 1548 1064 operationis
1593 993 1857 1059 accedat;
1895 1000 1952 1047 et
1998 1008 2123 1048 cum

530 1104 717 1144 earum
762 1087 942 1142 verbis
992 1085 1324 1157 spiritalibus
1373 1085 1642 1155 pasceris,
1698 1084 1971 1155 profectus
2025 1084 2124 1139 tibi

530 1187 729 1236 sancta:
778 1177 1204 1234 conversationis
1253 1183 1563 1241 accrescat,
1620 1190 1719 1230 nec
1767 1175 1901 1230 velis
1929 1174 2126 1229 talibus

532 1287 675 1326 nunc
703 1284 944 1326 mensam
971 1279 1115 1324 tuam
1138 1269 1351 1339 replere
1372 1267 1599 1336 deliciis,
1622 1266 1871 1337 qualibus
1896 1281 2015 1322 eam
2046 1281 2127 1321 re-

531 1365 756 1435 plebas,
813 1362 1030 1433 quando
1077 1362 1280 1417 carnali
1327 1360 1599 1416 connubio
1642 1360 1934 1415 serviebas.
1987 1360 2128 1416 Audi

533 1456 843 1526 Magistrum
870 1456 1129 1525 gentium,
1155 1454 1283 1524 quid
1310 1453 1378 1510 de
1406 1454 1562 1509 vidua
1591 1454 1766 1508 dicat:
1799 1451 1928 1518 Quae
1947 1454 2003 1508 in
2031 1453 2126 1508 de-

533 1549 667 1605 liciis
694 1559 790 1615 est,
813 1549 1004 1618 inquit,
1029 1550 1199 1603 vivens
1228 1558 1430 1603 mortua
1461 1557 1536 1602 est
1563 1547 1618 1618 (Ι
1651 1547 1784 1602 Tim.
1819 1565 1870 1612 ν,
1902 1547 1979 1617 6).

603 1642 734 1699 CAP.
765 1660 876 1699 xw.
907 1643 1166 1714 Exempla
1195 1643 1464 1698 viduarum
1484 1643 1666 1696 Juditlt
1693 1651 1742 1696 et
1771 1641 2123 1696 Annua—28.

533 1735 709 1791 Habes
737 1743 794 1790 et
815 1735 868 1790 in
892 1735 1074 1790 Veteri
1098 1745 1153 1788 et
1187 1735 1240 1788 in
1264 1735 1412 1789 Novo
1444 1733 1793 1788 Testamento
1816 1743 2126 1788 sanctarum

2224 541 2333 583 non
2374 526 2568 597 potuit,
2613 532 2800 580 sancta
2840 525 3000 580 vidua
3047 527 3315 582 castitatis
3343 527 3545 583 virtute
3576 527 3818 598 perfecit.

2222 616 2574 674 Obtruncavit
2605 633 2709 673 una
2738 617 2931 675 mulier
2959 619 3092 673 tanti
3141 619 3371 688 agminis
3401 619 3610 687 ducem,
3655 629 3712 676 et
3736 622 3819 680 in-

2224 719 2497 784 speratam
2526 711 2621 766 Dei
2651 712 2852 782 populo
2873 711 3104 767 reddidit
3133 714 3458 768 libertatem.

2297 803 2427 860 Car.
2488 819 2576 858 xv.
2644 801 2847 858 Laudes
2891 805 3076 858 Annae.
3141 803 3475 876 Comparatio
3532 806 3718 864 Iudith
3775 821 3824 866 et

2225 897 2411 952 Annte.
2435 893 2609 950 —'50.
2651 893 2945 950 Videamus
2968 903 3024 950 et
3047 895 3102 949 in
3131 895 3284 950 Novo
3315 894 3663 954 Testamento
3691 915 3820 968 qua-

2223 987 2353 1044 liter
2380 986 2537 1043 nobis
2583 995 2782 1042 sancue
2813 986 2979 1040 Annae
3018 987 3365 1042 conversatio
3402 989 3822 1048 demonstretur.

2226 1078 2306 1134 De
2331 1093 2437 1148 qua
2477 1087 2701 1134 sanctus
2731 1076 2906 1134 Lucas
2935 1078 3012 1133 sic
3053 1078 3221 1133 refert
3247 1098 3258 1132 :
3289 1077 3359 1133 Et
3384 1090 3495 1134 erat
3519 1083 3674 1137 Anna
3703 1102 3824 1156 pro-

2227 1168 2455 1239 phetissa
2481 1169 2598 1239 ﬁlia
2622 1167 2862 1223 Phanuel
2889 1169 2952 1223 de
2993 1169 3130 1224 tribu
3156 1170 3319 1236 Aser;
3352 1179 3403 1225 et
3422 1173 3532 1228 [nec
3560 1193 3825 1245 processe-

2228 1269 2314 1314 rat
2335 1262 2392 1314 in
2414 1259 2594 1315 diebus
2622 1261 2822 1329 multis,
2851 1271 2901 1315 et
2925 1263 3126 1315 uixerat
3149 1279 3263 1316 cum
3284 1264 3393 1318 viro
3415 1281 3508 1319 suo
3537 1270 3690 1322 annis
3715 1286 3827 1340 sep-

2231 1353 2705 1424 temaoirginitate
2745 1369 2860 1407 sua.
2891 1352 2960 1406 Et
2987 1353 3098 1408 lucc
3139 1355 3294 1408 uidua
3341 1372 3499 1428 usque
3543 1359 3613 1412 ad
3662 1377 3826 1417 annos

2228 1444 2533 1515 octuaginta
2560 1452 2799 1515 quatuor,
2833 1460 2946 1514 qua:
2979 1461 3084 1498 non
3115 1445 3409 1500 discedebat
3433 1448 3495 1501 de
3517 1451 3724 1521 templo,
3742 1453 3826 1522 je-

2221 1533 2390 1604 juniis
2415 1543 2465 1586 et
2493 1531 2938 1588 obsecrationibus
2960 1536 3191 1588 serviens
3222 1545 3370 1590 nocte
3403 1546 3453 1590 et
3482 1537 3566 1593 die
3597 1539 3747 1609 (Luc.
3770 1558 3824 1611 ιι,

2229 1624 2345 1695 57).
2373 1623 2494 1679 Ista:
2522 1623 2642 1679 dua:
2668 1623 2860 1690 viduae,
2893 1623 3021 1680 licet
3061 1633 3307 1696 tempore
3355 1625 3553 1684 fuerint
3589 1631 3826 1701 diverso,

2231 1717 2390 1772 unius
2418 1723 2600 1771 tamen
2630 1715 2758 1770 ﬁdei
2785 1714 3093 1771 servierunt
3147 1716 3319 1772 amba:
3359 1720 3650 1791 mysterio;
3702 1723 3829 1791 quia

533 1827 810 1883 viduarum
837 1828 1032 1898 quibus
1052 1824 1331 1882 aediﬁceris
1354 1826 1620 1897 exempla.
1649 1826 1704 1880 ln
1730 1825 1913 1880 Veteri
1939 1824 2130 1881 Testa-

2240 1803 2531 1872 Christum,
2579 1820 2741 1875 quem
2769 1806 2922 1860 Anna
2965 1805 3218 1874 cognovit
3251 1807 3303 1861 in
3331 1823 3494 1864 carne
3515 1819 3721 1877 natum,
3751 1813 3832 1881 ip-

534 1930 740 1987 mento,
773 1919 992 1986 Judith;
1027 1921 1179 1975 Anna
1209 1919 1582 1975 consideretur
1604 1918 1658 1974 in
1690 1917 1870 1973 Novo:
1903 1933 2132 1988 quarum

534 2014 612 2082 si,
645 2014 874 2069 Domino
922 2012 1242 2080 adjuvante,
1295 2010 1558 2066 imitatrix
1611 2009 1797 2076 fueris,
1829 2019 1884 2064 et
1908 2009 2133 2066 delicias

535 2103 732 2169 carnis,
765 2112 821 2158 et
843 2102 1157 2174 jactantiam
1182 2102 1493 2158 saecularem
1521 2109 1548 2139 ι
1569 2115 1698 2156 vera
1727 2101 1905 2156 cordis
1924 2102 2136 2157 humili-

536 2205 648 2252 tate
668 2197 924 2264 calcabis,
956 2204 1016 2250 ut
1038 2195 1253 2262 illiquan
1283 2203 1336 2251 te
1365 2195 1549 2266 sponsi
1577 2210 1794 2266 semper
1821 2197 1969 2252 vivat
1998 2194 2131 2252 atl'e-

535 2295 675 2350 ctus,
697 2287 792 2356 qui
818 2301 1034 2356 semper
1054 2295 1137 2341 est
1163 2286 1344 2342 vivus:
1377 2286 1538 2350 sicut,
1565 2287 1757 2342 eodem
1784 2297 2130 2357 resurgente,

537 2379 688 2434 vocis
716 2379 970 2446 angelica:
999 2381 1344 2433 attestatione
1382 2379 1643 2444 ﬁrmatur,
1667 2394 1788 2434 cum
1818 2379 2135 2436 mulieribus

539 2470 770 2526 dicitur:
815 2466 953 2533 Quid
986 2470 1218 2538 (tuleritis
1262 2471 1662 2524 viventemcum
1706 2471 1922 2524 mortuis
1969 2469 2131 2540 (Luc.

541 2574 689 2628 xstv,
719 2556 809 2630 5)?
839 2559 915 2613 Dc
941 2573 1050 2628 quo
1080 2559 1244 2614 etiam
1280 2559 1580 2629 apostolica
1625 2561 1703 2614 sic
1731 2561 2025 2616 auctoritas
2054 2565 2135 2616 lo-

539 2652 748 2723 quitur:
786 2650 942 2706 Vivus
963 2661 1037 2706 est
1066 2652 1202 2706 enim
1230 2669 1398 2706 sermo
1420 2651 1539 2716 Dei,
1564 2661 1614 2706 et
1637 2653 1821 2722 e/ﬁcaa:
1844 2651 2032 2724 (Hebr.
2058 2669 2133 2720 tv,

541 2740 656 2814 12).
682 2740 847 2797 Vivus
875 2749 960 2796 est
1001 2757 1132 2812 ergo
1163 2742 1252 2796 ille
1302 2741 1393 2813 qui
1431 2750 1515 2797 est
1541 2741 1774 2797 Verbum
1807 2741 1981 2799 Patris
2012 2761 2027 2808 ;
2079 2752 2137 2798 et

456 2839 476 2859 ‘
541 2831 664 2887 ideo
692 2833 806 2903 ipse
835 2843 916 2887 est
945 2829 1179 2886 fidelium
1203 2829 1502 2887 vita.llnnc
1529 2841 1728 2887 sanctae
1755 2833 1928 2888 vidua:
1952 2833 2134 2890 cordis

542 2926 870 2981 contritione
899 2933 954 2979 et
975 2926 1221 2996 corporis
1247 2925 1596 2993 castigatione
1625 2925 1974 2994 quaesierunt,
2008 2927 2135 2982 huic

543 3016 724 3073 cordis
743 3025 797 3072 et
827 3017 1074 3087 corporis
1104 3017 1264 3087 plena
1292 3016 1623 3071 continentia
1648 3015 1994 3072 devotissime
2019 3033 2136 3074 ser-

543 3109 776 3164 vierunt.

2237 1917 2359 1958 sum
2377 1899 2565 1956 Judith
2590 1908 2818 1956 noverat
2860 1901 3212 1956 nasciturum.
3243 1899 3412 1968 Quam
3444 1918 3573 1960 vero
3602 1906 3831 1964 multum

2238 1993 2381 2049 Deus
2427 1994 2482 2049 in
2529 2000 2758 2064 utraque
2803 1992 2963 2048 vidua
3015 1993 3400 2050 continentiam
3443 1996 3543 2053 sibi
3573 1998 3829 2068 placitam

2237 2087 2659 2143 demonstravit!
2691 2086 2826 2142 Nam
2855 2094 2913 2142 et
2939 2085 3128 2142 Judith
3157 2089 3512 2159 spiritalibus,
3546 2093 3711 2148 armis
3738 2109 3834 2150 ac-

2237 2181 2444 2248 cincta,
2490 2190 2654 2252 caput
2700 2181 2888 2237 lascivi
2919 2181 3188 2250 praedonis
3234 2181 3488 2245 abscidit;
3521 2183 3676 2240 Anna
3705 2202 3834 2243 vero

2238 2276 2417 2347 ipsum
2459 2285 2625 2346 caput
2657 2274 2914 2332 Ecclesiae
2951 2275 3156 2347 Spiritu
3183 2287 3372 2334 sancto
3391 2280 3600 2350 repleta
3627 2297 3834 2352 cogno-

2236 2369 2335 2423 vit.
2366 2367 2534 2423 Datus
2555 2376 2638 2424 est
2664 2365 2847 2423 Judith
2876 2367 3186 2424 Holofernis
3227 2370 3516 2437 interitus;
3550 2372 3720 2428 Annze
3745 2390 3834 2430 re-

2240 2462 2447 2516 velatus
2475 2468 2559 2516 est
2585 2459 2883 2517 Salvatoris
2909 2460 3190 2516 adventus.
3213 2460 3295 2514 llli
3327 2461 3470 2518 Deus
3500 2463 3649 2518 dedit
3675 2481 3706 2519 a
3733 2481 3836 2537 po-

2238 2557 2368 2628 pulo
2415 2555 2680 2626 repellere
2729 2554 3134 2625 pestilentiam;
3190 2554 3316 2610 huic
3367 2556 3556 2610 tribuit
3613 2557 3832 2615 humani

2237 2650 2452 2722 generis
2481 2663 2777 2718 agnoscere
2799 2647 3143 2732 medicinam.
3169 2646 3236 2703 Et
3263 2649 3390 2717 quia
3421 2651 3835 2710 sanctimoniam

2238 2743 2555 2814 virginalem
2577 2740 2812 2797 vidualis
2838 2742 3173 2798 continentia
3201 2743 3374 2812 gradu
3415 2742 3675 2801 inferiore
3703 2748 3836 2802 sub—

2237 2836 2502 2907 sequitur,
2535 2822 3049 2906 idcircopostquam
3079 2835 3147 2890 de
3173 2835 3384 2905 virgine
3415 2845 3575 2893 natus
3615 2848 3700 2895 est
3744 2841 3836 2896 Fi-

2237 2930 2343 2985 lius
2359 2927 2474 2994 Dei,
2490 2928 2717 2984 vidualis
2732 2929 2928 2998 lingua:
2955 2928 3204 2998 dignatus
3224 2937 3308 2984 est
3329 2928 3510 2986 oﬂicio
3531 2934 3835 3002 pnedicari.

2239 3020 2350 3076 Nec
2399 3028 2583 3075 tamen
2623 3020 2689 3075 de
2731 3019 2824 3075 illo
2867 3020 3046 3075 locuta
3077 3029 3161 3075 est
3188 3019 3352 3076 vidua
3393 3021 3598 3079 deliciis
3627 3025 3832 3096 dedita,

2239 3125 2362 3180 qua:
2409 3112 2578 3165 vivens
2625 3121 2829 3166 mortua
2875 3121 2972 3176 est,
3015 3111 3110 3166 sed
3157 3127 3275 3181 quae
3319 3129 3423 3169 non
3451 3115 3738 3172 discedebat
3768 3119 3834 3173 de

612 3197 702 3253 29.
732 3199 809 3255 De
831 3198 1012 3254 Judith
1041 3199 1184 3254 enim
1216 3199 1474 3269 scriptum
1502 3206 1618 3254 est:
1647 3198 1718 3254 Et
1743 3210 1855 3256 erat
1872 3199 2057 3255 Iudith
2079 3203 2134 3257 in
2159 3211 2206 3274 ο
2242 3204 2452 3276 templo,
2493 3203 2712 3274 jejuniis
2761 3213 2810 3257 et
2856 3202 3298 3260 obsecrationibus
3340 3209 3559 3261 serviens
3591 3221 3746 3264 nocte
3771 3227 3836 3266 ac

542 3291 692 3346 domo
722 3308 816 3344 sua
843 3290 996 3345 vidua
1029 3292 1178 3345 annis
1220 3289 1380 3344 tribus
1419 3300 1468 3345 et
1505 3289 1765 3346 mensibus
1803 3303 2053 3364 quatuor;
2085 3302 2136 3348 et

542 3385 663 3456 fecit
701 3381 798 3437 sibi
839 3381 1225 3437 tabernaculum
1254 3399 1408 3454 super
1447 3383 1698 3437 solarium
1722 3383 1904 3438 domus
1932 3401 2062 3452 sttaz,
2084 3393 2137 3439 et

539 3476 782 3545 imposuit
802 3491 954 3543 super
975 3471 1171 3527 lumbos
1193 3491 1315 3528 suos
1344 3474 1586 3536 cilicium,
1603 3480 1652 3526 et
1673 3482 1820 3527 erant
1845 3490 1999 3544 super
2019 3491 2136 3528 eam

538 3568 838 3622 vestimenta
861 3565 1121 3619 viduitatis
1151 3581 1279 3626 sats,
1305 3573 1354 3618 et
1377 3563 1653 3635 jejunabat
1677 3563 1864 3618 Iudith
1895 3566 2135 3619 omnibus

539 3659 718 3714 diebus
747 3659 1010 3714 viduitatis
1039 3674 1148 3713 sua:
1207 3657 1410 3730 (Judith
1438 3673 1548 3721 vm,
1577 3657 1633 3726 4,
1666 3655 1742 3728 5).
1770 3658 1873 3722 Ac,
1917 3674 1986 3713 ne
2014 3659 2135 3728 quis

538 3751 688 3807 illam
715 3759 955 3806 sanctam
987 3749 1203 3805 viduam
1228 3765 1336 3803 non
1365 3749 1654 3804 devotione
1684 3749 1880 3815 cordis,
1915 3749 2009 3804 sed
2039 3765 2132 3804 ne-

538 3844 790 3900 cessitate
809 3841 1141 3913 paupertatis
1159 3841 1431 3896 existimet
1445 3839 1746 3909 jejunasse,
1766 3840 1890 3895 audi
1913 3841 2042 3911 quid
2067 3840 2134 3894 de

538 3949 602 3990 ea
633 3935 687 3988 in
709 3933 1160 4004 subsequentibus
1179 3932 1404 3987 dicitur:
1439 3931 1508 3985 Et
1534 3942 1646 3986 erat
1664 3931 1850 3986 Iudith
1871 3931 2005 3986 bona
2036 3932 2128 4002 (al.

538 4025 778 4097 pulchra)
809 4034 1047 4095 aspectu,
1104 4033 1154 4078 et
1184 4027 1415 4094 formosa
1458 4025 1592 4095 {acie
1619 4025 1786 4090 valde,
1819 4034 1870 4078 et
1906 4024 2134 4094 prudens

537 4117 712 4181 corde,
737 4125 785 4170 et
819 4117 954 4170 bona
984 4115 1244 4169 intellectu
1269 4113 1319 4180 δ,
1350 4123 1399 4168 et
1429 4123 1541 4168 erat
1565 4115 1781 4169 honesta
1810 4114 1975 4170 valde.
1997 4112 2134 4177 Quia

537 4208 815 4279 reliquerat
855 4208 902 4261 ei
949 4205 1224 4262 Manasses
1267 4207 1346 4260 vir
1384 4208 1528 4278 ejus,
1560 4206 1702 4278 ﬁlius
1748 4205 1994 4273 Acltitob,
2034 4207 2134 4278 ﬁlii
2169 4261 2174 4266 .

539 4299 776 4367 Melo/tis,
799 4302 897 4371 ﬁlii
917 4298 1132 4364 Heliab,
1163 4299 1262 4370 ﬁlii
1297 4296 1584 4364 Nat/taliel,
1605 4296 1704 4368 ﬁlii
1734 4296 2008 4365 Surisoda,
2033 4298 2132 4368 ﬁlii

538 4392 774 4460 Simeon,
794 4392 895 4462 ﬁlii
923 4390 1115 4459 Israel,
1146 4407 1328 4446 aurum
1351 4401 1400 4445 et
1429 4399 1721 4461 argentum,
1753 4407 1927 4445 servos
1955 4400 2004 4445 et
2031 4407 2130 4446 an-

537 4487 708 4551 cillas,
740 4503 789 4541 et
842 4502 1029 4557 pecora
1072 4494 1122 4540 et
1151 4485 1351 4556 praedia
1383 4483 1572 4556 (Ibid.,
1602 4482 1656 4550 7,
1688 4481 1769 4554 8).
1804 4482 1942 4538 Ecce
1971 4483 2130 4539 vidua

2239 3295 2346 3350 die.

2310 3385 2441 3442 CAP.
2472 3402 2582 3441 xvi.
2625 3385 2828 3442 Laudes
2874 3385 3083 3454 Probtc,
3124 3405 3239 3455 quae
3282 3399 3395 3444 erat
3441 3407 3590 3445 soror
3644 3391 3838 3448 Gallae.

2239 3478 2410 3535 Galla:
2447 3479 2712 3534 nobilitas.
2756 3477 3185 3535 Distribuendum
3209 3483 3518 3552 pauperibus
3545 3485 3685 3554 quod
3713 3485 3843 3539 sub-

2240 3575 2466 3628 trahitur
2495 3570 2856 3644 apparatibus.
2879 3601 2949 3614 —-
2973 3573 3062 3627 3i.
3103 3571 3182 3628 De
3206 3573 3400 3643 quibus
3423 3573 3646 3644 jejuniis
3671 3585 3731 3632 et
3752 3577 3846 3632 ob-

2236 3664 2639 3720 secrationibus
2668 3680 2778 3719 non
2810 3672 3060 3720 estnunc
3108 3665 3270 3720 latius
3322 3665 3622 3732 disserendi
3662 3668 3842 3725 locus.

2237 3755 2583 3826 Disponimus
2606 3756 2750 3812 enim
2783 3757 2851 3829 (si
2873 3755 3133 3812 Dominus
3173 3757 3427 3824 voluerit,
3461 3767 3516 3813 et
3545 3759 3590 3814 si
3627 3761 3845 3816 vixeri-

2239 3849 2382 3918 mus)
2427 3848 2497 3904 ad
2539 3863 2782 3904 sororem
2833 3857 2982 3903 tuam
3029 3857 3273 3904 sanctam
3323 3847 3520 3911 Christi
3569 3851 3846 3921 virginem

2238 3937 2491 4005 Probam,
2523 3955 2685 4009 quam
2715 3939 2974 3995 Dominus
3003 3941 3110 3995 hoc
3132 3949 3377 4011 tempore
3415 3943 3752 4014 praecipuum
3785 3947 3845 4001 in

2237 4033 2372 4089 urbe
2409 4032 2580 4088 Roma
2625 4032 2754 4087 dare
2782 4031 3033 4101 dignatus
3061 4041 3145 4089 est
3172 4033 3494 4104 virginitatis
3523 4044 3578 4090 et
3606 4036 3848 4094 humili-

2237 4126 2364 4180 tatis
2393 4124 2694 4195 exemplar,
2723 4125 2790 4179 de
2809 4123 3020 4194 jejunio
3059 4133 3114 4180 et
3160 4127 3410 4183 oratione
3453 4126 3658 4198 aliquid
3699 4131 3853 4187 scri-

2235 4215 2387 4280 bere,
2415 4215 2555 4271 sicut
2585 4215 2640 4269 in
2670 4216 2900 4286 epistola
2929 4230 3091 4286 quam
3141 4215 3210 4272 ad
3256 4231 3376 4272 eam
3421 4233 3596 4289 nuper
3651 4219 3788 4276 dedi
3822 4233 3850 4259 ε

2237 4321 2356 4362 mea
2381 4300 2699 4376 pollicitatio
2728 4307 3059 4376 continetur,
3075 4307 3229 4377 cujus
3242 4309 3334 4363 tibi
3353 4311 3624 4380 praecipue
3642 4323 3864 4371 sancta

2235 4396 2576 4452 conversatio
2603 4406 2686 4453 est
2729 4399 2783 4452 in
2827 4397 3076 4453 omnibus
3120 4399 3415 4454 imitanda:
3449 4415 3568 4470 quae
3605 4419 3740 4458 cum
3775 4408 3867 4461 sit

2236 4486 2350 4542 avis
2379 4487 2660 4557 atavisque
2691 4496 2815 4542 nata
2847 4488 3181 4556 consulibus,
3226 4498 3282 4544 et
3326 4490 3533 4546 deliciis
3559 4495 3867 4562 regalibus

536 4579 794 4652 praeclara
819 4578 1106 4642 natalibus,
1138 4576 1481 4633 facultatibus
1507 4575 1676 4639 dives,
1707 4582 1870 4630 aetate
1892 4573 2128 4644 juvenis,
2153 4598 2210 4658 υ
2235 4577 2490 4645 enutrita,
2523 4585 2673 4634 tanta
2702 4579 2778 4634 illi
2801 4587 2886 4636 est
2910 4581 3182 4636 humilitas
3207 4581 3352 4637 dono
3377 4585 3563 4652 gratia:
3594 4586 3876 4647 caelestis

535 4673 718 4744 specie
740 4671 1021 4738 mirabilis,
1043 4669 1257 4725 divitias
1282 4668 1626 4738 contempsit,
1650 4667 1872 4723 delicias
1901 4667 2123 4737 respuit,

536 4765 716 4822 carnis
742 4763 1007 4819 incentiva
1033 4761 1277 4827 calcavit,
1312 4768 1366 4815 et
1407 4759 1590 4815 induta
1639 4759 1839 4815 virtute
1885 4774 1953 4814 ex
1993 4759 2125 4824 alto,

537 4872 648 4913 non
691 4856 938 4928 quaesivit
962 4853 1198 4911 secundo
1225 4852 1474 4908 famulari
1503 4852 1795 4908 connubio.
1829 4850 2125 4921 Propterea

537 4947 852 5004 testimonio
888 4955 997 5002 tam
1038 4945 1284 5016 praeclari
1324 4944 1505 5014 operis
1543 4943 1821 5013 apparuit,
1860 4952 2124 5012 quantum

541 5039 652 5094 Deo
696 5037 890 5093 dilecta
932 5039 1003 5092 sit
1036 5036 1369 5093 continentia
1416 5033 1665 5090 vidualis.
1712 5034 1954 5103 Denique
1999 5050 2123 5089 cum

539 5128 857 5186 Holofernes
873 5129 1153 5184 innumero
1165 5125 1467 5182 Bethuliam
1483 5124 1783 5181 obsedisset
1797 5125 2059 5193 exercitu,
2071 5135 2127 5181 et

538 5225 714 5280 omnis
759 5223 1118 5278 lsraelitarum
1167 5223 1339 5279 virtus
1368 5220 1680 5293 perturbata
1717 5221 2122 5292 languesceret,

538 5315 811 5386 egreditur
837 5315 1058 5370 castitas
1085 5322 1458 5385 oppugnatum
1480 5313 1782 5380 lasciviam,
1810 5320 1866 5369 et
1892 5312 1958 5367 ad
1986 5314 2126 5368 inte-

537 5409 698 5462 ritum
727 5407 992 5479 superbia:
1029 5407 1301 5462 humilitas
1334 5408 1492 5479 159
1518 5413 1703 5462 sancta
1731 5405 1997 5476 procedit.
2029 5405 2125 5462 Ille

541 5500 809 5573 pugnabat
835 5500 1018 5565 armis,
1047 5501 1148 5554 ista
1166 5499 1410 5569 jejuniis;
1443 5499 1536 5555 ille
1559 5499 1842 5565 ebrietate,
1872 5498 1973 5555 ista
1997 5513 2123 5554 ora-

523 5665 526 5680 ς
611 5651 635 5712 ξ·
664 5639 766 5712 _Ms.
792 5639 977 5712 Corb.,
994 5640 1308 5712 iactantiam
1327 5639 1674 5712 secularium.

610 5709 637 5749 δ
663 5710 740 5765 Ita
770 5727 869 5764 ms.
899 5704 1064 5765 Corb.
1089 5720 1141 5765 et
1170 5711 1316 5774 Ant.,
1340 5711 1395 5764 in
1423 5709 1703 5765 intellectu.
1725 5705 1991 5764 Colon.et
2013 5704 2120 5762 Ba-

538 5781 652 5847 sil.,
685 5780 814 5836 bona
846 5783 1124 5838 intellectu.

612 5862 634 5891 ε
665 5851 766 5909 is.
793 5851 956 5920 Vict.,
982 5852 1141 5906 edidi.

2239 4670 2436 4739 infusa,
2459 4680 2518 4726 ut
2547 4687 2732 4728 amore
2752 4672 3119 4743 subjectionis,
3145 4682 3200 4729 et
3227 4689 3328 4730 usu
3348 4675 3640 4746 serviendi,
3662 4678 3879 4737 domi-

2239 4777 2364 4816 nam
2390 4778 2450 4818 se
2492 4763 2778 4834 aliquando
2823 4764 2985 4821 fuisse
3025 4765 3137 4835 jam
3181 4767 3410 4835 nesciat,
3464 4783 3590 4824 cum
3637 4785 3886 4831 omnes

2239 4851 2493 4910 dominos
2544 4854 2570 4893 ά
2608 4856 2831 4924 habere,
2871 4857 3230 4913 delectatione
3277 4868 3476 4915 sancte
3525 4862 3883 4934 servitutis,

2237 4944 2470 5002 affectat.
2503 4947 2615 5004 Scit
2642 4951 2788 5006 enim
2814 4966 2845 5005 a
2873 4949 3124 5018 Dcmino,
3154 4952 3238 5007 cui
3290 4953 3650 5023 virginitatem
3685 4964 3894 5018 vovit

2237 5048 2291 5094 et
2322 5039 2507 5095 cordis
2529 5050 2586 5097 et
2612 5043 2878 5114 corporis,
2910 5058 3009 5113 pro
3043 5043 3366 5100 liberatione
3395 5039 3580 5100 nostra
3607 5047 3893 5109 humili-

2232 5137 2404 5187 tatem
2432 5131 2618 5189 lormaa
2646 5135 2857 5191 servilis
2901 5143 3179 5205 acceptam
3208 5155 3220 5190 :
3253 5146 3310 5191 et
3336 5137 3408 5192 ob
3437 5137 3540 5194 hoc
3583 5138 3897 5202 delecta-

2232 5229 2324 5278 tur
2345 5239 2546 5295 sponso
2566 5226 2619 5281 in
2635 5226 2795 5296 hujus
2823 5226 3098 5282 servitutis
3127 5227 3430 5284 humilitate
3463 5237 3486 5264 ε
3513 5228 3803 5303 placere,
3826 5249 3907 5294 ut.

2231 5317 2510 5373 consortio
2532 5320 2770 5391 quinque
2791 5321 3093 5390 sapientum
3114 5320 3380 5391 virginum
3408 5321 3702 5392 deputata,
3728 5345 3910 5390 cum

2234 5421 2437 5478 sponso
2481 5413 2650 5481 possit
2696 5412 2749 5466 in
2786 5419 2989 5467 interna
3031 5412 3272 5467 claritate
3313 5425 3562 5481 regnare.
3595 5413 3916 5480 Delicias
3961 5407 3964 5416 ’

2235 5515 2365 5559 vero
2391 5507 2635 5576 corporis
2660 5515 2861 5578 quanta
2887 5505 3088 5560 virtute
3136 5506 3548 5577 contempserit,
3589 5517 3647 5562 et
3709 5529 3924 5586 quo-

2303 5637 2331 5675 ⁶
2361 5639 2488 5696 Mss.
2520 5638 2683 5697 Corb.
2714 5648 2769 5694 et
2796 5639 2957 5704 Vict.,
2985 5639 3245 5694 dominas.

2236 5710 2458 5839 be;
2489 5709 2675 5779 Corb.,
2716 5711 2868 5784 hujus
2900 5711 3156 5767 servitutis
3194 5710 3502 5768 humilitate.
3551 5710 3739 5775 Editi
3789 5720 3938 5781 ha-

2391 5801 2410 5839 t
2452 5825 2467 5839 .
