4026 6336
157 576 164 594 ί
232 506 323 564 sei

1655 517 1979 580 EPISTOLA
2002 526 2064 584 il.

3383 543 3492 598 3%!

151 601 154 604 ’
233 618 387 674 modo
413 633 567 673 suam
580 617 778 676 famem
801 620 1056 676 satiandis
1083 623 1245 678 faciat
1265 623 1540 682 deservire
1563 632 1810 700 pauperi-
1835 639 1886 698 Α
1911 651 2161 692 sermone
2200 639 2420 695 dicens:
2453 637 2632 697 Nolite
2666 643 3014 701 thesaurizare
3052 646 3191 704 vobis
3223 649 3488 708 thesauros

229 710 340 774 bus,
365 723 470 764 nec
492 709 564 764 ob
584 710 728 766 aliud
752 712 867 782 ipsa
895 713 1088 768 vilibus
1114 723 1325 783 tegatur
1345 716 1691 785 indumentis,
1707 721 1810 778 nisi

229 812 351 858 utet
380 803 702 858 humilitatis
747 806 1082 876 propositum
1128 808 1368 880 impleat,
1422 820 1475 866 et
1520 817 1810 875 vestiendis

226 895 548 964 pauperibus
568 894 753 964 iugem
781 912 965 951 curam
1008 905 1207 954 sancta:
1255 902 1471 970 pietatis
1509 905 1804 977 impendat,

231 987 376 1058 160
421 986 640 1056 plenius
677 987 791 1056 ipsa
818 987 1049 1044 videndo
1076 993 1378 1059 cognoscis,
1419 1009 1580 1064 quam
1609 1007 1669 1052 ut
1696 999 1749 1054 id
1774 1015 1807 1055 a

227 1095 301 1134 me
335 1079 469 1134 velis
496 1079 703 1148 audire,
733 1080 879 1150 quod
907 1081 1084 1138 minus
1109 1097 1328 1154 possum
1349 1089 1686 1146 sermonibus
1703 1106 1807 1148 ex-

225 1170 434 1241 plicare.

284 1263 366 1318 52.
407 1262 568 1324 Hanc,
592 1277 720 1333 ergo
747 1266 844 1320 tibi
867 1274 1123 1336 tanquam
1158 1270 1430 1340 speculum
1459 1288 1625 1343 pone,
1653 1283 1709 1330 et
1735 1291 1806 1333 ex

225 1357 371 1426 ipsius
399 1357 862 1425 consideratione,
894 1361 1024 1430 quid
1069 1362 1164 1417 tibi
1192 1363 1317 1433 'jam
1368 1367 1510 1433 insit,
1557 1369 1644 1424 vel
1673 1369 1806 1440 quid

225 1448 382 1502 adhuc
438 1448 611 1511 desit,
647 1459 960 1506 sanctorum
1008 1453 1311 1510 studiorum
1348 1474 1681 1531 operumque
1707 1477 1807 1517 co-

225 1553 437 1608 gnosce;
464 1548 522 1594 et
542 1541 667 1596 licet
688 1541 780 1596 illa
801 1543 1020 1612 egregio
1047 1547 1322 1614 praecellat
1337 1549 1658 1618 virginitatis
1680 1569 1803 1609 mu-

227 1645 355 1694 nere,
381 1632 641 1687 comitem
681 1643 736 1689 te
765 1634 926 1690 debet
951 1636 1005 1690 in
1035 1639 1245 1694 caeteris
1273 1640 1473 1696 habere
1491 1643 1802 1722 virtutibus.

227 1718 360 1776 Disce
390 1722 558 1791 igitur
587 1730 644 1778 tu
669 1739 886 1795 quoque
914 1726 1045 1782 nihil
1070 1728 1164 1783 tibi
1185 1729 1254 1784 de
1281 1718 1805 1801 nobilitate'generis

227 1815 503 1883 assignare.
538 1814 607 1869 Et
629 1816 753 1872 licet
781 1834 902 1883 avo,
936 1829 1107 1889 patre,
1136 1838 1350 1888 socero,
1382 1826 1577 1882 marito
1603 1842 1804 1884 consu—

227 1907 350 1962 libus
371 1907 580 1976 pridem
633 1908 798 1965 fueris
827 1912 969 1968 inter
993 1914 1274 1970 saeculares
1302 1916 1542 1984 illustris,
1575 1935 1720 1976 nunc
1745 1920 1802 1976 in

229 2010 287 2052 co
305 2007 350 2051 te
369 1998 630 2053 illustrem
652 1999 765 2055 fieri
782 2017 1068 2071 cognosce,
1095 2005 1149 2060 in
1171 2021 1278 2076 quo
1302 2007 1396 2062 tibi
1417 2009 1586 2064 virtus
1610 2009 1793 2066 humi-

227 2087 367 2144 litatis
388 2091 674 2146 accrescit.
693 2092 847 2149 Disce
871 2110 903 2149 a
930 2095 1159 2153 Domino
1189 2100 1314 2169 quia
1337 2100 1482 2156 mitis
1503 2111 1558 2157 et
1576 2103 1796 2161 humilis

228 2180 384 2244 corde,
405 2188 460 2235 et
482 2182 724 2239 invenies
747 2187 984 2256 requiem
1007 2189 1199 2245 animat
1221 2200 1325 2248 tua:
1349 2193 1564 2266 (Matth.
1585 2213 1660 2261 ιι,
1675 2196 1792 2269 29).

229 2269 553 2328 Nobilitatem
585 2276 786 2344 carnis,
814 2292 934 2347 qua:
973 2282 1238 2351 superbia:
1259 2282 1431 2340 fomes
1460 2295 1563 2353 est,
1594 2289 1789 2358 abjice,

229 2367 270 2414 et
287 2361 618 2419 nobilitatem
641 2367 859 2435 spiritus
879 2369 1116 2438 perfecta
1142 2372 1320 2428 cordis
1344 2375 1646 2433 humilitate
1673 2395 1794 2435 sec-

226 2458 338 2507 tare.
367 2453 716 2512 Orationibus
763 2473 983 2528 operam
1012 2461 1106 2531 da,
1128 2461 1348 2532 jejuniis
1377 2467 1536 2534 insta,
1561 2478 1616 2524 et
1635 2469 1792 2538 quid-

223 2543 331 2612 quid
361 2545 463 2600 tuis
491 2548 839 2616 apparatibus
863 2551 1156 2617 subtrahis,
1187 2557 1542 2614 esurientibus
1579 2561 1789 2628 tribue;

223 2640 269 2688 et
288 2635 535 2705 quidquid
557 2638 652 2692 tibi
673 2638 898 2708 diducis,
914 2644 1098 2711 egenis
1118 2646 1361 2714 expende
1385 2665 1400 2714 ;
1430 2649 1790 2708 voluntarium

221 2722 458 2793 jejunium
504 2737 656 2784 tuum
701 2731 934 2787 esuriem
962 2734 1205 2790 sublevet
1241 2735 1622 2808 jejunantium,
1648 2751 1706 2796 ut
1734 2744 1789 2798 in

225 2813 377 2870 fructu
401 2817 786 2875 misericordia:
816 2829 1032 2878 tuorum
1063 2827 1233 2895 possit
1255 2828 1584 2897 jejuniorum
1606 2832 1792 2889 fecun—

226 2903 340 2960 ditas
365 2923 642 2979 apparere.
677 2908 855 2966 Prosit
896 2913 1059 2968 etiam
1109 2916 1203 2970 tibi
1246 2917 1423 2974 vilitas
1452 2921 1703 2990 vestium,
1734 2930 1793 2978 et

229 3013 619 3072 pauperum.per
638 3011 692 3058 te
720 3004 932 3061 nuditas
960 3009 1222 3065 vestiatur
1247 3029 1261 3063 :
1299 3019 1430 3068 tunc
1457 3015 1598 3069 enim
1643 3016 1793 3071 utili-

227 3096 294 3143 ter
318 3090 479 3159 fugies
509 3095 730 3148 noxium
759 3097 1010 3165 pretiosae
1044 3101 1208 3157 vestis
1236 3112 1504 3170 ornatum,
1536 3107 1583 3162 si
1612 3107 1791 3163 nudos

223 3181 423 3248 vestias;
454 3191 514 3238 ut
540 3200 668 3240 vere
696 3195 1005 3244 consortem
1035 3197 1089 3246 te
1112 3207 1412 3264 pauperum
1434 3195 1652 3264 Christi,
1679 3213 1790 3253 non

224 3269 460 3329 inanitate
487 3276 797 3341 verborum,
831 3294 930 3334 nec
957 3283 1318 3338 ostentatione
1339 3283 1534 3351 fallaci,
1562 3287 1656 3342 sed
1679 3297 1791 3344 tes-

225 3362 426 3421 timonio
453 3376 651 3423 sancta:
679 3371 1008 3438 operationis
1036 3372 1286 3429 edoceas.

284 3453 398 3508 Car.
418 3473 541 3512 xvu.
559 3456 834 3530 Fugienda
842 3461 1103 3532 jactantia
1124 3466 1178 3518 in
1194 3465 1426 3536 operibus
1439 3467 1681 3522 bonis.—
1693 3469 1782 3525 55.

228 3543 318 3601 Nec
343 3556 391 3602 te
417 3549 519 3604 illis
545 3565 682 3619 quos
709 3553 885 3622 pascis
911 3563 1005 3609 aut
1031 3558 1196 3612 vestis
1220 3561 1554 3629 superiorem
1576 3562 1786 3630 credas,

228 3645 323 3704 aut,
351 3654 444 3708 pro
469 3656 534 3696 eo
562 3641 708 3710 quod
751 3650 810 3698 tu
840 3645 1029 3701 tribuis
1057 3655 1112 3703 et
1155 3649 1546 3720 illi-accipiunt,
1591 3653 1788 3708 merita

228 3735 302 3782 tua
327 3728 515 3787 Christi
541 3736 867 3804 pauperibus
909 3747 1228 3809 anteponas,
1274 3751 1528 3813 tanquam
1571 3753 1628 3800 tu
1663 3746 1787 3802 ideo

230 3821 385 3890 potior
402 3824 490 3884 sis.
523 3825 668 3894 quod
719 3826 870 3896 plura
917 3833 1324 3901 contempseris.
1375 3833 1596 3889 Frustra
1639 3837 1785 3890 enim

231 3917 500 3970 contemnis
531 3916 815 3974 facultates
844 3929 982 3988 tuas,
1011 3923 1058 3977 si
1084 3924 1275 3978 noxias
1299 3924 1572 3993 jactantiac
1597 3934 1786 3982 teneas

231 4001 274 4057 in
297 4006 444 4062 corde
467 4007 714 4063 divitias:
746 4027 852 4066 non
873 4014 1016 4067 enim
1047 4014 1121 4069 illi
1147 4015 1248 4070 soli
1278 4024 1507 4085 peccant
1535 4018 1648 4086 qui,
1683 4032 1784 4087 pro

229 4090 397 4151 divitiis
425 4115 558 4169 quas
588 4100 806 4169 habent,
839 4104 1072 4173 aliquam
1102 4115 1314 4175 gestant
1364 4108 1418 4162 in
1473 4110 1636 4164 corde
1659 4110 1783 4178 jac-

228 4189 450 4257 tantiam;
474 4191 583 4247 imo
598 4194 811 4261 gravius
821 4194 1134 4266 delinquunt
1154 4200 1246 4268 qui
1265 4200 1449 4256 volunt
1467 4201 1782 4272 iactantiam

227 4279 376 4336 cordis
421 4283 489 4338 de
538 4284 734 4341 divitiis
781 4288 984 4344 habere
1034 4294 1387 4364 contemptis,
1445 4303 1537 4349 aut
1586 4296 1678 4364 qui
1721 4311 1783 4352 se

229 4378 485 4440 propterea
536 4374 722 4429 volunt
766 4379 1086 4447 pauperibus
1132 4396 1470 4452 praeponere,
1519 4400 1586 4439 eo
1635 4386 1782 4455 quod

227 4458 352 4526 plura
376 4462 658 4518 videantur
680 4468 1001 4537 pauperibus
1029 4484 1269 4538 erogare.
1292 4472 1407 4526 Non
1437 4481 1616 4528 autem
1638 4475 1781 4531 idem

226 4550 336 4606 ordo
359 4561 441 4608 est
469 4555 610 4625 apud
631 4555 923 4628 Deum,qui
939 4575 1047 4615 non
1068 4563 1424 4631 quantitatem
1455 4572 1780 4635 contemptae

225 4637 481 4709 lacuhatis,
511 4645 606 4701 sed
633 4647 948 4715 qualitatem
985 4651 1279 4707 voluntatis
1309 4654 1561 4710 attendit.
1593 4655 1779 4712 Plures

222 4729 404 4822 divitias
439 4740 764 4807 pauperibus
809 4758 908 4812 pro
955 4743 1168 4801 Christo
1215 4746 1411 4801 dicitur
1457 4748 1777 4816 expendisse
1807 4762 1860 4822 Ῑ)

223 4819 469 4894 Zachaeus,
518 4845 617 4900 pro
655 4846 764 4900 quo
788 4833 1045 4889 vilissima
1073 4836 1377 4905 piscatoriae
1413 4839 1544 4893 artis
1573 4839 1775 4895 instru-

221 4925 375 4971 menta
407 4918 596 4976 Petrus
617 4923 833 4992 reliquit
857 4927 1160 4995 apostolus;
1191 4937 1247 4983 et
1274 4937 1456 4984 tamen
1482 4945 1513 4984 a
1539 4929 1774 4998 Christo,

219 5017 310 5058 non
333 5007 585 5064 Zachaeus
609 5011 756 5068 dives
783 5017 1008 5085 pauperi
1029 5014 1209 5082 Petro,
1235 5019 1330 5075 sed
1363 5036 1567 5092 pauper
1586 5020 1779 5078 Petrus

219 5093 350 5152 diviti
377 5099 602 5157 Zachteo
631 5109 988 5174 praeponitur,
1020 5118 1078 5163 ut
1101 5110 1368 5168 divitibus
1393 5113 1593 5170 Christi
1629 5115 1778 5170 nulla

217 5181 276 5237 de
296 5193 608 5260 contemptis
635 5193 838 5250 divitiis
861 5189 1117 5266 jactantia
1143 5213 1471 5259 nasceretur.

276 5273 392 5332 Car.
437 5296 588 5336 xvm.
631 5282 755 5340 Non
802 5287 1250 5346 thesaurizandum
1301 5295 1356 5348 in
1384 5303 1543 5360 terra,
1589 5298 1681 5353 sed
1725 5300 1782 5353 in

219 5367 536 5425 rata—54.
578 5374 731 5430 Absit
758 5386 938 5434 autem
989 5390 1049 5437 ut
1095 5383 1295 5454 aliquid
1324 5386 1422 5441 tibi
1449 5388 1779 5446 thesaurizes

218 5455 434 5523 interra,
478 5464 530 5517 in
560 5480 666 5534 qua
693 5483 799 5522 non
827 5485 886 5523 es
934 5473 1111 5527 carnis
1141 5474 1278 5530 filios
1319 5477 1602 5544 relictura;
1649 5495 1775 5535 cum

1911 726 1966 779 in
1990 736 2146 792 terra,
2176 728 2261 783 ubi
2298 747 2469 803 aerugo
2517 743 2567 787 et
2614 735 2753 789 tinea
2797 739 3128 807 exterminat,
3157 748 3204 792 et
3232 739 3316 794 ubi
3347 743 3488 812 fures

1910 817 2162 886 eﬁ'odiunt
2178 831 2228 873 et
2241 822 2503 892 furantur.
2531 823 2898 881 Thesaurizate
2914 839 3084 883 autem
3106 829 3244 884 vobis
3261 833 3316 885 in
3338 832 3485 896 cado,

1909 909 1992 963 ubi
2022 925 2182 984 neque
2209 930 2382 985 aerugo
2423 933 2582 988 neque
2621 921 2759 972 tinea
2800 921 3129 987 exterminat,
3159 931 3208 975 et
3231 923 3318 977 ubi
3348 927 3488 994 fures

1910 1017 2013 1055 non
2040 1003 2292 1073 effodiunt
2320 1022 2413 1060 nec
2441 1009 2681 1080 furantur
2710 1008 2922 1080 (Matth.
2955 1029 3027 1077 v1,
3064 1011 3150 1077 i9,
3196 1012 3308 1082 ‘20).
3353 1008 3488 1069 Miil-

1909 1100 2022 1148 tum
2049 1096 2339 1152 metuenda
2363 1106 2445 1154 est
2472 1099 2562 1154 illa
2591 1100 2884 1172 increpatio
2913 1102 3147 1171 Domini,
3171 1120 3329 1173 quam
3353 1105 3488 1159 stul-

1909 1192 1995 1240 tus
2022 1185 2170 1242 dives
2198 1187 2343 1244 illico
2370 1191 2661 1247 moriturus
2694 1193 2933 1248 audivit:
2967 1194 3154 1261 Stulte,
3206 1197 3302 1250 hac
3340 1206 3488 1250 nocte

1907 1274 2136 1329 animam
2165 1285 2305 1332 tuam
2338 1289 2574 1351 repetunt
2604 1291 2629 1318 α
2655 1299 2688 1335 α
2711 1292 2796 1337 te:
2819 1301 2932 1356 qua:
2957 1296 3125 1340 autem
3165 1289 3365 1356 parasti
3399 1306 3486 1342 cu-

1911 1366 1989 1428 ius
2017 1377 2167 1421 erunt
2190 1367 2341 1439 (Luc.
2375 1387 2467 1435 xu,
2501 1371 2632 1443 20)?
2660 1373 2858 1430 Omnes
2905 1391 3034 1446 ergo
3082 1378 3296 1434 divitias
3330 1381 3480 1452 161

1906 1464 2026 1513 tuas
2054 1458 2121 1513 ad
2147 1457 2419 1518 Christum
2467 1458 2758 1534 praemitte;
2789 1467 2843 1523 in
2870 1468 3008 1525 coelo
3048 1471 3141 1525 tibi
3171 1470 3481 1528 thesaurum

1905 1551 2159 1618 reconde,
2190 1570 2347 1624 quem
2377 1557 2608 1627 perdere
2636 1575 2747 1616 non
2790 1561 2988 1632 possis,
3027 1570 3084 1618 et
3125 1563 3180 1618 in
3221 1573 3483 1621 aeternum

1905 1645 2088 1702 valeas
2115 1649 2412 1718 possidere.

1976 1778 2105 1835 Car.
2136 1796 2250 1836 xu.
2291 1781 2566 1855 Fugienda
2585 1785 2701 1841 laus
2726 1787 3011 1856 hominum,
3051 1799 3108 1843 ut
3133 1789 3274 1844 Deus
3298 1791 3480 1846 laude-

1904 1880 1988 1926 tur
2014 1875 2069 1928 in
2094 1874 2262 1930 nobis.
2285 1906 2353 1917 —
2375 1877 2464 1932 55.
2505 1878 2565 1934 in
2593 1881 2842 1938 omnibus
2880 1893 3060 1939 autem
3097 1887 3350 1956 operibus
3377 1887 3479 1943 bo-

1903 1964 2006 2031 nis,
2056 1980 2187 2022 cave
2239 1983 2308 2023 ne
2360 1968 2532 2026 laudis
2579 1970 2824 2028 humanae
2871 1974 3140 2031 desiderio
3183 1978 3476 2034 ventileris.

1826 2015 1875 2078 Β
1901 2055 2129 2113 Laudari
2156 2059 2354 2130 quippe
2374 2059 2402 2099 δ
2432 2061 2486 2116 in
2519 2062 2675 2118 bonis
2717 2065 2970 2134 operibus
2998 2067 3180 2136 debes,
3213 2069 3308 2124 sed
3329 2069 3382 2124 in
3411 2085 3479 2125 eo

1897 2150 2044 2220 quod
2067 2153 2328 2222 operaris,
2360 2154 2638 2210 hominum
2680 2156 2866 2214 laudes
2893 2169 3207 2229 exspectare
3250 2177 3358 2218 non
3383 2162 3479 2218 de-

1898 2241 2013 2298 bes.
2040 2243 2247 2299 Laudet
2267 2252 2319 2300 te
2345 2244 2562 2315 quidem
2576 2247 2810 2304 humana
2833 2249 3033 2320 lingua,
3059 2251 3156 2305 sed
3185 2261 3241 2307 tu
3267 2252 3480 2309 laudem

1897 2351 1927 2389 a
1956 2336 2072 2392 solo
2097 2337 2208 2393 Deo
2237 2338 2500 2395 desidera.
2529 2339 2704 2409 Atque
2732 2341 2803 2395 ita
2829 2341 2920 2397 liet
2941 2351 3021 2408 ut,
3036 2342 3162 2398 dum
3184 2351 3240 2398 tu
3265 2345 3479 2400 laudem

1895 2426 1964 2481 ab
1991 2428 2299 2484 hominibus
2323 2445 2430 2484 non
2459 2430 2754 2500 quaesieris,
2788 2431 2928 2486 Deus
2957 2432 3200 2488 laudetur
3225 2435 3278 2488 in
3301 2437 3498 2506 operi-'

1895 2519 1994 2576 bus
2024 2521 2148 2575 tuis.
2180 2521 2451 2580 Memento
2472 2523 2702 2592 qualiter
2725 2523 2878 2578 nobis
2894 2523 3153 2580 Dominus
3193 2526 3480 2582 interdicat

1902 2629 1968 2668 ne
1993 2613 2254 2682 justitiam
2285 2624 2523 2671 nostram
2571 2615 2744 2671 laudis
2787 2617 3034 2687 humanae
3074 2616 3330 2674 faciamus
3376 2619 3478 2674 ob-

1892 2713 2066 2770 tentu,
2097 2705 2324 2761 dicens:
2350 2706 2612 2761 Attendite
2647 2724 2712 2762 ne
2749 2709 2954 2779 faciatis
2968 2707 3231 2792 justitiam
3254 2717 3476 2764 vestram

1894 2815 2072 2853 coram
2101 2797 2409 2864 hominibus,
2441 2808 2498 2853 ut
2524 2799 2798 2853 videamini
2840 2800 2904 2852 ab
2940 2801 3048 2864 eis;
3079 2799 3307 2871 alioquin
3336 2817 3477 2854 mer-

1893 2892 2069 2945 cedem
2089 2909 2195 2946 non
2215 2890 2466 2945 habebitis
2495 2892 2635 2962 apud
2661 2889 2878 2946 Patrem
2904 2901 3124 2946 vestrum
3148 2895 3233 2964 qui
3253 2893 3309 2946 in
3337 2893 3477 2949 caelis

1893 2990 1971 3036 est
2001 2981 2218 3054 (Matth.
2247 2999 2320 3045 vi,
2353 2982 2430 3054 l).
2456 2982 2835 3040 Verumtamen
2866 2984 2980 3055 ipse
3007 3000 3190 3040 rursus
3222 2985 3334 3040 ait:
3368 2984 3474 3040 Lu-

1893 3082 2007 3126 ceat
2035 3073 2316 3127 luxvestra
2359 3089 2537 3127 coram
2583 3073 2892 3138 hominibus,
2939 3083 2998 3128 ut
3035 3076 3264 3130 uidentes
3308 3084 3478 3133 vestra
3539 3079 3550 3085 ’

1893 3162 2029 3217 bona
2057 3181 2236 3234 opera,
2281 3165 2578 3235 gloriﬁcent
2600 3166 2811 3222 Patrem
2827 3175 3046 3223 vestrum
3067 3169 3153 3238 qui
3171 3169 3228 3223 in
3241 3169 3380 3224 ctelis
3401 3177 3477 3224 est

1894 3253 2110 3326 (Matth.
2141 3271 2196 3319 v,
2229 3255 2338 3325 i6).
2370 3255 2504 3312 Cum
2533 3273 2661 3328 ergo
2689 3259 2820 3315 dicit
2847 3270 2905 3315 ut
2933 3261 3274 3317 attendamus
3302 3278 3370 3318 ne
3393 3261 3476 3317 fa-

1820 3384 1865 3449 c
1897 3343 2099 3398 ciamus
2121 3343 2384 3412 justitiam
2410 3356 2647 3401 nostram
2668 3363 2849 3404 coram
2874 3349 3196 3416 hominibus,
3221 3359 3279 3406 ut
3303 3351 3478 3408 videa-

1896 3447 2017 3486 mur
2035 3433 2104 3487 ab
2119 3433 2220 3501 eis,
2243 3442 2297 3487 et
2317 3435 2512 3490 iterum
2527 3435 2680 3505 jubet
2706 3449 2762 3492 ut
2786 3438 2878 3492 lux
2897 3447 3081 3494 nostra
3104 3440 3279 3496 luceat
3293 3457 3477 3497 coram

1893 3521 2227 3588 hominibus,
2261 3525 2499 3594 nunquid
2537 3529 2807 3582 contraria
2848 3530 3138 3600 praecepit?
3167 3531 3349 3595 Absit;
3380 3532 3477 3587 sed

1891 3611 1970 3666 sic
1982 3610 2138 3679 jubet
2164 3626 2328 3682 opera
2357 3613 2498 3669 bona
2525 3612 2658 3680 fieri,
2679 3623 2858 3672 utnon
2881 3634 2982 3673 nos
3001 3619 3165 3690 ipsos,
3188 3621 3285 3676 sed
3305 3621 3475 3678 Deum

1891 3702 2116 3757 velimus
2148 3703 2203 3758 in
2239 3712 2423 3761 nostra
2464 3709 2778 3777 operatione
2820 3709 3047 3767 laudari.
3078 3711 3212 3767 Nam
3241 3721 3297 3769 et
3323 3715 3472 3785 Apo-

1891 3794 2060 3848 stolus
2082 3793 2136 3849 in
2163 3795 2274 3851 suis
2301 3797 2553 3866 operibus
2571 3800 2795 3867 gloriam
2817 3801 3104 3859 humanam
3134 3805 3355 3875 vitabat,
3379 3807 3475 3864 sed

1890 3881 2126 3938 divinam
2178 3884 2404 3952 gloriam
2457 3889 2748 3956 qurerebat.
2806 3889 3035 3963 Propter
3084 3895 3231 3965 quod
3287 3897 3417 3953 dicit
3451 3939 3468 3964 ,

1891 3969 2458 4032 Thessalonicensibus
2485 3979 2724 4035 scribens
2753 3999 2767 4035 :
2806 3980 2982 4054 Neque
3019 3988 3154 4040 enim
3194 3987 3470 4060 aliquando

1889 4059 2078 4131 {uinus
2106 4062 2160 4116 in
2188 4079 2424 4118 sermone
2476 4066 2813 4138 adulationis,
2843 4073 2975 4127 sicut
3001 4077 3173 4141 scitis;
3210 4095 3368 4148 neque
3415 4081 3490 4148 in

1887 4151 2156 4204 occasione
2194 4154 2443 4218 avaritiae,
2476 4154 2616 4212 Deus
2646 4163 2786 4216 testis
2829 4172 2942 4227 est;
2971 4181 3064 4218 nec
3090 4177 3373 4236 quterentes
3401 4167 3497 4246 ab.

1888 4239 2177 4296 hominibus
2217 4243 2458 4314 gloriam,
2509 4263 2671 4316 neque
2704 4268 2735 4305 a
2773 4252 2934 4318 vobis,
2964 4271 3125 4326 neque
3169 4256 3235 4310 ab
3263 4259 3384 4313 aliis
3412 4257 3469 4329 (Ι

1889 4330 2070 4394 Thess.
2101 4350 2159 4400 ιι,
2192 4332 2268 4405 5).
2300 4335 2368 4391 Et
2408 4345 2588 4394 tamen
2615 4341 2776 4411 idem,
2821 4346 2874 4400 in
2903 4361 3014 4402 sua":
3041 4351 3467 4408 conversationis
3508 4387 3514 4393 -

1885 4423 2089 4490 auditu,
2120 4424 2289 4481 Deum
2311 4427 2379 4482 ab
2403 4426 2656 4487 Ecclesiis
2683 4435 3055 4504 gloriﬁcatum,
3088 4455 3206 4494 cum
3229 4443 3466 4498 exsulta-

1884 4513 2032 4568 tione
2077 4515 2156 4570 sic
2205 4527 2507 4574 memorat:
2541 4520 2704 4576 Eram
2751 4527 3032 4598 aliquando
3078 4531 3282 4601 ignotus
3329 4534 3465 4604 facie

1883 4602 2134 4658 Ecclesiis
2156 4605 2374 4674 Iudicat,
2406 4627 2518 4680 qua:
2544 4623 2695 4667 erant
2722 4615 2776 4668 in
2805 4615 3038 4684 Christo;
3070 4629 3267 4676 tantum
3293 4602 3463 4676 autem

1881 4694 2114 4750 auditum
2133 4696 2540 4771 habebant,’quia
2553 4704 2640 4773 qui
2649 4709 3041 4777 persequebatur
3052 4728 3144 4766 nos
3161 4712 3460 4784 aliquando,

1883 4802 2018 4840 nunc
2054 4789 2373 4860 euangelizat
2400 4792 2557 4860 ﬁdem
2594 4811 2748 4865 quam
2790 4799 3073 4868 aliquando
3100 4802 3459 4873 expugnabat;

1883 4887 1932 4934 et
1958 4881 2014 4934 in
2042 4896 2122 4936 me
2149 4881 2513 4952 gloriﬁcabant
2540 4883 2706 4940 Deum
2734 4886 2876 4958 (Gal.
2907 4907 2944 4954 ι,
2969 4890 3056 4957 22,
3083 4891 3193 4962 25).
3231 4894 3461 4952 Proinde

1885 4985 2075 5026 manus
2093 4971 2308 5041 quidem
2321 4973 2390 5028 ab
2412 4989 2576 5045 opere
2598 4977 2742 5034 bono
2767 4996 2875 5035 non
2905 4980 3135 5046 desinat,
3152 4999 3253 5039 nec
3281 4993 3459 5042 tamen

1885 5063 2094 5118 animus
2121 5063 2195 5118 ita
2217 5073 2489 5136 operetur,
2521 5079 2582 5124 ut
2607 5087 2816 5150 merces
2837 5074 2963 5129 boni
2992 5077 3190 5145 operis,
3214 5079 3460 5136 humanae

1885 5153 2058 5209 laudis
2080 5155 2650 5217 iutentionecassetur.
2675 5162 2964 5233 Apostolus
2991 5168 3155 5236 enim,
3186 5171 3326 5226 sicut
3345 5173 3460 5242 ipse

1885 5250 2130 5310 testatur,
2161 5247 2274 5302 vult
2297 5257 2354 5303 ut
2382 5249 2547 5305 simus
2573 5254 2762 5308 sinceri
2789 5263 2837 5309 et
2866 5257 2978 5312 sine
3015 5260 3214 5329 offensa
3246 5263 3301 5316 in
3324 5263 3459 5318 diem

1881 5331 2093 5399 Christi,
2136 5338 2314 5405 repleti
2351 5341 2521 5410 fructu
2544 5343 2782 5412 justitiaz,
2821 5363 2914 5417 per
2955 5349 3133 5405 Jesum
3180 5349 3456 5420 Christum,

1879 5427 1933 5480 in
1953 5428 2174 5500 gloriam
2194 5440 2243 5484 et
2264 5430 2467 5486 laudem
2489 5431 2587 5488 Dei
2611 5435 2833 5509 (Philip.
2858 5455 2896 5505 ι,
2928 5439 3015 5506 10,
3045 5441 3156 5514 il).

217 5544 362 5602 etiam
388 5550 464 5606 illi
485 5555 577 5622 qui
623 5570 692 5610 ex
718 5573 880 5614 carne
909 5560 1047 5616 filios
1082 5562 1284 5619 habent
1327 5581 1436 5621 non
1479 5568 1597 5623 sine
1643 5583 1772 5638 pec-
1944 5563 2074 5620 CAP-
2106 5583 2195 5621 XX-
2239 5567 2440 5624 Bonum
2467 5587 2594 5642 ορίιδ
2624 5590 2728 5629 non
2753 5577 2929 5630 υίνιιιιί
2957 5579 3199 5649 ρνορνὶω,
3223 5580 3316 5634 θεά
3335 5597 3458 5652 θνα·-

218 5643 323 5690 cato
351 5641 707 5702 thesaurizare
734 5649 833 5705 sibi
861 5650 1193 5709 delectentur
1223 5655 1275 5710 in
1299 5658 1512 5712 saeculo.
1537 5657 1773 5714 Cunctos
1876 5657 1962 5711 tia:
1982 5654 2080 5711 Dei
2093 5641 2586 5715 attribuendum.r—
2735 5665 2793 5722 ln
2822 5667 3002 5725 studio
3031 5683 3159 5738 ergo
3188 5670 3455 5728 bonorum
3482 5645 3538 5758 ﬁ"

219 5727 342 5758 ρης...
373 5731 549 5758 (LI-I--
589 5754 687 5758 ____
729 5738 819 5758 ολ
848 5750 907 5758 η.
1106 5753 1116 5758 -
1227 5746 1262 5758 ..
1381 5755 1389 5758 .
1535 5750 1548 5758 .
2174 5756 2181 5758 .
2216 5749 2230 5758 .
2323 5749 2359 5758 ..
2419 5753 2433 5758 -

219 5727 345 5786 enim
373 5731 553 5794 fideles
589 5754 696 5797 uno
729 5738 979 5800 Salvator
999 5753 1186 5801 noster
1210 5746 1460 5818 dignatur
1485 5750 1778 5808 admonere
1881 5762 2104 5820 Operum
2132 5756 2189 5805 et
2215 5749 2391 5808 laudis
2419 5727 2666 5812 humanae
2716 5764 3048 5830 contemptu,
3091 5727 3222 5818 cave
3265 5778 3333 5818 ne
3360 5763 3457 5819 bo-

280 5912 403 6000 {ita
429 5933 530 5976 ms.
557 5915 742 5986 Corb.,
772 5915 963 5978 Colon.
993 5925 1052 5976 et
1077 5916 1204 5977 Ant.
1237 5919 1404 5982 Basil.
1433 5939 1588 5995 vero,
1615 5944 1770 6000 raps-

216 5923 403 6036 ³⁸1ἔειιιι
429 5933 530 5976 ms.
557 5923 742 5986 Corb.,
772 5923 963 5978 Colon.
993 5925 1052 5976 et
1077 5923 1204 5977 Ant.
1237 5923 1404 5982 Basil.
1433 5939 1588 5995 vero,
1615 5944 1770 6000 ηρα-
1949 5923 1978 5969 δ
2007 5923 2109 5982 Ms.
2137 5923 2326 5993 Corb.,
2355 5923 2590 5984 Laudari
2615 5929 2836 6001 quidem.
2869 5931 3031 6004 Editi,
3063 5938 3266 6010 quippe.

295 5995 330 6038 ε.
