4072 6332
451 486 560 554 323

454 674 859 776 gnam-virtuti;
880 696 988 753 iino
1012 686 1236 748 ﬁrmiter
1252 692 1375 745 tene
1393 685 1592 743 nullam
1617 682 1711 739 tibi
1730 674 2042 737 facultatem

453 772 633 856 inesse
657 808 815 867 posse
842 791 999 847 bonae
1027 784 1319 842 voluntatis
1341 786 1435 837 aut
1462 778 1662 851 operis,
1711 774 1812 832 nisi
1839 772 1892 830 id
1917 786 2042 843 gra-

457 890 598 947 tuito
644 863 866 942 munere
911 870 1102 937 divina:
1148 873 1508 932 miserationis
1552 866 1844 940 acceperis.
1893 863 2044 923 Scito

1476 466 1538 536 S.
1573 458 1937 539 FULGENTII
1974 454 2275 523 EPISCOPI
2312 454 2684 517 RUSPENSIS

453 625 584 668 num
613 607 759 682 quod
789 605 938 670 lacis,
969 617 1076 658 non
1105 596 1291 670 gratiae
1312 594 1442 664 Dei,
1483 592 1579 648 sed
1609 600 1712 646 tute
1736 587 1875 679 velis
1903 581 2039 640 assi-
2066 580 2121 643 Α

3618 432 3734 500 324

2701 566 3036 624 EPISTOLA
3068 562 3159 621 Ill.

2762 703 2828 742 AD
2868 698 3093 740 PROBAIL

2471 800 2553 856 De
2586 799 2891 871 Virginitate
2914 807 3067 868 atque
3093 792 3425 848 Humilitale.

2168 964 2171 967 ν
2223 896 2378 969 163
2392 892 2575 952 CAPUT
2598 906 2818 947 Ριιικυιι.
2837 885 3232 960 Congratulatio
3257 883 3319 937 de
3340 879 3593 954 spiritalis
3617 880 3736 935 vita

458 998 588 1054 "3°
637 981 805 1036 Deum
836 977 889 1033 in
920 970 974 1032 ie
1002 970 1217 1044 operari
1263 974 1319 1053 et
1342 966 1479 1023 vene
1529 970 1587 1022 et
1628 951 1909 1036 perﬁcere’
1940 974 2042 1030 pro
2145 951 2403 1048 5.375313.
2448 987 2684 1044 Servitus
2732 981 2928 1038 Christi
2951 951 3139 1045 ibono,
3168 979 3328 1033 noxia
3355 951 3570 1031 libertas
3610 988 3738 1040 pec-

458 1052 600 1135 bona
652 1065 950 1126 voluntate.
1008 1056 1243 1119 Proinde
1297 1052 1419 1116 eum
1474 1052 1668 1113 timore
1711 1060 1767 1109 et
1810 1054 2049 1107 tremore

460 1173 609 1222 tuam
639 1162 865 1219 salutem
895 1174 1123 1233 operare
1156 1154 1376 1229 (Philip.
1409 1169 1466 1218 ιι,
1500 1142 1586 1215 12,
1618 1145 1728 1233 i5).
1756 1143 2049 1233 Humilia‘r‘e

460 1258 517 1316 in
562 1268 855 1328 conspectu
884 1228 1129 1320 Domini,
1180 1257 1238 1307 ut
1283 1246 1487 1304 exaltet
1524 1244 1578 1300 te
1608 1232 1663 1315 (Ι
1691 1239 1944 1328 Petrxv,‘
1965 1228 2047 1305 6).

462 1346 546 1404 Ab
587 1336 678 1404 illo
698 1317 883 1419 -posce
933 1317 1429 1401 honzevoluntatis
1474 1331 1776 1396 exordium,
1824 1317 1890 1383 ab
1934 1317 2051 1396 ipso

461 1438 677 1511 postula
716 1434 873 1493 honre
900 1431 1234 1507 operationis
1261 1428 1532 1492 eii‘ectum,
1562 1424 1629 1479 ab
1658 1421 1775 1495 ipso
1802 1433 2052 1511 perseve-

461 1498 651 1588 rantia:
691 1528 891 1584 donum
937 1498 1093 1597 pete;
1148 1537 1247 1577 nec
1293 1516 1583 1590 aliquando
1626 1522 1684 1597 te
1711 1516 1868 1583 putes
1913 1498 2054 1564 illius

463 1618 733 1692 adiutorio
763 1594 1055 1673 desistente
1083 1608 1281 1683 aliquid
1309 1624 1470 1682 posse
1509 1594 1641 1663 boni
1667 1602 1805 1660 velle
1833 1608 1928 1692 seu
1972 1599 2055 1692 l'a-_-

463 1684 611 1771 cere.
664 1711 817 1767 Illum
846 1724 975 1779 roga
1005 1716 1065 1764 ut
1111 1713 1321 1761 avertat
1344 1702 1532 1759 oculos
1559 1700 1712 1761 tu‘os,
1746 1708 1812 1750 ne
1838 1684 2059 1750 videant

462 1806 756 1862 vanitatem
777 1801 952 1877 (Psal.
975 1804 1156 1865 cxvrii,
1180 1794 1272 1869 57)
1290 1813 1306 1863 ;
1330 1796 1504 1866 ipsum
1522 1789 1735 1863 postilla
1753 1797 1815 1843 ut
1834 1786 2060 1841 demon-

465 1902 602 1955 stret
623 1897 719 1952 tibi
738 1896 880 1951 viam
902 1895 954 1949 in
970 1908 1080 1963 qua
1104 1889 1374 1954 ambules;
1397 1887 1573 1957 ipsimi
1592 1883 1818 1939 obsecra
1837 1885 1896 1933 ut
1910 1889 2061 1947 gresa

2148 1084 2349 1139 cati.—-
2363 1080 2415 1136 1.
2429 1077 2672 1151 Spiritali
2691 1073 2963 1132 desiderio
2975 1081 3138 1142 atque
3158 1071 3400 1126 instituto
3423 1076 3535 1129 tuo,
3550 1074 3743 1120 sancta

2149 1174 2349 1231 famula
2363 1173 2459 1229 Dei
2475 1171 2672 1233 Proba,
2688 1176 2949 1242 quantum
2967 1163 3309 1234 congratuler
3326 1170 3487 1237 atque
3501 1172 3743 1228 congau-

2153 1264 2335 1330 deam,
2358 1262 2553 1319 vellem
2580 1266 2955 1331 competenter
2981 1255 3162 1313 verbis
3182 1253 3486 1331 exprimere
3502 1290 3518 1317 ,
3550 1249 3596 1305 si
3618 1248 3741 1320 pari

2152 1354 2317 1411 modo
2328 1353 2713 1422 cogitationem
2724 1349 2927 1406 locutio
2942 1353 3127 1419 posset
3139 1360 3376 1417 requare.
3394 1343 3580 1414 Neque
3594 1340 3745 1397 enim

2154 1444 2310 1518 parvi
2330 1442 2593 1515 propositi
2619 1440 2782 1497 debet
2821 1439 3079 1496 indicium
3101 1434 3386 1501 ai'stimari,
3417 1433 3583 1504 quod,
3615 1447 3745 1488 cum

2157 1542 2213 1589 te
2238 1540 2471 1598 constet,
2503 1531 2595 1586 illo
2640 1530 2697 1585 in
2725 1538 2779 1586 te
2800 1535 3060 1600 operante
3084 1543 3115 1582 a
3149 1543 3257 1599 quo
3284 1535 3366 1583 est
3393 1542 3543 1580 omne
3565 1524 3750 1578 datum

2158 1629 2408 1700 optimum
2446 1634 2495 1681 et
2526 1640 2674 1680 omne
2713 1623 2907 1679 donum
2951 1622 3229 1693 perfectura
3251 1616 3391 1689 (Jac.
3422 1632 3473 1680 ι,
3500 1614 3612 1684 17),
3635 1614 3749 1684 Spi-

2158 1719 2405 1774 ritalibus
2428 1716 2719 1773 virtutibus
2759 1712 3068 1784 praeditam,
3096 1708 3373 1766 arbitraris
3405 1715 3456 1761 te
3490 1715 3752 1774 tanquam

2162 1817 2470 1880 expertem,
2516 1807 2586 1863 de
2612 1805 2898 1862 virtutibus
2945 1799 3356 1857 admonendam.
3407 1797 3522 1853 Hoc
3567 1797 3754 1867 itaque

2162 1898 2419 1968 studium,
2449 1912 2559 1969 quo
2587 1912 2704 1963 me,
2732 1903 2921 1952 sancto
2947 1893 3115 1949 fratre
3141 1900 3349 1959 nostro,
3379 1888 3518 1945 Tuto
3543 1888 3755 1944 scilicet

466 2008 559 2050 805
579 2002 702 2046 “'03
721 1990 917 2059 diri!“
946 1984 1241 2045 secundum
1260 1982 1486 2037 Verbum
1511 1982 1670 2034 διιιίῐη
1689 2015 1706 2043 ν
1736 1981 1794 2029 εί
1816 1986 1924 2027 “0"
1953 1968 2058 2025 δυ’
2087 1973 2136 2035 Β
2162 1976 2261 2043 Dei
2288 1968 2485 2055 ξεῖνοί
2496 1987 2712 2057 scriptis
2734 1985 3106 2056 frequentibus
3135 1984 3434 2051 insistente,
3466 1983 3756 2037 vehemen-

466 2088 704 2144 minetur
723 2085 876 2156 133
896 2080 995 2137 tibi
1015 2079 1192 2135 omnis
1210 2074 1494 2147 iniquitas;
1518 2071 1668 2126 illum
1688 2081 1783 2123 ora
1812 2072 1874 2121 ut
1892 2074 2055 2134 opera

467 2190 725 2238 manuum
747 2186 964 2235 tuarum
988 2176 1184 2244 dirigat
1211 2182 1375 2243 super
1410 2176 1485 2223 te.
1519 2164 1754 2221 Viriliter
1782 2174 1913 2230 ergo
1929 2173 2057 2230 age,

467 2279 519 2331 et
538 2274 857 2345 conferatur
875 2280 965 2325 cor
988 2277 1129 2323 mum
1151 2264 1322 2338 (Psal.
1342 2268 1492 2329 xxvi,
1518 2256 1797 2331 ﬂ).laeta
1814 2255 1871 2309 in
1893 2250 2062 2345 Deum

471 2342 833 2439 cogitationem
871 2370 1034 2424 tuam,
1075 2366 1125 2414 et
1152 2361 1262 2429 ipse
1291 2365 1341 2410 te
1360 2354 1583 2410 enutriet
1609 2348 1782 2422 (Pent.
1810 2361 1917 2439 Liv,
1939 2342 2058 2416 25).

542 2436 671 2513 Car.
702 2462 814 2511 ut.
857 2446 973 2508 Nec
997 2448 1336 2523 diuidendum
1353 2447 1420 2501 de
1448 2443 1549 2499 Dei
1576 2442 1791 2496 auxilio.
1816 2436 2061 2492 Delecta-

472 2548 545 2606 κο
588 2550 641 2603 in
688 2544 978 2617 Scriptum
1020 2542 1216 2598 sanctis
1256 2531 1757 2612 querellam—'57.
1798 2528 1910 2584 Nec
1935 2526 2065 2598 quia

472 2640 605 2707 dixi,
636 2638 765 2694 nihil
794 2645 849 2692 te
875 2635 1075 2692 debere
1115 2630 1350 2704 propriae
1397 2627 1674 2695 assignare
1699 2619 1907 2685 virtuti,
1938 2617 2064 2673 ideo

473 2735 572 2791 tibi
598 2738 684 2790 est
719 2731 789 2788 de
833 2728 1016 2785 divina
1065 2726 1268 2781 virtute
1294 2737 1361 2777 ac
1385 2720 1590 2792 pietate
1618 2718 1670 2771 in
1700 2714 1884 2785 aliquo
1919 2707 2065 2766 ditii-

472 2827 726 2885 dendum.
755 2823 960 2880 Fidelis
987 2830 1065 2877 est
1086 2819 1232 2876 enim
1261 2816 1401 2872 Deus
1421 2817 1476 2869 in
1502 2812 1669 2869 verbis
1697 2810 1837 2871 suis.
1876 2815 1926 2862 et
1947 2821 2070 2862 san-

471 2926 586 2975 eius
610 2918 667 2973 in
686 2913 922 2972 limitibus
950 2910 1192 2984 operibus
1219 2909 1329 2964 suis
1376 2905 1553 2979 (Psal.
1599 2912 1777 2968 chIv,
1806 2900 1935 2972 15);
1966 2906 2070 2955 nec

474 3009 573 3065 tibi
620 3006 885 3082 animum,
924 3001 1215 3071 denegabit
1237 3011 1261 3037 ι
1290 2999 1347 3054 in
1390 2997 1495 3052 hoc
1544 2995 1764 3059 saeculo,
1795 3006 1899 3048 nec
1924 3000 2067 3061 pm

474 3099 642 3155 mium
691 3079 973 3151 subtrahet
1021 3093 1079 3147 in
1124 3089 1328 3145 hituro.
1379 3088 1483 3155 Qui
1530 3086 1629 3141 tibi
1675 3079 2070 3141 demonstravit

474 3195 682 3246 reatum
720 3185 890 3250 viam;
927 3190 986 3239 et
1031 3182 1149 3251 ipse
1176 3180 1279 3235 tibi
1320 3186 1406 3234 est
1431 3176 1695 3233 deductor
1722 3175 1788 3229 ad
1811 3173 2063 3245 patriam;

474 3277 647 3349 Spera
672 3288 794 3348 ergo
831 3275 888 3328 in
912 3271 1157 3337 Domino,
1179 3278 1231 3325 et
1258 3270 1344 3340 fas
1366 3267 1648 3322 bonitatem
1676 3262 1851 3336 (Psal.
1882 3266 2066 3327 xxxvi,

2167 2086 2249 2135 ter
2276 2078 2499 2148 instigas
2520 2084 2583 2133 ut
2603 2078 2701 2133 tibi
2721 2077 3006 2159 exhibeam
3030 2089 3339 2144 sermonem
3359 2075 3427 2130 de
3444 2075 3757 2143 virginitate

2163 2177 2327 2241 atque
2355 2168 2658 2224 humilitate
2697 2164 2894 2240 aliquid
2917 2167 3304 2231 continentem,
3335 2165 3390 2222 in
3412 2166 3542 2232 Deo,
3566 2166 3621 2220 in
3643 2180 3756 2237 quo

2162 2258 2429 2316 laudanda
2459 2268 2545 2317 est
2570 2260 2748 2316 anima
2769 2268 2884 2331 tua,
2911 2261 3138 2317 multum
3164 2260 3345 2327 laudo,
3377 2259 3472 2316 sed
3493 2268 3758 2332 quantum

2164 2353 2387 2410 laudare
2427 2354 2600 2411 debeo
2625 2393 2641 2421 ,
2668 2353 2892 2410 laudare
2918 2370 3025 2409 non
3055 2354 3247 2428 valeo;
3297 2361 3354 2409 et
3377 2360 3638 2425 quantum
3668 2334 3761 2409 m3

2163 2442 2292 2498 huic
2318 2442 2589 2499 desiderio
2616 2442 2777 2513 digne
2806 2443 3074 2498 laudando
3104 2443 3366 2514 imparem
3389 2458 3576 2509 cerno,
3602 2451 3760 2500 tanto

2164 2531 2335 2600 magis
2357 2528 2411 2586 in
2435 2522 2488 2587 te
2515 2530 2702 2597 Deum,
2729 2547 2824 2588 seu
2852 2518 2983 2588 dura
3012 2533 3333 2603 negatione,
3370 2534 3484 2588 sive
3505 2532 3761 2590 diuturna

2165 2615 2427 2677 dilatione
2450 2617 2722 2677 oil‘endere
2744 2623 2931 2678 timeo.
2963 2622 3170 2694 Quippe
3181 2622 3425 2681 Christus
3445 2623 3760 2694 otl‘enditur,

2166 2710 2213 2768 si
2242 2712 2460 2783 quando
2487 2712 2667 2769 debita
2695 2715 2929 2771 servitus
2957 2716 3213 2772 membris
3241 2716 3412 2787 ipsius
3431 2717 3756 2788 denegatur;

2167 2820 2289 2863 cum
2312 2820 2420 2860 non
2438 2804 2509 2861 oh
2528 2800 2674 2861 aliud
2700 2806 2816 2878 ipse
2839 2807 3069 2863 voluerit
3091 2808 3233 2863 male
3258 2809 3529 2880 quondam
3559 2811 3758 2868 liberos

2168 2914 2200 2956 a
2223 2898 2434 2971 peccati
2472 2900 2694 2955 servitio
2721 2900 2953 2956 liberare
2977 2942 2993 2970 ,
3017 2900 3120 2955 nisi
3160 2908 3219 2955 ut
3247 2917 3347 2955 nos
3373 2901 3597 2959 doceret
3622 2902 3762 2957 invi-

2167 3006 2286 3048 cem
2322 2992 2338 3028 ι
2366 2991 2535 3046 libera
2565 2993 2792 3048 caritate
2815 2992 3020 3049 servire
3050 3010 3064 3047 :
3087 3008 3226 3064 quos
3252 2994 3395 3048 enim
3421 3009 3766 3064 compressos

2170 3084 2375 3141 invenit
2394 3084 2528 3154 jugo
2557 3084 2768 3141 servilis
2796 3101 2861 3141 ac
2883 3086 3128 3157 pessima?
3152 3085 3434 3154 libertatis,
3458 3086 3768 3142 sublevavit

2168 3175 2315 3233 dono
2341 3177 2580 3233 liberalis
2608 3185 2771 3249 atque
2793 3178 3011 3250 optimae
3036 3179 3330 3236 servitutis.
3351 3178 3496 3236 illius
3523 3178 3765 3249 denique

2173 3267 2269 3340 (al.
2295 3269 2539 3342 inquam)
2588 3272 2766 3327 noxia:
2812 3272 3080 3328 libertatis
3104 3314 3121 3343 ,
3163 3274 3217 3329 in
3263 3290 3368 3344 qua
3414 3274 3581 3343 magis
3630 3273 3770 3329 libet

473 3368 533 3442 ὅ)
554 3386 569 3436 ;
594 3380 700 3425 uec
726 3375 782 3423 te
828 3373 989 3438 putes
1032 3372 1194 3435 90888
1242 3360 1496 3425 deﬁcere.
1528 3358 1575 3414 εί
1604 3365 1658 3412 ιθ
1688 3356 1778 3410 me
1811 3351 2067 3425 δίεηιιυε
2090 3353 2141 3418 ε
2170 3371 2400 3432 peccato
2442 3364 2650 3420 servire
2678 3378 2841 3433 quam
2868 3362 3004 3431 Deo,
3033 3367 3335 3435 apostolico
3360 3366 3519 3422 nobis
3545 3366 3769 3421 intima-

476 3461 640 3528 Merit
666 3452 958 3516 custodire.
980 3453 1254 3525 Scriptum
1287 3459 1372 3507 est
1388 3450 1573 3505 enim:
1606 3445 1736 3512 Quis
1763 3447 1991 3518 sperauit
2008 3447 2069 3502 in

477 3550 703 3609 Domino
727 3556 779 3606 et
805 3550 1052 3621 confusus
1074 3553 1154 3601 est
1172 3544 1198 3598 ι
1226 3552 1315 3598 aut
1333 3543 1447 3616 quis
1468 3540 1753 3610 permansit
1771 3538 1829 3592 in
1852 3536 2072 3593 standa-

480 3647 544 3701 ιιι
570 3645 684 3717 aliis
714 3652 768 3699 et
794 3641 1065 3698 derelictus
1091 3636 1213 3694 est!
1237 3644 1329 3691 aut
1358 3634 1471 3707 quis
1497 3633 1772 3699 inuocauit,
1800 3636 1851 3685 et
1890 3626 2071 3699 despe-

475 3736 557 3789 zit
581 3735 731 3790 illum
772 3731 962 3805 (Ereti.
992 3742 1049 3797 ιι,
1082 3727 1173 3795 Η,
1205 3725 1334 3797 l2)?
1363 3725 1440 3781 Ne
1475 3726 1640 3795 igitur
1666 3722 1883 3777 amittas
1902 3718 2073 3776 coan

478 3822 716 3883 dentiam
742 3830 908 3890 tuam,
948 3834 1073 3892 qute
1099 3830 1349 3887 magnam
1385 3815 1551 3872 habet
1576 3811 2072 3870 remunerationem

479 3921 669 3997 (Hebr.
723 3928 778 3984 at,
819 3917 935 3990 55).
983 3915 1118 3972 Esto
1168 3912 1378 3969 stabilis
1428 3916 1485 3967 et
1534 3905 1842 3971 immobilis,
1892 3904 2071 3959 sciens

479 4013 630 4085 quod
658 4012 812 4067 labor
831 4015 956 4064 tuus
982 4015 1092 4063 non
1116 4005 1220 4061 erit
1244 4002 1419 4058 inanis
1465 4001 1521 4056 in
1567 3997 1824 4064 Domino:
1854 3996 2071 4066 potiora

479 4110 696 4175 semper
723 4109 938 4173 appete,
972 4107 1029 4155 et
1055 4098 1293 4153 animum
1321 4102 1471 4149 tuum
1510 4090 1577 4146 ad
1605 4091 1936 4146 incrementa
1965 4087 2073 4143 vir-

482 4198 614 4253 ttttis
647 4192 900 4253 extende.
929 4189 1212 4262 NuuQuam
1240 4192 1421 4245 cesses
1446 4196 1478 4240 a
1502 4182 1698 4240 divinis
1738 4181 1990 4252 eloquiis,
2017 4182 2074 4236 et

482 4294 654 4346 tutam
682 4274 1094 4341 delectationem
1120 4278 1296 4337 curdis
1320 4279 1399 4334 tui
1424 4272 1718 4346 Scripturis
1743 4272 1944 4328 Sanetis
1987 4271 2073 4326 ins-

482 4378 663 4449 dulge.
708 4376 824 4433 Non
853 4373 1090 4431 tenearis
1117 4370 1345 4428 nexibus
1383 4364 1666 4425 mundanae
1695 4362 2073 4422 delectationis

484 4471 584 4543 (al.
632 4466 964 4537 dilectionis)
993 4464 1046 4534 δ,
1093 4468 1150 4520 et
1196 4461 1266 4519 de
1315 4458 1535 4518 diabolo
1576 4460 1836 4530 prospere
1879 4454 2070 4511 trium-

484 4561 694 4636 phabis.

554 4652 647 4710 38.
686 4651 755 4707 Et
799 4658 860 4706 ut
892 4654 1093 4706 sancta:
1121 4644 1412 4718 Scriptura:
1453 4638 1762 4701 testimonio
1793 4648 1955 4713 atque
1977 4639 2073 4695 ad-

486 4747 787 4804 monitione
816 4754 1055 4816 praasens
1083 4734 1179 4798 tibi
1226 4739 1545 4796 terminetur
1572 4722 1824 4807 epistola,
1866 4732 2077 4789 cunctis

487 4854 609 4911 qua:
655 4815 905 4910 superius
934 4833 1076 4891 dicta
1096 4841 1225 4890 sunt
1248 4830 1355 4887 hoc
1381 4838 1598 4903 qtioque
1643 4820 1976 4882 subuectant.
2011 4815 2077 4881 In

486 4931 880 4988 Mansuetudine
909 4924 1065 4999 operti
1093 4937 1178 4981 tua
1198 4922 1406 4997 perfice,
1438 4927 1486 4976 et
1526 4928 1679 4992 Super
1711 4920 1939 4974 omnium
1966 4916 2079 4989 glo-

487 5022 622 5078 riam
669 5014 923 5091 diligeris.
954 5016 1163 5082 Quanto
1191 5015 1360 5084 magis
1385 5018 1579 5084 magna
1617 5024 1670 5064 es
1702 5020 1748 5073 ο,
1786 5006 2003 5062 humilia
2032 5010 2080 5064 te

484 5116 541 5169 in
567 5111 820 5178 omnibus,
851 5120 1094 5165 eteorum
1126 5106 1235 5162 Deo
1260 5103 1489 5159 invenies
1515 5103 1739 5174 gratiam
1779 5092 1967 5172 (Eccli.
2000 5108 2076 5171 ili,

489 5202 575 5271 iit,
608 5202 723 5272 20).
767 5195 1025 5257 Dominhs
1054 5206 1109 5255 te
1137 5201 1193 5255 in
1225 5192 1310 5252 via
1340 5195 1555 5251 virtutis
1584 5202 1694 5248 suae
1721 5188 1748 5231 ⁸
1776 5190 1989 5262 dirigat,
2022 5200 2079 5249 et

487 5294 556 5355 ad
585 5297 738 5366 regni
760 5292 995 5352 ctelestis
1021 5292 1284 5364 promissa
1320 5282 1597 5362 perducat,
1621 5285 1839 5344 domina
1857 5274 2078 5344 illustris

487 5388 616 5445 lilia.
650 5386 825 5443 Amen
846 5386 891 5440 θ.

491 5586 943 5719 ώεξῖὀὶἓοὼη
983 5583 1177 5643 Colon.
1207 5589 1265 5638 et
1285 5580 1436 5650 Ant.,
1466 5581 1703 5652 demat.
1731 5575 1895 5635 Basil.
1920 5592 2076 5649 vero,

593 5662 782 5715 enabit.

859 5714 1054 5788 (ἔκιώά
1085 5733 1139 5781 at
1162 5718 1310 5788 editi,
1346 5712 1586 5778 humanm
1611 5720 1986 5788 delectationis.

566 5737 590 5769 ι)
619 5737 710 5785 Sic
730 5747 829 5787 ms.
859 5737 1051 5785 Corbs
1085 5737 1139 5781 at
1162 5737 1310 5788 editi,
1346 5737 1586 5778 humanm
1611 5737 1937 5777 delectationi
1972 5761 1986 5775 .

566 5804 590 5840 ἓ
621 5796 746 5875 Mss.
774 5800 937 5875 Corh.
957 5798 1010 5853 et
1032 5771 1194 5858 Vict”
1225 5784 1427 5875 Quanto
1448 5795 1610 5864 magis
1633 5800 1823 5866 inagna
1842 5799 1915 5846 et.
1940 5737 2081 5847 ἓάίιι

491 5887 604 5932 non
633 5872 835 5927 habent
856 5869 993 5923 hanc
1020 5882 1203 5922 vocem
1226 5869 1413 5933 magis.

562 5941 587 5982 ἀ
620 5941 720 5998 Ms.
751 5938 1020 6005 Corh.,_itt
1047 5937 1135 6005 eia
1150 5934 1370 6005 iustitiae
1392 5949 1553 6005 (sum.
1648 5982 1651 5995 ,

569 6024 592 6053 ο
622 6011 812 6086 inuis.
844 6001 1004 6068 Corb.
1038 6001 1251 6065 additur
1282 6001 1480 6070 Amen;
1511 6004 1663 6061 abest
1691 6003 1757 6059 ab
1786 6003 1965 6061 editis.

2174 3464 2282 3510 tam
2326 3462 2572 3513 tenemus
2640 3470 2893 3512 sermone
2938 3456 3180 3512 laetitiam
3232 3458 3411 3528 (forte
3450 3456 3767 3529 notitiam);

2172 3549 2302 3607 dicit
2327 3564 2563 3619 namque
2595 3567 2609 3604 :
2639 3549 2764 3605 Cum
2793 3552 2932 3605 enim
2977 3552 3111 3605 servi
3139 3551 3318 3605 essetis
3346 3551 3544 3621 peccati
3569 3591 3585 3618 ,
3616 3548 3772 3606 liberi

2174 3644 2346 3716 {uisus
2365 3643 2607 3714 justitite.
2640 3643 2709 3700 Et
2746 3643 3007 3713 adjiciens
3034 3644 3111 3699 ait
3141 3662 3153 3697 :
3199 3642 3361 3708 Quem
3385 3661 3508 3716 ergo
3541 3646 3774 3715 fructum

2174 3733 2426 3789 habuistis
2451 3744 2570 3788 tunc
2614 3735 2670 3789 in
2724 3733 2904 3806 quibus
2934 3751 3071 3788 nunc
3095 3732 3436 3795 erubescitis?
3462 3731 3606 3789 Nam
3643 3736 3776 3805 ﬁnis

2174 3824 2384 3880 illorum
2400 3842 2541 3880 mors
2563 3833 2642 3879 est
2665 3822 2845 3895 (Rom.
2869 3841 2945 3889 vr,
2968 3824 3056 3889 20,
3087 3823 3201 3896 21).
3227 3824 3376 3878 illam
3406 3839 3623 3895 quoque
3646 3840 3774 3880 ser-

2172 3915 2423 3980 vitutem,
2452 3929 2613 3984 quam
2642 3914 2857 3969 liberati
2886 3914 3223 3983 accepimus,
3257 3923 3316 3969 ut
3341 3914 3622 3970 liberatori
3653 3914 3773 3972 Deo

2173 4003 2472 4060 liberaliter
2525 4004 2881 4072 serviremus,
2932 4004 2986 4058 in
3031 4003 3480 4081 subsequentibus
3525 4003 3775 4074 ejusdem

2173 4092 2436 4149 doctrinae
2465 4092 2804 4149 sermonibus
2834 4094 3138 4148 invenimus
3163 4136 3177 4163 ,
3219 4108 3342 4149 cum
3387 4094 3516 4151 dicit
3544 4114 3555 4148 :
3609 4094 3773 4151 Nunc

2175 4195 2348 4241 autem
2367 4186 2573 4240 liberati
2601 4203 2635 4239 α
2663 4194 2893 4255 peccato,
2931 4187 3065 4240 servi
3094 4197 3265 4240 autem
3292 4189 3419 4258 facti
3444 4186 3579 4254 Deo,
3608 4188 3776 4243 Imbe-

2176 4280 2242 4334 tis
2274 4281 2497 4352 fructum
2532 4287 2752 4332 uestrum
2781 4278 2835 4333 in
2864 4278 3331 4349 sanctiﬁcationem
3362 4287 3389 4326 ε
3414 4320 3427 4339 ,
3460 4280 3619 4350 ﬁnem
3645 4295 3775 4337 vero

2174 4370 2332 4424 vitam
2352 4377 2602 4424 aeternam
2624 4365 2786 4441 (Ibid.
2813 4406 2828 4433 ,
2853 4364 2969 4437 22.)
3000 4364 3136 4423 Ecce
3165 4382 3273 4436 quo
3300 4368 3448 4422 ducit
3477 4384 3542 4423 ac
3565 4369 3774 4438 perdu-

2175 4460 2251 4515 cit
2270 4460 2384 4515 hzec
2402 4466 2591 4514 sancta
2619 4457 2872 4525 servitus,
2897 4456 2950 4511 in
2970 4470 3075 4525 qua
3098 4471 3241 4511 verae
3262 4456 3526 4512 libertatis
3546 4464 3629 4511 est
3648 4472 3778 4512 mu-

2177 4563 2315 4603 nus:
2347 4547 2415 4602 ad
2446 4547 2609 4602 vitam
2638 4546 2845 4601 scilicet
2872 4540 3150 4611 aeternam,
3179 4545 3235 4600 in
3258 4560 3366 4615 qua
3394 4561 3612 4616 semper
3634 4546 3778 4603 vivi-

2177 4647 2295 4706 tur,
2337 4653 2663 4709 semperque
2692 4646 2964 4707 regnatur,
2990 4637 3044 4691 in
3067 4651 3171 4705 qua
3195 4652 3354 4693 nemo
3381 4646 3562 4693 tamen
3589 4638 3779 4694 homi—

2104 4754 2159 4816 Ι)
2181 4746 2312 4785 num
2341 4729 2513 4794 vivet,
2542 4727 2643 4783 nisi
2670 4728 2763 4798 qui
2785 4724 3139 4781 mortiﬁcatur
3165 4726 3292 4781 huic
3314 4726 3549 4794 mundo;
3575 4726 3629 4782 in
3658 4742 3779 4797 qua

2184 4836 2344 4876 nemo
2373 4818 2623 4889 regnabit
2645 4859 2661 4887 ,
2691 4817 2793 4873 nisi
2822 4815 3167 4886 qui'bumilis
3192 4825 3507 4886 perseverat
3551 4817 3605 4872 in
3632 4816 3777 4875 Deo.

2181 4913 2275 4968 illa
2306 4927 2539 4982 namque
2566 4912 2675 4967 vita
2715 4909 2843 4965 huic
2880 4906 3284 4964 mortiﬁcationi
3327 4908 3688 4978 promittitur,
3713 4917 3781 4966 et

2181 4992 2273 5062 illa
2297 5004 2561 5062 celsitudo
2598 5003 2727 5059 huic
2762 5000 3050 5057 humilitati
3082 5009 3329 5056 servatur
3359 5017 3374 5055 :
3407 5001 3508 5071 ipsi
3546 5001 3781 5056 humili-

2183 5100 2301 5167 tati,
2331 5113 2495 5170 quam
2536 5097 2745 5153 scilicet
2766 5094 3057 5151 ellicaciter
3084 5078 3440 5163 alacriterque
3469 5094 3693 5149 sectaris
3716 5090 3777 5162 ιι,

2185 5202 2242 5249 et
2289 5193 2344 5247 in
2371 5208 2477 5261 qua
2520 5199 2765 5246 sanctam
2807 5187 3191 5256 virginitatem,
3242 5184 3399 5258 165
3434 5185 3546 5242 Deo
3586 5194 3786 5243 custo-

2183 5285 2386 5350 diente,
2420 5282 2681 5349 custodis,
2702 5295 2791 5337 me
2817 5291 3036 5351 quoque
3063 5276 3259 5333 devote
3284 5275 3622 5348 libenterque
3650 5290 3778 5332 ser-

2181 5381 2298 5436 vire
2317 5375 2617 5448 compellis.

2262 5574 2281 5615 ί
2305 5574 2566 5637 Basil..ut
2583 5588 2677 5627 nos
2697 5570 2901 5624 doceret
2921 5567 3067 5624 nobis
3088 5570 3323 5624 invicem.
3350 5568 3448 5624 Ms.
3473 5567 3635 5623 Corb.
3658 5583 3784 5624 non

2183 5646 2346 5710 habet
2363 5644 2534 5700 nobis.
2551 5642 2741 5698 Colon.
2762 5649 2818 5710 et
2831 5642 2955 5695 Ant.
2967 5682 2983 5710 ,
2999 5649 3055 5697 ut
3072 5657 3168 5695 nos
3190 5642 3391 5695 doceret
3412 5656 3507 5694 nos
3526 5639 3777 5710 invicem.

2258 5728 2279 5765 ε
2305 5708 2432 5772 Mss.
2464 5712 2625 5770 Corb.
2660 5721 2717 5768 et
2744 5704 2984 5778 Victor.,
3014 5712 3584 5782 instincti/irationem,
3609 5708 3777 5782 juxta

2181 5794 2387 5845 textum
2415 5787 2660 5858 Graecum
2679 5784 2747 5858 si;
2764 5776 3036 5858 ἁγιαάμόν.
3068 5776 3232 5858 Editi,
3258 5776 3321 5858 iit
3336 5778 3783 5858 sanctiﬁcatione.

2255 5858 2282 5897 λ
2314 5858 2473 5924 Editi,
2527 5850 2817 5927 e/ﬁcaciter'
2844 5850 3082 5911 sectaris.
3134 5852 3235 5909 Ms.
3281 5850 3783 5923 Corb.,eﬂicaciter

2181 5930 2528 6001 utamurque
2564 5927 2804 5984 sectaris.
