4026 6336
1659 392 1995 455 EPISTOLA
2028 387 2118 454 Ill.

2332 325 2426 334 ..ι-ον

3427 391 3534 448 326

316 514 452 572 Car.
501 529 562 572 tt.
605 510 814 571 Serrire
874 515 1091 570 invicem
1139 513 1326 568 debent
1365 512 1594 568 membra
1642 513 1838 568 Christi
1865 515 1915 577 Δ
1943 523 2058 580 est;
2087 511 2180 582 qui
2207 511 2344 567 sicut
2363 511 2627 568 bonorum
2649 516 2956 568 nostrorum
2979 526 3088 568 non
3108 519 3251 580 eget,
3273 510 3351 567 sic
3375 513 3530 583 165

254 627 336 680 per
382 610 681 664 caritatem.
706 640 780 652 -
802 605 857 662 ‘2.
890 606 957 661 Et
977 620 1078 676 ego
1105 606 1320 677 quidem
1347 645 1361 669 ,
1393 614 1582 660 sancta
1613 603 1720 659 ﬁlia
1739 647 1756 672 ,
1783 606 1840 661 in

252 713 510 774 quantum
557 717 646 758 me
670 701 868 757 caritas
895 701 1020 765 Dei,
1057 713 1177 770 qua:
1204 699 1397 769 diffusa
1421 707 1497 753 est
1516 700 1572 751 in
1597 697 1839 752 cordibus

251 799 439 853 nostris
459 813 550 868 per
565 796 819 867 Spiritum
833 804 1088 859 sanctum,
1110 795 1196 866 qui
1216 793 1367 847 datus
1389 801 1464 847 est
1481 791 1627 846 nobis
1654 791 1834 864 (Rom.

251 905 296 955 v,
352 884 431 954 5),
489 894 599 940 tam
641 885 1035 942 delectabiliter
1083 899 1244 954 quam
1295 884 1588 940 liberaliter
1634 883 1840 939 servire

249 979 447 1034 Christi
491 979 748 1035 membris
768 979 986 1048 instigat
1006 1015 1021 1044 ,
1053 979 1178 1033 volo
1207 977 1351 1048 quod
1382 975 1660 1046 injunxisti
1686 991 1838 1032 com-

248 1079 496 1145 petenter
526 1072 781 1143 implere;
809 1071 986 1126 sciens
1026 1069 1177 1124 illum
1203 1083 1330 1124 vere
1357 1068 1574 1124 Christo
1605 1067 1833 1134 servire,

249 1165 329 1234 qui
349 1176 458 1234 per
483 1161 633 1218 illam
662 1163 944 1218 caritatem
968 1200 985 1228 ,
1013 1161 1212 1218 Christi
1235 1161 1490 1217 membris
1514 1161 1707 1227 servit,
1739 1175 1839 1230 per

250 1272 421 1325 quam,
459 1263 520 1309 ut
561 1254 804 1324 ejusdem
857 1253 1052 1310 Christi
1099 1255 1399 1309 membrum
1451 1253 1642 1321 ﬁeret,
1686 1254 1837 1323 prior

250 1366 334 1421 pro
357 1364 428 1404 eo
471 1349 720 1404 Christus
759 1347 876 1418 ipse
901 1347 1144 1404 servivit.
1178 1344 1408 1417 Propter
1435 1345 1581 1416 quod
1604 1346 1835 1416 Aposto-

251 1439 337 1506 lus,
363 1447 424 1493 ut
454 1439 522 1494 ad
555 1439 855 1494 libertatem
885 1438 1267 1509 perveniamus
1291 1446 1572 1503 aeternam,
1600 1438 1835 1492 servitu-

250 1539 343 1586 tem
369 1531 608 1586 liberam
641 1531 868 1586 invicem
911 1528 1110 1586 Christi
1141 1531 1397 1586 membris
1425 1531 1654 1602 imperat
1683 1531 1835 1586 exhi-

251 1622 487 1687 bendam,
513 1621 701 1678 dicens
732 1639 745 1675 :
787 1621 890 1676 Vos
916 1623 1052 1676 enim
1077 1605 1131 1676 ei
1162 1622 1454 1677 libertatem
1473 1625 1639 1678 vocati
1669 1625 1793 1677 estis
1816 1662 1834 1689 ,

254 1717 425 1786 fratres
454 1730 474 1769 :
524 1721 724 1768 tantum
745 1753 760 1780 ,
805 1729 869 1767 ne
897 1713 1188 1768 libertatem
1219 1715 1273 1767 in
1301 1715 1628 1770 occasionem
1653 1716 1834 1768 carnis

253 1805 404 1874 detis,
433 1806 524 1860 sed
549 1819 642 1877 per
671 1806 941 1860 caritatem
979 1807 1397 1861 serviteinvicem
1430 1805 1576 1879 (Gal.
1629 1823 1682 1872 v,
1719 1807 1832 1878 15).

1945 622 2162 678 semper
2173 606 2409 662 abundat
2429 607 2689 672 utdonet,
2714 624 2815 663 nec
2827 607 3080 663 donando
3100 606 3158 661 ﬁt
3179 607 3414 675 indigus.
3438 606 3530 675 qui

1945 699 2052 755 hoc
2063 698 2347 768 donatquo
2358 713 2571 770 semper
2591 698 2877 768 estplenus
2894 716 2908 763 ;
2927 713 3026 753 nec
3043 697 3276 766 estquod
3291 696 3365 751 illi
3382 713 3411 750 a
3442 713 3534 751 no-

1943 793 2028 848 bis
2053 791 2309 849 oﬁ‘eratur
2339 792 2433 864 (al.
2466 792 2740 864 alferatur)
2765 791 3126 861 cogitationis,
3158 791 3424 845 sermonis
3440 797 3535 844 aut

1943 887 2126 958 operis
2150 887 2408 958 placitum
2432 902 2646 951 munus,
2679 885 2820 956 quod
2843 887 2958 956 ipse
2985 902 3090 940 non
3115 884 3274 939 fuerit
3300 883 3531 952 gratuita

1945 979 2276 1048 benignitate
2298 978 2540 1047 largitus.
2559 977 2764 1033 ideirco
2778 985 2958 1032 autem
2978 975 3209 1045 gratuita
3219 988 3434 1042 semper
3450 979 3534 1025 est

1947 1071 2242 1127 Deisancta
2265 1071 2500 1139 largitio,
2520 1071 2648 1141 quia
2669 1071 3023 1124 humanorum
3048 1067 3362 1121 meritorum
3386 1063 3531 1118 nulla

1944 1180 2179 1234 unquam
2209 1165 2465 1235 praecedit
2483 1165 2695 1221 exactio
2727 1183 2739 1217 :
2772 1165 2896 1233 quia
2927 1162 3027 1217 etsi
3052 1160 3195 1232 quod
3225 1168 3309 1215 est
3330 1159 3532 1213 bonum

1943 1256 2229 1326 cujuslibet
2250 1256 2480 1311 hominis
2513 1256 2783 1321 meritum,
2807 1256 2875 1308 ab
2903 1254 3018 1323 ipso
3040 1259 3124 1307 est
3151 1252 3333 1319 utique
3362 1265 3392 1302 a
3422 1263 3532 1318 quo

1942 1356 2026 1404 est
2054 1364 2205 1402 omne
2241 1349 2421 1402 datum
2457 1349 2706 1418 optimum
2747 1355 2796 1400 et
2851 1362 3002 1400 omne
3029 1344 3221 1398 denunt
3246 1343 3532 1413 perfectum

1945 1438 2083 1510 (Jac.
2117 1455 2152 1504 ι,
2195 1438 2286 1507 i7)
2320 1457 2333 1492 :
2365 1438 2508 1509 quod
2528 1453 2630 1494 nec
2671 1437 2870 1492 habere
2900 1444 3080 1506 potest
3107 1435 3300 1501 homo,
3330 1433 3433 1486 nisi
3462 1429 3530 1486 ab

1942 1531 2061 1600 ipso
2101 1529 2262 1584 fuerit
2314 1530 2516 1595 datum,
2578 1546 2676 1585 nec
2717 1536 3134 1599 perseveranter
3166 1526 3390 1590 habere,
3425 1523 3530 1579 nisi

1941 1624 2106 1679 fuerit
2132 1623 2248 1694 ipso
2299 1623 2521 1678 custode
2551 1610 2842 1677 servatum.
2891 1619 2974 1674 Ab
3012 1619 3130 1688 ipso
3175 1617 3336 1686 igitur
3364 1630 3531 1686 posco

1941 1716 2093 1772 reddi
2135 1716 2291 1786 hujus
2315 1716 2481 1771 debiti
2505 1716 2846 1780 facultatem,
2875 1729 2906 1767 a
2929 1729 3036 1782 quo
3066 1709 3323 1766 reddendi
3347 1707 3533 1778 accepi

1940 1810 2295 1865 voluntatem.
2350 1809 2534 1878 Neque
2582 1808 2726 1863 enim
2775 1807 2862 1861 vel
2919 1803 3142 1860 reddere
3196 1803 3534 1872 aliquatenus

318 1917 368 1975 δ,
397 1919 608 1988 Quanto
638 1920 807 1988 magis
830 1920 990 1990 igitur
1017 1921 1244 1977 reddere
1265 1919 1412 1992 quod
1457 1923 1628 1992 exigis
1677 1921 1837 1992 hujus
1867 1900 1917 1962 Β
1941 1903 2156 1967 vellem,
2210 1902 2311 1957 nisi
2353 1901 2660 1957 misericors
2707 1901 2824 1992 ipse
2865 1899 3094 1992 donaret
3123 1906 3182 1992 ut
3207 1897 3421 1952 vellem.
3473 1892 3534 1992 Si

257 2011 511 2069 servitutis
560 2020 833 2082 praecepto
859 2012 1180 2084 compellor,
1230 2020 1380 2069 tanto
1425 2015 1598 2084 magis
1636 2015 1832 2071 virium

252 2117 480 2160 mearum
529 2102 968 2162 consideratione
1017 2104 1318 2162 deterreor.
1371 2105 1468 2162 Est
1521 2109 1665 2163 enim
1708 2108 1837 2165 talis

253 2196 518 2265 utriusque
547 2196 764 2252 virtutis
793 2197 1006 2268 copula,
1031 2197 1100 2254 de
1115 2213 1220 2269 qua
1249 2198 1379 2254 mihi
1403 2207 1489 2256 est
1511 2199 1744 2271 aliquid,
1773 2200 1833 2256 in

255 2295 490 2356 quantum
515 2287 660 2343 Deus
680 2288 980 2355 donaverit,
993 2288 1400 2360 diSputandum,
1423 2292 1555 2345 utin
1576 2291 1836 2361 praesenti

253 2379 339 2434 vita
367 2380 487 2450 ipsa
516 2380 592 2436 sit
637 2380 876 2436 omnium
903 2379 1164 2451 perfectio
1187 2380 1511 2452 culmenque
1532 2382 1829 2438 virtutum:

250 2471 354 2540 quia
375 2477 478 2526 nec
504 2471 561 2525 in
584 2486 814 2542 corpore
835 2481 918 2527 est
934 2469 1134 2542 aliquid
1164 2472 1473 2542 integritate
1494 2473 1707 2540 melius,
1728 2489 1833 2532 nec

248 2558 293 2614 in
318 2561 490 2615 anima
519 2569 607 2619 est
635 2561 836 2632 aliquid
876 2561 1018 2618 ﬁdeli
1050 2562 1354 2618 humilitate
1399 2563 1703 2621 sublimius.
1735 2545 1830 2621 Est

247 2651 361 2707 mihi
398 2659 584 2707 tamen
629 2651 955 2710 conﬁdentia
982 2654 1178 2709 divinae
1219 2655 1623 2726 opitulationis,
1657 2655 1713 2711 in
1759 2671 1828 2713 eo

250 2742 377 2813 quod
414 2742 648 2812 adjuvor
672 2743 1008 2801 orationibus
1038 2747 1250 2803 vestris.
1280 2743 1359 2802 Ob
1388 2747 1492 2803 hoc
1513 2748 1656 2802 enim
1685 2745 1828 2804 Deus

250 2836 402 2892 sancti
439 2837 698 2894 desiderii
727 2835 996 2895 fervorem
1028 2835 1151 2894 ﬁliis
1174 2837 1491 2911 ﬁliabusque
1521 2841 1631 2896 suis
1661 2841 1827 2911 inspi-

254 2933 350 2994 rat,
374 2931 432 2983 ut
457 2945 584 2984 cum
616 2943 646 2982 a
675 2931 954 2986 conservis
985 2930 1096 2985 suis
1127 2930 1369 3001 spiritale
1408 2927 1647 2986 debitum
1676 2927 1826 3001 ﬂagi-

251 3023 373 3087 tant,
402 3021 508 3091 ipsi
538 3029 754 3091 quoque
785 3037 883 3093 pro
913 3022 991 3078 eis
1018 3037 1178 3078 orare
1199 3021 1485 3078 Dominum
1513 3039 1620 3079 non
1642 3024 1823 3094 quies-

242 3123 388 3179 cant,
432 3121 598 3185 atque
628 3115 702 3170 ita
731 3124 943 3170 mutuae.
960 3115 1203 3171 caritatis
1232 3116 1411 3173 ofﬁcio
1457 3116 1536 3172 sic
1582 3113 1824 3173 debitum

240 3209 375 3280 quod
409 3211 510 3266 sibi
537 3209 766 3267 debetur
793 3213 1052 3281 exigant,
1082 3217 1141 3266 ut
1173 3210 1506 3267 debitoribus
1533 3209 1678 3281 quod
1706 3211 1796 3268 exi

242 3309 364 3371 gunt
385 3297 625 3358 reddant.

303 3391 352 3448 4.
374 3393 543 3451 Nemo
571 3401 656 3450 est
694 3395 839 3452 enim
887 3393 1124 3451 ﬁdelium
1150 3387 1244 3466 qui
1287 3395 1366 3452 sic
1394 3393 1496 3452 sibi
1534 3396 1819 3453 caritatem

239 3481 428 3554 ﬂagitet
453 3483 632 3553 reddi,
660 3491 720 3541 ut
767 3487 882 3557 ipse
920 3503 1028 3542 non
1054 3487 1201 3542 illam
1231 3504 1330 3544 suo
1368 3487 1566 3544 debeat
1593 3489 1820 3545 reddere

240 3577 472 3635 debitori.
486 3578 618 3648 Quae
634 3580 760 3636 licet
781 3581 834 3635 in
847 3579 1072 3637 diversis
1089 3580 1497 3650 donationibus,
1521 3581 1818 3638 secundum

241 3672 452 3742 gratiam
492 3687 611 3743 quae
657 3674 782 3729 data
835 3681 920 3730 est
957 3667 1113 3729 nobis
1137 3717 1152 3742 ,
1189 3673 1562 3730 differentibus
1602 3675 1816 3731 diverso

238 3765 373 3820 reddi
417 3767 663 3821 videatur
708 3763 936 3832 eﬁ'ectu,
983 3767 1036 3820 in
1089 3765 1359 3835 adjutorio
1406 3771 1587 3820 tamen
1618 3776 1816 3822 mutua:

241 3860 482 3915 orationis
507 3874 699 3914 omnes
727 3857 855 3914 facit
885 3859 1044 3912 unius
1072 3859 1238 3913 debiti
1281 3858 1600 3928 participes,
1634 3858 1684 3912 in
1708 3874 1814 3927 qua

237 3947 356 4006 facit
379 3951 615 4024 singulos
664 3951 914 4008 omnibus
954 3951 1249 4006 debitores.
1292 3949 1427 4006 Vide
1457 3952 1688 4021 qualiter
1723 3952 1814 4006 ille

239 4044 324 4113 qui
347 4060 401 4100 se
420 4045 724 4100 debitorem
749 4034 1083 4114 sapientibus
1111 4049 1166 4099 et
1196 4043 1570 4112 insipientibus
1593 4041 1814 4114 proﬁte-

236 4141 335 4202 tur,
360 4134 593 4191 debitum
617 4135 876 4190 orationis
904 4141 961 4190 et
987 4135 1195 4190 cunctis
1224 4133 1434 4200 reddat,
1467 4141 1524 4189 et
1548 4135 1616 4189 ab
1637 4135 1809 4190 omni-

235 4227 324 4282 bus
349 4228 542 4298 exigat.
574 4227 831 4282 Romanis
853 4227 949 4293 ait,
983 4225 1212 4282 reddens
1233 4225 1339 4282 hoc
1359 4225 1599 4282 debitum
1627 4245 1640 4280 :
1687 4225 1814 4281 Tes-

236 4322 292 4374 tis
331 4329 461 4375 enim
498 4321 626 4376 mihi
653 4329 730 4375 est
772 4319 938 4389 Deus,
963 4321 1043 4374 cui
1073 4321 1237 4374 seruio
1264 4322 1319 4374 in
1363 4322 1549 4392 spiritu
1577 4339 1722 4385 meo,
1754 4322 1820 4375 in»

234 4407 498 4484 Evangelia
513 4409 640 4466 Filii
661 4411 792 4482 ejus,
819 4410 955 4484 quod
974 4413 1087 4465 sine
1107 4412 1492 4466 intermissione
1510 4415 1812 4466 memoriam

233 4504 370 4555 restri
406 4505 545 4575 facio
573 4520 777 4574 semper
822 4504 877 4556 in
927 4503 1251 4558 orationibus
1281 4504 1404 4558 meis
1430 4502 1609 4577 (Rom.
1642 4521 1698 4572 ι,
1729 4503 1808 4574 9).

237 4587 330 4647 Sed
356 4590 512 4663 hujus
559 4593 726 4648 debiti
751 4633 767 4659 ,
818 4593 972 4663 cujus
1000 4602 1083 4649 est
1111 4593 1338 4650 devotus
1387 4595 1656 4662 redditor,
1687 4595 1816 4652 vide

232 4697 374 4752 quam
400 4687 469 4742 sit
491 4702 687 4741 avarus
709 4697 951 4743 exactor.
986 4685 1176 4742 iisdem
1200 4688 1384 4744 denuo
1410 4691 1485 4744 ait
1518 4709 1531 4742 :
1580 4689 1814 4746 Obsecro

232 4774 370 4845 igitur
399 4795 508 4846 ros,
529 4780 742 4849 fratres,
769 4795 859 4849 per
882 4775 1166 4832 Dominum
1188 4788 1423 4834 nostrum
1451 4777 1632 4834 Jesum
1658 4782 1812 4836 Chri-

234 4876 368 4934 stum,
393 4881 437 4922 et
459 4888 552 4940 per
574 4871 846 4923 caritatem
871 4870 1122 4940 Spiritus,
1146 4880 1203 4923 ut
1225 4870 1292 4923 ad
1289 4871 1479 4942 juvetis
1503 4889 1580 4926 me
1600 4875 1656 4926 in
1680 4891 1805 4928 ora-

236 4957 432 5016 tionibus
453 4965 548 5034 pro
575 4980 655 5016 me
676 4963 744 5016 ad
765 4959 1048 5018 Dominum
1079 4961 1255 5032 (Rom.
1289 4981 1377 5030 xv,
1402 4964 1514 5036 50).

297 5073 411 5130 Cu.
457 5091 535 5132 tn.
581 5075 917 5147 Sufﬁcientia
955 5086 1135 5130 nostra
1183 5092 1247 5130 ea:
1300 5073 1408 5131 Deo
1447 5088 1543 5133 est.
1599 5079 1642 5143 Α
1692 5080 1811 5136 Deo-

233 5172 299 5218 est
322 5168 438 5222 velle
456 5176 504 5222 et
533 5168 804 5239 perﬁcere.
829 5199 901 5212 -
921 5164 974 5220 5.
1000 5167 1056 5222 ln
1083 5168 1186 5223 hoc
1209 5168 1392 5224 debito
1415 5170 1562 5239 quod
1590 5172 1805 5241 exigitis

234 5269 263 5308 a
288 5259 428 5314 nobis
446 5268 501 5316 et
524 5259 750 5316 redditis
777 5260 950 5328 nobis,
983 5259 1225 5330 adjuvari
1253 5275 1339 5316 me
1364 5277 1472 5316 non
1501 5263 1708 5329 dubito,
1747 5271 1815 5318 ut.

234 5346 386 5418 Deus,
413 5356 503 5425 qui
533 5362 792 5426 operatur
830 5354 885 5410 in
929 5354 1038 5410 suis
1069 5361 1124 5409 et
1145 5353 1286 5408 velle
1314 5361 1369 5408 et
1412 5353 1672 5424 perﬁcere
1702 5373 1802 5425 pro

231 5439 358 5498 bona
386 5446 678 5511 voluntate,
707 5446 822 5516 ipse
844 5445 1008 5500 donet
1023 5443 1168 5514 quod
1187 5445 1346 5515 digne
1362 5446 1616 5516 cogitem,
1640 5447 1808 5514 digne-

231 5533 404 5592 dtcam.
434 5539 492 5596 ln
539 5541 696 5596 bonis
725 5539 867 5595 enim
897 5539 1318 5607 cogitationibus
1345 5557 1449 5595 non
1477 5557 1652 5595 sumus
1681 5543 1798 5596 ido-

235 5631 307 5682 nei
329 5635 544 5703 cogitare
574 5633 772 5706 aliquid
799 5649 832 5686 a
856 5632 1027 5696 nobis,
1055 5636 1202 5704 quasi
1233 5651 1299 5689 ea:
1327 5634 1495 5700 nobis,
1527 5637 1619 5690 sed
1645 5639 1806 5707 sufﬁ-A

237 5723 402 5780 tientia
427 5737 602 5784 nostra
628 5744 695 5783 ea:
720 5725 832 5782 Deo
871 5737 949 5782 est
975 5724 1064 5796 (ΙΙ
1104 5726 1222 5782 Cor.
1259 5743 1339 5796 tu,
1370 5726 1446 5797 5).
1490 5727 1558 5782 Et
1585 5731 1655 5784 ob
1693 5730 1798 5787 hoc

239 5823 328 5870 non
353 5816 618 5875 deﬁcimus
662 5817 951 5887 indigentia
979 5858 993 5883 ,
1025 5819 1149 5888 quia
1191 5819 1424 5887 gratuito
1466 5834 1690 5874 munere
1727 5821 1803 5876 ab-

239 5900 318 5960 lllo
340 5907 645 5966 sufﬁcientia
675 5917 861 5964 nostra
884 5916 982 5972 est,
1015 5908 1066 5961 in
1097 5923 1202 5976 quo
1233 5909 1524 5977 indigentia
1553 5910 1660 5966 ulla
1684 5927 1794 5966 non

1941 1995 2071 2066 quid
2101 1996 2282 2064 itaque
2305 1995 2359 2048 in
2389 1994 2492 2048 hoc
2519 2008 2686 2063 opere
2710 1991 2900 2047 dixero
2928 1991 3074 2060 quod
3107 1990 3314 2058 placeat
3338 1997 3394 2043 et
3421 1986 3536 2044 suf-

1942 2086 2108 2154 ﬁciat,
2136 2088 2240 2151 vel,
2271 2087 2315 2142 si
2339 2101 2445 2141 non
2469 2084 2724 2148 sufﬁciat,
2741 2083 2932 2138 saltem
2956 2082 3164 2152 placeat
3185 2089 3373 2137 saneto
3397 2078 3535 2135 desi-

1939 2179 2093 2237 derio
2122 2191 2238 2245 tuo,
2265 2196 2371 2234 non
2403 2191 2487 2234 est
2513 2192 2648 2234 mea:
2673 2176 3008 2246 indigentiae,
3038 2175 3132 2229 sed
3159 2173 3352 2228 divina:
3379 2170 3532 2227 sufﬁ-

1939 2275 2172 2330 cientiaa.
2203 2273 2409 2340 Siquid
2435 2288 2565 2327 vero
2591 2271 2815 2326 forsitan
2846 2270 2920 2323 ita
2951 2267 3161 2333 dixero,
3193 2275 3253 2322 ut
3291 2280 3392 2322 nec
3426 2263 3534 2321 suf-

1939 2366 2102 2422 ﬁcere
2142 2375 2234 2420 tuo
2264 2373 2454 2420 sancto
2482 2364 2655 2434 possit
2679 2362 2970 2429 desiderio,
3002 2374 3103 2416 nec
3128 2359 3378 2431 placere,
3419 2373 3532 2414 non

1938 2467 2022 2514 est
2041 2457 2372 2512 suﬂiclentize
2400 2453 2615 2518 divina),
2643 2453 2736 2510 sed
2766 2452 3073 2520 indigentia:
3101 2466 3253 2506 meae.
3299 2447 3532 2504 Proinde

1939 2549 2243 2605 Christiana
2283 2547 2480 2602 caritas
2529 2546 2815 2614 utrobique
2845 2545 3026 2614 operis
3054 2543 3137 2598 sui
3167 2549 3349 2614 partes
3374 2541 3531 2597 exhi-

1937 2641 2094 2708 beat,
2125 2649 2184 2694 ut
2212 2648 2267 2694 et
2293 2637 2666 2695 sufﬁcientiam
2723 2638 2815 2692 Dei
2865 2637 3138 2692 humiliter
3165 2641 3442 2706 agnoscat,
3471 2644 3531 2692 et

1937 2731 2243 2802 indigentiae
2263 2732 2442 2787 servili
2471 2731 2742 2801 patienter
2770 2729 3032 2798 ignoscat.

2008 2841 2136 2898 CAP.
2181 2857 2250 2898 tv.
2302 2841 2532 2915 Virginis
2561 2841 2701 2913 ﬁlius
2731 2841 3047 2913 virginitatis
3077 2851 3258 2897 auctor
3286 2851 3335 2896 et
3365 2857 3525 2913 spon-

1933 2952 2044 2990 sus.
2080 2934 2237 3006 Virgo
2265 2935 2414 3008 quasi
2442 2936 2640 3006 virago.
2666 2966 2736 2976 -—
2763 2933 3102 3004 6.Virginem
3124 2948 3332 2989 sacram
3358 2930 3410 2989 te
3422 2933 3527 2989 sibi

1934 3042 2161 3083 munere
2173 3025 2407 3096 gratuito
2429 3025 2572 3090 fecit,
2590 3026 2681 3096 qui
2699 3027 2874 3081 omnia
2895 3041 3207 3097 quacunque
3221 3025 3377 3079 voluit
3403 3025 3527 3098 fecit

1936 3122 2112 3190 (l’sal.
2129 3137 2275 3185 cxtu,
2296 3117 2406 3192 ll);
2427 3135 2456 3174 a
2469 3135 2575 3190 quo
2601 3116 2722 3174 ideo
2734 3117 2905 3187 gratia.
2924 3118 3082 3173 nullis
3097 3116 3524 3188 praecedentibus

1933 3212 2143 3266 meritis
2171 3209 2332 3265 datur
2358 3253 2374 3280 ,
2422 3219 2481 3265 ut
2509 3207 2583 3265 illi
2628 3225 2841 3280 semper
2883 3209 3175 3280 gratiarum
3218 3211 3359 3266 actio
3388 3223 3526 3280 pura

1852 3275 1898 3340 Ω
1929 3305 2111 3363 cordis
2140 3275 2444 3360 humilitate
2469 3275 2760 3359 reddatur:
2778 3275 2984 3360 Hicvest
3013 3313 3194 3360 autem
3216 3275 3524 3375 unigenitus

1932 3399 2032 3454 Dei
2064 3398 2248 3461 Filius,
2283 3397 2588 3465 unigenitus
2615 3399 2776 3452 etiam
2805 3395 3040 3467 Virginis
3071 3396 3231 3467 ﬁlius,
3254 3414 3390 3453 unus
3413 3411 3524 3454 om-

1931 3493 2076 3546 nium
2105 3507 2380 3547 sacrarum
2404 3491 2670 3559 virginum
2697 3505 2945 3560 sponsus,
2972 3499 3170 3545 sanctae
3198 3489 3522 3560 virginitatis

1929 3583 2134 3638 fructus
2159 3626 2174 3652 ,
2224 3581 2387 3639 decus
2411 3590 2466 3638 et
2504 3599 2727 3649 munus;
2756 3597 2915 3651 quem
2946 3581 3302 3652 corporaliter
3327 3590 3519 3639 sancta

1928 3667 2205 3745 virginitas
2233 3676 2476 3747 peperit;
2507 3675 2594 3732 cui
2641 3676 2956 3747 spiritaliter
2996 3679 3179 3731 sancta
3233 3675 3518 3746 virginitas

1928 3768 2112 3833 nubit;
2142 3784 2172 3822 a
2201 3783 2310 3837 quo
2339 3777 2522 3823 sancta
2564 3768 2841 3838 virginitas
2868 3759 3213 3834 fecundatur,
3239 3773 3297 3822 ut
3325 3783 3515 3839 perse-

1927 3869 2080 3914 veret
2107 3860 2310 3914 intacta
2336 3878 2350 3925 ;
2393 3877 2422 3914 a
2453 3875 2560 3930 quo
2607 3857 2929 3927 decoratur,
2962 3868 3021 3914 ut
3048 3868 3363 3930 permaneat
3391 3861 3516 3931 pul-

1927 3954 2092 4019 ehra;
2141 3968 2171 4007 a
2197 3969 2306 4025 quo
2335 3961 2629 4010 coronatur
2655 3997 2670 4020 ,
2718 3963 2776 4008 ut
2803 3961 2994 4025 regnet
3042 3953 3354 4025 perenniter
3399 3954 3518 4025 glo-

1927 4044 2090 4098 riosa.

2000 4133 2051 4190 7.
2085 4133 2425 4206 Quapropter
2451 4134 2638 4192 bonum
2666 4137 2955 4210 depositum
2975 4139 3173 4196 custodi
3196 4138 3247 4214 (ι
3274 4138 3408 4196 Tim.
3438 4157 3514 4210 Vl,

1924 4226 2039 4298 20),
2066 4235 2120 4283 et
2149 4229 2398 4283 meritum
2423 4229 2555 4284 tanti
2581 4230 2728 4295 boni,
2747 4230 2892 4301 quod
2918 4239 2977 4287 ut
3000 4231 3229 4287 haberes
3256 4232 3394 4288 Deus
3417 4232 3514 4290 de-

1925 4318 2028 4387 dit,
2059 4327 2114 4374 et
2143 4328 2202 4373 ut
2231 4311 2343 4374 Deo
2367 4336 2594 4375 voveres
2635 4321 2750 4391 ipse
2797 4321 2948 4389 fecit,
2991 4337 3060 4376 ex
3085 4323 3318 4378 nominis
3350 4325 3516 4394 ipsius

1925 4409 2316 4478 significatione
2355 4411 2628 4482 perpende
2662 4431 2674 4464 :
2709 4422 2817 4466 tam
2863 4428 3113 4481 magnum
3143 4414 3344 4484 quippe
3372 4413 3517 4470 Deus

1924 4501 2096 4559 voluit
2125 4520 2243 4560 esse
2271 4504 2472 4561 bonum
2518 4507 2859 4576 virginitatis,
2895 4516 2953 4562 ut
2978 4507 3106 4563 illud
3137 4525 3245 4562 non
3276 4509 3513 4574 aliunde,

1921 4594 2019 4650 sed
2050 4610 2117 4648 ex
2141 4594 2405 4651 vocabulo
2435 4595 2753 4666 dignaretur
2779 4599 3059 4655 nominare
3087 4599 3319 4655 virtutis.
3342 4597 3518 4670 Virgi-

1928 4688 2012 4742 nis
2039 4689 2218 4756 itaque
2244 4689 2288 4743 si
2317 4689 2438 4758 quis
2469 4691 2896 4761 velitdiligenter
2922 4693 3266 4751 considerare
3287 4697 3519 4751 vocabu-

1929 4782 2040 4837 lum
2064 4822 2078 4846 ,
2113 4797 2181 4836 ex
2224 4782 2441 4836 virtutis
2473 4782 2709 4838 inveniet
2739 4785 2956 4840 nomine
2983 4786 3282 4842 derivatum
3315 4806 3328 4840 :
3362 4789 3515 4859 virgo

1927 4876 2072 4930 enim
2097 4873 2308 4938 dicitur,
2333 4875 2482 4945 quasi
2508 4875 2692 4944 virago
2717 4894 2728 4927 :
2760 4878 3054 4946 viraginem
3089 4894 3216 4934 vero
3238 4877 3517 4950 Scriptura

1926 4977 2115 5024 sancta
2145 4985 2251 5024 non
2279 4969 2349 5025 ob
2380 4969 2524 5024 aliud
2548 4978 2796 5026 vocatam
2835 4971 2985 5037 dicit,
3017 4973 3118 5027 nisi
3163 4975 3285 5045 quia
3315 4975 3377 5028 de
3408 4977 3515 5032 viro

1925 5071 2132 5132 sumpta
2155 5072 2250 5116 est.
2267 5059 2382 5119 Hoc
2405 5071 2585 5117 autem
2605 5079 2635 5116 a
2663 5071 2850 5120 sancto
2869 5061 3197 5135 Hieronymo
3219 5067 3516 5122 secundum

1930 5149 2252 5209 Hebraicam
2293 5155 2680 5226 proprietatem
2733 5154 2853 5209 libri
2895 5153 3169 5212 Geneseos
3208 5158 3368 5213 docet
3415 5174 3516 5213 ex-

1926 5271 2113 5326 pressa
2142 5256 2454 5319 translatio,
2503 5255 2556 5308 in
2587 5270 2691 5324 qua
2722 5254 2800 5310 sic
2830 5254 3062 5310 habetur
3093 5274 3106 5309 :
3141 5256 3369 5312 Immisit
3389 5276 3514 5332 ergo

1925 5350 2181 5405 Dominus
2209 5350 2350 5404 Deus
2376 5365 2611 5418 soporem
2655 5349 2708 5402 in
2738 5349 2906 5404 Adam
2939 5366 2956 5403 :
2987 5367 3200 5422 cumque
3225 5351 3536 5434 obdormis-I

1924 5453 2041 5508 set,
2076 5442 2190 5496 tulit
2216 5457 2373 5495 unam
2402 5440 2465 5494 de
2508 5441 2664 5494 costis
2692 5441 2834 5511 ejus,
2866 5451 2916 5496 et
2939 5443 3150 5512 replevit
3180 5459 3385 5497 carnem
3417 5463 3516 5514 pro

1921 5552 2004 5597 ea,
2037 5544 2084 5587 et
2116 5533 2390 5604 cediﬁcavit
2419 5530 2674 5587 Dominus
2702 5531 2842 5586 Deus
2885 5541 3085 5586 costam
3126 5549 3280 5605 quam
3323 5536 3516 5592 tulerat

1916 5626 1984 5679 de
2033 5625 2202 5680 Adam
2229 5627 2284 5678 in
2333 5625 2622 5689 mulierem,
2680 5634 2729 5679 et
2776 5624 2997 5678 adduxit
3042 5642 3157 5678 eam
3201 5626 3271 5680 all
3300 5628 3514 5695 Adam;

1915 5719 2148 5791 dixitque
2182 5717 2351 5771 Adam
2380 5733 2398 5770 :
2422 5713 2539 5772 Hoc
2568 5733 2704 5771 nunc
2731 5733 2787 5772 os
2817 5734 2880 5770 ex
2911 5718 3110 5772 ossibus
3139 5720 3284 5785 meis,
3309 5729 3359 5775 et
3387 5738 3514 5777 care

1914 5819 1980 5872 de
2002 5835 2158 5872 carne
2177 5835 2310 5872 mea.
2350 5817 2396 5870 11
2403 5836 2474 5871 (vc
2505 5818 2766 5873 rocabitur
2798 5817 3021 5890 Virago,
3047 5820 3294 5892 quoniam
3313 5821 3380 5878 de
3403 5822 3516 5880 vim

1911 5925 2116 5980 sumpta
2139 5925 2214 5968 est
2241 5912 2452 5985 (Gerus.
2489 5931 2539 5979 tt,
2573 5914 2658 5975 ‘21,
2684 5913 2798 5984 ⁸2⁸2).
