4014 6340
505 399 610 456 327

1535 399 1598 458 8.
1635 400 1988 458 FULGENTII
2026 399 2325 458 EPISCOPI
2366 399 2735 459 RUSPENSIS

3660 403 3766 458 3‘28

578 512 708 570 CAP.
740 527 792 567 v.
825 511 1018 585 Virago
1041 530 1073 566 a
1093 514 1221 579 viro,
1242 514 1318 566 l‘lr
1343 529 1375 566 a
1403 514 1588 568 virtute
1615 513 1823 569 dicitur.
1849 514 2085 570 Ecclesia
2115 522 2160 576 Α
2190 531 2220 572 a
2248 517 2444 571 virtute
2471 517 2736 586 sumpsit,
2777 513 2854 569 sic
2881 528 2911 566 a
2936 511 3153 568 Christo
3179 509 3536 566 Christianum
3565 522 3765 563 nomen

505 615 557 660 et
571 597 715 678 virgo
731 615 780 660 et
807 607 880 658 rir
909 604 973 658 ab
1001 604 1246 674 Apostolo
1275 604 1480 659 dicitur.
1513 603 2085 660 AChristoCIu-istiana

505 697 742 754 Ecclesia
767 740 781 764 ,
809 699 937 751 sicut
983 714 1014 749 a
1052 698 1156 750 tiro
1194 698 1337 768 virgo
1365 697 1572 751 dicitur.
1625 695 1863 752 Ecclesia
1903 708 2084 752 sancta

506 793 693 846 dicitur
724 797 904 854 mater,
930 790 1070 859 virgo
1095 799 1143 842 et
1171 806 1380 858 sponsa.
1413 823 1485 833 —
1510 789 1563 845 8.
1595 789 1779 862 Itaque
1807 806 1926 846 cum
1947 792 2088 846 vira-

505 883 642 953 ginis
669 897 863 936 nomen
887 897 952 936 ex
986 883 1202 936 nomine
1223 882 1323 936 viri
1345 882 1702 950 descenderit,
1727 884 1848 953 quis
1875 884 2087 940 dubitet

503 973 643 1042 quod
672 974 752 1027 vir
777 989 807 1027 a
837 973 1029 1027 virtute
1056 981 1276 1027 vocatus
1303 974 1407 1027 sit?
1435 973 1502 1027 Et
1529 974 1673 1043 quia,
1717 975 1856 1030 sicut
1885 973 2084 1030 Paulus

501 1063 680 1126 docet,
709 1062 801 1116 illa
823 1062 994 1116 omnia
1026 1063 1076 1115 in
1106 1063 1275 1133 ﬁgura
1299 1064 1436 1133 facta
1456 1073 1574 1117 sunt
1603 1066 1767 1118 nostri
1799 1063 1851 1134 (I
1881 1064 1999 1118 Cor.
2026 1081 2079 1130 χ,

502 1153 582 1224 6),
611 1153 853 1223 profecto
905 1153 957 1206 in
989 1153 1076 1206 illa
1106 1155 1311 1222 virgine
1339 1170 1455 1224 qua:
1481 1170 1546 1209 ex
1578 1156 1677 1209 viri
1720 1153 1879 1210 ﬁebat
1907 1165 2080 1222 costa,

502 1245 676 1300 futura
701 1244 810 1314 jam
842 1252 970 1300 tunc
1011 1246 1451 1315 przeligurabatur
1492 1245 1732 1301 Ecclesia
1758 1287 1772 1310 ,
1804 1262 1924 1315 qua:
1951 1261 2084 1302 vere

501 1336 570 1391 de
598 1337 715 1390 viro
766 1345 979 1405 sumpta
1004 1377 1019 1401 ,
1051 1345 1106 1389 et
1133 1335 1200 1390 de
1228 1351 1338 1404 quo
1382 1345 1594 1405 sumpta
1638 1337 1713 1390 illi
1757 1338 2080 1406 conjuncta,

502 1426 626 1480 inde
653 1427 816 1480 habet
842 1419 893 1479 in
915 1425 1140 1496 veritate
1167 1427 1322 1496 166
1344 1426 1622 1493 virtutem,
1644 1426 1785 1482 unde
1800 1427 1962 1482 habet
1990 1443 2084 1484 ve-

502 1535 620 1573 rum
650 1518 905 1586 viraginis
934 1532 1148 1573 nomen.
1182 1517 1409 1587 Propter
1432 1520 1576 1587 quod
1598 1519 1737 1574 hanc
1764 1519 2080 1588 viraginem,

502 1609 554 1664 id
585 1619 668 1665 est
694 1611 951 1678 virginem
977 1649 992 1672 ,
1026 1625 1145 1680 qua:
1172 1609 1241 1664 de
1257 1611 1381 1691 ‘viro
1410 1621 1622 1682 sumpta
1647 1620 1750 1678 est,
1777 1628 1883 1666 non
1906 1613 2083 1668 solum

501 1701 737 1770 virginis,
783 1701 876 1755 sed
905 1701 1065 1756 etiam
1094 1701 1192 1754 viri
1241 1701 1456 1756 nomine
1484 1701 1680 1757 Paulus
1722 1718 1828 1758 non
1876 1703 2085 1760 dubitat

501 1794 801 1865 appellare;
826 1794 956 1853 dicit
998 1794 1141 1848 enim
1191 1793 1435 1848 ﬁdelibus
1469 1812 1481 1846 :
1515 1795 1779 1865 Despondi
1820 1798 1957 1850 enim
1995 1813 2082 1852 vos

2188 610 2414 678 accepit.

2256 700 2384 755 CAP.
2417 716 2490 754 vi.
2516 698 2692 769 Major
2715 700 2886 770 gratia
2907 696 3201 750 donationis
3229 695 3282 747 in
3304 694 3583 764 virginibus
3610 710 3766 765 quam

2184 795 2240 847 in
2262 794 2401 847 aliis.
2435 789 2768 862 Spadonibus
2807 790 2988 844 melior
3007 789 3148 844 locus
3173 790 3228 841 in
3258 803 3403 841 muro
3430 789 3765 857 promittitur.

2185 917 2256 927 —
2284 885 2369 938 lt).
2401 883 2530 951 Quae
2552 900 2670 940 cum
2703 884 2755 936 in
2785 883 3009 937 diversis
3032 879 3287 934 membris
3311 879 3423 934 suis
3450 880 3647 934 habeat
3672 878 3773 933 do-

2185 978 2452 1043 nationes,
2497 977 2791 1035 secundum
2829 975 3056 1044 gratiam
3085 988 3203 1042 quae
3231 971 3354 1026 data
3383 980 3464 1026 est
3492 971 3542 1026 ei
3566 1010 3582 1036 ,
3612 969 3770 1024 diﬁ‘eo

2185 1080 2404 1136 rentes,
2437 1067 2692 1136 majorem
2735 1077 2912 1120 tamen
2956 1064 3183 1134 gratiam
3228 1061 3534 1116 donationis
3576 1061 3626 1113 in
3662 1060 3771 1112 illis

2187 1160 2442 1216 membris
2471 1159 2694 1228 accepit,
2723 1157 2776 1212 in
2797 1156 2988 1227 quibus
3017 1146 3425 1223 ita'spiritaliter
3453 1153 3610 1220 virgo,
3631 1151 3773 1206 dici-

2189 1259 2276 1304 tur
2297 1289 2313 1314 ,
2337 1258 2396 1302 ut
2419 1249 2580 1304 etiam
2610 1263 2884 1317 corporeae
2915 1245 3230 1314 virginitatis
3257 1243 3562 1312 integritate
3593 1243 3772 1312 potia-

2189 1350 2296 1394 tur.
2329 1339 2459 1392 Nam
2490 1340 2541 1392 in
2564 1339 2772 1393 eteteris
2799 1337 3045 1391 ﬁdelibus
3073 1335 3344 1399 membris,
3375 1349 3495 1403 quae
3525 1334 3578 1388 in
3600 1332 3772 1387 Deum

2187 1427 2481 1483 secundum
2509 1426 2635 1482 ﬁdei
2661 1426 2941 1482 catholicae
2970 1425 3209 1493 regulam
3244 1431 3395 1479 recte
3430 1423 3689 1487 credunt,
3718 1431 3775 1476 et

2190 1521 2496 1592 pudicitiam
2530 1519 2864 1588 conjugalem
2903 1518 3239 1572 vidualemve
3281 1516 3620 1579 custodiunt;
3652 1529 3777 1584 quae

2185 1614 2394 1668 scilicet
2415 1627 2516 1667 nec
2553 1612 2778 1668 actualis
2805 1596 2930 1665 sunt
2957 1609 3328 1665 fornicationis
3355 1609 3658 1664 colluvione
3682 1622 3777 1663 re-

2187 1719 2397 1774 spersa,
2426 1710 2483 1758 et
2508 1703 2577 1757 ab
2599 1703 2744 1758 omni
2767 1710 2954 1772 stupro
2985 1709 3203 1756 manent
3224 1698 3552 1755 inﬁdelitatis
3576 1699 3781 1754 immu-

2187 1797 2310 1860 nia,
2357 1795 2583 1866 spiritali
2615 1803 2822 1849 tantum
2858 1793 3162 1863 virginitate
3191 1794 3394 1864 potitur
3423 1791 3687 1858 Ecclesia;
3721 1792 3778 1848 in

500 1889 590 1941 uni
618 1888 724 1941 viro
753 1887 998 1957 virginem
1032 1893 1230 1939 castam
1249 1886 1488 1940 exhibere
1506 1885 1710 1942 Christo
1735 1885 1826 1957 (11
1855 1886 1974 1942 Cor.
2009 1903 2083 1953 ιιι,
2115 1898 2163 1959 Β
2191 1885 2277 1940 his
2307 1900 2435 1941 vero
2464 1885 2721 1940 membris
2743 1926 2758 1951 ,
2789 1885 2841 1940 in
2871 1885 3065 1952 quibus
3094 1884 3171 1939 sic
3211 1883 3371 1938 ﬁdem
3415 1884 3648 1938 custodit
3691 1899 3781 1938 re-

501 1975 578 2047 2).
610 1977 854 2031 Christus
896 1984 981 2031 est
1008 1977 1206 2046 quippe
1221 1977 1302 2030 vir
1329 1977 1396 2031 de
1416 1993 1524 2046 quo
1554 1979 1668 2032 haec
1697 1978 1847 2046 virgo
1873 1987 2088 2048 sumpta

501 2076 604 2122 est.
630 2067 762 2137 Ipsis
786 2067 962 2122 denuo
984 2066 1225 2121 ﬁdelibus
1246 2067 1385 2120 idem
1407 2069 1681 2136 apostolus
1707 2068 1837 2124 dicit
1867 2087 1878 2121 :
1911 2069 2088 2123 Donec

501 2174 832 2212 occurramus
854 2174 1029 2212 omnes
1057 2158 1111 2210 in
1152 2159 1397 2211 unitatem
1425 2158 1549 2226 fidei
1578 2167 1626 2212 et
1650 2160 1933 2230 agnitionis
1957 2157 2090 2213 Filii

501 2247 622 2312 Dei,
653 2250 708 2302 in
735 2250 898 2302 virum
939 2250 1240 2320 perfectum,
1269 2249 1320 2300 in
1348 2265 1642 2302 mensuram
1668 2251 1836 2304 celatis
1865 2251 2090 2320 plenitu-

503 2341 641 2395 dinis
669 2341 856 2396 Christi
906 2340 1122 2412 (Ep/tes.
1165 2356 1250 2406 tv,
1309 2341 1418 2411 l5).
1454 2341 1560 2397 Per
1596 2352 1841 2398 sanctum
1870 2359 2089 2414 quoque

503 2431 669 2486 David
693 2474 707 2496 ,
735 2440 843 2486 tam
872 2432 1002 2487 viris
1028 2446 1191 2502 quam
1230 2432 1543 2488 mulieribus
1572 2433 1626 2487 in
1653 2449 1937 2488 commune
1976 2433 2089 2503 spi-

502 2523 675 2578 ritalis
712 2523 1079 2592 hujuscemodi
1121 2524 1491 2593 promulgatur
1534 2523 1769 2578 hortatio
1802 2543 1814 2576 :
1856 2523 2090 2578 Viriliter

504 2613 660 2686 agite,
688 2615 1069 2684 etconfortetur
1097 2631 1185 2669 cor
1210 2623 1452 2680 vestrum,
1475 2631 1650 2670 omnes
1669 2616 1756 2686 qui
1783 2617 2003 2686 speratis
2031 2616 2089 2669 in

504 2701 728 2758 Domino
760 2703 932 2774 (Psal.
959 2720 1094 2770 xxx,
1125 2702 1238 2771 '25).

574 2795 627 2850 9.
661 2793 859 2866 Typice
889 2795 1068 2866 itaque
1109 2811 1140 2849 a
1165 2796 1281 2851 viro
1309 2796 1519 2852 ducitur
1551 2797 1644 2866 (al.
1680 2797 1895 2867 dicitur)
1926 2801 2088 2869 virgi-

505 2887 589 2943 nis
629 2887 976 2951 vocabulum,
1015 2887 1468 2955 quemadmodum
1517 2888 1616 2960 (al.
1651 2890 1800 2960 quia)
1833 2906 2028 2944 nomen
2054 2906 2086 2945 a

503 2979 719 3034 Christo
747 2978 958 3033 ducitur
996 2979 1089 3049 (al.
1135 2978 1350 3051 dicitur)
1381 2979 1747 3036 Christianum
1781 3001 1794 3034 :
1844 2982 2088 3039 Christus

504 3070 647 3125 enim
689 3069 781 3124 Dei
809 3071 977 3124 virtus
1006 3078 1089 3125 est
1115 3078 1171 3125 et
1200 3070 1294 3125 Dei
1325 3073 1608 3141 sapientia,
1640 3089 1708 3127 ex
1738 3089 1846 3142 quo
1876 3082 1958 3128 est
1985 3073 2090 3130 Ec-

502 3161 684 3224 clesia,
715 3175 835 3231 qum
861 3161 1010 3231 virgo
1032 3161 1085 3215 in
1115 3159 1217 3216 ﬁde
1245 3174 1301 3216 et
1323 3164 1545 3218 caritate
1575 3165 1884 3233 persistens,
1918 3175 1972 3219 et
1999 3182 2086 3222 sav

2192 1987 2360 2043 ctam,
2386 1987 2445 2032 ut
2464 1978 2624 2032 etiam
2643 1992 2860 2032 carnem
2882 1978 2948 2031 ab
2969 1976 3114 2031 omni
3135 1976 3421 2031 concubitu
3443 1983 3681 2030 reservet
3696 1976 3782 2030 in-

2193 2079 2412 2132 tactam,
2447 2077 2650 2138 quanto
2676 2069 2974 2139 pleniorem
3017 2068 3183 2122 habet
3207 2068 3588 2136 virginitatem,
3620 2076 3783 2126 tanto

2191 2161 2403 2232 plenius
2428 2171 2483 2214 et
2511 2160 2800 2230 perfectius
2829 2161 3069 2229 ejusdem
3099 2160 3418 2228 virginitatis
3457 2163 3606 2232 167
3649 2177 3783 2231 pos-

2192 2251 2333 2306 sidet
2362 2266 2556 2306 nomen
2597 2270 2607 2303 :
2644 2251 2696 2305 in
2741 2252 2829 2305 illa
2861 2252 3092 2322 quippe,
3134 2251 3264 2304 nihil
3304 2251 3480 2305 minus
3515 2251 3681 2307 habet
3712 2252 3780 2306 ad

2190 2345 2386 2411 vitam;
2419 2345 2473 2399 in
2494 2345 2596 2399 hac
2617 2351 2815 2410 autem,
2840 2343 3068 2414 amplius
3089 2343 3285 2412 aliquid
3317 2343 3550 2411 acquirit
3570 2344 3638 2398 ad
3665 2345 3782 2412 glo-

2192 2437 2328 2492 riam
2353 2481 2368 2505 ,
2399 2436 2524 2506 quia
2569 2435 2708 2492 sicut
2737 2433 2934 2488 Paulus
2963 2434 3038 2487 ait
3065 2452 3076 2486 :
3109 2434 3228 2486 Alia
3257 2442 3333 2487 est
3368 2432 3539 2503 gloria
3561 2434 3711 2497 solis,
3731 2442 3780 2488 et

2193 2527 2301 2581 alia
2324 2529 2492 2598 gloria
2523 2526 2690 2590 lunw,
2720 2535 2769 2579 et
2791 2525 2897 2577 alia
2925 2524 3093 2594 gloria
3132 2523 3428 2584 stellarum;
3471 2523 3623 2576 stella
3643 2525 3778 2577 enim

2193 2636 2227 2672 a
2255 2618 2406 2672 stella
2435 2617 2606 2686 diﬂ'ert
2635 2618 2689 2670 in
2710 2616 2906 2686 gloria;
2930 2615 3003 2667 sic
3030 2622 3080 2667 et
3101 2615 3405 2668 resurrectio
3435 2624 3771 2667 mortuorum.

2192 2706 2436 2776 Denique
2463 2707 2563 2760 sub
2593 2707 2888 2774 spadonum
2912 2704 3128 2758 nomine
3151 2704 3306 2774 (quos
3334 2703 3499 2758 etiam
3524 2704 3576 2759 in
3604 2703 3774 2758 Evan-

2193 2799 2334 2868 gelio
2356 2806 2578 2869 propter
2596 2812 2821 2866 regnum
2846 2796 3106 2851 caalorum
3129 2810 3187 2850 se
3209 2796 3355 2865 ipsos
3375 2805 3640 2850 castrasse
3657 2793 3770 2849 Sal-

2193 2897 2351 2944 vator
2386 2887 2638 2956 aﬂirmat)
2688 2887 2964 2942 meliorem
2996 2887 3171 2941 locum
3210 2885 3264 2940 in
3313 2885 3475 2940 domo
3515 2901 3614 2941 sua
3639 2893 3693 2940 et
3723 2884 3778 2940 in

2193 2995 2349 3034 muro
2378 2995 2476 3036 suo
2503 2979 2762 3033 Dominus
2800 2993 2899 3049 per
2927 2977 3136 3032 Esaiam
3167 2977 3460 3046 virginibus
3489 2975 3778 3047 repromit-

2193 3075 2278 3130 tit.
2303 3075 2393 3130 Sic
2415 3075 2555 3129 enim
2586 3074 2840 3144 scriptum
2863 3083 2943 3128 est
2969 3093 2981 3125 ε
3017 3072 3145 3129 Ilaec
3168 3074 3291 3127 dicit
3311 3073 3562 3129 Dominus
3582 3075 3752 3146 spado
3767 3104 3782 3114 η

2191 3165 2344 3219 nibus
2380 3183 2392 3216 :
2429 3163 2728 3237 Quicunque
2769 3149 3107 3218 custodierint
3135 3173 3390 3234 prwccpta
3415 3181 3562 3229 mea,
3593 3173 3648 3218 et
3677 3166 3787 3220 ele-

503 3252 760 3324 pientiam
789 3252 1027 3322 possidet
1066 3260 1122 3306 et
1163 3253 1448 3320 virtutem;
1482 3254 1602 3309 ideo
1634 3271 1732 3310 nec
1770 3255 2088 3312 seductione
2117 3269 2165 3333 ς
2194 3256 2360 3326 gerint
2405 3271 2519 3326 qua:
2564 3273 2656 3333 ego
2705 3257 2818 3309 voto
2843 3293 2858 3317 ,
2901 3264 2950 3308 et
2997 3264 3370 3325 amplectentur
3416 3264 3784 3310 testamentum

502 3344 767 3414 decipitur
790 3384 805 3409 ,
839 3359 936 3398 nec
964 3344 1219 3400 violentia
1247 3344 1496 3408 vincitur,
1521 3347 1645 3414 quia
1671 3347 1892 3400 interna:
1922 3348 2086 3415 virgi-

501 3436 684 3490 nitatis
713 3435 1018 3505 integritate
1049 3434 1280 3489 fulcitur.
1313 3434 1448 3490 Huic
1476 3437 1668 3506 virgini
1700 3437 1886 3492 Esaias
1915 3440 2082 3493 dicit:

506 3525 765 3592 Quoniam
801 3529 1106 3598 complacuit
1137 3525 1360 3581 Domino
1389 3528 1443 3580 in
1473 3536 1552 3593 te,
1585 3539 1634 3582 et
1658 3539 1794 3582 terra
1825 3539 1913 3582 tua
1942 3532 2088 3584 inha-

503 3616 766 3672 bitabitur.
800 3618 1071 3672 Habitabit
1095 3620 1230 3672 enim
1246 3619 1449 3691 juvenis
1489 3636 1601 3672 cum
1633 3621 1843 3692 virgine,
1862 3632 1910 3674 et
1934 3620 2088 3675 habi-

505 3709 683 3764 tabant
707 3711 760 3763 in
786 3718 834 3762 te
853 3710 951 3780 ﬁlii
975 3711 1048 3763 tui
1073 3708 1222 3780 (Esa.
1251 3726 1376 3774 an,
1401 3708 1455 3774 4,
1485 3707 1561 3779 5).
1594 3709 1661 3764 Et
1690 3719 1750 3764 ut
1776 3711 2090 3766 ostenderet

505 3819 613 3856 non
650 3803 815 3856 alium
856 3817 974 3856 esse
998 3801 1252 3869 juvenem
1281 3817 1442 3869 quam
1469 3817 1724 3870 sponsum
1746 3841 1762 3868 ,
1794 3817 1896 3857 nec
1927 3803 2086 3856 aliam

504 3909 622 3950 esse
667 3894 928 3960 virginem
965 3907 1126 3960 quam
1173 3908 1465 3962 sponsam,
1523 3908 1777 3962 sponsum
1804 3901 1996 3948 autem
2034 3902 2089 3948 et

505 4000 754 4054 sponsam
786 3983 1053 4038 Christum
1083 3991 1138 4036 et
1184 3982 1479 4037 Ecclesiam
1507 4025 1522 4050 ,
1550 3993 1764 4055 secutus
1793 3984 2036 4053 adjunxit
2071 4003 2083 4038 :

507 4073 576 4125 Et
605 4071 845 4144 gaudebit
887 4089 1104 4142 sponsus
1133 4089 1284 4141 super
1322 4089 1596 4140 sponsam;
1633 4072 1699 4126 Et
1739 4074 1981 4144 gaudebit
2000 4091 2088 4128 su-

508 4180 599 4232 per
639 4173 683 4215 te
730 4161 867 4214 Dens
917 4172 1050 4214 tnns.
1103 4159 1225 4215 [huc
1254 4163 1405 4230 virgo
1433 4173 1602 4218 mater
1631 4174 1711 4218 est
1739 4166 1823 4219 cui
1846 4165 2038 4219 dicitur
2070 4184 2083 4219 :

509 4252 832 4306 Habitabant
862 4254 912 4305 in
947 4264 994 4305 te
1021 4253 1116 4321 ﬁlii
1159 4255 1258 4318 tui;
1299 4262 1354 4308 et
1393 4254 1508 4309 haec
1537 4263 1710 4310 mater
1739 4256 1892 4325 virgo
1914 4266 1997 4312 est
2021 4258 2089 4313 de

507 4363 613 4416 qua
634 4345 824 4399 dicitur
865 4364 875 4396 :
912 4343 1178 4398 Habitabil
1200 4346 1334 4398 enim
1349 4347 1552 4416 juvenis
1575 4363 1687 4400 cum
1727 4349 1939 4419 virgine.
1966 4347 2090 4404 Haac

507 4439 658 4505 virgo
679 4452 877 4505 sponsa
907 4445 992 4489 est
1019 4435 1084 4489 de
1097 4451 1200 4504 qua
1230 4435 1424 4490 dicitur
1457 4455 1467 4489 :
1503 4435 1569 4488 Et
1598 4437 1842 4508 gaudebit
1869 4455 2090 4508 sponsus

505 4546 657 4600 super
687 4545 947 4599 sponsam.
991 4525 1115 4581 Haac
1153 4526 1312 4595 igitur
1342 4526 1580 4582 Ecclesia
1611 4544 1716 4583 una
1743 4538 1798 4583 et
1826 4545 1952 4584 vera
1994 4545 2087 4585 ca-

2192 3363 2378 3409 meum,
2418 3344 2552 3399 dabo
2580 3331 2684 3399 illis
2712 3347 2768 3398 in
2789 3345 2940 3399 domo
2971 3362 3086 3398 mea
3112 3355 3160 3398 et
3188 3348 3242 3398 in
3271 3360 3414 3398 muro
3446 3362 3554 3397 meo
3603 3347 3778 3398 locum

2193 3439 2514 3490 nominatum
2562 3437 2832 3490 meliorum
2887 3437 3114 3506 ﬁliorum
3167 3446 3215 3489 et
3265 3436 3532 3506 filiarum;
3585 3451 3782 3489 nomen

2192 3527 2405 3582 electum
2437 3526 2568 3582 dabo
2589 3528 2695 3581 illis
2715 3569 2729 3592 ,
2761 3537 2809 3580 et
2840 3544 2942 3580 non
2968 3527 3172 3596 deﬁciet
3216 3525 3368 3596 (Esa.
3396 3543 3498 3594 ωἰ,
3519 3523 3569 3591 4,
3603 3523 3680 3595 5).
3717 3525 3783 3579 In

2192 3618 2516 3689 Apocalypsi
2541 3634 2757 3688 quoque
2781 3606 3186 3682 beati'.Joannis,
3211 3616 3288 3671 illi
3309 3627 3432 3671 sunt
3451 3617 3540 3685 qui
3561 3633 3788 3687 sequun-

2195 3722 2277 3765 tur
2322 3711 2524 3783 Agnum
2558 3727 2855 3783 quocunque
2884 3711 3001 3764 ierit
3057 3710 3239 3781 (Apoc.
3264 3725 3370 3776 xw,
3403 3708 3479 3781 4),
3503 3709 3592 3778 qui
3617 3708 3786 3776 virgi-

2194 3821 2291 3862 nes
2318 3817 2749 3875 permanserunt.

2265 3895 2393 3950 Car.
2425 3903 2515 3950 Vn.
2558 3894 2745 3949 Melior
2771 3896 3041 3965 virginitas
3061 3895 3246 3949 mentis
3274 3904 3324 3948 et
3351 3895 3599 3965 corporis,
3626 3908 3785 3966 quam

2195 3989 2303 4041 alia
2333 3988 2488 4041 dona.
2520 4020 2587 4028 —
2629 3985 2714 4040 il.
2749 3986 2930 4041 Claret
2960 3986 3141 4056 itaque
3171 3987 3310 4040 inter
3339 3995 3561 4040 czeteras
3589 3983 3780 4040 Eccle-

2196 4082 2289 4134 siae
2312 4081 2654 4146 donationes,
2684 4080 2791 4134 illic
2818 4081 3144 4150 praecipuum
3170 4096 3365 4134 munus
3386 4080 3641 4149 spiritalis
3660 4092 3786 4135 esse

2196 4173 2525 4238 carismatis,
2559 4172 2647 4226 ubi
2677 4173 2845 4248 virtus
2875 4173 2986 4243 ipsa
3018 4173 3340 4242 integritatis
3388 4173 3628 4243 perfecto
3666 4186 3787 4226 me-

2194 4274 2346 4320 retur
2391 4265 2654 4320 vocabulo
2694 4265 2902 4320 censeri
2951 4264 3184 4319 virtutis.
3243 4265 3500 4331 Quamvis
3538 4265 3680 4318 enim
3711 4264 3790 4318 sit

2194 4356 2465 4428 praphetia
2489 4355 2768 4410 secundum
2794 4358 3046 4410 rationem
3069 4355 3211 4427 ﬁdei,
3243 4358 3346 4411 sive
3367 4357 3707 4410 ministerium
3733 4357 3791 4410 in

2197 4450 2564 4517 ministrando,
2591 4451 2694 4504 sive
2721 4452 2807 4522 qui
2835 4451 2982 4504 docet
3008 4452 3060 4503 in
3083 4451 3339 4516 doctrina,
3364 4452 3452 4522 qui
3478 4451 3794 4504 exhortatur

2196 4545 2251 4598 in
2279 4543 2620 4608 exhortando,
2647 4544 2733 4616 qni
2755 4542 2930 4596 tribuit
2956 4545 3008 4597 in
3030 4544 3379 4614 simplicitate,
3404 4543 3492 4614 qui
3519 4551 3708 4611 praeest
3733 4543 3792 4596 in

506 4625 706 4679 tholica
737 4640 931 4692 sponsa
960 4630 1064 4689 est,
1087 4622 1210 4691 quia
1241 4623 1467 4678 inhzeret
1494 4622 1740 4691 Christo;
1768 4635 1941 4682 mater
1979 4634 2082 4691 est,

2196 4635 2575 4704 sollicitudine,
2629 4637 2714 4706 qui
2761 4635 3030 4689 miseretur
3058 4637 3110 4688 in
3140 4636 3400 4690 hilaritate
3459 4633 3636 4705 (Rom.
3691 4650 3794 4702 xu,

507 4717 630 4786 quia
659 4713 977 4770 fecundatur
998 4730 1027 4768 a
1056 4714 1300 4780 Christo;
1329 4716 1480 4784 virgo
1502 4725 1602 4781 est,
1627 4717 1750 4788 quia
1777 4718 2086 4789 incorrupta

505 4814 819 4877 perseverat
848 4807 899 4860 in
929 4804 1164 4860 Christo.
1198 4803 1364 4874 Hujus
1393 4822 1602 4876 sponsae
1642 4824 1742 4864 nec
1766 4810 2090 4866 fecunditate

506 4898 786 4967 virginitas
815 4897 1195 4967 corrumpitur,
1227 4913 1324 4951 nec
1350 4898 1653 4966 virginitate
1681 4899 1976 4954 fecunditas
1998 4901 2092 4954 im-

507 4992 742 5061 peditur.
776 4988 905 5044 Tale
936 5005 1168 5060 namque
1193 4991 1348 5044 istius
1376 5001 1459 5044 est
1483 4993 1580 5046 viri
1612 4993 1939 5062 virginisque
1961 5011 2090 5050 con-

511 5083 754 5146 nuhium,
787 5091 843 5136 ut
873 5083 1072 5138 idcirco
1102 5084 1168 5138 ab
1190 5084 1293 5139 hoc
1310 5084 1426 5138 viro
1448 5084 1762 5140 fecundetur
1777 5086 1890 5141 htec
1918 5088 2088 5156 virgo,

509 5176 635 5243 quia
667 5173 721 5228 in
743 5173 847 5228 hoc
875 5175 1146 5231 connubio
1176 5176 1318 5230 nulla
1351 5193 1585 5246 unquam
1615 5187 1795 5248 potest
1823 5195 1941 5234 esse
1964 5196 2088 5235 cor-

510 5267 720 5336 ruptio,
745 5275 799 5322 et
829 5273 974 5321 tanta
1007 5267 1059 5322 in
1101 5269 1201 5324 hac
1241 5278 1413 5326 matre
1435 5271 1755 5340 virginitatis
1783 5282 2092 5343 perseverat

512 5360 808 5429 integritas,
838 5370 895 5415 ut
925 5361 1025 5416 nisi
1046 5362 1195 5430 virgo
1216 5379 1427 5433 semper
1457 5374 1617 5431 esset,
1648 5375 1818 5422 mater
1845 5382 1964 5422 esse
1983 5383 2093 5423 non

512 5461 714 5520 posset.
769 5453 924 5508 Istius
971 5455 1156 5508 matris
1194 5471 1256 5510 ac
1283 5457 1504 5525 virginis
1534 5474 1726 5514 nomen
1774 5476 1970 5514 novum
2022 5462 2094 5515 ita

512 5548 837 5615 praenuntiat
882 5547 1064 5603 Esaias
1097 5566 1109 5600 :
1153 5548 1221 5601 Et
1251 5552 1512 5604 vocabitur
1543 5551 1630 5605 tibi
1661 5569 1844 5608 nomen
1884 5570 2088 5619 novum,

512 5636 650 5708 quod
695 5655 750 5692 os
794 5639 1002 5693 Domini
1054 5642 1336 5694 nominarit
1380 5640 1543 5714 (Ibid.
1577 5685 1592 5710 ,
1636 5643 1712 5714 2).
1773 5643 1912 5714 Ergo
1967 5645 2092 5714 quia

513 5723 762 5785 Christus
779 5730 950 5785 virtus
975 5741 1076 5796 est,
1109 5733 1246 5788 sicut
1272 5731 1506 5789 Ecclesia
1531 5735 1844 5791 vocabulum
1873 5735 2094 5804 virginis

2201 4728 2254 4790 ϐ,
2312 4727 2398 4796 7),
2451 4727 2563 4781 hinc
2607 4726 2747 4804 dona
2802 4727 3010 4781 diversa
3053 4727 3285 4798 propriis
3315 4726 3655 4780 inveniuntur
3685 4742 3796 4795 ap-

2203 4819 2393 4888 pellari
2423 4818 2749 4872 nominibus.
2791 4816 3074 4888 lntegritas
3104 4827 3283 4872 autem
3313 4819 3490 4872 carnis
3519 4817 3628 4870 Deo
3661 4815 3801 4873 ﬁde-

2203 4911 2330 4966 liter
2357 4920 2671 4967 consecrata
2698 4952 2713 4974 ,
2747 4919 2801 4966 et
2829 4911 2882 4964 in
2911 4910 3088 4966 cordis
3110 4911 3417 4977 virginitate
3441 4951 3456 4976 ,
3489 4909 3600 4964 Deo
3634 4907 3802 4977 adju-

2205 5013 2367 5058 vante
2396 5020 2459 5058 ac
2489 5012 2834 5074 protegente,
2867 5012 3073 5058 servata
3092 5043 3105 5067 ,
3153 5003 3349 5058 idcirco
3378 5002 3595 5074 proprie
3625 5002 3800 5071 virgi-

2208 5097 2363 5148 nitas-
2389 5095 2619 5160 dicitur,
2671 5103 2729 5149 ut
2775 5095 2848 5150 ibi
2892 5094 3152 5166 perfectio
3184 5110 3324 5149 vera:
3370 5094 3584 5149 virtutis
3611 5093 3801 5150 inesse

2205 5191 2557 5240 monstretur.

2280 5276 2363 5328 19..
2409 5274 2596 5331 Melior
2619 5283 2702 5330 est
2730 5274 2890 5343 igitur
2916 5275 3124 5330 caneris
3153 5275 3450 5349 actualibus
3474 5273 3631 5329 donis
3651 5274 3800 5329 inte-

2153 5395 2178 5438 ’,ρ
2203 5377 2411 5438 inerata
2437 5369 2693 5423 sanctitas
2721 5367 3025 5436 virginalis,
3057 5382 3176 5436 qua:
3207 5367 3371 5421 divini
3401 5367 3569 5434 gratia
3599 5381 3799 5419 mune-

2157 5483 2164 5489 ο
2206 5463 2282 5514 ris
2311 5477 2339 5513 a
2370 5460 2567 5516 virtute
2595 5459 2807 5514 videtur
2845 5460 3106 5529 originem
3136 5461 3382 5515 vocabuli
3426 5459 3643 5513 trahere
3665 5499 3680 5523 ,
3733 5466 3800 5511 ut

2207 5567 2275 5606 ex
2304 5552 2419 5621 ipso
2449 5552 2664 5606 nomine
2693 5566 2906 5620 semper
2945 5565 3004 5606 se
3033 5549 3314 5606 admoneri
3343 5557 3675 5618 cognoscat,
3725 5562 3797 5602 ea

2206 5658 2326 5712 quae
2356 5643 2565 5697 virtutis
2592 5650 2714 5696 sunt
2735 5642 2932 5698 debere
2952 5658 3189 5698 servare.
3217 5641 3368 5698 Unde
3395 5659 3501 5696 non
3518 5642 3800 5698 immerito

2207 5736 2408 5794 Doctor
2432 5737 2669 5807 gentium
2705 5746 2726 5773 ο
2751 5777 2766 5802 ,
2797 5753 2859 5793 ac
2888 5738 2994 5794 Vas
3020 5737 3303 5794 electionis
3327 5737 3568 5794 aclibem
3595 5732 3796 5805 conju-

591 5897 615 5924 ⁸
665 5883 872 5942 Absunt
922 5887 1032 5941 lucc
1085 5890 1243 5940 verba
1299 5887 1487 5943 Doctor
1534 5897 1758 5959 gentium
1801 5913 1861 5948 ac
1913 5915 1940 5949 a
1990 5916 2090 5954 ms.
2133 5897 2295 5952 Cori).
