4014 6340
216 373 307 429 529

1603 375 1930 433 EPISTULA
1959 376 2046 432 ill.

3337 389 3447 441 3'50

212 488 481 558 galemque
517 487 680 542 vitam
708 486 802 542 tali
828 485 1140 544 deﬁnitione
1173 488 1465 555 discernit,
1515 497 1573 544 ιιι
1612 490 1768 545 istam
1795 492 1848 552 Α
1874 491 1966 544 sed
1989 490 2372 545 fornicationes
2399 499 2454 545 et
2479 493 2739 548 adulteria
2765 492 3047 561 iudicanda
3077 511 3089 546 :
3123 492 3435 552 For-nicum.

212 581 479 635 sollicitam
509 595 629 648 qua:
655 579 750 634 Dei
779 587 904 635 sunt
931 581 985 634 in
1022 581 1447 636 sanctiﬁcatione
1475 589 1500 617 ⁸
1530 580 1774 650 corporis

213 679 260 727 et
283 671 504 740 Spiritus
530 670 644 726 Deo
681 671 932 740 placere;
981 671 1124 726 illam
1163 687 1290 727 vero
1319 671 1600 727 mundanis
1625 672 1774 742 cogi-

215 761 495 816 tationibus
522 761 754 815 deditam
778 801 793 826 ,
845 761 1090 831 placendi
1126 762 1242 817 viro
1285 761 1515 816 studium
1561 771 1774 830 gestare

210 851 498 906 conﬁrmet.
542 848 642 913 Qui
669 852 780 905 sine
807 867 968 905 uxore
989 859 1083 916 est,
1117 851 1388 920 inquiens,
1420 851 1671 906 sollicitus
1696 859 1773 904 est

210 959 323 1012 quur
340 940 441 996 Dei
467 951 620 1007 sunt,
663 943 915 1014 quomodo
941 944 1139 1003 placeat
1171 943 1297 998 Deo.
1345 942 1447 1008 Qui
1471 954 1637 997 autem
1657 960 1772 997 cum

210 1048 361 1085 uxore
387 1040 482 1094 est,
511 1033 762 1088 sollicitus
790 1042 865 1086 est
890 1050 1002 1100 qua:
1027 1044 1144 1087 sunt
1163 1035 1359 1098 mundi,
1389 1035 1639 1105 quomodo
1659 1034 1774 1104 pla-

210 1131 310 1174 ceat
335 1123 488 1175 uxori
506 1162 522 1186 ,
561 1132 612 1174 et
650 1122 839 1176 divisus
865 1131 958 1176 est.
1010 1123 1077 1176 Et
1107 1126 1290 1178 mulier
1315 1125 1531 1194 innupta
1553 1133 1601 1178 et
1628 1126 1770 1195 virgo

210 1216 395 1284 cogitat
416 1230 527 1284 quae
554 1224 672 1266 sunt
695 1213 934 1278 Domini,
966 1224 1020 1267 ut
1049 1215 1115 1268 sit
1141 1224 1326 1268 sancta
1353 1232 1568 1286 corpore
1586 1224 1637 1268 et
1663 1217 1772 1284 spi-

211 1307 296 1357 ritu
321 1323 337 1367 ;
390 1321 505 1374 qua:
537 1313 706 1357 autem
729 1317 887 1375 nupta
915 1315 1030 1370 est,
1067 1307 1260 1376 cogitat
1287 1322 1400 1376 qua:
1424 1315 1546 1359 sunt
1570 1304 1768 1371 mundi,

210 1396 454 1466 quomodo
479 1396 677 1464 placeat
699 1396 806 1448 viro
833 1394 884 1464 (ι
911 1395 1031 1450 Cor.
1062 1412 1152 1462 vu,
1181 1395 1270 1459 52,
1303 1396 1402 1459 55,
1435 1395 1545 1466 54).

269 1486 402 1540 CAP.
450 1501 555 1540 vut.
595 1484 901 1557 Conjugatis
949 1504 1146 1556 quoque
1187 1487 1460 1541 ascribitur
1499 1489 1766 1551 sanctitas,

211 1577 288 1630 sed
315 1577 486 1646 major
505 1576 802 1648 uirginibus.
835 1606 904 1616 —
951 1576 1036 1630 l5.
1080 1578 1459 1632 Verumtamen
1489 1578 1593 1633 hoc
1623 1578 1770 1648 Apo-

211 1667 366 1723 stolas
393 1667 597 1734 dicens,
628 1681 734 1720 non
755 1666 833 1722 sic
855 1667 1099 1737 ascripsit
1123 1667 1414 1736 virginibus
1433 1668 1770 1722 sanctitatem

211 1758 445 1828 corporis
471 1765 528 1812 et
552 1757 791 1826 spiritus,
817 1765 875 1812 ut
901 1757 1044 1811 illam
1070 1757 1155 1811 vel
1183 1757 1482 1826 coniugatis
1509 1757 1766 1834 demeret,

1874 598 1954 635 res
1981 581 2122 636 enim
2144 589 2192 635 et
2215 581 2474 636 adulteros
2496 583 2754 652 iudicabit
2775 583 2915 638 Deus
2947 583 3156 655 (Ibid.).
3188 585 3439 641 Fatetnur

1872 671 2012 725 enim
2043 685 2072 723 a
2097 669 2208 725 Deo
2227 685 2346 727 esse
2375 673 2680 741 nuptiarum
2705 673 2861 728 ﬁdem
2879 716 2897 740 ,
2935 675 3218 744 coniugum
3243 677 3441 731 carita-

1874 767 2004 824 tem,
2029 768 2231 814 naturte
2253 759 2664 827 fecunditatem;
2696 763 2788 816 sed
2817 764 2940 831 quia
2961 765 3303 836 unusquisque
3322 784 3443 836 pro-

1873 851 2041 921 prium
2065 851 2216 904 habet
2245 852 2434 906 donum
2457 870 2488 906 a
2514 851 2644 919 Deo,
2675 855 2809 909 alius
2832 857 3035 926 quidem
3057 858 3151 922 sic,
3175 859 3318 911 alius
3345 876 3444 911 au-

1874 950 1974 997 tem
2011 942 2085 996 sic
2126 941 2211 1012 (ΙΙ
2244 941 2365 997 Cor.
2407 960 2499 1008 vn,
2537 944 2629 1014 7),
2681 961 2780 999 no-
2809 962 3023 1016 quoque
3063 947 3142 1002 sic
3170 949 3445 1017 utriusque

1872 1033 1997 1088 doni
2019 1035 2237 1103 gradum
2259 1036 2627 1104 discernimus,
2666 1049 2724 1092 ut
2746 1049 3030 1109 utrumque
3054 1041 3253 1096 donum
3277 1058 3306 1096 a
3334 1043 3446 1097 Deo

1874 1125 2033 1178 tribui
2064 1124 2306 1182 ﬁdelibus
2331 1143 2436 1182 non
2467 1141 2740 1195 negemus.
2783 1131 2900 1186 Non
2924 1133 3081 1199 igitur
3103 1131 3324 1188 inferius
3345 1134 3445 1186 do-

1874 1231 2001 1270 num
2038 1217 2135 1272 Dei
2176 1218 2498 1274 devocamus
2529 1220 2581 1273 in
2611 1221 2822 1290 culpam
2847 1264 2863 1289 ,
2913 1239 3034 1277 cum
3064 1225 3289 1293 potioris
3317 1225 3444 1279 doni

1870 1307 2202 1376 prmferimus
2229 1309 2453 1379 gratiam
2482 1327 2496 1375 ;
2523 1324 2621 1364 nec
2647 1325 2766 1365 cum
2797 1312 3026 1380 primum
3056 1313 3328 1382 pudicitia:
3348 1314 3446 1369 do-

1872 1413 1998 1451 num
2027 1401 2415 1468 praeponimus,
2446 1400 2739 1455 secundum
2768 1402 3056 1458 tertiumve
3084 1403 3399 1460 damnamus
3427 1422 3442 1471 ;

1872 1502 1972 1542 nec
2017 1489 2069 1542 in
2119 1505 2186 1544 eo
2229 1491 2372 1558 quod
2420 1491 2740 1560 integritatis
2783 1494 3058 1561 virginalis
3103 1497 3445 1564 agnoscimus

1871 1578 2112 1644 culmen,
2144 1579 2413 1649 pudicitia:
2439 1580 2734 1649 coniugalis
2762 1583 3051 1637 asserimus
3074 1584 3279 1638 crimen
3304 1602 3318 1651 ;
3349 1599 3444 1640 ne-

1871 1683 1976 1737 que
2004 1672 2081 1724 sic
2107 1669 2466 1736 virginitatem
2497 1670 2774 1725 frumentis
2802 1671 3135 1738 ascribimus,
3174 1680 3233 1726 ut
3252 1672 3443 1742 coniu-

1871 1759 2014 1827 gium
2063 1760 2204 1813 inter
2230 1760 2432 1813 zizania
2481 1761 2575 1831 (al.
2604 1761 2883 1829 zizaniam)
2928 1762 3264 1830 deputemus.
3326 1762 3443 1818 Non

212 1851 285 1905 vel
307 1849 483 1904 viduis
511 1851 837 1917 abnegaret:
888 1849 1154 1918 praecipue
1198 1849 1292 1918 qui
1338 1850 1600 1919 superiori
1650 1849 1768 1903 loco
1800 1853 1844 1914 Β
1871 1857 1954 1904 est
1977 1848 2279 1918 coniugium
2311 1850 2556 1904 nocturni
2584 1850 2802 1904 seminis
2826 1849 3032 1905 fructus
3053 1892 3069 1916 ,
3109 1853 3232 1920 quia
3259 1852 3361 1906 hoc
3391 1853 3444 1906 in

212 1939 440 2009 ejusdem
469 1939 720 2009 Epistula:
767 1939 999 1994 ﬁdelium
1041 1955 1267 2010 corpora
1311 1940 1548 1994 membra
1576 1938 1772 1994 Christi

213 2041 262 2086 et
300 2031 556 2100 templum
599 2030 834 2100 appellet
877 2029 1108 2100 Spiritus
1150 2029 1361 2093 sancti;
1413 2028 1544 2085 dicit
1588 2029 1769 2084 enim:

216 2120 431 2176 Nescitis
463 2123 583 2194 quia
639 2138 860 2190 corpora
889 2130 1055 2175 vestra
1082 2121 1310 2175 membra
1343 2120 1535 2174 Christi
1567 2129 1687 2175 sunt
1721 2119 1774 2192 (I

214 2211 318 2267 Cor.
343 2229 416 2277 vr,
449 2211 575 2281 l5)?
605 2211 668 2266 Et
697 2213 856 2282 paulo
887 2220 1042 2283 post,
1075 2213 1155 2265 An
1183 2213 1390 2267 nescitis
1409 2214 1528 2283 quia
1551 2212 1774 2266 membra

214 2313 366 2356 rastra
394 2303 640 2372 templum
678 2313 753 2356 est
783 2302 1011 2373 Spiritus
1051 2303 1257 2370 sancti,
1299 2303 1385 2373 qui
1426 2303 1479 2355 in
1516 2302 1655 2356 vobis
1675 2311 1770 2366 est,

215 2411 349 2465 quem
374 2393 568 2448 habetis
592 2412 624 2448 a
653 2393 782 2460 Deo,
815 2404 864 2448 et
891 2411 992 2448 non
1023 2395 1146 2448 estis
1174 2394 1330 2448 vestri
1351 2394 1378 2446 .9
1414 2395 1570 2464 168
1597 2392 1773 2463 Empti

214 2487 335 2538 enim
359 2487 480 2539 estis
511 2485 674 2553 pretio
702 2501 908 2556 magno.
945 2483 1245 2554 Gloriﬁcate
1270 2484 1430 2554 igitur
1457 2482 1483 2522 ι’
1502 2493 1554 2536 et
1573 2491 1774 2553 portate

215 2574 371 2628 Deum
394 2576 447 2628 in
473 2591 686 2646 corpore
714 2583 878 2629 vestro
911 2564 1097 2644 (Ibid.,
1131 2573 1244 2642 i9).
1294 2572 1363 2626 Et
1407 2580 1468 2626 ut
1504 2587 1562 2627 se
1588 2571 1774 2639 coniu-

213 2670 341 2735 gatis
365 2682 575 2738 quoque
605 2667 839 2722 scribere
876 2667 1306 2730 demonstraret,
1349 2664 1610 2720 continuo
1645 2664 1774 2718 sul)-

211 2757 375 2825 junxit
398 2775 411 2808 :
443 2755 518 2809 De
541 2756 718 2828 quibus
742 2767 910 2809 autem
934 2755 1211 2825 scripsistis
1233 2771 1250 2808 :
1280 2753 1481 2807 Bonum
1505 2762 1584 2806 est
1611 2752 1777 2805 homi-

214 2850 262 2901 ni
288 2848 546 2901 mulierem
567 2864 668 2900 non
700 2856 941 2918 tangere;
971 2854 1182 2917 propter
1212 2844 1583 2916 fornicationes
1607 2852 1774 2896 autem

213 2939 544 3010 unusquisque
570 2954 716 2991 suam
742 2953 956 2990 uxorem
983 2934 1188 3004 habeat,
1218 2943 1267 2988 et
1285 2950 1601 3004 unaquaque
1626 2949 1775 2986 suum

213 3028 368 3080 cirum
392 3027 574 3080 habeat
607 3025 660 3096 (I
690 3025 810 3080 Cor.
838 3041 938 3091 vn,
971 3024 1034 3090 1,
1067 3024 1142 3094 2).
1185 3023 1241 3078 ln
1280 3023 1519 3093 Epistola
1561 3038 1776 3093 quoque

214 3117 274 3171 ad
315 3116 569 3186 Ephesios
598 3111 907 3184 coniugatis
951 3114 1136 3182 utique
1179 3113 1533 3181 loquebatur,
1585 3113 1777 3180 quibus

214 3205 411 3260 dicebat
437 3224 449 3258 :
491 3205 629 3272 Viri,
656 3205 853 3274 diligite
875 3220 1062 3258 uxores
1085 3211 1298 3266 uestras,
1331 3204 1460 3278 sicut
1474 3212 1522 3255 et
1544 3200 1777 3255 Christus

216 3294 389 3348 dilexit
415 3293 701 3348 Ecclesium
731 3293 949 3365 (Ephes.
983 3310 1033 3359 v,
1065 3292 1179 3361 26).
1212 3292 1277 3345 Ει
1307 3293 1466 3362 paulo
1492 3301 1649 3362 post,
1681 3290 1780 3356 Qui

215 3403 357 3440 suam
381 3403 594 3440 uxorem
621 3387 823 3456 diligit,
855 3387 1078 3456 seipsum
1102 3385 1287 3456 diiigit.
1324 3383 1491 3439 Nemo
1517 3387 1654 3439 enim
1684 3402 1782 3437 un-

217 3495 360 3546 quam
396 3495 606 3531 carnem
651 3495 796 3530 suam
835 3478 952 3531 odio
984 3476 1197 3541 habuit;
1237 3477 1327 3531 sed
1370 3478 1529 3530 nutrit
1573 3487 1621 3530 et
1651 3480 1784 3549 {oret

216 3586 346 3636 eam,
371 3571 496 3622 sicut
525 3578 572 3623 et
599 3567 834 3622 Christus
857 3567 1143 3622 Ecclesium
1165 3607 1178 3631 ,
1209 3569 1328 3638 quia
1356 3566 1583 3620 membra
1611 3583 1784 3620 sumus

217 3660 438 3718 corporis
466 3660 578 3730 ejus
609 3659 673 3712 de
703 3665 857 3713 carne
878 3660 986 3729 ejus
1011 3701 1025 3726 ,
1054 3669 1103 3714 et
1133 3658 1425 3713 de.ossibus
1454 3659 1564 3727 ejus
1595 3657 1782 3730 (Ibid.,

219 3750 320 3814 29,
497 3750 688 3807 Petrus
718 3768 933 3824 quoque
986 3753 1264 3824 apostolus
1308 3753 1622 3822 coniugatus
1652 3753 1785 3808 lide-

220 3841 311 3908 les,
340 3853 548 3898 sanctas
578 3859 685 3898 non
711 3845 930 3914 ambigit
960 3846 1252 3916 appellare,
1284 3846 1466 3900 dicens
1495 3863 1508 3898 :
1541 3845 1631 3900 Sic
1651 3847 1784 3900 enim

218 3933 482 4003 aliquando
515 3937 752 3990 mulieres
781 3946 994 4002 sanctte,
1019 3947 1283 4009 sperantes
1305 3939 1357 3992 in
1379 3937 1512 4005 Deo,
1534 3940 1790 3992 ornabant

221 4039 294 4086 se,
324 4025 556 4096 subjecta:
583 4028 705 4080 viris
736 4027 872 4081 suis:
897 4029 1028 4081 sicut
1059 4027 1197 4083 Sara
1225 4027 1593 4099 obsequebatur
1617 4027 1786 4082 Abra-

221 4118 334 4180 lue,
375 4117 635 4171 dominum
677 4135 791 4172 eum
834 4136 1022 4174 vocans
1053 4119 1104 4192 (1
1133 4119 1277 4173 Petr.
1310 4135 1395 4182 tu,
1447 4117 1505 4185 5,
1541 4118 1616 4187 6).
1671 4118 1788 4174 Non

223 4223 344 4276 ergo
369 4211 645 4280 apostolus
675 4210 871 4266 Paulus
917 4227 948 4266 a
996 4211 1422 4286 sanciiﬁcatione
1465 4213 1706 4282 corporis
1735 4223 1791 4267 et

224 4300 430 4368 spiritus
458 4301 645 4357 ﬁdeles
674 4301 987 4372 coniugatus
1022 4312 1274 4374 separat,
1322 4303 1415 4358 sed
1445 4305 1546 4360 hoc
1573 4320 1666 4360 eas
1695 4321 1789 4361 co-

223 4391 386 4456 gitare
407 4393 569 4458 dicit,
624 4394 714 4448 ubi
741 4409 926 4448 earum
948 4395 1330 4463 cogitationem
1358 4395 1586 4465 amplius
1617 4397 1786 4450 teneri

222 4486 514 4550 cognoscit.
567 4485 696 4551 Quis
737 4487 881 4541 enim
922 4488 1128 4543 nesciat
1172 4496 1479 4543 sanctarum
1524 4489 1785 4558 virginum

1870 1934 2000 2007 agro
2054 1938 2322 1994 dominico
2378 1955 2485 1994 non
2539 1948 2688 1994 sator
2743 1939 2952 1994 invidus
2998 1941 3446 2010 superseminavit

1871 2028 2084 2100 (Matth.
2119 2045 2230 2095 xm,
2260 2027 2371 2100 25),
2398 2029 2491 2085 sed
2519 2029 2774 2084 Dominus
2799 2029 2971 2083 bonus
2999 2029 3246 2084 instituit.

1943 2118 2030 2173 15.
2072 2120 2446 2175 Verumtamen
2479 2121 2752 2190 utriusque
2781 2120 2860 2174 rei
2886 2134 3125 2188 congrua
3157 2121 3443 2176 discretio-

1873 2229 1942 2268 ne
1983 2220 2253 2267 momenta
2291 2220 2578 2282 pensantes
2601 2253 2615 2278 ,
2666 2220 2875 2266 tantum
2904 2212 3132 2267 dicimus
3175 2227 3208 2266 a
3245 2213 3446 2267 sanctis

1874 2305 2074 2374 nuptiis
2101 2342 2117 2369 ,
2165 2303 2255 2358 ubi
2303 2303 2512 2357 nubunt
2537 2304 2627 2372 qui
2656 2319 2714 2358 se
2754 2303 3034 2358 continere
3063 2319 3172 2357 non
3201 2311 3444 2373 possunt,

1872 2407 2114 2451 sanctam
2143 2396 2502 2464 virginitatem
2535 2397 2728 2449 merito
2756 2396 2966 2463 potiore
2991 2394 3225 2458 distare,
3275 2410 3446 2462 quan-

1874 2496 1985 2541 tum
2014 2487 2212 2540 distant
2239 2501 2269 2538 a
2298 2485 2455 2539 bonis
2482 2484 2705 2538 meliora
2727 2524 2743 2549 ,
2785 2485 2852 2539 ab
2882 2484 3170 2538 humilibus
3198 2483 3341 2538 celsa
3365 2522 3380 2548 ,
3412 2498 3442 2536 a

1876 2578 2102 2632 terrenis
2123 2576 2384 2642 cmlestia,
2409 2595 2436 2628 a
2459 2575 2630 2630 beatis
2649 2575 2912 2640 beatiora,
2933 2590 2962 2628 a
2985 2574 3185 2628 sanctis
3207 2574 3443 2648 sanctio-

1875 2685 1956 2735 ra,
1992 2683 2021 2722 a
2042 2666 2251 2721 mundis
2279 2665 2556 2719 mundiora
2575 2706 2590 2730 ,
2623 2681 2651 2718 a
2672 2665 2896 2718 mortali
2925 2664 3194 2718 connubio
3225 2663 3445 2718 immor-

1877 2759 1982 2814 tale
2003 2757 2356 2821 connubium,
2386 2772 2417 2810 a
2443 2769 2605 2810 carne
2632 2755 2870 2824 spiritus,
2902 2755 2968 2808 ab
3000 2754 3308 2808 inﬁrmitate
3336 2753 3446 2807 vir-

1877 2855 1962 2901 tus
1984 2887 1998 2911 ,
2025 2861 2054 2899 a
2082 2844 2192 2900 fetu
2219 2843 2522 2898 transitum
2550 2842 2717 2912 prolis
2768 2853 2789 2880 °
2831 2841 3168 2911 pcrmansuri
3193 2841 3447 2909 germinis

1873 2937 2117 3002 fructus;
2167 2951 2199 2990 a
2240 2933 2584 2988 tribulatione
2623 2931 2922 3000 securitas,
2971 2946 3001 2985 a
3042 2931 3450 3001 perturbatione

1878 3027 2235 3096 tranquillitas
2259 3067 2275 3093 ,
2327 3040 2360 3079 a
2404 3023 2549 3078 bono
2593 3022 2736 3092 quod
2782 3031 2863 3076 est
2892 3037 3016 3077 cum
3055 3022 3298 3089 angustia
3327 3036 3449 3075 mo-

1878 3128 2240 3186 mentaneum‘
2285 3115 2479 3170 melius
2522 3112 2664 3181 quod
2705 3121 2786 3166 est
2832 3127 2954 3167 cum
3010 3111 3196 3166 laetitia
3251 3111 3452 3181 sempi-

1803 3214 1848 3275 C
1881 3221 2112 3266 ternum.

1956 3303 2111 3373 163
2139 3302 2266 3355 Car.
2300 3315 2354 3352 Χ.
2410 3297 2692 3367 Virginitas
2734 3296 2882 3365 longe
2928 3293 3161 3362 superior
3197 3293 3451 3346 connubio

1879 3391 2096 3445 carnali.
2148 3387 2444 3459 Infortunia
2479 3385 2702 3455 conjugii
2731 3384 2868 3435 circa
2897 3382 3093 3451 prolem
3113 3384 3450 3450 corporalem.

1882 3480 2029 3535 Bona
2042 3477 2347 3549 virginitatis
2365 3476 2500 3527 circa
2515 3474 2709 3544 prolem
2729 3473 3110 3542 spiritalem.—
3126 3470 3210 3524 16.
3227 3470 3336 3525 Nec
3356 3469 3454 3523 dn-

1882 3575 2114 3630 bitamus
2139 3571 2336 3633 dicere,
2363 3575 2568 3621 tantum
2599 3580 2628 3616 a
2658 3571 2843 3616 sancta
2871 3561 3174 3630 virginitate
3203 3559 3380 3614 carnis
3401 3567 3455 3614 et

1885 3667 2103 3737 spiritus
2152 3661 2386 3716 ﬁdelium
2415 3657 2820 3725 coniugatorum
2855 3653 3003 3723 (licet
3029 3669 3060 3707 a
3087 3653 3198 3708 Deo
3227 3667 3455 3706 conces-

1886 3757 2024 3828 sum)
2055 3753 2274 3808 inﬁrmte
2302 3749 2650 3818 mortalisque
2676 3748 2850 3802 carnis
2871 3745 3028 3814 huius
3047 3745 3247 3800 distare
3268 3760 3460 3798 concu-

1886 3845 2053 3900 bitum
2080 3885 2095 3912 ,
2144 3848 2401 3913 quantum
2447 3837 2740 3893 similitudo
2766 3851 3024 3906 pecorum
3065 3837 3131 3890 ab
3158 3835 3459 3889 imitatione

1886 3934 2207 3991 discernitur
2247 3931 2578 4002 angelorum.
2620 3928 2677 3983 In
2708 3943 2815 3982 uno
2860 3927 3098 3997 quippe,
3148 3925 3214 3980 ad
3258 3933 3458 3979 terrain

1888 4027 2106 4098 spiritus
2135 4033 2345 4078 terrena
2375 4021 2548 4076 carnis
2586 4016 3241 4088 voluptate'deprimitur;
3291 4015 3346 4068 in
3378 4016 3460 4067 al-

1889 4127 2007 4173 tero
2046 4124 2254 4176 autem,
2286 4121 2499 4167 terrena
2528 4125 2654 4165 caro
2683 4109 2890 4164 ccelesti
2919 4107 3274 4162 delectatione
3301 4107 3461 4175 spiri-

1892 4217 1976 4263 tus
2003 4207 2071 4260 ad
2100 4204 2336 4261 cmlestia
2385 4201 2712 4257 sublevatur.
2773 4199 2854 4254 Ad
2895 4199 3215 4269 placendum
3264 4197 3463 4268 quippe

1889 4298 2091 4355 carnali
2117 4295 2366 4365 coniugio
2385 4336 2399 4360 ,
2432 4309 2572 4363 saepe
2599 4292 2864 4348 mundana
2894 4300 3129 4346 mentem
3153 4305 3281 4344 cura
3311 4291 3462 4345 solli-

1889 4390 2056 4444 citat:
2109 4387 2176 4440 ad
2203 4384 2518 4454 placendum
2549 4397 2678 4437 vero
2699 4381 2926 4450 spiritali
2951 4380 3218 4435 connubio
3242 4420 3256 4445 ,
3287 4394 3463 4447 mens,

1889 4477 2159 4533 dulcedini
2195 4475 2429 4530 cmlestis
2456 4471 2794 4540 cogitationis
2826 4472 3059 4534 intenta,
3089 4484 3284 4539 corpus
3312 4484 3465 4523 suum

223 4575 593 4640 cogitationem
623 4579 789 4646 magis
817 4578 884 4633 ad
909 4580 1167 4649 spiritalia
1207 4595 1484 4637 recurrere
1503 4623 1522 4650 ,
1570 4589 1625 4636 ει
1669 4597 1792 4635 san-
1822 4569 1866 4626 D
1892 4566 2118 4638 spiritali
2147 4565 2500 4635 pinguescens
2520 4563 2878 4618 delectatione
2904 4561 3151 4627 castigat.

222 4673 418 4722 ciarum
465 4669 871 4738 coniugatarum
914 4672 1292 4741 cogitationem
1331 4673 1500 4742 magis
1527 4675 1789 4743 coniugali

229 4761 524 4815 necessitati
547 4763 753 4817 servire
774 4765 797 4816 ?

300 4849 413 4906 CAP.
446 4871 520 4908 ιι.
564 4852 782 4924 Nuptiae
807 4871 910 4910 non
951 4864 1072 4910 sunt
1119 4864 1386 4927 peccatum
1409 4895 1425 4922 ,
1474 4856 1566 4909 sed
1603 4855 1791 4909 donum

226 4940 343 4997 Dei.
365 4944 634 5018 Multiplea:
652 4948 784 5000 inter
810 4947 1157 5018 virginitatem
1179 4955 1228 5001 et
1254 4946 1561 5001 connubium
1588 4963 1796 5016 compa-

225 5036 446 5088 ratio.—
469 5037 555 5091 ll.
580 5037 792 5094 Scimus
819 5053 947 5108 ergo
976 5039 1187 5109 nuptias
1215 5055 1320 5093 non
1345 5054 1463 5094 esse
1484 5048 1787 5109 peccatum,

226 5122 324 5176 sed
345 5123 430 5180 Dei
459 5143 594 5197 opus
625 5136 678 5181 et
699 5127 790 5182 Dei
821 5128 1019 5182 donum
1047 5146 1058 5180 :
1092 5143 1225 5197 quas
1253 5127 1366 5196 ipse
1389 5127 1643 5182 Dominus
1665 5143 1794 5182 con-

227 5217 407 5269 uexuit
433 5216 553 5272 ﬁdei
580 5217 818 5283 vinculo,
863 5217 1181 5285 gratiﬁcavit
1207 5215 1602 5271 benedictionis
1629 5215 1792 5280 dono,

227 5301 589 5377 multiplicavit
627 5309 1028 5380 propagationis
1065 5314 1371 5376 augmento.
1421 5305 1675 5360 Novimus
1705 5305 1796 5358 ho-

224 5399 451 5453 uorabile
477 5401 788 5455 connubium
815 5403 870 5454 in
901 5399 1160 5467 omnibus,
1193 5407 1241 5452 et
1271 5401 1470 5452 litorum
1493 5397 1799 5451 immacula-

228 5491 536 5561 tum(Hebr.
566 5508 682 5556 xm,
711 5490 768 5561 4)
793 5508 810 5556 ;
859 5492 1104 5547 novimus
1133 5506 1162 5544 a
1192 5490 1305 5547 Deo
1329 5529 1345 5554 ,
1391 5503 1497 5543 non
1526 5485 1793 5556 coniugia,

312 5693 334 5722 ³
358 5687 440 5744 Sic
473 5691 672 5746 habent
718 5702 847 5744 mss.
893 5686 1055 5742 Corb.
1093 5692 1148 5740 et
1174 5678 1381 5748 Basil.;
1423 5688 1480 5735 at
1518 5678 1709 5748 Colon].
1737 5685 1792 5732 et
1831 5754 1834 5756 γ

230 5753 381 5830 Ant,
405 5761 454 5812 in
484 5759 964 5830 sanctiﬁcationem.
1011 5826 1023 5830 _
1125 5822 1157 5830 _
1200 5825 1212 5830 _
1381 5829 1384 5830 ν
1444 5822 1456 5830 _
1520 5828 1526 5830 _
1596 5821 1612 5830 .
1687 5817 1698 5830 .

316 5827 338 5863 δ
360 5831 509 5886 Abest
530 5821 690 5901 igitur
716 5843 746 5881 a
770 5843 870 5882 ms.
901 5826 1090 5893 Cum,
1119 5822 1310 5884 Colon.
1341 5829 1396 5880 et
1428 5822 1575 5889 Ant.,
1596 5821 1792 5889 legitur

547 5925 822 5985 Ps'rnon.
869 5919 1059 5981 LXV.

1965 4661 2050 4715 l7.
2106 4658 2163 4712 lu
2211 4671 2375 4725 opere
2421 4654 2782 4722 corporalium
2826 4653 3132 4722 nuptiarum
3190 4650 3466 4718 virginitas

1893 4751 2069 4808 carnis
2098 4747 2381 4813 amittitur,
2411 4754 2470 4799 ut
2496 4744 2563 4797 ad
2587 4743 2766 4797 carnis
2788 4741 3170 4796 fecunditatem
3200 4741 3464 4794 Veniatur.

1896 4843 1997 4898 Ubi
2020 4851 2196 4896 tamen
2224 4851 2606 4906 nonnunquam
2631 4835 2710 4889 sic
2737 4834 2954 4888 incertae
2984 4833 3096 4902 spei
3126 4831 3296 4885 fructu
3321 4830 3465 4884 frau-

1896 4935 2053 4989 datur
2079 4933 2310 4986 humana
2332 4927 2618 4984 delectatio
2642 4969 2657 4996 ,
2688 4934 2747 4980 ut
2773 4940 2890 4995 quzc
2919 4925 3068 4992 virgo
3098 4938 3216 4978 esse
3243 4922 3458 4984 destitit,

1898 5033 2068 5080 mater
2087 5037 2207 5079 esse
2231 5037 2336 5076 non
2364 5019 2571 5091 possit,
2603 5025 2658 5073 et
2677 5015 2975 5072 sterilitatis
3003 5012 3280 5068 obstaculo
3309 5027 3466 5068 coera

1895 5113 2000 5169 cita
2023 5153 2039 5179 ,
2072 5125 2172 5165 nec
2213 5109 2265 5163 in
2291 5121 2518 5177 corpore
2546 5112 2710 5174 queat
2754 5117 3005 5172 reparare
3043 5100 3187 5172 quod
3214 5100 3463 5171 perdidit,

1895 5221 1995 5260 nec
2014 5220 2081 5259 ex
2109 5216 2335 5272 corpore
2363 5200 2539 5254 valeat
2564 5197 2762 5251 habere
2790 5195 2932 5265 quod
2957 5195 3122 5264 cupit.
3149 5192 3470 5262 Plerumque

1900 5283 2065 5367 (quod
2093 5303 2175 5348 est
2209 5291 2442 5362 gravius)
2471 5289 2719 5359 graviore
2748 5287 2937 5342 dolore
2974 5286 3115 5342 fetus
3141 5285 3317 5341 carnis
3344 5299 3470 5354 per-

1897 5389 2010 5453 dit,
2056 5401 2190 5454 quos
2218 5383 2364 5452 gravi
2393 5381 2582 5436 dolore
2616 5379 2891 5449 suscepit;
2935 5385 2990 5433 et
3019 5376 3083 5432 ad
3124 5377 3225 5432 hoc
3253 5374 3468 5444 pariens

1896 5479 2131 5553 pericula
2152 5477 2487 5547 gemitusque
2515 5473 2748 5538 tolerat,
2799 5479 2858 5525 ut
2893 5471 3142 5524 amittens
3170 5484 3305 5538 quos
3345 5482 3464 5521 cum

1900 5678 1954 5732 in
1982 5677 2142 5734 Basil.
2174 5685 2230 5732 et
2255 5674 2442 5731 Grzeco
2464 5681 2610 5729 textu
2635 5671 2909 5747 Apostoli;
2985 5740 2997 5747 ὴ

1920 5821 1929 5829 .
1974 5759 1996 5788 ε
2025 5748 2182 5814 Editi,
2215 5747 2510 5812 transititiat
2536 5739 2714 5816 prolis.
2747 5741 2845 5798 Ms.
2871 5739 3061 5803 Corn,
3093 5745 3404 5793 transitum.

3081 5891 3142 5956 11
