4072 6332
504 401 603 482 ssi

1544 404 1597 457 S.
1641 401 1998 459 FULGENTII
2035 399 2333 454 EPISCOl’l
2373 397 2740 456 RUSPENSIS

3641 403 3754 464 352

437 524 444 530 '
505 515 704 582 gemitu
746 525 1032 586 pepererat
1056 561 1071 582 ,
1111 517 1346 582 detyrius
1377 523 1571 582 gemat.
1614 514 1670 568 ln
1718 516 1906 584 copula
1953 529 2076 568 vero
2110 517 2154 572 Α
2250 509 2376 565 CAP.
2409 525 2498 564 xu.
2532 509 2760 566 Delicias
2790 513 2960 566 carnis
2991 513 3132 584 virgo
3158 512 3350 569 Christi
3379 516 3553 586 fugere
3581 515 3749 571 debet.

505 604 830 660 matrimonii
853 603 1130 674 spiritalis,
1162 619 1292 658 cum
1321 618 1519 672 sponso
1546 603 1758 660 Christo
1781 607 1858 662 sic
1879 604 2075 675 conju-

503 701 659 760 gatur
687 692 893 757 anima,
924 699 983 744 ιιι
1009 698 1168 745 etiam
1191 705 1316 744 caro
1341 699 1586 745 servetur
1612 692 1834 748 intacta.
1865 694 2077 760 Quanto

503 783 673 853 magis
696 780 968 850 virginalis
993 780 1272 849 integritas
1299 781 1463 850 viget,
1495 790 1644 838 tanto
1673 785 1840 852 magis
1861 787 2078 840 immor-

505 874 627 927 talis
657 871 952 927 fecunditas
981 871 1297 948 pollet.ISic
1331 873 1472 927 enim
1503 874 1576 928 ibi
1600 890 1704 929 non
1727 885 1809 930 est
1839 879 2080 933 mortalis

503 965 705 1016 fructus
731 977 798 1016 ex
827 977 1075 1031 corpore,
1108 970 1165 1016 ut
1198 961 1517 1018 immortalis
1540 964 1678 1020 fetus
1705 982 1813 1020 non
1851 966 1992 1022 desit
2012 984 2075 1022 ex

503 1053 684 1107 corde.
732 1053 804 1106 ibi
850 1054 1107 1108 maritalis
1154 1070 1400 1111 accessus
1449 1065 1473 1092 η
1515 1072 1626 1112 non
1664 1058 1817 1112 vitiat
1861 1075 2075 1129 corpus,

503 1141 625 1206 quia
649 1141 846 1195 Christi
876 1143 1129 1212 spiritalis
1157 1145 1436 1214 amplexus
1463 1155 1518 1201 et
1557 1148 1789 1202 animam
1820 1159 2000 1204 servat
2027 1158 2082 1204 et

503 1249 714 1302 corpus.
757 1234 815 1288 In
846 1236 937 1288 tali
967 1237 1236 1290 connubio
1265 1237 1440 1292 nullus
1469 1239 1689 1294 effectus
1717 1242 1962 1295 testuanti
1987 1256 2081 1296 cu-

505 1322 714 1389 piditati
741 1325 1083 1392 conceditur,
1114 1327 1237 1394 quia
1268 1334 1467 1381 sanctte
1496 1329 1738 1384 caritatis
1778 1330 1958 1384 fervor
1995 1346 2083 1384 re-

505 1409 721 1478 frigerio
747 1411 970 1480 Spiritali
1001 1414 1252 1467 nutritur.
1295 1414 1338 1468 Ο
1359 1417 1610 1485 angelica:
1640 1418 1953 1473 imitationis
1974 1435 2080 1472 non

507 1501 739 1554 huinana
788 1502 841 1555 iu
890 1502 1198 1557 hominibus
1237 1505 1442 1559 virtus!
1497 1506 1540 1559 0
1575 1506 1838 1562 ineffabile
1865 1509 2083 1577 superni

507 1591 930 1659 sempiternique
968 1594 1204 1648 muneris
1232 1594 1434 1649 decus!
1483 1598 1627 1664 quod
1660 1598 1763 1667 qui
1791 1599 2080 1668 accipiunt,

482 1681 612 1734 --hoc
644 1681 970 1736 meditantur
1006 1683 1060 1736 in
1092 1699 1252 1738 carne
1281 1687 1530 1753 mortali,
1563 1689 1706 1756 quod
1743 1698 1866 1743 sunt
1895 1691 1949 1744 in
1979 1691 2081 1744 im-

508 1773 836 1827 mortalitate
862 1772 887 1811 δ
915 1775 1177 1843 sumpturi
1202 1793 1214 1828 :
1247 1776 1452 1844 eligunt
1475 1779 1616 1832 enim
1639 1780 1834 1834 bonam
1853 1789 2081 1850 partem,

2179 631 2248 643 —
2275 601 2362 655 20.
2396 601 2628 657 Proinde
2661 602 2730 656 ad
2759 603 3081 658 exteriorem
3121 604 3476 672 virginitatem
3526 606 3753 662 interio-

2179 709 2400 764 remque
2449 692 2764 749 servandam
2807 693 3032 748 sollicita
3061 693 3219 748 debet
3247 695 3396 763 virgo
3425 710 3636 765 semper
3659 711 3754 750 ex-

2179 785 2379 839 cubare
2405 784 2632 840 cautela.
2675 783 2905 838 Delicias
2929 784 3107 838 carnis
3135 792 3188 838 et
3216 784 3609 840 oblectamenta
3629 801 3754 840 eor-

2180 875 2368 943 poris,
2418 888 2537 942 qua:
2585 872 2688 927 sibi
2735 889 2844 927 non
2889 879 2999 926 tam
3043 873 3338 928 necessitas
3385 874 3551 942 exigit
3592 890 3756 943 quam

2179 968 2467 1034 voluptas,
2516 965 2738 1020 omnino
2783 979 2937 1020 sacra
2985 965 3137 1032 virgo
3182 965 3431 1033 refugiat.
3491 967 3760 1036 Spiritalis

2180 1057 2323 1110 enim
2363 1056 2627 1123 virginum
2676 1071 2906 1125 sponsus
2951 1072 3059 1110 non
3085 1058 3274 1126 qumrit
3310 1058 3363 1111 in
3396 1058 3603 1126 virgine
3631 1073 3757 1112 car-

2181 1165 2303 1202 nem
2332 1149 2537 1204 deliciis
2565 1156 2893 1218 accuratam,
2925 1149 3018 1205 sed
3037 1149 3254 1218 jejuniis
3276 1150 3606 1216 castigatam.
3640 1148 3760 1204 Hoc

2182 1241 2384 1295 Doctor
2407 1242 2642 1308 gentium
2671 1257 2792 1295 cum
2823 1256 2882 1294 se
2915 1239 3091 1295 facere
3120 1240 3288 1308 dicit,
3338 1240 3494 1294 nobis
3538 1253 3759 1308 quoque

2183 1312 2414 1385 insinuat
2436 1330 2754 1394 faciendum,
2788 1329 3017 1401 Castigo,
3047 1329 3318 1399 inquiens,
3351 1343 3536 1397 corpus
3566 1343 3756 1390 meum,

2182 1430 2231 1473 et
2259 1422 2484 1474 servituti
2515 1419 2731 1491 subjicio
2757 1419 2810 1490 (1
2831 1419 2951 1473 Cor.
2977 1436 3052 1486 xx,
3108 1419 3220 1488 Q7).
3251 1418 3320 1471 Et
3339 1433 3525 1472 rursus
3550 1435 3564 1469 :
3595 1415 3662 1470 1η
3692 1418 3763 1470 υἱέ

2185 1511 2323 1583 giliis
2339 1513 2530 1575 multis,
2560 1514 2611 1565 in
2636 1515 2771 1581 fante
2793 1513 2959 1576 etsiti,
3016 1514 3071 1565 in
3089 1511 3304 1581 jejuniis
3325 1510 3498 1563 multis
3525 1507 3612 1578 (II
3635 1507 3755 1561 Cor.

2186 1615 2258 1662 xx,
2292 1599 2404 1670 27).
2453 1599 2530 1653 De
2559 1600 2714 1653 vidua
2751 1615 2879 1654 vero
2905 1599 3032 1654 dicit
3058 1618 3069 1652 :
3123 1597 3250 1662 Qua:
3279 1606 3450 1651 autem
3479 1599 3533 1651 in
3559 1597 3764 1650 deliciis

2183 1698 2296 1753 est,
2335 1689 2504 1742 uiuens
2557 1697 2759 1743 mortua
2787 1699 2861 1742 est
2895 1687 2955 1757 (l
3003 1687 3136 1742 Tim.
3168 1703 3230 1753 v,
3263 1687 3341 1754 6).
3391 1686 3509 1740 Non
3553 1692 3766 1754 quaerat

2185 1791 2315 1846 ergo
2343 1777 2540 1834 Christi
2565 1780 2715 1846 virgo
2743 1781 2920 1834 carnis
2943 1778 3180 1842 delicias,
3213 1793 3344 1846 quas
3365 1791 3465 1831 nec
3489 1775 3660 1830 viduae
3683 1775 3762 1828 vi-

484 1878 628 1931 ~quac
656 1879 765 1919 non
793 1863 1066 1920 auferetur
1094 1865 1164 1920 ab
1186 1867 1265 1921 eis
1295 1866 1425 1937 (Luc
1469 1885 1524 1935 x,
1556 1868 1645 1940 42)
1664 1913 1678 1936 ,
1720 1872 1812 1925 sed
1843 1849 2078 1942 perlicie-
2116 1883 2164 1942 Β
2185 1871 2281 1925 det
2307 1886 2755 1926 esse-concessas.
2791 1871 2855 1924 lu
2878 1871 3156 1925 saturitate
3184 1869 3288 1924 cibi
3315 1849 3500 1922 vivens
3519 1865 3761 1921 Sodoma

511 1963 598 2007 tur
620 1955 671 2008 in
702 1955 800 2009 eis.
841 1955 995 2022 Quod
1025 1957 1166 2010 enim
1194 1958 1260 2012 ab
1282 1959 1359 2012 eis
1384 1975 1524 2014 nunc
1553 1960 1862 2017 inviolatum
1899 1980 2084 2018 serva-

513 2051 598 2097 tur
628 2044 680 2097 in
711 2059 902 2113 opere,
961 2045 1065 2099 hoc
1092 2047 1168 2101 eis
1191 2047 1364 2114 gloria
1393 2049 1808 2105 immortalitatis
1832 2054 2087 2108 cumula-

513 2142 626 2188 tum
655 2133 907 2189 reddetur
934 2135 988 2188 in
1018 2151 1260 2191 munere.

582 2227 710 2281 Car.
744 2245 818 2282 x1.
857 2228 1144 2300 Virginitas
1175 2231 1248 2283 sic
1276 2231 1537 2294 ambulet,
1567 2241 1623 2284 ut
1657 2249 1748 2286 uec
1770 2233 1999 2288 declinet
2021 2235 2087 2287 ad

514 2318 799 2385 dexteram,
831 2334 922 2372 nec
945 2319 1012 2370 ad
1036 2319 1322 2373 sinistram.
1359 2320 1456 2374 Via
1478 2322 1691 2376 sinistra
1716 2323 1948 2394 voluptas
1974 2341 2090 2378 car-

495 2407 613 2461 nis.
647 2406 744 2461 Via
768 2409 1219 2479 dexterasuperba
1233 2411 1453 2480 jactatio
1477 2411 1928 2467 virtutum—18.
1953 2413 2092 2479 Quo-

495 2499 656 2553 circa
682 2541 696 2565 ,
735 2513 854 2567 quin
887 2515 993 2554 non
1023 2507 1106 2554 est
1132 2500 1312 2554 saeculi
1340 2501 1488 2570 virgo
1514 2541 1529 2567 ,
1559 2501 1652 2556 sed
1681 2502 1881 2558 Christi
1906 2543 1920 2568 ,
1954 2505 2092 2559 sicut

517 2603 624 2641 non
653 2587 811 2642 debet
839 2589 1126 2644 monilibus
1148 2630 1163 2656 ,
1215 2591 1286 2644 ita
1312 2590 1474 2646 debet
1508 2592 1794 2648 virtutibus
1821 2593 2089 2650 adornari.

516 2677 750 2743 Ornatus
773 2688 953 2734 autem
988 2680 1207 2749 virginis
1235 2689 1318 2736 est
1342 2725 1355 2746 ,
1407 2682 1728 2751 virginitatis
1755 2683 1955 2739 bonum
1985 2701 2093 2740 non

519 2769 694 2822 minus
725 2776 903 2824 mente
927 2785 1086 2838 quam
1117 2786 1280 2826 carne
1308 2786 1562 2827 servare:
1595 2779 1653 2828 ut
1674 2773 1879 2830 scilicet
1905 2783 2098 2830 semet-

519 2859 688 2926 ipsam
719 2867 868 2912 tanto
899 2874 1122 2915 munere
1149 2861 1469 2930 condignam
1497 2877 1712 2932 semper
1739 2865 2008 2930 exhibeat,
2041 2872 2097 2919 et

518 2950 595 3002 sic
623 2949 862 3004 veritatis
893 2960 1072 3006 teneat
1091 2953 1254 3020 viam,
1275 2961 1334 3007 ut
1354 2969 1461 3008 non
1482 2954 1713 3009 divertat
1732 2955 1800 3010 ad
1820 2956 2097 3012 dexteram

520 3039 606 3092 vel
651 3040 938 3094 sinistram.
985 3040 1267 3096 Sinistram
1314 3045 1510 3114 quippe
1547 3045 1757 3099 obsidet
1802 3049 2096 3102 carnalium

521 3127 676 3181 turba
709 3128 954 3182 vitiorum
980 3169 995 3194 ,
1039 3129 1313 3184 dexteram
1343 3139 1492 3186 tenet
1530 3133 1848 3202 spiritalium
1874 3135 2097 3203 jactatio

517 3220 754 3288 superba
783 3219 1062 3274 virtutum.
1104 3220 1196 3274 llla
1235 3237 1450 3277 carnem
1488 3224 1713 3294 publicis
1747 3225 2098 3282 delectamen-

524 3309 592 3363 tis
621 3310 894 3365 oblectare
918 3311 1234 3378 contendit,
1277 3314 1389 3369 1)th
1430 3316 1596 3369 menti
1626 3315 1836 3371 laudem
1865 3318 2096 3388 propria:

501 3402 735 3456 virtutis
765 3401 1170 3458 immurmurare
1189 3419 1298 3459 non
1325 3405 1537 3460 desinit.
1576 3406 1668 3460 llla
1691 3423 1921 3476 namque
1941 3409 2096 3461 blan-

520 3491 674 3545 diens
703 3492 891 3559 virgini
921 3493 1245 3562 persuadere
1270 3503 1497 3548 conatur
1525 3503 1618 3560 ut,
1673 3504 1879 3549 tantum
1921 3498 2098 3551 carnis

524 3581 830 3649 integritate
859 3590 1069 3636 servata
1095 3623 1110 3645 .
1140 3583 1394 3651 quidquid
1422 3585 1650 3652 pertinet
1678 3585 1746 3639 ad
1775 3585 1991 3642 delicias
2017 3588 2094 3642 ci-

521 3671 712 3726 borum
736 3684 750 3738 ‘,
784 3673 1014 3729 nitorem
1041 3675 1267 3728 vestium
1293 3716 1307 3740 ,
1345 3672 1578 3729 fomenta
1606 3676 1936 3743 balnearum,
1968 3687 2099 3734 stra~

523 3773 826 3820 mentorum
871 3765 1148 3820 mollitiem
1191 3775 1213 3802 ο
1241 3805 1256 3830 ,
1309 3775 1703 3834 unguentorum
1746 3768 2018 3822 lenitatem
2045 3766 2097 3836 δ,

523 3857 765 3924 iocorum
792 3854 1137 3921 hilaritatem,
1169 3855 1267 3910 sub
1295 3857 1476 3927 specie
1499 3857 1730 3911 vitandae
1757 3857 2097 3927 infirmitatis,

526 3952 580 3998 et
603 3943 966 3998 custodienda:
1007 3959 1284 4013 corporeae
1330 3946 1640 4014 sospitatis,
1694 3948 1845 4016 virgo
1891 3949 2095 4015 diligat,

526 4042 785 4105 appetat,
834 4041 1048 4097 teneat;
1089 4043 1144 4089 et
1186 4035 1337 4104 quasi
1386 4039 1539 4107 170
1569 4038 1804 4092 molliori
1835 4039 1972 4093 clivo
2007 4039 2100 4093 de—

515 4143 722 4182 vexum
771 4127 979 4183 latioris
1019 4128 1117 4182 viae
1155 4136 1420 4182 monstrat
1455 4129 1721 4197 gradienti
1763 4131 2096 4197 descensum,

510 4231 632 4286 qua
660 4233 766 4271 non
794 4217 1120 4271 conscendat
1147 4218 1214 4271 ad
1235 4219 1442 4282 coelum,
1469 4219 1560 4273 sed
1582 4219 1895 4273 devolvatur
1912 4220 1969 4274 in
1991 4228 2102 4274 tar-
2129 4222 2150 4253 ⁹

527 4317 743 4362 tarum:
775 4307 1012 4361 insinuat
1041 4307 1314 4362 vitandum
1355 4309 1560 4364 itineris
1589 4310 1799 4378 angusti
1836 4309 2098 4376 laborem,

528 4413 596 4452 ne
625 4398 971 4468 perveniatur
999 4399 1064 4453 ad
1092 4400 1353 4468 requiem.

600 4491 686 4544 l9.
729 4491 825 4545 Ast
866 4491 969 4544 alia
999 4501 1199 4560 quanto
1237 4493 1516 4555 occultius,
1563 4501 1713 4548 tanto
1743 4495 2101 4564 periculosius

2188 1963 2340 2035 (Gen.
2369 1981 2480 2028 xix,
2513 1963 2581 2017 24
2608 1973 2658 2017 et
2685 1966 2816 2033 seq.)
2843 2004 2860 2030 ,
2909 1963 3059 2018 cibus
3102 1963 3238 2030 ignis
3265 1959 3403 2016 ellici
3426 1958 3660 2023 meruit;
3705 1962 3762 2010 el

2187 2052 2500 2108 Niniviticus
2521 2052 2752 2122 populus
2798 2050 3085 2125 (fontem,
3113 2049 3175 2120 '5)
3217 2049 3453 2104 divinum
3499 2045 3761 2107 furorem,

2187 2151 2502 2198 cunctorum
2535 2143 2646 2211 jam
2672 2143 2970 2197 cervicibus
3007 2141 3371 2194 imminentem
3398 2180 3413 2207 ,
3458 2136 3664 2206 jejunio
3693 2133 3763 2187 la-

2188 2233 2491 2304 crymisque
2519 2233 2804 2287 submovit.
2845 2231 3010 2299 igitur
3033 2232 3077 2285 si
3105 2230 3328 2284 visibilis
3355 2229 3617 2299 cupiditas
3645 2227 3762 2281 vino

2189 2334 2341 2381 catur
2369 2325 2424 2378 in
2451 2340 2699 2393 corpore,
2734 2325 2942 2378 inimica
2977 2323 3256 2376 invisibilis
3275 2330 3514 2392 potestas
3537 2333 3647 2374 non
3667 2317 3767 2372 do-

2191 2417 2425 2470 minatur
2465 2416 2517 2470 iu
2548 2417 2730 2472 corde.
2771 2415 2922 2470 lllam
2944 2416 3178 2471 feliciter
3208 2414 3467 2468 vincimus
3489 2453 3504 2477 ,
3533 2411 3577 2465 si
3606 2409 3768 2465 forti.

2192 2516 2274 2562 ter
2300 2523 2420 2562 cum
2452 2507 2552 2561 ista
2580 2516 2846 2562 certemus
2871 2525 2883 2560 :
2915 2517 2970 2562 et
2993 2507 3060 2561 de
3089 2506 3177 2560 illa
3204 2503 3505 2574 triumphus
3527 2499 3771 2571 acquiri-

2194 2607 2300 2664 tur,
2335 2614 2455 2654 cum
2478 2599 2579 2653 ista
2608 2599 2864 2654 calcatur.

2266 2732 2395 2788 Car.
2438 2751 2549 2788 xut.
2584 2733 2874 2805 Temperies
2901 2734 3237 2804 jejuniorum.
3271 2763 3344 2774 —
3368 2729 3456 2784 21.
3496 2728 3667 2785 Porro
3688 2727 3774 2797 je~

2190 2823 2356 2894 juniis
2402 2825 2479 2880 sic
2527 2834 2611 2880 est
2655 2826 2954 2880 adhibenda
2997 2825 3283 2895 temperies
3308 2866 3323 2892 ,
3372 2833 3430 2879 ut
3457 2839 3654 2894 corpus
3683 2838 3775 2876 no-

2195 2922 2364 2969 strum
2393 2929 2492 2968 nec
2515 2916 2771 2970 saturitas
2799 2915 3029 2981 excitet,
3071 2931 3170 2969 nec
3211 2915 3384 2968 inedia
3420 2914 3780 2968 immoderata

2196 3004 2458 3058 debilitet.
2500 3004 2643 3058 Talis
2678 3005 2840 3072 igitur
2866 3014 3118 3075 tantaque
3150 3005 3367 3072 virginis
3397 3003 3661 3073 jejunium
3691 3019 3779 3056 re-

2199 3096 2359 3152 fectio
2390 3099 2749 3167 subsequatur
2771 3138 2786 3164 ,
2836 3108 2895 3153 ut
2922 3115 3023 3154 nec
3049 3101 3311 3153 suavitate
3337 3113 3534 3167 corpus
3563 3097 3778 3156 illiciat.

2199 3205 2298 3244 nec
2327 3190 2604 3244 saturitate
2641 3191 2946 3245 succendat.
2988 3189 3263 3244 Suavitate
3292 3181 3488 3258 quippe
3517 3187 3782 3241 minuitur

2200 3280 2543 3351 eleemosyna
2585 3296 2882 3350 pauperum
2908 3323 2923 3347 ,
2972 3282 3257 3336 saturitate
3301 3297 3498 3350 corpus
3545 3279 3783 3334 eﬂicitur

2199 3371 2533 3426 bellicosum.
2592 3372 2704 3426 Illic
2747 3373 2999 3427 fratribus
3045 3374 3286 3428 debitum
3333 3373 3633 3436 invaditur,
3690 3371 3784 3425 hic

2199 3462 2342 3518 hosti
2385 3463 2640 3516 auxilium
2679 3463 3018 3531 subrogatur.
3080 3462 3394 3517 Volentibus
3439 3462 3580 3516 enim
3624 3461 3788 3514 nobis

2200 3553 2692 3622 concupiscentiam
2722 3553 2858 3621 gula:
2901 3552 3126 3607 diversis
3155 3552 3426 3606 oblectare
3471 3549 3787 3620 pigmentis,

2200 3640 2344 3708 quod
2400 3655 2602 3710 egenus
2655 3641 2899 3710 accipere
2951 3640 3176 3708 debuit,
3241 3640 3488 3708 voluptas
3539 3639 3788 3693 insumit.

2202 3729 2432 3784 Proinde
2455 3730 2716 3799 jejunium
2749 3727 2847 3784 nec
2884 3730 3131 3784 debilitas
3158 3728 3430 3798 praeripiat
3461 3742 3482 3763 υ
3503 3769 3520 3795 ,
3550 3743 3653 3782 nec
3696 3741 3790 3780 sa-

2201 3821 2392 3875 turitas
2422 3822 2593 3876 tollat.
2631 3820 2867 3889 Utraque
2894 3821 3036 3874 enim
3065 3820 3264 3875 nostris
3290 3814 3610 3873 adversariis
3639 3817 3793 3870 mili-

2204 3921 2318 3965 tat:
2368 3914 2494 3980 quia
2522 3929 2626 3966 una
2667 3914 2950 3967 utilitatem
2976 3912 3167 3982 jejunii
3190 3911 3543 3982 prmcedentis
3571 3910 3792 3975 adimit,

2205 4003 2372 4056 altera
2402 4001 2640 4056 facultati
2665 4002 2854 4071 jejunii
2892 4003 3267 4070 subsequentis
3296 4001 3528 4055 obsistit.
3566 3998 3792 4053 Saturi-

2207 4101 2288 4148 tas
2317 4092 2441 4147 facit
2472 4101 2526 4146 ut
2555 4094 2784 4147 inaniter
2806 4093 3138 4161 jejunemus,
3169 4093 3415 4147 debilitas
3452 4089 3577 4146 facit
3608 4105 3677 4146 ne
3701 4091 3799 4160 je‘

2201 4188 2391 4257 juuare
2419 4187 2701 4256 possimus.
3799 4179 3806 4184 ’

2274 4319 2402 4375 Car.
2447 4336 2554 4373 xw.
2609 4319 2880 4391 Virginum
2923 4329 3084 4374 vestes
3127 4320 3323 4390 quales.
3365 4349 3436 4361 -—-
3472 4317 3563 4371 22.
3610 4316 3805 4371 Vestis

2203 4427 2418 4481 quoque
2449 4411 2570 4466 talis
2591 4412 2662 4466 sit
2690 4427 2857 4467 sacra:
2881 4413 3121 4480 virginis,
3152 4427 3271 4480 qua:
3294 4411 3446 4465 testis
3475 4410 3674 4464 existat
3706 4411 3804 4463 in-

2204 4502 2347 4555 timae
2371 4501 2653 4556 castitatis.
2694 4501 2835 4555 Nihil
2867 4501 3056 4556 nitoris
3085 4501 3136 4554 in
3167 4500 3353 4555 habitu
3381 4498 3668 4554 exterioris
3699 4497 3809 4553 ho-

473 4589 478 4596 ‘
528 4591 682 4652 parat
727 4583 918 4652 virgini
968 4585 1358 4654 praecipitium,
1421 4587 1547 4642 dum
1595 4588 1787 4643 callide
1833 4589 2103 4644 conanda!
2135 4618 2180 4676 ι)
2205 4596 2366 4651 minis
2394 4603 2700 4664 quaeratur,
2751 4612 2819 4650 ne
2857 4595 3132 4650 interioris
3167 4593 3403 4648 hominis
3444 4591 3662 4646 habitus
3691 4593 3809 4662 (al.

532 4687 838 4726 ascensum.
880 4671 1091 4727 Etenim
1139 4673 1182 4727 si
1213 4682 1460 4730 teneatur
1488 4676 1540 4730 in
1580 4676 1713 4732 cibis
1760 4679 2102 4740 abstinentia,

527 4762 691 4816 vestis
720 4777 826 4817 non
862 4761 932 4818 sit
960 4763 1126 4818 nitida
1150 4765 1242 4820 sed
1269 4765 1516 4836 despecta
1541 4811 1558 4836 ,
1592 4771 1822 4824 buxeum
1848 4771 2104 4839 pallorem

528 4854 727 4908 rubore
756 4855 969 4910 sublato
1000 4857 1213 4926 corpori
1236 4857 1438 4927 jejunia
1488 4869 1747 4928 generent
1767 4903 1786 4929 ,
1815 4861 2104 4916 candorem

523 4945 708 4998 carnis
764 4945 975 5001 lavandi
1025 4956 1366 5018 contemptus
1407 4950 1648 5006 obfuscet
1676 4995 1690 5020 ,
1721 4953 1862 5007 lasso
1893 4954 2105 5022 corpori

527 5048 752 5088 somnus
803 5037 984 5091 stratis
1026 5037 1331 5094 durioribus
1374 5040 1569 5105 detur,
1617 5043 1754 5096 cutis
1794 5042 1986 5096 lenitas
2010 5043 2107 5098 de-

527 5123 728 5193 spectis
756 5137 1039 5194 asperetur
1067 5133 1348 5198 unguentis
1373 5171 1388 5196 ,
1419 5133 1749 5186 contractior
1774 5133 1951 5187 vultus
1979 5135 2111 5188 risui

526 5201 745 5286 semper
773 5217 1002 5272 obsistat
1029 5228 1082 5274 et
1109 5221 1237 5290 joco
1265 5265 1279 5290 ,
1311 5222 1424 5277 lucc
1447 5223 1627 5278 omnia
1657 5239 1764 5278 non
1795 5223 1978 5279 divino
2018 5224 2115 5278 ad-

526 5306 732 5376 jutorio
773 5306 1038 5378 deputat,
1084 5311 1179 5366 sed
1215 5313 1418 5369 viribus
1459 5314 1705 5368 humana:
1744 5314 2120 5384 possibilitatis

521 5397 782 5464 assignat.

605 5573 628 5598 ο
659 5560 756 5617 Ms.
789 5563 974 5630 Corb.,
1006 5565 1079 5620 ibi
1099 5567 1334 5621 mortalis
1360 5585 1614 5624 accessus.

608 5631 637 5668 δ
666 5632 812 5703 Ant”
835 5636 970 5703 quod
991 5645 1110 5689 sunt
1138 5638 1542 5692 immortalitate.

615 5711 638 5736 ε
667 5701 980 5825 ἓωοδνετιη
1020 5715 1415 5760 stramentorum
1453 5708 1716 5764 mollitiem
1756 5710 2021 5766 adduntur
2059 5713 2112 5768 in

530 5787 642 5827 :ms.
719 5787 780 5823 or
823 5811 835 5824 .

611 5843 637 5879 ιι
663 5839 811 5895 Editi
837 5841 1026 5899 Colon.
1054 5853 1107 5900 et
1135 5845 1388 5912 Antuerp.
1409 5889 1428 5913 ,
1456 5864 1789 5915 somnorum;
1836 5860 1890 5906 at
1926 5852 2110 5919 Basil.,

2211 4685 2419 4757 habitu)
2465 4686 2787 4741 sordidatur.
2850 4686 3010 4755 Virgo
3049 4701 3167 4755 qua:
3222 4691 3471 4739 ornatum
3515 4696 3818 4750 corporeae

2210 4777 2375 4830 vestis
2409 4774 2427 4813 τ
2460 4775 2672 4830 allectat
2695 4816 2712 4842 ,
2762 4777 2993 4830 animam
3038 4791 3188 4831 suam
3214 4777 3470 4829 virtutum
3505 4773 3821 4842 splendore

2209 4868 2504 4939 despoliat;
2535 4883 2632 4922 nec
2659 4867 2822 4922 habet
2849 4869 3148 4922 castitatem
3176 4881 3378 4930 veram,
3400 4881 3520 4934 qua:
3539 4863 3823 4920 iutucnti<

2209 4963 2310 5015 bus
2337 4969 2493 5030 parat
2521 4961 2858 5027 illecebram;
2885 4976 2982 5016 nec
3013 4961 3170 5014 fidem
3198 4968 3378 5014 servat
3403 4957 3644 5023 Christo,
3678 4970 3827 5024 qum

2211 5048 2410 5118 populo
2440 5050 2630 5118 quaerit
2667 5051 2835 5120 magis
2876 5051 3090 5120 placere
3129 5064 3291 5118 quam
3337 5062 3558 5118 sponso.
3600 5044 3828 5101 Conse-

2211 5145 2441 5208 quenter
2484 5145 2664 5192 autem
2712 5155 2934 5194 necesse
2981 5147 3066 5193 est
3113 5146 3173 5192 ut
3218 5152 3340 5208 qua:
3379 5138 3619 5191 humano
3661 5151 3831 5190 con-

2218 5225 2428 5296 spectui
2479 5228 2967 5296 concupiscentiam
3010 5227 3268 5292 seminat,
3321 5227 3472 5296 171
3518 5223 3576 5278 in
3614 5223 3833 5279 divino

2220 5326 2514 5386 conspectu
2556 5319 2884 5373 iracundiam
2930 5326 3116 5372 metat.
3159 5316 3258 5382 Qui
3303 5318 3440 5371 enim
3477 5316 3716 5369 seminat
3763 5317 3836 5372 in

2224 5422 2377 5459 carne
2403 5423 2529 5475 sua,
2572 5407 2634 5461 de
2661 5423 2818 5462 carne
2841 5417 2992 5462 metet
3018 5414 3416 5480 corruptionem.
3441 5403 3544 5470 Qui
3571 5421 3695 5459 vero
3747 5424 3839 5463 u-

2218 5577 2532 5663 somniorum
2570 5579 2852 5663 leuitatem.
3014 5579 3213 5663 Corb..,
3233 5590 3633 5663 nun-gueutofum
3663 5582 3840 5663 lens}

2222 5655 2415 5720 tatem;
2459 5654 2516 5720 et
2544 5647 2760 5720 quidem
2789 5649 3148 5719 melius,,quia
3172 5647 3394 5708 inferius
3419 5652 3636 5720 dicitur,
3671 5658 3845 5712 cutis

2219 5715 2404 5792 lenitas
2435 5715 2682 5792 despectis
2706 5727 2974 5792 caperetur
2998 5715 3283 5792 unguentis.

2295 5794 2317 5856 ς
2350 5783 2533 5856 βδςῇμ
2559 5783 2861 5856 pracipitet.

2295 5851 2314 5890 ί
2345 5853 2530 5922 BasiL,
2560 5851 2809 5924 corporis,
2841 5865 2992 5914 ueste.
