4014 6340
174 320 262 377 εδδ
1551 319 1736 380 EPIS'I

1841 323 1983 380 Alli

2245 253 2290 284 ἢ

3309 327 3413 385 δὸι

181 441 314 492 ιὲηαι
333 452 387 490 in
420 437 605 504 spiritu
636 443 663 473 ι
688 473 703 499 ,
755 434 817 488 de
859 434 1044 504 spiritu
1086 439 1239 486 metet
1284 431 1440 485 vitam
1489 441 1737 488 cateruam
1763 445 1812 500 Α
1841 432 2388 498 asscnsum,avaritia:
2414 432 2592 504 gladio
2617 433 2850 489 animam
2871 432 3106 490 confodit
3126 446 3415 502 incautam;

192 526 350 581 Colat.
377 541 448 588 v1,
477 524 533 594 8)

169 531 541 670 “xviiii;
567 615 632 670 de
660 614 745 668 his
776 621 937 682 atque
979 614 1172 667 horum
1201 614 1465 668 similibus
1515 628 1636 683 quae
1667 614 1735 670 ad

171 724 329 764 curam
352 709 626 777 pertinent
654 707 848 770 carnis,
881 714 936 760 et
965 708 1194 759 animam
1219 705 1420 760 faciunt
1443 707 1541 761 sub
1569 708 1735 776 virgis

175 800 332 854 uitatis
354 800 570 852 nomine
601 798 656 851 in
679 797 1134 867 concupiscentiis
1162 796 1473 861 dormitare,
1499 797 1602 851 illa:
1631 813 1732 866 po~

175 890 260 943 tius
295 888 644 942 admouendae
690 896 814 941 sunt
839 888 1076 955 virgines
1111 901 1232 955 qua:
1274 887 1564 952 de‘licioszc,
1614 903 1734 957 qua:

178 991 317 1044 vagae,
349 992 465 1047 qua:
491 975 629 1045 jocis
667 985 791 1031 sunt
817 976 1030 1030 deditze.

234 1067 347 1121 CAP.
378 1083 466 1120 xv.
492 1098 564 1108 —
585 1065 748 1121 Nobis
777 1075 956 1121 autem
999 1083 1139 1122 nunc
1168 1067 1234 1122 ad
1265 1067 1560 1138 spiritalem
1583 1069 1740 1140 virgi-

181 1174 279 1212 nem
298 1158 656 1226 loquentibus,
681 1156 747 1211 de
771 1157 874 1212 illis
904 1165 986 1211 est
1019 1157 1226 1226 laqueis
1248 1159 1512 1213 evitandis
1534 1159 1736 1228 aliquid

183 1247 574 1315 memorandum,
599 1264 734 1318 quos
759 1249 840 1320 (ut
862 1249 935 1302 ita
956 1249 1151 1320 dicam)
1178 1265 1284 1304 non
1310 1251 1363 1305 in
1394 1253 1624 1306 terrenis
1644 1268 1734 1307 re-

185 1339 276 1403 bus,
297 1340 382 1393 sed
401 1339 454 1393 in
487 1340 521 1407 i,
542 1339 617 1393 sis
647 1339 955 1394 cmlestibus
983 1340 1321 1394 adversarius
1351 1341 1551 1407 tendit;
1584 1357 1683 1397 nec
1704 1358 1735 1396 a

185 1430 248 1484 via
262 1429 532 1485 manifesto
554 1430 764 1485 seducit
803 1445 1006 1495 errore,
1030 1430 1124 1485 sed
1148 1432 1306 1501 (sicut
1332 1432 1406 1485 ait
1429 1433 1688 1501 propheta
1719 1453 1732 1487 :

185 1516 236 1571 In
254 1518 324 1570 ria
342 1519 437 1570 hac
457 1535 556 1582 qua
579 1517 926 1579 ambulabam,
946 1517 1326 1572 absconderant
1347 1520 1557 1590 laqueos
1572 1520 1739 1576 δηιίιιί

183 1607 275 1696 ιρι.
296 1625 431 1672 cm,
458 1607 514 1679 4]
547 1610 635 1662 ubi
661 1609 799 1663 bene
815 1609 1160 1665 ambulantes
1190 1611 1446 1680 perspicit
1474 1611 1529 1665 in
1561 1613 1742 1682 operi-

179 1701 258 1755 bus
277 1702 443 1766 bonis,
471 1701 545 1755 ibi
569 1701 941 1755 vehementius
954 1708 1016 1754 et
1044 1702 1416 1770 periculosius,
1443 1704 1541 1758 sub
1559 1704 1741 1758 colore

181 1792 416 1846 simulatae
463 1791 636 1860 pacis,
685 1791 908 1846 occultis
950 1800 1214 1860 repugnat
1261 1792 1501 1858 insidiis;
1533 1802 1588 1847 et
1632 1809 1741 1848 non

180 1885 339 1938 valens
384 1884 750 1951 virginitatem
803 1883 984 1936 carnis
1030 1883 1082 1936 in
1128 1898 1294 1937 carne
1336 1882 1602 1952 perdere,
1634 1885 1742 1938 vir-

180 1975 428 2040 giuitatem
458 1973 679 2042 spiritus
701 1981 930 2027 conatur
950 1971 1178 2027 auferre.

238 2065 318 2119 ‘14.
357 2065 588 2135 Propter
623 2064 764 2133 quod
810 2080 920 2118 non
967 2072 1049 2119 est
1095 2063 1290 2120 Christi
1323 2065 1614 2134 virginibus
1645 2083 1741 2123 ne-

184 2155 436 2223 gligentius
465 2155 780 2209 intuendum
809 2164 1069 2224 quantum
1100 2156 1278 2212 cordis
1306 2157 1588 2227 virginitas
1629 2175 1742 2214 caro

184 2247 250 2301 nis
269 2246 551 2315 virginitati
577 2246 975 2316 praeponderet.
1008 2245 1135 2301 llam
1177 2247 1319 2301 enim
1349 2249 1393 2302 si
1427 2265 1457 2302 a
1489 2247 1739 2305 fidelibus

182 2337 450 2406 coniugatis
487 2353 552 2392 ac
582 2337 758 2392 viduis
786 2337 838 2391 in
885 2335 1024 2402 fide,
1075 2352 1196 2407 quae
1243 2354 1342 2408 per
1391 2339 1738 2395 dilectionem

185 2437 423 2498 operatur,
457 2429 622 2484 etiam
649 2429 764 2484 sine
786 2428 1091 2496 virginitate
1116 2444 1401 2499 corporea,
1432 2431 1485 2484 in
1512 2431 1611 2486 hac
1630 2431 1738 2486 vita

185 2517 316 2573 fuerit
342 2517 632 2584 custodita,
682 2517 735 2572 in
759 2517 941 2573 futuro
970 2532 1071 2573 nec
1097 2519 1274 2573 carnis
1294 2519 1602 2588 virginitate
1627 2521 1739 2589 pri-

184 2611 399 2676 rabitur,
439 2620 498 2666 et
538 2610 690 2679 regni
726 2609 959 2664 ctelestis
1007 2609 1340 2665 beatitudine
1389 2611 1735 2681 perfruetur;

184 2704 448 2772 carporalis
474 2718 606 2757 vero
637 2703 940 2770 virginitas,
969 2703 1133 2756 etiam
1165 2702 1272 2756 Deo
1301 2702 1476 2757 dicata
1502 2746 1517 2770 ,
1554 2705 1600 2759 si
1625 2704 1737 2759 vir-

185 2794 428 2861 ginitatem
449 2811 559 2850 non
591 2794 890 2849 servaverit
909 2793 1107 2862 cordis,
1134 2795 1261 2848 nihil
1289 2795 1527 2864 proderit
1545 2797 1600 2850 in
1619 2813 1740 2852 cor-

183 2894 292 2952 pore
315 2885 614 2950 custodita,
648 2883 694 2939 si
723 2884 977 2954 spiritalis
1022 2885 1242 2939 castitas
1287 2883 1446 2940 fuerit
1473 2886 1527 2940 in
1557 2895 1738 2943 mente

189 2985 435 3045 corrupta.

237 3065 313 3120 25.
369 3066 627 3121 Diabolus
691 3075 960 3138 utramque
1020 3076 1282 3146 oppugnat
1342 3068 1688 3138 virginitatem
1715 3084 1734 3121 :

1842 523 1888 578 si
1913 533 2091 578 autem
2119 523 2280 579 fuerit
2308 525 2584 596 repulsus,
2616 526 2835 580 insidias
2860 539 2992 594 quas
3031 541 3128 596 per
3157 527 3419 581 tenacita-

1841 624 1950 669 tem
1981 615 2201 672 tendere
2234 633 2339 671 non
2388 616 2581 686 potuit,
2617 633 2716 686 per
2736 617 3111 671 liberalitatem
3152 617 3418 685 nequissi-

1841 721 1960 760 mus
1983 707 2177 773 tendit;
2211 715 2266 761 et
2296 707 2347 761 in
2381 723 2545 778 opere
2570 707 2949 763 misericordia:
2978 707 3105 762 facit
3133 708 3309 763 cordis
3332 725 3424 762 su-

1841 799 2079 866 perbiam
2102 799 2384 867 pullulare,
2413 807 2472 854 ut
2499 816 2567 855 eo
2594 801 2738 869 quod
2761 801 2941 869 egenti
2969 800 3422 869 largitur,magna

1839 885 1939 942 sibi
1970 887 2170 942 habere
2204 890 2356 959 172
2392 890 2584 944 merita
2612 889 2872 944 videatur.
2905 889 2963 942 In
2991 889 3173 944 multis
3200 889 3314 944 haec
3343 891 3422 943 fa-

1841 979 1935 1043 cit,
1968 985 2023 1032 et
2049 979 2279 1034 maxime
2304 981 2382 1035 sic
2410 980 2720 1050 impugnare
2747 981 3016 1050 spiritales
3043 979 3141 1034 Dei
3192 978 3424 1036 famulos

1841 1075 1898 1122 et
1927 1065 2152 1122 famulas
2175 1071 2438 1134 assuevit;
2472 1079 2528 1123 ut
2555 1070 2600 1123 si
2629 1071 2747 1138 quis
2777 1056 2935 1124 rebus
2975 1070 3151 1124 noxiis
3181 1067 3425 1124 mortife-

1842 1157 2023 1226 risque
2069 1174 2175 1213 non
2217 1159 2480 1224 vincitur,
2525 1159 2772 1213 vitalibus
2819 1160 3073 1214 remediis
3120 1158 3420 1214 occidatur.

1841 1243 2005 1303 anis
2052 1258 2310 1319 operatur
2339 1251 2478 1304 mala
2501 1292 2515 1316 ,
2549 1251 2851 1306 salubribus
2889 1252 3077 1316 noxia,
3105 1250 3264 1319 justis
3293 1249 3425 1318 inju-

1841 1346 1942 1402 sta,
1975 1347 2030 1393 et
2052 1339 2350 1394 commodis
2372 1348 2591 1409 praestat
2615 1340 2972 1396 incommoda.
3019 1339 3133 1395 Hoc
3161 1339 3214 1394 in
3244 1340 3422 1408 seipso

1842 1429 2077 1499 primum
2107 1438 2363 1499 operatus
2393 1439 2493 1496 est,
2527 1431 2619 1499 qui
2650 1447 2755 1486 non
2787 1446 2855 1485 ex
2900 1431 3206 1485 conditione
3235 1429 3424 1483 habuit

1841 1518 2100 1585 originem
2133 1518 2390 1581 criminis,
2415 1519 2511 1574 scd
2531 1536 2597 1574 ex
2627 1519 2861 1574 elatione
2889 1519 3101 1574 virtutis
3142 1519 3423 1572 veritatem

1842 1607 1895 1660 in
1938 1607 2195 1676 injustitia
2236 1619 2260 1645 θ
2313 1608 2558 1664 detinere
2605 1609 2777 1663 voluit
2826 1617 2914 1673 et,
2963 1625 3058 1678 per
3106 1608 3424 1677 injustitiam

1844 1696 2043 1765 lapsus,
2075 1697 2126 1750 in
2157 1697 2388 1752 veritate
2437 1713 2541 1752 non
2569 1697 2736 1751 stetit.
2770 1696 3052 1763 Quomodo
3100 1698 3243 1752 enim
3279 1706 3424 1753 stare

1778 1787 2038 1880 Bpotuit,
2085 1787 2170 1841 cui
2215 1802 2312 1856 pro
2357 1787 2606 1855 superbia
2655 1787 2853 1841 restitit
2883 1787 2972 1842 ille
3016 1788 3108 1855 qui
3149 1803 3424 1857 nunquam

1845 1874 2020 1929 cadit?
2052 1874 2268 1929 Initium
2289 1877 2431 1929 enim
2461 1876 2627 1929 omnis
2648 1877 2845 1945 peccati
2865 1876 3107 1945 superbia
3137 1875 3324 1943 (Eccli.
3363 1892 3421 1940 ι,

1845 1963 1964 2034 15);
2001 1963 2225 2036 Propter
2263 1966 2400 2037 quod
2442 1965 2581 2019 Deus
2622 1964 2852 2035 superbis
2884 1967 3112 2029 resistit,
3149 1967 3423 2020 humilibus

1842 2067 2012 2111 autem
2040 2057 2131 2111 dat
2152 2061 2378 2129 gratiam
2409 2057 2548 2129 (Jac.
2572 2074 2645 2125 iv,
2672 2057 2749 2128 6).

1910 2146 2038 2202 CAP.
2063 2163 2170 2201 xvr.
2196 2147 2452 2218 Superbia
2469 2149 2670 2200 initium
2685 2149 2850 2201 omnis
2875 2149 3090 2219 peccati.
3113 2146 3416 2219 Hypocritaz

1839 2237 2045 2306 superbi
2093 2247 2279 2291 mente.
2305 2237 2478 2290 —26.
2519 2237 2645 2292 llaec
2689 2247 2868 2293 autem
2897 2239 3146 2307 superbia
3176 2239 3298 2294 ideo
3329 2240 3423 2294 iui-

1841 2328 1972 2382 tium
1995 2329 2168 2383 omnis
2192 2329 2398 2398 peccati
2419 2329 2629 2395 dicitur,
2646 2337 2704 2383 ut
2721 2345 2879 2385 omne
2900 2338 3182 2399 peccatum
3205 2331 3271 2385 de
3299 2331 3418 2400 ipsa

1842 2424 2093 2488 tanquam
2125 2419 2192 2474 de
2213 2419 2390 2474 radice
2424 2420 2685 2489 pullulare
2707 2429 3035 2476 monstretur
3063 2439 3076 2474 :
3111 2423 3422 2489 quasmulti-

1839 2508 1963 2577 plici
1978 2509 2139 2563 modo
2155 2509 2364 2564 miseris
2376 2510 2608 2565 inferens
2628 2519 2875 2577 mortem,
2889 2513 3104 2580 publico
3120 2514 3422 2570 certamine

1839 2599 2082 2653 carnales
2110 2599 2323 2667 dejicit;
2349 2600 2619 2670 spiritales
2640 2617 2790 2664 vero,
2836 2602 2882 2656 si
2912 2618 3049 2670 quos
3073 2603 3321 2658 incautos
3349 2603 3424 2658 inv

1841 2691 2066 2755 venerit,
2092 2691 2389 2747 occultiore
2411 2691 2664 2747 conﬂictu
2687 2694 2996 2761 prosternit.
3017 2692 3150 2759 Quis
3170 2694 3311 2748 enim
3335 2709 3422 2749 πιθ-

1838 2778 1971 2834 sciat
1992 2778 2331 2844 fornicarios,
2347 2778 2502 2834 idolis
2538 2780 2856 2843 servientes,
2887 2779 3181 2847 adulteros,
3199 2781 3411 2847 molles,

1838 2871 2194 2926 masculorum
2211 2872 2608 2937 concubitores,
2625 2873 2787 2938 fures,
2813 2889 3024 2940 avaros,
3040 2875 3286 2930 ebriosos
3319 2877 3420 2947 (al.

1840 2961 2062 3032 ebrios),
2095 2961 2407 3028 maledicos,
2437 2978 2680 3033 rapaces,
2698 2965 2954 3034 superbas
2979 2966 3234 3021 adversus
3255 2967 3423 3023 Deum

1840 3052 2078 3107 cervices
2106 3052 2333 3119 erigere,
2363 3060 2418 3108 et
2447 3053 2787 3122 nequissimis
2828 3056 3080 3124 operibus
3108 3057 3279 3125 magis
3301 3057 3424 3112 dia-

183 3159 326 3212 rarnis
351 3199 365 3224 ,
410 3175 501 3227 per
534 3158 805 3222 honnnes;
845 3157 1030 3210 mentis
1057 3195 1072 3221 ,
1113 3173 1204 3227 per
1225 3143 1485 3225 'seipsum.
1545 3155 1736 3210 Callidi
1758 3195 1806 3257 Ο
1840 3143 1968 3198 bolo
1997 3143 2262 3257 militare?
2284 3143 2420 3199 Sunt
2441 3145 2530 3200 alii
2557 3161 2695 3257 quos
2723 3145 2776 3200 in
2817 3155 3108 3257 conspectu
3145 3149 3422 3252 hominum

182 3249 316 3302 hostis
367 3249 513 3302 uaria
566 3247 783 3300 tentatio
838 3254 1021 3299 contra
1093 3245 1336 3315 virgines.
1387 3270 1459 3283 —-
1513 3244 1729 3299 Utram-

182 3351 267 3406 que
305 3337 549 3393 diabolus
598 3336 975 3407 persequitur,
1017 3345 1301 3405 utramque
1340 3333 1548 3390 callidis
1593 3350 1728 3390 con-

184 3432 289 3486 siliis
337 3433 650 3487 insectatur.
697 3431 806 3486 Sed
859 3429 1221 3498 virginitatem
1269 3429 1448 3484 carnis
1493 3443 1591 3498 per
1627 3429 1728 3484 ho-

184 3526 352 3580 minem
377 3525 568 3579 nititur
597 3524 907 3593 praeripere,
957 3521 1136 3576 cordis
1179 3535 1311 3575 vero
1366 3519 1728 3587 virginitatem

184 3627 260 3684 per
281 3619 505 3687 seipsum
533 3623 758 3671 conatur
785 3613 1015 3669 auferre.
1040 3613 1173 3667 Nam
1197 3611 1512 3681 plerumque
1541 3610 1610 3664 ad
1628 3610 1734 3664 hoc

183 3708 332 3762 carnis
356 3707 740 3776 virginitatem,
770 3720 890 3774 qua:
919 3703 1140 3758 inferior
1167 3709 1267 3767 est,
1297 3717 1407 3756 non
1437 3701 1731 3770 impugnat,

185 3796 376 3853 utilllus
418 3813 539 3866 qua:
583 3796 766 3865 potior
811 3802 896 3850 est
932 3793 1278 3848 fundamenta
1325 3791 1626 3858 subfodiat;
1680 3798 1736 3845 et

185 3891 410 3954 tanquam
436 3885 666 3940 diversis
695 3884 986 3947 machinis,
1018 3883 1096 3938 sic
1125 3882 1419 3938 innumeris
1459 3882 1627 3936 utitur
1648 3896 1734 3935 ar-

184 3977 449 4041 gumentis;
479 3985 534 4031 et
560 3991 683 4031 cum
710 3975 990 4030 certamini
1030 3972 1315 4029 manifesto
1338 3972 1503 4039 cedit,
1535 3971 1600 4026 ad
1629 3974 1734 4026 hoc

184 4081 233 4120 se
255 4067 437 4122 victum
468 4066 818 4130 demonstrat,
869 4074 928 4118 ut
953 4064 1160 4128 vincat;
1211 4063 1278 4116 ad
1305 4062 1410 4118 hoc
1455 4061 1630 4131 fugam
1660 4061 1735 4116 si-

185 4157 343 4220 mulat,
372 4165 430 4210 ut
459 4162 868 4226 persequentem
914 4153 1089 4208 missis
1117 4159 1239 4222 post
1273 4159 1483 4220 tergum
1522 4150 1735 4217 sagittis

185 4246 382 4300 occidat.
413 4245 646 4300 Defende
675 4252 728 4298 te
756 4259 786 4297 a
830 4244 1025 4298 talibus
1059 4256 1080 4282 ο
1109 4261 1125 4295 :
1160 4238 1496 4297 evidentibus
1534 4242 1735 4312 quippe

185 4336 304 4392 vitiis
329 4345 604 4407 provocat,
629 4335 754 4389 dum
783 4334 1140 4404 virginitatem
1161 4334 1405 4403 corporis
1435 4333 1731 4402 impugnat,

185 4426 227 4479 iu
251 4428 431 4496 quibus
459 4428 504 4482 si
534 4427 710 4496 palam
740 4433 1042 4496 superetur,
1081 4424 1224 4478 illico
1259 4423 1568 4493 superbiam
1612 4437 1735 4493 per-

185 4517 508 4573 niciosissime
526 4516 823 4585 jaculatur;
855 4523 910 4569 et
933 4515 1185 4569 vitiorum
1211 4522 1398 4568 auctor
1419 4513 1471 4566 in
1501 4528 1567 4568 eo
1588 4512 1733 4582 quod

184 4607 368 4664 vincere
394 4625 501 4664 non
552 4615 728 4678 potest
748 4607 892 4661 vitiis
926 4606 1053 4671 suis,
1086 4605 1254 4660 vincit
1280 4605 1569 4660 virtutibus
1598 4605 1726 4658 alie-

184 4697 274 4764 nis;
304 4701 462 4754 armis
483 4685 677 4768 quibus
706 4698 920 4753 eliditur
968 4697 1155 4765 surgit,
1195 4703 1249 4751 et
1276 4697 1475 4750 virtute
1499 4711 1604 4765 qua
1637 4695 1732 4749 de-

179 4785 336 4851 iicitur
361 4789 562 4859 dejicit.
594 4787 802 4842 Laudat
827 4803 932 4857 qua
976 4802 1036 4842 se
1074 4787 1332 4857 perspicit
1358 4785 1600 4855 superari
1630 4785 1735 4838 vir-

183 4884 347 4944 tutem,
370 4889 428 4933 ut
455 4881 631 4934 victus
669 4879 835 4948 possit
877 4877 1153 4948 captivare
1182 4877 1485 4930 vincentem
1517 4892 1532 4928 :
1565 4872 1738 4943 injicit

181 4970 308 5024 enim
351 4971 526 5026 cordis
568 4969 917 5040 iactantiam,
969 4977 1028 5022 ut
1055 4967 1287 5036 graviori
1315 4967 1468 5036 lapsu
1513 4965 1580 5020 de
1626 4963 1737 5019 alto

181 5061 331 5124 possit
359 5061 610 5130 dejicere,
642 5061 688 5114 si
717 5075 854 5128 quos
876 5059 928 5112 in
956 5057 1245 5137 humilibus
1273 5056 1418 5110 videt
1446 5054 1618 5125 gradu
1647 5051 1739 5107 lir-

182 5150 332 5204 miore
361 5166 616 5222 pugnare.
667 5150 801 5204 Nam
833 5149 1021 5220 (verbi
1049 5145 1258 5217 gratia)
1283 5161 1404 5200 cum
1428 5146 1564 5212 gula:
1594 5143 1742 5198 dele-

181 5245 428 5294 ctamenta
459 5241 711 5311 porrigit,
743 5241 788 5294 si
819 5239 1172 5308 suscipiatur,
1222 5235 1463 5290 fomitem
1505 5233 1742 5288 libidinis

180 5329 558 5396 subministrat;
589 5332 634 5385 si
660 5339 961 5400 respuatur,
989 5327 1302 5396 jactantiam
1324 5324 1391 5379 de
1415 5323 1742 5379 abstinentia

184 5419 410 5474 seminat.
441 5420 680 5475 lnsinuat
708 5418 1050 5473 dilectionem
1072 5415 1314 5486 pecuniae
1337 5413 1364 5451 ά
1396 5432 1407 5466 :
1440 5414 1486 5475 si
1511 5410 1746 5468 tenuerit

249 5577 270 5644 ξ
295 5568 502 5644 Color},
528 5575 616 5644 qui
639 5589 754 5644 uero
775 5571 998 5624 seminat
1025 5569 1087 5621 de
1107 5569 1319 5639 spiritu.

251 5635 274 5673 ³
301 5638 391 5712 με.
417 5635 602 5706 ϐόε-5.,
635 5643 890 5712 laqueum.

256 5717 273 5775 ς
303 5707 490 5766 Desunt
521 5705 632 5766 haec
663 5705 714 5765 in
745 5710 899 5765 editis
913 5726 931 5773 ;—
954 5708 1202 5775 leguntur
1229 5707 1282 5761 in
1313 5722 1408 5762 ms.
1441 5705 1607 5760 Corb.

255 5774 277 5812 ⁴
302 5775 392 5836 κε.
418 5781 602 5848 Corb.,
626 5781 1010 5836 delectationem
1033 5779 1278 5842 pecunia.

1764 4560 1812 4618 D

1836 3235 2082 3304 Superbia
2109 3242 2364 3304 tanquam
2395 3250 2524 3290 suos
2551 3236 2886 3291 demonstrat
2911 3237 3117 3302 hostes,
3144 3247 3203 3293 et
3231 3239 3423 3295 intrin-
3453 3310 3455 3313 ι

1833 3341 1989 3381 secus
2039 3327 2200 3382 habet
2249 3328 2606 3396 nequissimos
2653 3329 2869 3385 milites.
2923 3331 3003 3384 Ab
3043 3332 3127 3386 his
3166 3331 3422 3400 iniquitas

1835 3419 2031 3473 callide
2055 3419 2280 3486 geritur,
2313 3426 2370 3472 ut
2400 3419 2647 3473 humanis
2676 3420 2952 3475 obtutibus
2983 3421 3188 3489 iustitia
3216 3421 3422 3478 fallaci-

1837 3516 1924 3563 ter
1948 3509 2283 3564 ostendatur.
2333 3509 2442 3564 Hos
2490 3510 2749 3564 Dominus
2797 3520 2981 3566 noster
3007 3513 3084 3567 sic
3113 3513 3356 3583 increpat
3403 3532 3418 3567 :

1843 3598 1948 3652 Vos
1968 3600 2091 3653 estis
2131 3601 2215 3670 qui
2239 3599 2542 3668 justiﬁcatis
2580 3616 2668 3654 vos
2710 3615 2885 3654 coram
2924 3601 3246 3666 hominibus;
3279 3603 3421 3658 Deus

1836 3695 2006 3742 autem
2027 3690 2166 3742 novit
2196 3689 2353 3741 corda
2369 3698 2558 3742 uestra.
2591 3687 2738 3754 Quos
2763 3697 2820 3742 ut
2843 3690 3106 3758 superbo‘s
3137 3691 3421 3747 evidenter

1837 3781 2166 3846 ostenderet,
2199 3789 2422 3836 secutus
2449 3780 2695 3849 adjunxit
2729 3799 2742 3834 :
2773 3779 2906 3845 Quia
2947 3784 3084 3854 quod
3127 3784 3418 3838 hominibus

1835 3873 1996 3926 altum
2016 3881 2110 3937 est,
2132 3871 2449 3926 abominatio
2470 3880 2548 3926 est
2567 3881 2688 3926 ante
2708 3872 2987 3928 Dominum
3003 3872 3153 3945 (Luc.
3180 3874 3416 3945 xv1,15).

1905 3963 1995 4018 27.
2039 3963 2118 4018 Ad
2148 3979 2240 4018 eos
2261 3963 2423 4017 etiam
2450 3963 2543 4032 qui
2588 3965 2687 4019 sub
2735 3959 3038 4019 Christiana
3077 3963 3418 4035 professione

1837 4054 2066 4118 vivunt,
2118 4061 2173 4109 et
2223 4052 2420 4109 Christi
2481 4062 2752 4124 praecepta
2801 4055 3088 4110 manifeste
3151 4055 3422 4125 peccando

1837 4149 2215 4208 contemnunt,
2246 4141 2326 4196 sic
2355 4142 2470 4212 ipse
2490 4141 2736 4197 Christus
2765 4142 3001 4212 loquitur
3032 4160 3044 4197 :
3081 4141 3220 4207 Quid
3251 4153 3422 4198 autem

1835 4235 2030 4288 vocatis
2073 4251 2171 4302 me,
2196 4233 2436 4298 Domine,
2465 4232 2709 4300 Domine,
2737 4244 2786 4289 et
2815 4253 2920 4290 non
2949 4238 3121 4308 facitis
3150 4254 3264 4308 qua:
3301 4237 3420 4298 dico

1839 4321 1989 4394 (Luc.
2017 4339 2089 4391 vi,
2114 4323 2242 4391 46)?
2272 4321 2427 4377 Tales
2451 4323 2692 4392 gentium
2720 4339 2936 4393 quoque
2960 4325 3163 4380 Doctor
3196 4326 3280 4379 his
3301 4341 3423 4379 ver-

1838 4411 1920 4466 bis
1949 4412 2196 4480 objurgat
2230 4430 2241 4464 :
2272 4412 2596 4483 Conﬁtentur
2634 4431 2690 4469 se
2729 4432 2882 4469 nosse
2910 4414 3099 4481 Deum,
3141 4417 3299 4487 {actis
3327 4432 3424 4468 au-

1838 4513 1940 4557 tem
1974 4513 2192 4573 negant;
2223 4519 2337 4557 cum
2361 4506 2466 4558 sint
2490 4505 2794 4571 abominati,
2820 4515 2871 4560 et
2904 4506 3257 4575 incredibiles,
3281 4514 3332 4576 (et
3354 4507 3424 4561 ad

1836 4608 1985 4647 omne
2013 4609 2138 4660 opus
2168 4589 2352 4646 bonum
2376 4594 2578 4664 reprobi
2607 4594 2733 4666 (Tit.
2759 4612 2796 4658 ι,
2840 4595 2948 4662 l6).
2988 4595 3098 4651 Sed
3127 4605 3183 4651 et
3228 4597 3423 4651 beatus

1835 4682 2066 4739 Jacobus
2093 4684 2222 4738 dicit
2261 4703 2273 4737 :
2327 4682 2464 4749 Quid
2507 4685 2754 4755 proderit,
2799 4688 2988 4758 fratres
3030 4690 3147 4753 mei,
3183 4690 3226 4742 si
3267 4688 3425 4758 ﬁdem

1836 4779 1950 4848 quis
1973 4777 2112 4832 dicat
2138 4794 2194 4831 se
2241 4777 2456 4844 habere,
2489 4794 2646 4848 opera
2686 4788 2986 4834 autemnon
3025 4779 3248 4833 habent!
3277 4777 3434 4856 Nuny

1837 4869 1960 4942 quid
1992 4871 2176 4940 poterit
2209 4868 2227 4907 ί
2263 4870 2390 4940 ﬁdes
2433 4870 2634 4925 salvare
2671 4888 2784 4925 eum
2816 4871 2955 4943 (Jac.
2989 4888 3044 4938 tt,
3079 4873 3204 4941 l4)?
3236 4871 3425 4927 Humi-
3462 4859 3466 4862 ’

1838 4960 1963 5014 litas
1989 4975 2138 5028 ergo,
2170 4975 2332 5029 quam
2358 4959 2540 5016 docuit
2558 4959 2803 5018 Christus
2829 4962 3039 5017 dicens:
3069 4959 3264 5016 Discite
3285 4980 3316 5017 α
3341 4978 3424 5018 me
3467 4949 3470 4952 ’

1841 5051 1960 5121 quia
1985 5053 2125 5105 mitis
2146 5069 2258 5105 sum
2282 5061 2330 5105 et
2358 5052 2564 5107 humilis
2594 5051 2745 5106 corde
2769 5052 2787 5123 (
2811 5052 3000 5106 Matth.
3033 5069 3120 5122 ιι,
3149 5053 3282 5124 29),
3315 5070 3422 5110 non

1845 5142 1897 5196 in
1925 5143 2038 5196 sola
2071 5144 2318 5198 consistit
2346 5143 2468 5209 fide,
2488 5143 2581 5198 sed
2613 5144 2666 5197 in
2689 5142 2794 5198 fide
2822 5145 2979 5199 simul
3008 5154 3062 5200 et
3087 5160 3270 5216 opere.
3290 5145 3422 5199 Nam

1844 5234 2102 5303 scriptum
2130 5243 2214 5288 est
2242 5234 2367 5302 quia
2394 5233 2465 5286 Et
2504 5235 2762 5288 immanes
2798 5235 3016 5289 credunt
3055 5245 3106 5290 et
3143 5237 3424 5291 contremi-

1845 5334 1994 5376 scunt
2025 5322 2161 5393 (Jac.
2191 5340 2246 5390 ιι,
2279 5323 2400 5394 l9);
2429 5325 2519 5392 qui
2549 5332 2728 5379 tamen
2757 5325 2877 5380 ideo
2898 5327 3127 5382 humiles
3150 5341 3258 5381 non
3277 5333 3422 5380 sunt.

1855 5411 2003 5468 Unde
2031 5415 2192 5468 etiam
2215 5415 2493 5486 apostolus
2518 5415 2712 5471 Paulus
2743 5418 2934 5472 asserit
2959 5435 2972 5470 :
3002 5417 3135 5482 Quia
3169 5418 3424 5487 sapientia

1928 5565 2072 5642 ξμς.
2102 5563 2288 5634 Corb.,
2318 5567 2373 5642 in
2396 5566 2670 5642 injustitia.
2701 5568 2797 5625 Ms.
2826 5569 2984 5634 Vict.,
3016 5571 3068 5624 in
3090 5572 3418 5642 injustitiam.

1852 5629 2210 5706 Editiautem,
2237 5629 2328 5706 per
2356 5629 2687 5704 iniustitiam.

1919 5704 1936 5744 τ
1964 5704 2060 5760 bis.
2091 5704 2528 5778 Corb},nunquid
2555 5710 2761 5781 poterit.
2796 5707 2955 5774 Editi,
2983 5717 3162 5780 potest.
