4072 6332
551 315 658 374 335

1581 309 1636 363 S.
1679 305 2036 363 FULGENTII
2073 302 2373 360 EPlSCOPl
2413 299 2782 358 RUSPENSIS

3697 277 3806 338 536

540 424 714 479 carnis
738 424 945 478 inimica
976 432 1050 478 est
1073 421 1181 474 Deo
1214 437 1228 473 :
1257 419 1356 489 legi
1382 420 1516 472 enim
1547 417 1644 472 Dei
1676 435 1778 472 non
1813 419 2113 490 subjicitur;
2149 420 2195 480 Α
2220 413 2652 471 consideratione
2696 411 2772 466 tui
2824 406 3090 480 quaslibet
3133 401 3492 464 Christianas,
3538 395 3703 490 etiam
3748 396 3803 490 in

539 531 631 568 nec
657 515 793 568 enim
819 523 985 583 potest
1017 512 1192 583 (Rom.
1224 525 1336 576 vm,
1364 508 1447 578 7);
1481 524 1599 579 qua:
1637 509 1898 580 sapientia
1928 524 2120 563 secun-

537 603 662 658 dum
691 603 877 658 Jacobi
900 603 1360 666 sententiam,non
1383 608 1460 655 est
1488 601 1754 654 desursum
1783 592 2121 671 descendens,

538 695 628 749 sed
651 703 877 760 terrena,
909 692 1177 760 animalis,
1211 691 1470 747 diabolica
1500 691 1638 759 (Jac.
1672 707 1742 756 Ill,
1775 691 1886 762 15).

606 783 734 838 Car.
786 800 911 838 xvn.
959 783 1161 852 Dujlea:
1208 783 1470 855 superbia.
1517 781 1782 837 Parabola
1823 782 2122 836 Christi‘de

543 876 809 929 Pharist
838 884 887 928 et
937 872 1243 930 Publicano.
1274 907 1345 917 --
1371 874 1462 929 28.
1502 873 1784 929 Manifesta
1834 874 1997 942 igitur
2039 889 2122 928 su-

535 967 722 1035 perbia
763 965 1205 1034 deprehenditur,
1253 982 1373 1020 cum
1403 965 1687 1020 manifeste
1730 974 2024 1036 peccatur;
2067 973 2123 1019 at

537 1071 659 1110 cum
691 1054 814 1111 fuco
839 1055 1060 1125 justitiae
1090 1055 1340 1125 iniquitas
1376 1058 1588 1124 tegitur,
1622 1058 1709 1112 illa
1737 1059 2000 1128 superbiae
2027 1074 2123 1129 pe-

533 1149 769 1204 stilentia
797 1150 1118 1204 venenosius
1163 1150 1353 1220 serpit,
1398 1150 1487 1204 illa
1516 1151 1872 1220 periculosius
1912 1151 2119 1221 irrepit,

535 1254 657 1293 cum
689 1239 756 1294 ab
778 1240 862 1294 his
880 1241 972 1309 qui
995 1241 1216 1311 justitiae
1237 1241 1470 1296 studium
1506 1250 1722 1309 gerunt,
1749 1241 1834 1296 vel
1885 1242 2116 1297 aliorum

532 1328 639 1382 vita
704 1336 961 1398 tanquam
1017 1331 1232 1398 indigna
1280 1331 1592 1399 despicitur,
1635 1331 1720 1386 vel
1765 1331 1818 1385 in
1868 1332 2122 1402 operibus

530 1419 688 1475 bonis
738 1421 938 1490 aliquid
982 1421 1229 1477 humanis
1257 1421 1459 1477 viribus
1502 1422 1818 1490 assignatur.
1854 1421 1946 1476 llla
1971 1421 2122 1477 deni—

530 1531 637 1585 que
665 1519 937 1588 superbia,
971 1520 1124 1589 173
1153 1534 1258 1587 qua
1308 1519 1485 1573 ctctcri
1531 1519 1599 1574 ab
1626 1520 1710 1574 his
1750 1519 1839 1590 qui
1865 1521 1965 1575 sibi
1991 1521 2120 1589 justi

534 1607 782 1663 videntur
810 1609 959 1663 velut
987 1616 1301 1678 peccatores
1341 1608 1732 1678 despiciuntur,
1768 1608 1822 1662 in
1849 1607 2119 1664 Phariszco

532 1697 924 1752 condemnatur
941 1741 956 1766 ,
981 1698 1119 1753 sicut
1146 1698 1307 1752 etiam
1330 1707 1546 1754 sanctus
1589 1699 1917 1766 evangelista
1948 1707 2115 1754 testa-

2225 507 2463 563 inferiori
2485 506 2690 576 positas
2706 499 3061 572 professione,
3079 493 3365 566 despicias,
3383 496 3476 546 aut
3497 497 3550 546 te
3571 488 3625 544 in
3647 487 3807 544 bonis

2224 601 2516 672 operibus,
2565 595 2982 669 przesumptione
3019 589 3250 663 praprite
3294 585 3507 641 virtutis
3550 582 3804 640 extollas.

2225 671 2492 762 Quidquid
2521 689 2666 744 enim
2713 683 3034 756 Spiritalium
3073 681 3340 736 donorum
3381 676 3504 746 plus
3551 671 3806 762 habueris

2223 761 2616 849 quamrhabent
2641 777 2780 841 aliae,
2808 791 2915 830 non
2947 784 3109 843 parva
3137 777 3221 824 est
3257 768 3467 838 jactura
3491 762 3730 828 virtutis,
3759 761 3806 814 si

2223 873 2276 927 in
2309 872 2422 942 ipsa
2461 867 2741 940 principali
2775 866 2993 930 virtute,
3049 876 3167 931 qua!
3212 869 3295 915 est
3337 854 3650 916 humilitas,
3694 868 3806 907 non

2223 965 2355 1018 alias
2382 961 2681 1025 antecellis,
2713 974 2836 1013 cum
2879 973 2986 1011 non
3014 953 3224 1008 nescias
3257 949 3512 1018 scriptum
3549 961 3562 996 :
3598 942 3733 1008 Qum

2222 1071 2438 1126 magnus
2458 1070 2531 1116 es,
2562 1050 2778 1104 humilia
2799 1057 2849 1102 te
2876 1049 2928 1101 in
2961 1042 3214 1107 omnibus,
3245 1049 3293 1094 et
3321 1052 3497 1092 coram
3525 1033 3634 1088 Deo
3664 1033 3800 1085 int-e-

2222 1147 2331 1199 nies
2353 1145 2574 1215 gratiam
2597 1139 2779 1212 (Eccli.
2809 1155 2884 1200 ιιι,
2914 1137 3028 1205 '20).

2292 1237 2421 1292 CAP.
2454 1253 2564 1290 xxx.
2605 1234 2842 1288 Christus
2870 1240 2918 1284 et
2944 1228 3197 1282 Dominus
3223 1235 3271 1279 et
3294 1237 3512 1294 sponsus
3540 1229 3617 1274 est
3645 1217 3806 1287 uirgi-

2223 1346 2363 1392 num,
2394 1328 2510 1382 ideo
2555 1336 2603 1380 et
2655 1324 2992 1379 humilitatem
3025 1321 3207 1390 exigit,
3252 1324 3301 1370 et
3330 1314 3701 1384 integritatem.
3732 1341 3805 1353 —

2223 1424 2290 1475 '50
2315 1423 2411 1474 bis.
2430 1417 2659 1474 Attende
2682 1418 2842 1485 igitur
2864 1416 2917 1468 in
2941 1422 2993 1467 te
3023 1410 3208 1482 sponsi
3237 1409 3310 1462 tui
3333 1419 3593 1468 amorem,
3616 1403 3804 1457 consi-

2220 1513 2350 1568 dera
2373 1509 2583 1565 Domini
2614 1509 2888 1578 pietatem.
2920 1503 3045 1556 Pius
3073 1508 3156 1556 est
3185 1497 3461 1562 Dominus,
3504 1493 3594 1562 qui
3626 1500 3680 1546 te
3702 1492 3804 1546 sibi

2221 1606 2347 1661 fecit
2376 1603 2655 1668 ancillam;
2684 1600 2961 1670 speciosus
2984 1610 3232 1666 sponsus,
3264 1593 3355 1663 qui
3397 1600 3451 1645 te
3488 1587 3807 1644 castiﬁcavit

2221 1699 2274 1752 in
2293 1710 2577 1768 (sponsam.
2608 1692 2751 1746 idem
2776 1699 2974 1754 tamen,
3003 1687 3127 1756 quia
3157 1700 3316 1740 verus
3339 1692 3422 1736 est
3449 1679 3726 1742 Dominus,
3751 1686 3808 1732 et

532 1797 640 1856 tur,
671 1789 853 1845 dicen:
887 1807 898 1842 :
933 1789 1081 1843 Dixit
1106 1800 1275 1844 attlem
1297 1800 1346 1844 et
1365 1790 1436 1844 ad
1459 1791 1709 1856 quosdam
1729 1793 1816 1862 qui
1838 1792 1891 1845 in
1917 1808 1972 1846 se
1995 1809 2122 1847 con-
2151 1794 2196 1854 Β
2223 1802 2450 1858 sponsus
2471 1793 2554 1840 est
2579 1799 2761 1851 verus,
2790 1781 3067 1848 utriusque
3113 1774 3400 1847 potestatis
3439 1779 3619 1842 partes
3647 1783 3804 1824 exse-

533 1879 758 1950 ﬁdebant
791 1889 1034 1950 tanquam
1062 1880 1211 1950 justi,
1243 1889 1292 1934 et
1312 1879 1725 1951 aspernabantur
1757 1889 1992 1950 cwteros,
2019 1900 2118 1953 pa-

533 1968 767 2023 rabolam
799 1970 972 2023 istam.
1014 1969 1133 2023 Duo
1157 1969 1389 2024 homines
1429 1970 1770 2023 ascenderunt
1794 1971 1850 2024 in
1884 1972 2120 2042 templum

533 2071 589 2113 ut
616 2071 844 2126 orarent,
870 2078 1002 2114 unus
1038 2061 1358 2126 Pharisteus,
1374 2070 1423 2116 et
1444 2063 1575 2114 alter
1601 2061 1942 2117 Publicanus.
1973 2062 2121 2119 Pha-

533 2153 717 2206 riswus
749 2161 914 2225 stans,
947 2151 1057 2207 htcc
1088 2152 1228 2221 apud
1247 2167 1304 2206 se
1333 2151 1517 2205 orabat
1545 2168 1563 2205 :
1607 2151 1767 2218 Deus,
1796 2155 1993 2224 gratias
2023 2172 2122 2228 ago

535 2239 645 2304 tibi,
678 2241 796 2310 quia
818 2256 921 2293 non
951 2256 1064 2293 sum
1110 2240 1241 2292 sicut
1271 2240 1444 2293 cwteri
1484 2239 1738 2306 homines,
1771 2258 2003 2310 rapaces,
2035 2245 2122 2297 in-

535 2329 678 2399 iusti,
705 2329 948 2394 adulteri,
975 2331 1109 2383 sicut
1147 2329 1304 2382 etiam
1333 2329 1413 2382 hic
1448 2327 1765 2384 Publicanus
1796 2347 1814 2384 :
1834 2332 2018 2402 jejuno
2047 2332 2124 2387 bis

535 2420 586 2471 in
616 2418 831 2472 sabbato
851 2461 866 2486 ,
897 2420 1124 2473 decimas
1159 2419 1225 2473 do
1251 2420 1483 2474 omnium
1518 2436 1632 2490 qua:
1657 2421 1914 2489 possideo.
1941 2421 2124 2478 Publi—

536 2524 696 2561 ranas
730 2517 901 2561 autem
935 2525 968 2561 a
1006 2509 1157 2580 longe
1193 2509 1600 2574 stans,-nolebat
1640 2511 1814 2565 oculos
1852 2511 1922 2565 ad
1943 2514 2124 2568 caelum

537 2595 734 2661 levare,
774 2595 866 2649 sed
907 2597 1224 2666 percutiebat
1267 2607 1444 2668 pectus
1483 2614 1660 2662 suum,
1700 2598 1920 2654 dicens:
1958 2599 2121 2670 Deus,

531 2691 786 2760 prapitius
814 2698 923 2744 esto
944 2691 1070 2744 mihi
1089 2693 1367 2762 peccatori.
1393 2691 1523 2747 Dico
1544 2695 1684 2748 vobis
1710 2711 1728 2748 :
1757 2696 2016 2750 descendit
2043 2697 2124 2752 hic

540 2777 846 2849 iustiﬁcatus
866 2779 921 2833 in
945 2781 1152 2834 domum
1180 2797 1325 2836 suam
1353 2781 1416 2835 ab
1445 2783 1569 2847 illo;
1599 2785 1722 2855 quia
1759 2788 1928 2840 omnis
1955 2789 2043 2858 qui
2069 2804 2126 2842 se

540 2867 732 2920 exultat
776 2867 1149 2934 humiliabitur,
1195 2879 1244 2924 et
1299 2872 1384 2942 qui
1427 2888 1482 2925 se
1529 2872 1765 2927 humiliat
1811 2876 2125 2931 exaltabitur

531 2953 694 3025 .(Luc.
723 2973 851 3012 xvm
882 2998 896 3022 ,
928 2956 1100 3028 9-H).
1134 2957 1190 3014 In
1233 2969 1527 3030 conspectu
1543 2961 1738 3031 judicis
1762 2964 2124 3024 misericordis

541 3053 594 3099 et
609 3045 737 3113 justi
783 3063 889 3102 non
919 3057 1003 3103 est
1046 3061 1270 3120 accepta
1318 3053 1548 3121 superba
1586 3053 1813 3123 jactatio
1857 3058 2123 3116 bonorum

541 3150 784 3205 operum,
811 3137 903 3191 sed
925 3138 1141 3193 humilis
1169 3139 1436 3197 confessio
1464 3152 1832 3212 peccatorum.
1859 3147 1938 3202 Illi
1961 3150 2123 3210 etiam

540 3229 631 3297 qui
662 3230 912 3285 virtutem
951 3231 1106 3286 bona:
1151 3233 1442 3289 voluntatis
1470 3243 1563 3289 aut
1601 3236 1756 3292 bona:
1799 3241 2131 3308 operationis

510 3349 514 3351 Α
540 3322 650 3378 suis
680 3321 922 3379 nituntur
950 3325 1181 3395 superbe
1207 3326 1410 3383 viribus
1439 3329 1731 3396 assignare,
1764 3332 1831 3386 ab
1871 3332 2131 3402 Apostolo

511 3416 720 3472 -'taliter
749 3417 1109 3472 denotamur:
1146 3416 1282 3483 Quia
1306 3421 1603 3490 ignorantes
1642 3421 1742 3477 Dei
1769 3425 2050 3495 justitiam,
2083 3436 2132 3480 et

542 3525 688 3563 suam
719 3520 1004 3580 quwrentes
1037 3519 1281 3577 statuere,
1317 3512 1540 3582 justitia:
1579 3513 1677 3568 Dei
1713 3531 1816 3569 non
1858 3526 1978 3570 sunt
2021 3517 2136 3570 sub-

514 3600 663 3672 .jeeti
688 3591 862 3670 (Rom.
897 3616 948 3664 κ,
982 3599 1056 3669 5).
1089 3600 1148 3654 ln
1193 3617 1288 3656 sua
1337 3602 1499 3670 igitur
1540 3603 1800 3673 injustitia
1833 3615 1856 3643 ⁸
1889 3607 2131 3677 profecto

539 3689 738 3754 deficit,
771 3691 860 3760 qui
886 3690 1110 3758 justitia:
1132 3692 1226 3746 Dei
1254 3695 1484 3764 superba
1514 3696 1652 3751 colla
1683 3713 1790 3752 non
1821 3699 2056 3769 subjicit.

611 3778 702 3834 29.
732 3779 789 3832 In
820 3781 901 3833 his
923 3781 1104 3850 itaque
1132 3789 1366 3850 quatuor
1393 3785 1657 3854 superbia:
1684 3788 1994 3854 generibus,
2011 3791 2131 3858 qui-

515 3870 640 3924 'bus
669 3870 914 3926 diabolus
942 3872 1092 3925 velut
1120 3871 1394 3941 quadrigis
1414 3875 1717 3940 vehi‘tu»r,et
1738 3877 1811 3932 ad
1832 3877 2132 3947 gehennam

517 3963 862 4016 {miserorum
890 3963 1085 4032 quibus
1114 3963 1308 4019 insidet
1335 3965 1616 4021 mortifero
1659 3963 1822 4023 cursu
1866 3978 2130 4040 raptatur,

539 4049 750 4104 duobus
779 4049 984 4105 animas
1012 4052 1286 4120 opprimit,
1318 4066 1454 4122 quas
1479 4053 1530 4107 in
1562 4068 1724 4109 carne
1743 4055 1984 4124 jacentes
2013 4073 2136 4128 per-

540 4139 717 4208 spicit,
751 4139 868 4195 aliis
918 4141 1127 4196 duobus
1177 4141 1386 4197 animas
1422 4142 1626 4212 dejicit,
1673 4161 1809 4215 quas
1852 4146 1921 4203 de
1961 4163 2135 4204 carne

522 4229 721 4284 evolare
749 4232 1045 4300 cognoscit.
1069 4231 1203 4286 lstas
1230 4233 1465 4310 captivat
1485 4234 1846 4293 delectatione
1859 4237 2131 4308 vitiorum,

525 4319 661 4374 villas
691 4320 1042 4377 circumvenit
1077 4323 1312 4380 elatione
1344 4325 1632 4394 virtutum;
1665 4329 1878 4385 illarum
1919 4332 1998 4387 sic
2025 4333 2136 4388 vir-

538 4413 822 4479 ginitatem
853 4415 1111 4484 prmripit,
1133 4424 1192 4471 ut
1210 4430 1269 4471 se
1289 4415 1542 4472 fornicari
1573 4434 1680 4474 non
1702 4419 1979 4488 dubitent;
2005 4423 2136 4479 istas

2221 1882 2421 1951 quitur.
2472 1877 2650 1945 Exigit
2701 1875 2769 1930 ab
2814 1872 3005 1928 ancilla
3055 1869 3309 1924 humilem
3359 1865 3695 1926 servitutem,
3752 1862 3808 1915 in

2221 1988 2418 2044 sponsa
2439 1971 2630 2041 quaerit
2665 1969 2927 2036 integram
2975 1963 3298 2020 castitatem.
3329 1958 3483 2014 Servi
3506 1951 3656 2023 ergo
3697 1953 3806 2007 Ι)οο

2221 2065 2369 2118 mino
2397 2078 2520 2118 cum
2563 2062 2777 2124 timore,
2804 2066 2859 2113 et
2891 2055 3102 2112 exsulta
3143 2067 3342 2124 sponso
3383 2063 3508 2105 cum
3548 2056 3805 2101 tremore.

2222 2154 2356 2208 Nam
2381 2154 2507 2222 quia
2533 2151 2790 2207 Dominus
2807 2157 2908 2212 est,
2942 2146 3178 2210 territat;
3210 2152 3265 2199 et
3292 2142 3415 2213 quia
3443 2153 3676 2210 sponsus
3701 2143 3807 2200 est,

2224 2246 2382 2301 zelat.
2408 2244 2628 2298 Timens
2657 2243 2818 2311 igitur
2851 2239 3008 2311 175.
3046 2235 3260 2293 custodi
3303 2232 3510 2288 Domini
3558 2227 3815 2284 terrentis

2223 2337 2531 2408 imperium,
2549 2342 2605 2390 et
2632 2341 2870 2388 tremens
2898 2329 3058 2399 dilige
3085 2326 3265 2397 sponsi
3293 2323 3517 2378 zelantis
3535 2318 3814 2374 allectum.

2225 2429 2282 2483 In
2327 2427 2518 2484 ancilla
2565 2425 2774 2480 Domini
2825 2423 2957 2478 nihil
2999 2435 3152 2476 suum
3200 2415 3384 2489 νιτρᾶο
3430 2411 3704 2483 reperiat,
3759 2409 3817 2464 in

2223 2534 2421 2590 sponsa
2452 2517 2649 2572 Christi
2673 2515 2805 2571 nihil
2834 2529 2990 2569 suum
3032 2509 3246 2564 adulter
3274 2512 3550 2576 agnoscat.
3577 2501 3732 2556 Sicut
3757 2499 3818 2590 in

2225 2588 2454 2681 corpore
2480 2607 2701 2677 virginis
2729 2621 2835 2661 non
2866 2601 3174 2658 dominatur
3217 2595 3402 2660 libido,
3439 2593 3517 2650 sic
3545 2592 3598 2646 in
3647 2588 3818 2646 corde

2221 2702 2444 2773 virginis
2466 2699 2614 2755 nulla
2641 2697 2946 2754 dominetur
2979 2691 3159 2747 elatio.
3203 2688 3334 2742 Cum
3365 2686 3555 2740 timore
3600 2690 3657 2740 et
3698 2689 3814 2735 tre-

2223 2811 2376 2852 more
2401 2802 2547 2849 tuam
2575 2791 2803 2847 salutem
2832 2801 3076 2858 operare.
3102 2784 3244 2838 Deus
3267 2788 3351 2836 est
3389 2780 3530 2834 enim
3561 2776 3652 2845 qui
3683 2789 3818 2845 ope-

2224 2897 2376 2943 ratur
2402 2887 2456 2941 in
2480 2892 2554 2951 te,
2578 2893 2634 2939 et
2659 2882 2818 2946 .velle,
2842 2887 2899 2935 et
2926 2876 3204 2950 perlicere,
3235 2889 3336 2946 pro
3371 2873 3512 2928 bona
3535 2871 3819 2925 voluntate

2227 2979 2445 3051 (Philip.
2477 2993 2533 3042 ιι,
2563 2975 2647 3041 l2,
2681 2972 2793 3043 l3).

2303 3046 2401 3125 3i;
2423 3067 2682 3134 Quotiens
2703 3063 2909 3132 cogitas
2929 3059 2996 3116 de
3024 3057 3356 3130 perfectione
3381 3053 3636 3108 virtutum
3655 3089 3671 3114 ,
3703 3046 3822 3102 noli

2152 3155 2198 3217 C
2229 3158 2575 3216 considerare
2603 3154 2732 3225 quid
2752 3154 2872 3208 alim
2895 3152 3072 3206 minus
3095 3149 3330 3204 habeant
3358 3159 3518 3214 quam
3545 3151 3600 3196 tu
3621 3140 3821 3206 habes,

2231 3251 2325 3308 sed
2353 3250 2482 3320 quid
2512 3257 2566 3303 tu
2597 3247 2776 3301 minus
2811 3243 3015 3298 habeas
3043 3255 3204 3310 quam
3245 3237 3457 3292 habere.
3466 3233 3578 3304 jam
3607 3231 3779 3286 debes
3803 3245 3824 3296 ;

2232 3360 2333 3400 nec
2361 3343 2486 3398 ideo
2509 3350 2563 3396 te
2591 3347 2746 3410 putes
2768 3336 3057 3391 virtutibus
3097 3330 3415 3403 perfectam,
3451 3326 3494 3382 si
3521 3321 3840 3394 quamlibet

2232 3435 2388 3489 aliam
2418 3431 2600 3486 videas
2628 3427 2939 3485 criminibus
2961 3424 3196 3480 deditam
3215 3438 3246 3488 ;,
3265 3435 3362 3474 nec
3393 3425 3683 3488 propterea
3719 3411 3828 3465 tibi
3852 3463 3860 3469 ,

2233 3525 2433 3595 aliquid
2463 3521 2762 3578 velocitatis
2801 3519 3058 3586 assignes,
3110 3515 3154 3570 si
3196 3509 3494 3582 quaslibet,
3527 3515 3648 3595 aut,
3662 3510 3827 3595 retro

2232 3593 2544 3680 redeuntes,
2587 3622 2680 3667 aut
2727 3609 2963 3678 segniter
2995 3605 3180 3660 videas
3228 3597 3580 3655 ambulantes.
3631 3593 3829 3661 Neque

2233 3709 2377 3764 enim
2409 3706 2610 3762 idcirco
2637 3718 2799 3758 sanos
2827 3700 3014 3755 oculos
3041 3695 3242 3750 habere
3276 3684 3704 3761 pronuntiandus
3739 3688 3830 3737 est

2234 3802 2430 3872 lippus,
2458 3799 2584 3868 quia
2611 3795 2822 3852 videtur
2846 3806 3021 3848 ancus
3045 3804 3075 3842 a
3105 3785 3304 3842 lumine
3332 3781 3547 3872 penitus
3571 3777 3830 3872 alienus;

2364 3865 2494 3946 ideo
2510 3903 2671 3944 sanus
2698 3883 2956 3940 dicendus
2984 3887 3095 3942 est,
3127 3875 3218 3946 qui
3248 3872 3397 3943 gravi
3421 3869 3568 3939 jacet
3594 3865 3832 3921 vulnere

2235 3981 2540 4044 semivivus,
2573 3978 2619 4032 si
2647 3976 2784 4031 alius
2812 3971 3059 4042 graviore
3081 3966 3302 4021 vulnere
3340 3959 3642 4030 reperiatur
3670 3955 3833 4044 occi-

2233 4088 2354 4137 sus;
2386 4085 2486 4125 nec
2513 4043 2613 4124 sibi
2632 4066 2793 4121 debet
2815 4070 3070 4129 tanquam
3091 4056 3263 4110 victor
3276 4050 3550 4107 vindicare
3571 4043 3835 4114 gloriam,

2231 4161 2496 4231 quisquis,
2522 4157 2648 4213 licet
2675 4155 2742 4210 ab
2784 4153 2940 4206 hoste
2976 4162 3086 4202 non
3118 4145 3189 4199 sit
3229 4140 3464 4206 occisus,
3495 4141 3713 4190 tenetur
3744 4141 3837 4184 ια-

2232 4267 2358 4307 mea
2386 4251 2452 4305 ab
2480 4251 2636 4304 hoste
2663 4243 2927 4316 captivus.

2308 4343 2436 4399 CAP.
2474 4357 2564 4394 xx.
2604 4315 2735 4391 Non
2773 4333 2914 4400 aliis,
2963 4328 3053 4384 sed
3086 4327 3183 4382 sibi
3221 4325 3322 4396 ipsi
3370 4322 3517 4376 debet
3563 4333 3618 4371 se
3668 4315 3841 4368 homo

2237 4447 2559 4502 comparare.
2595 4425 2921 4497 Adjutorium
2957 4420 3144 4473 divina:
3170 4415 3355 4486 gratia:
3383 4420 3843 4502 semperpos‘cen:

536 4503 616 4558 sic
644 4512 958 4574 constuprat
986 4511 1041 4558 et
1068 4506 1318 4574 maculat,
1352 4515 1412 4562 ut
1437 4523 1498 4563 se
1516 4510 1818 4566 conculcari
1843 4527 1950 4568 non
1977 4515 2122 4569 testi-

2227 4495 2529 4580 dumi—32.
2547 4495 2683 4572 Noli
2695 4527 2824 4589 ergo
2851 4513 2970 4567 aliis
2989 4518 3044 4565 te
3068 4519 3405 4594 comparare,
3422 4501 3517 4557 sed
3539 4498 3656 4554 tibi.
3683 4495 3844 4594 Audi
3919 4540 3935 4592 ἐ

526 4606 706 4652 .luent.

607 4688 737 4744 CAP.
779 4705 926 4744 ιιι-ιιι.
978 4689 1139 4760 Virgo
1167 4691 1408 4760 superba,
1446 4690 1637 4746 Christi
1665 4711 1858 4764 sponsa
1883 4714 1986 4751 non
2026 4708 2122 4753 est.

537 4778 1016 4846 ——'50.‘Proinde,
1069 4789 1128 4834 ut
1172 4781 1381 4850 integra
1425 4793 1742 4852 permaneat
1781 4785 1892 4842 Deo
1951 4787 2128 4844 dicata

538 4873 835 4941 virginitas,
863 4873 1001 4928 sicut
1018 4873 1330 4929 custoditur
1351 4875 1634 4951 integritas
1663 4878 1927 4948 corporis,
1959 4880 2128 4936 multo

536 4963 764 5031 amplius
793 4963 1140 5019 custodienda
1171 4972 1254 5019 est
1274 4965 1758 5022 humilitascordis.
1782 4967 1838 5023 Si
1859 4985 1963 5038 qua
1983 4972 2126 5026 enim

538 5065 663 5104 vere
695 5051 845 5119 virgo
875 5060 958 5106 est
985 5039 1205 5119 Christi,
1235 5069 1344 5108 non
1373 5062 1552 5124 potest
1579 5055 1794 5114 Christo
1821 5060 1922 5115 nisi
1951 5063 2130 5119 cordis

532 5141 837 5194 humilitate
867 5142 1138 5212 conjungi.
1167 5143 1285 5199 Filii
1306 5143 1402 5200 Dei
1425 5145 1692 5200 thalamus
1712 5148 1882 5202 elatas
1910 5166 2016 5205 non
2042 5168 2129 5208 re-

536 5235 685 5305 cipit,
714 5241 770 5289 et
803 5233 1020 5290 humilis
1057 5253 1287 5305 sponsus
1326 5252 1358 5291 a
1397 5238 1670 5294 connubio
1717 5255 1817 5295 suo
1864 5245 2126 5312 superbas

531 5332 780 5402 expellit.
826 5328 909 5386 Sit
939 5332 1099 5401 igitur
1127 5332 1364 5389 studium
1393 5343 1563 5401 tuum,
1595 5335 1737 5390 sicut
1779 5335 1935 5391 decet
1964 5338 2126 5406 virgi-

537 5436 662 5476 nem
692 5437 924 5488 sacram,
956 5424 1149 5477 sectari
1172 5421 1456 5492 justitiam,
1489 5426 1767 5495 pietatem,
1823 5426 2001 5492 tidem,
2031 5444 2122 5484 ca-

530 5512 772 5578 ritatem,
805 5514 1139 5584 patientiam,
1179 5515 1674 5582 mansuetudinem;
1721 5530 1828 5572 non
1861 5527 2038 5572 tamen
2065 5523 2123 5574 ut

613 5707 637 5773 ξ
673 5697 775 5773 bis,
799 5697 985 5773 Corh.,
1012 5699 1076 5755 In
1107 5718 1197 5756 sua
1219 5702 1375 5773 igitur
1397 5700 1623 5770 justitia.

607 5765 643 5806 Φ
669 5765 843 5834 -Ειιὶιὶ,
875 5769 934 5825 Si
951 5788 1072 5834 ergo
1101 5765 1424 5836 semeiipsarit
1453 5778 1716 5842 comparet
1744 5771 1885 5840 virgo
1917 5770 2129 5842 Christi,

2232 4615 2553 4690 Apostolum
2579 4611 2685 4665 hoc
2711 4607 3024 4669 facientem,
3053 4610 3109 4658 et
3147 4592 3207 4656 ut
3251 4599 3357 4654 hoc
3385 4592 3844 4690 faciamus-salu-

2233 4684 2402 4768 briter
2429 4710 2828 4765 admonentem.
2861 4697 2942 4752 Ad
2982 4693 3293 4752 Corinthios
3328 4689 3530 4760 quippe
3555 4684 3847 4751 scribens,

2235 4802 2366 4858 dicit
2392 4820 2404 4855 :
2439 4799 2563 4854 Non
2583 4798 2720 4852 enim
2741 4791 2988 4847 audemus
3008 4789 3232 4842 inserere
3271 4791 3362 4837 aut
3395 4793 3702 4850 comparare
3733 4792 3848 4829 nos

2234 4891 2539 4966 quibusdam
2567 4892 2651 4958 qui
2691 4887 2886 4955 seipsos
2930 4877 3314 4943 commendant,
3345 4872 3435 4928 sed
3462 4872 3561 4942 ipsi
3589 4871 3644 4923 in
3675 4868 3850 4966 nobis

2236 4963 2573 5051 nosmetipsos
2627 4979 2892 5033 metientes
2920 5016 2936 5040 ,
2976 4982 3026 5028 et
3070 4977 3432 5040 comparantes
3482 4963 3852 5032 nosmetipsos

2236 5073 2382 5128 nobis
2409 5075 2426 5144 (
2433 5069 2494 5125 11
2516 5069 2637 5124 Cor.
2669 5085 2722 5133 χ,
2748 5067 2857 5138 l2).
2881 5065 2993 5121 Sibi
3020 5078 3148 5132 ergo
3169 5061 3515 5130 semetipsam
3541 5064 3853 5123 comparet

2232 5163 2383 5230 virgo
2409 5159 2637 5227 Christi,
2677 5166 2733 5213 et
2762 5166 2819 5212 ut
2857 5156 2924 5210 ad
2958 5153 3248 5226 perfectam
3293 5151 3575 5223 perveniat
3616 5147 3851 5201 sanita-

2229 5263 2359 5319 tem,
2395 5266 2502 5306 non
2549 5248 2712 5304 debet
2738 5246 2763 5286 δ
2796 5245 2863 5302 de
2887 5245 3114 5316 aliorum
3140 5242 3246 5300 sibi
3294 5237 3534 5310 periculo
3569 5238 3855 5304 graviore

2228 5342 2478 5408 blandiri,
2530 5340 2624 5397 sed
2665 5341 2733 5396 de
2760 5353 2857 5393 sua
2910 5345 3064 5392 curet
3111 5334 3422 5390 infirmitate
3443 5329 3698 5386 tristari:
3768 5331 3856 5386 de

2227 5448 2333 5501 qua
2357 5433 2446 5487 ille
2469 5433 2781 5488 tristabatur
2803 5429 3003 5499 jugiter
3030 5429 3120 5498 qui
3151 5425 3364 5482 dicebat
3391 5442 3408 5475 τ
3437 5422 3567 5477 Tota
3585 5419 3673 5474 die
3694 5437 3860 5476 con-

2228 5523 2463 5577 tristatus
2487 5521 2832 5594 ingrediebar,
2865 5522 3105 5592 quoniam
3129 5519 3307 5573 anima
3347 5534 3461 5571 mea
3491 5516 3711 5588 impleta
3759 5526 3860 5573 est

2237 5713 2294 5776 ut
2323 5705 2391 5758 ad
2417 5707 2696 5776 perfectam
2738 5709 3000 5776 perveniat
3033 5711 3330 5764 sanitatem.
3380 5723 3482 5762 non
3505 5705 3674 5769 debet.
3715 5721 3858 5769 εἰ..

2239 5773 2337 5829 Ms.
2363 5773 2550 5842 CerL,
2583 5775 2694 5831 Sibi
2719 5773 2907 5845 ergo...
2933 5788 2980 5833 et
3009 5789 3087 5835 ut.
