4072 6332
281 527 382 582 ’557

1684 527 2013 583 EPISTULA
2050 528 2135 583 Ill.
2193 526 2198 530 ’

3360 587 3364 590 .
3434 540 3536 595 533

281 645 633 708 illusionibus,
677 655 726 698 et
758 661 861 698 non
898 653 972 698 est
1000 646 1201 699 sanitas
1245 647 1298 699 in
1326 662 1483 700 carne
1521 663 1633 700 mea
1665 649 1683 717 (
1708 647 1855 702 Psal.
1887 654 1929 708 Α
1961 663 2074 713 quis
2105 645 2410 717 gloriabitur
2435 645 2677 699 mundum
2717 663 2771 700 se
2792 663 2902 702 esse
2931 665 2962 701 a
2986 651 3206 718 peccatis
3235 650 3414 721 (Prov.
3444 671 3533 719 xx,

283 751 492 800 xxxvn,
519 736 568 799 τ,
605 735 684 804 8).
716 735 784 788 Et
813 745 871 789 ut
911 737 1218 791 ostenderet
1243 738 1365 792 huic
1396 738 1622 792 tristitia:
1648 738 1862 793 humili-

279 836 451 881 tatem
472 825 671 880 debere
693 827 964 895 conjungi,
995 827 1173 881 statim
1205 834 1420 882 secutus
1448 827 1728 896 adjumit:
1763 827 1859 881 In-

276 926 520 970 curratus
545 932 677 977 sum,
701 925 750 968 et
770 916 1070 970 humiliatus
1085 933 1197 971 sum
1218 919 1390 972 nimis.
1421 917 1487 972 Et
1511 926 1566 972 ut
1594 918 1860 974 desiderio

274 1008 528 1062 sanitatis
549 1008 651 1062 hoc
679 1023 710 1061 a
736 1022 797 1062 se
821 1006 934 1061 ﬁeri
968 1008 1315 1077 perduceret,
1347 1008 1590 1078 adjunxit
1621 1027 1634 1064 :
1669 1009 1862 1081 Ragie-

277 1097 399 1151 bam
430 1115 461 1150 a
484 1098 674 1168 gemitu
704 1097 876 1151 cordis
902 1099 1033 1161 mei;
1054 1107 1109 1152 et
1141 1115 1154 1151 :
1183 1099 1314 1152 Ante
1352 1108 1398 1153 te
1431 1108 1507 1153 est
1534 1116 1684 1154 omne
1720 1100 1854 1154 desi-

278 1190 481 1244 derium
524 1207 707 1255 meum,
739 1198 788 1243 et
817 1193 1034 1261 gemitus
1064 1208 1202 1246 meus
1249 1209 1281 1246 a
1321 1202 1369 1246 te
1399 1209 1500 1248 non
1537 1203 1613 1248 est
1641 1193 1860 1250 abscon-

279 1283 422 1336 ditus
463 1282 483 1352 (
513 1279 672 1346 Ibid,
707 1281 773 1335 10
802 1281 842 1351 ).
877 1282 982 1337 lste
1008 1292 1210 1348 autem,
1241 1285 1332 1354 qui
1363 1285 1466 1340 hoc
1512 1285 1745 1351 dicebat,
1779 1287 1858 1342 fa-

277 1381 426 1426 tetur
456 1386 516 1426 se
537 1371 823 1440 aliquando
855 1379 1107 1442 tanquam
1137 1373 1205 1428 de
1236 1375 1432 1428 virtute
1473 1377 1719 1430 sanitatis
1746 1377 1860 1432 ela-

279 1472 427 1529 tum,
459 1471 515 1518 et
541 1463 592 1518 in
618 1479 684 1518 eo
725 1479 784 1518 se
830 1466 1126 1534 periculum
1173 1467 1498 1536 gravissimae
1537 1468 1860 1526 inﬁrmitatis

279 1561 592 1623 expertum;
633 1553 763 1609 dicit
803 1556 945 1609 enim
991 1558 1043 1610 in
1081 1557 1187 1612 alio
1234 1557 1484 1627 psalmo:
1518 1557 1630 1629 Ego
1652 1559 1761 1613 dixi
1805 1561 1856 1614 in

279 1641 598 1696 abundantia
618 1659 750 1708 mea,
773 1642 894 1697 Non
919 1645 1154 1699 movebar
1170 1647 1223 1700 in
1244 1655 1491 1700 teternum
1513 1647 1684 1717 (Psal.
1711 1663 1856 1714 xxix,

279 1727 356 1799 7).
388 1728 455 1783 Et
482 1731 607 1800 quia
647 1732 750 1787 hoc
787 1732 970 1787 dicens
1018 1735 1286 1803 adjutorio
1314 1735 1505 1790 divina:
1533 1739 1716 1806 gratia:
1745 1741 1860 1794 fue-

277 1829 361 1874 rat
379 1821 646 1887 desertus,
677 1830 734 1876 et
764 1822 816 1876 in
838 1838 933 1877 sua
955 1823 1227 1880 defecerat
1258 1823 1564 1881 inﬁrmitate
1594 1829 1855 1892 turbatus,

278 1910 522 1978 sequitur
547 1910 733 1967 dicens
758 1929 770 1964 :
797 1911 1038 1981 Domine,
1072 1915 1125 1968 in
1156 1914 1290 1970 bona
1319 1916 1578 1970 voluntate
1606 1926 1695 1970 tua
1721 1936 1858 1988 pra:-

279 2001 458 2053 stitisti
486 2001 659 2055 decori
699 2019 812 2057 meo
853 2004 1120 2070 virtutem;
1162 2007 1392 2059 avertisti
1428 2008 1612 2076 [aciem
1661 2019 1799 2062 tuum
1827 2028 1858 2063 a

278 2105 375 2154 me,
401 2099 452 2143 et
481 2092 650 2161 factus
681 2108 792 2145 sum
811 2093 1144 2148 conturbatus
1173 2085 1361 2161 (lbid.,
1394 2094 1470 2164 8).
1502 2093 1568 2148 Et
1597 2105 1653 2150 ut
1676 2105 1860 2152 osten-

276 2181 436 2237 deret
472 2183 797 2252 adjutorium
842 2185 1035 2241 divinae
1078 2188 1280 2253 gratiae,
1309 2190 1554 2258 quamvis
1577 2189 1687 2258 jam
1717 2190 1863 2244 habi-

275 2278 414 2336 tum,
446 2270 719 2326 humiliter
747 2288 868 2329 esse
907 2275 1025 2330 sine
1065 2276 1461 2332 intermissione
1490 2278 1816 2348 poscendum
1841 2320 1857 2344 ,

275 2365 382 2418 hoc
403 2381 620 2436 quoque
643 2367 911 2422 subnectit
963 2386 975 2421 :
1025 2369 1106 2421 Ad
1135 2379 1200 2433 te,
1248 2369 1488 2436 Domine,
1526 2370 1779 2435 clamabo,
1811 2379 1860 2424 et

276 2454 344 2507 ad
385 2453 555 2508 Deum
599 2473 766 2510 meum
803 2456 1116 2527 deprecabor
1145 2457 1329 2524 (Ibid.,
1375 2460 1469 2530 9).
1491 2491 1562 2502 —
1587 2459 1714 2514 CAP.
1745 2478 1852 2516 xxr.

275 2571 347 2586 α-
373 2543 547 2599 Nemo
589 2552 766 2599 autem
795 2547 1113 2616 deprecatur
1155 2559 1210 2604 et
1251 2558 1423 2618 rogat,
1473 2551 1565 2619 qui
1611 2567 1716 2605 non
1761 2553 1860 2606 ali-

278 2635 406 2702 quid
435 2651 496 2690 se
515 2637 793 2704 cognoscit
815 2639 991 2695 minus
1019 2640 1241 2706 habere,
1267 2650 1359 2696 aut
1379 2643 1522 2711 quod
1544 2642 1738 2708 habet,
1763 2660 1859 2699 sua

277 2731 488 2778 tantum
519 2734 696 2794 potest
718 2727 915 2782 virtute
943 2743 1177 2784 servare.

349 2814 441 2868 55.
481 2813 732 2884 Quisquis
762 2817 922 2885 igitur
946 2826 1002 2873 et
1046 2817 1364 2874 beneﬁcium
1395 2827 1584 2890 rogat,
1611 2828 1667 2876 et
1708 2821 1860 2890 adju-

279 2903 478 2958 torium
508 2905 982 2972 ﬁagitat,,necesse
1009 2916 1091 2962 est
1121 2917 1177 2962 ut
1202 2918 1256 2964 et
1276 2909 1596 2964 evidentiam
1624 2925 1731 2965 sua:
1759 2911 1860 2965 im-

276 2991 590 3048 becillitatis
615 3002 670 3048 et
697 2996 951 3063 egestatis
978 3005 1263 3064 agnoscat;
1304 3005 1360 3052 et
1388 2997 1513 3053 ideo
1539 3006 1750 3066 egestas
1771 3013 1862 3053 no-

276 3093 390 3138 stra
420 3083 538 3140 dari
575 3085 676 3140 sibi
718 3085 860 3154 quod
908 3101 1015 3140 non
1059 3086 1223 3141 habet
1271 3087 1498 3157 poseit,‘
1528 3087 1861 3143 imbecillitas

275 3183 465 3230 nostra
521 3175 672 3248 175
713 3177 968 3232 custodiri
1016 3177 1115 3232 sibi
1155 3178 1390 3247 postulat
1441 3178 1584 3247 quod
1631 3181 1856 3250 accepit.

275 3264 511 3332 Egestas
537 3265 683 3321 audit
716 3284 728 3319 :
761 3264 898 3330 Quid
937 3267 1075 3321 enim
1106 3267 1260 3322 habes
1307 3268 1443 3340 quod
1472 3285 1574 3322 non
1621 3270 1863 3340 accepisti

277 3357 334 3428 (I
359 3357 484 3412 Cor.
519 3374 588 3422 IV,
621 3358 705 3428 7)?
730 3357 799 3411 Et
831 3377 844 3412 :
875 3357 1000 3413 Non
1043 3368 1209 3430 potest
1241 3360 1392 3415 homo
1439 3362 1671 3429 accipere
1707 3362 1857 3434 quid-

1891 2045 1938 2105 B

1962 733 2057 805 9)?
2081 736 2433 791 Attendamus
2461 736 2633 805 qualis
2657 746 2992 808 quantusque
3008 738 3185 807 justus
3207 741 3405 797 dixerit
3433 761 3446 797 :
3470 747 3535 798 In

1960 827 2135 880 multis
2157 827 2293 880 enim
2315 827 2621 896 o/fendimus
2650 843 2826 882 omnes
2856 829 2994 899 (Jac.
3027 844 3102 892 ut,
3134 827 3221 900 2);
3249 837 3306 884 et
3335 830 3426 886 ille
3445 834 3536 901 qui

1963 915 2101 970 dixit
2132 933 2142 968 :
2175 916 2238 970 Si
2258 917 2535 970 dixerimus
2575 918 2694 986 quia
2719 927 2979 987 peccatum
3001 921 3124 972 “non
3153 918 3417 989 habemus,
3442 938 3536 976 nos

1959 1009 2100 1075 ipsos
2128 1008 2435 1075 seducimus,
2462 1019 2510 1061 et
2529 1008 2718 1062 veritas
2744 1010 2796 1062 in
2829 1008 2976 1064 nobis
3003 1021 3201 1064 nonest
3230 1010 3285 1083 (Ι
3310 1012 3470 1068 Joan.
3495 1029 3534 1077 ι,

1964 1097 2021 1168 8)
2057 1114 2072 1154 :
2114 1099 2202 1153 ille
2227 1099 2386 1154 etiam
2415 1099 2505 1166 qui
2551 1098 3026 1154 condelectabatur
3070 1100 3173 1169 legi
3221 1101 3316 1156 Dei
3344 1117 3536 1158 secun-

1963 1190 2088 1246 dum
2117 1189 2423 1244 interiorem
2457 1189 2728 1244 hominem
2752 1227 2770 1254 ,
2802 1189 3020 1246 videbat
3050 1200 3232 1247 autem
3261 1193 3422 1248 aliam
3454 1195 3534 1250 le-

1963 1296 2084 1351 gem
2111 1281 2165 1334 in
2193 1281 2447 1336 membris
2474 1280 2584 1336 suis
2621 1290 3010 1351 repugnantem
3051 1283 3153 1354 legi
3181 1286 3376 1341 mentis
3405 1302 3533 1352 suae,

1963 1380 2020 1426 et
2059 1372 2416 1440 captivantem
2457 1385 2578 1425 eum
2626 1371 2680 1425 in
2730 1371 2848 1441 lege
2895 1375 3122 1442 peccati,
3171 1386 3292 1444 qua:
3334 1377 3537 1432 eratin

1965 1460 2218 1516 membris
2246 1460 2383 1529 ejus,
2407 1459 2580 1515 donec
2607 1475 2729 1514 eum
2760 1475 2871 1514 sua:
2906 1461 3232 1518 infelicitatis
3261 1465 3536 1519 conscium

1961 1553 2030 1607 de
2073 1567 2302 1622 corpore
2338 1552 2528 1607 mortis
2571 1551 2731 1619 hujus
2776 1551 3030 1607 liberaret
3076 1553 3250 1622 gratia
3298 1554 3394 1609 Dei
3438 1571 3536 1625 per

1959 1641 2140 1699 Jesum
2171 1641 2440 1696 Christum
2469 1640 2756 1697 Dominum
2803 1651 3046 1698 nostrum
3089 1642 3266 1714 (Rom.
3299 1661 3399 1713 vu,
3443 1645 3536 1711 22,

1959 1732 2028 1786 25
2049 1733 2201 1804 seq.).

2031 1823 2116 1876 55.
2153 1822 2233 1875 Ab
2257 1822 2357 1876 hac
2387 1835 2513 1890 ergo
2543 1821 2658 1890 lege
2686 1822 2910 1892 peccati,
2943 1837 3061 1891 quas
3088 1832 3177 1879 est
3200 1839 3252 1879 In
3281 1824 3536 1881 membris

1967 1912 2182 1976 nostris,
2215 1927 2321 1965 non
2350 1911 2520 1965 virtus
2547 1911 2829 1980 cujuslibet
2857 1912 3088 1968 hominis
3116 1914 3290 1977 fortis,
3315 1932 3422 1971 non
3454 1916 3534 1970 in-

1965 2003 2168 2056 dustria
2208 2003 2492 2072 sapientis,
2523 2002 2616 2059 sed
2650 2003 2764 2056 sola
2806 2001 2995 2056 liberat
3023 2004 3192 2072 gratia
3222 2003 3534 2071 Salvatoris,

1963 2109 2085 2164 quas
2116 2109 2223 2149 non
2253 2093 2356 2147 nisi
2396 2093 2685 2147 humilibus
2712 2093 2878 2161 gratis
2905 2092 3098 2146 datur:
3127 2093 3266 2148 Deus
3287 2096 3422 2149 enim
3451 2112 3537 2148 su-

1963 2184 2134 2254 perbis
2171 2185 2385 2248 resistit,
2415 2183 2690 2236 humilibus
2716 2192 2883 2235 autem
2913 2182 3002 2235 dat
3031 2185 3251 2254 gratiam
3292 2183 3432 2256 (Jac.
3465 2200 3538 2252 Iv,

1961 2273 2039 2341 6).
2068 2272 2446 2327 Verumtamen
2477 2272 2592 2326 haec
2621 2272 2790 2341 gratia
2810 2312 2826 2338 ,
2871 2272 3006 2326 sicut
3052 2287 3159 2326 non
3191 2272 3292 2328 nisi
3321 2275 3538 2329 humili»

1961 2363 2062 2418 bus
2090 2363 2266 2425 datur,
2300 2363 2379 2416 sic
2417 2361 2630 2416 humilis
2677 2363 2838 2416 homo
2880 2376 3002 2416 esse
3038 2377 3150 2416 nou
3177 2371 3384 2432 potest,
3436 2364 3538 2422 nisi

1962 2454 2138 2508 detur.
2172 2453 2338 2506 Datur
2364 2451 2588 2506 enimut
2611 2451 2838 2506 humiles
2857 2465 2977 2505 esse
3003 2451 3279 2520 incipiant,
3303 2460 3358 2506 et
3379 2453 3531 2506 datur

1965 2550 2023 2596 ut
2043 2542 2274 2598 humiles
2300 2556 2422 2596 esse
2449 2556 2558 2595 non
2580 2540 2847 2596 desinant.
2881 2539 3064 2594 Gratia
3092 2539 3252 2608 igitur
3278 2540 3374 2594 Dei
3410 2540 3535 2595 facit

1963 2639 2024 2687 ut
2063 2641 2119 2687 et
2147 2632 2375 2686 humiles
2403 2632 2588 2696 simus,
2638 2639 2690 2686 et
2721 2630 2948 2685 humiles
2990 2645 3334 2700 perseverare
3361 2632 3528 2700 possi-

1963 2741 2102 2779 mus.
2131 2724 2233 2792 Qui
2261 2725 2404 2779 enim
2431 2725 2605 2793 potuit
2630 2722 2774 2792 quod
2797 2737 2904 2777 non
2933 2722 3215 2777 habuimus
3243 2721 3393 2790 dare,
3423 2723 3528 2791 ipse

1965 2825 2146 2886 potest
2169 2815 2311 2886 quod
2341 2814 2645 2884 accepimus
2673 2813 2968 2870 custodire.

2034 2906 2163 2962 Car.
2223 2922 2371 2961 nm.
2423 2905 2693 2977 Pratcepta
2745 2922 2836 2975 pro
2891 2912 3086 2959 sanctis
3138 2907 3416 2976 virginibus
3473 2921 3540 2961 ea-

1961 2996 2245 3066 Scripturis
2280 2995 2515 3050 deducta.
2547 3027 2620 3038 —
2647 2994 2736 3049 56.
2759 2993 3012 3060 Proinde,
3043 3001 3102 3048 ut
3131 2993 3185 3047 in
3215 3001 3266 3048 te
3306 2997 3376 3048 sit
3401 3009 3530 3049 vera

1961 3087 2250 3152 humilitas,
2275 3101 2393 3156 quae
2421 3084 2738 3154 virginitatis
2763 3090 2846 3138 est
2874 3083 3084 3137 interna
3110 3082 3405 3152 virginitas,
3430 3099 3534 3140 nor.

1967 3180 2186 3249 ignoras
2215 3186 2414 3250 quanta
2444 3193 2611 3233 sacrae
2650 3176 2838 3245 virgini
2881 3175 3074 3230 debeat
3103 3184 3390 3246 paupertas
3423 3177 3533 3246 spi-

1962 3270 2096 3324 ritus
2124 3269 2320 3333 incsse,
2349 3275 2408 3322 ut
2436 3281 2657 3336 regnum
2683 3266 2942 3322 ccclornm
2969 3274 3239 3321 mereatur
3264 3267 3547 3336 accipere;

1961 3366 2160 3428 quanta
2183 3357 2559 3420 mansuetudo,
2579 3365 2637 3412 ut
2665 3357 2806 3410 illam
2829 3355 3102 3426 possideat
3119 3356 3410 3410 viventium
3434 3365 3518 3412 ter

275 3463 453 3516 quam.
481 3447 584 3500 nisi
604 3447 780 3501 datum
807 3448 962 3517 fuerit
982 3448 1029 3502 ei
1055 3447 1119 3502 de
1146 3449 1271 3503 caelo
1295 3448 1476 3515 (Joan.
1502 3465 1580 3517 ιιι,
1609 3449 1721 3520 27).
1753 3449 1858 3504 lm-
1885 3434 1929 3495 (ἶ
1961 3465 2073 3504 ram
2097 3460 2122 3486 ἰ
2153 3449 2204 3502 in
2223 3463 2324 3518 qua
2347 3463 2406 3503 se
2428 3447 2592 3502 David
2610 3448 2748 3502 bona
2771 3445 2980 3500 Domini
3001 3445 3234 3500 visurum
3250 3446 3406 3515 plena
3423 3462 3526 3502 cre-

276 3536 545 3592 becillitas
567 3538 754 3591 audit:
793 3537 978 3592 Revela
1017 3538 1087 3591 ad
1123 3538 1401 3594 Dominum
1431 3542 1566 3594 viam
1607 3549 1768 3606 tuam,
1807 3549 1858 3594 et

275 3643 431 3694 spera
461 3627 519 3681 in
557 3643 690 3689 eum,
719 3636 768 3682 et
795 3630 904 3696 ipse
945 3632 1100 3700 faciet
1141 3629 1328 3700 (Psal.
1363 3646 1542 3694 xxxvr,
1575 3629 1681 3698 5);
1711 3628 1860 3684 audit

275 3719 443 3773 etiam
486 3718 556 3773 ab
585 3719 695 3788 ipsa
726 3720 923 3774 virtute
957 3738 970 3772 :
1005 3721 1132 3775 Sine
1169 3737 1249 3773 me
1285 3721 1415 3773 nihil
1453 3721 1660 3788 porestis
1694 3721 1860 3778 facere

277 3809 462 3878 (loan.
509 3826 600 3877 xv,
642 3809 728 3881 5);
753 3811 902 3864 audit
930 3825 960 3864 a
1000 3811 1262 3880 propheta
1297 3827 1310 3863 :
1345 3807 1467 3863 Nisi
1515 3808 1655 3862 Deus
1689 3818 1857 3862 custo-

277 3900 431 3953 dierit
456 3901 732 3964 ciuitatem,
764 3901 820 3954 in
847 3917 1032 3954 uanum
1059 3901 1273 3972 uigilant
1306 3901 1390 3971 qui
1431 3901 1722 3953 custodiunt
1744 3917 1859 3952 eam

275 3991 453 4060 (Psal.
479 4008 658 4057 cxxvr,
686 3993 760 4064 1).
807 3992 958 4048 Dicat
1006 4007 1137 4061 ergo
1178 4000 1390 4061 egestas
1419 3987 1492 4046 illi
1516 3992 1607 4062 qui
1652 4001 1861 4062 propter

276 4094 370 4134 nos
401 4097 598 4150 pauper
625 4083 794 4151 factus
822 4091 918 4144 est,
949 4099 1063 4136 cum
1105 4089 1236 4136 esset
1278 4081 1446 4145 diues,
1475 4088 1532 4134 ut
1569 4080 1706 4135 illius
1739 4097 1859 4149 pau-

275 4177 482 4236 pertate
507 4185 598 4222 nos
621 4170 799 4225 divites
821 4187 1042 4225 essemus
1073 4169 1161 4241 (II
1191 4171 1309 4224 Cor.
1338 4187 1446 4231 vm,
1478 4168 1566 4240 9);
1590 4169 1751 4234 dicat,
1778 4167 1858 4222 Da

277 4260 403 4311 mihi
426 4259 760 4324 intellectum,
798 4270 852 4313 ut
881 4261 1076 4314 discam
1097 4262 1344 4315 mandata
1375 4271 1460 4314 tua
1488 4260 1858 4331 (Psal.cxvm,

276 4345 405 4416 73);
439 4347 585 4402 dicat
612 4349 774 4402 etiam
804 4348 1142 4404 imbecillitas
1172 4350 1243 4404 illi
1266 4350 1355 4420 qui
1383 4365 1482 4418 pro
1513 4349 1666 4404 nobis
1693 4351 1861 4404 cruci—

278 4436 417 4504 fixus
440 4446 601 4490 estea:
629 4438 1050 4505 inﬁrmitate,sed
1073 4440 1190 4492 vivit
1208 4456 1272 4493 ea:
1291 4436 1472 4494 virtute
1500 4437 1597 4494 Dei
1615 4438 1700 4505 (Il
1724 4440 1842 4495 Cor.

276 4544 393 4594 nu,
419 4527 513 4598 4);
542 4537 593 4586 et
616 4530 804 4600 quisic
835 4530 1132 4586 inﬁrmatus
1150 4537 1234 4586 est
1269 4539 1490 4600 propter
1516 4540 1734 4601 peccata
1763 4547 1862 4585 no-

276 4629 412 4686 stra,
445 4630 503 4676 ut
530 4637 744 4692 semper
763 4625 874 4693 ipse
904 4624 974 4678 sit
1003 4623 1095 4678 Dei
1123 4623 1312 4690 virtus,
1358 4631 1414 4678 et
1442 4623 1535 4677 Dei
1563 4624 1858 4693 sapientia;

277 4712 424 4766 dicat
456 4731 468 4765 :
500 4711 713 4767 Custodi
756 4731 856 4781 me,
891 4713 1137 4777 Domine,
1184 4724 1240 4767 ut
1283 4713 1534 4785 pupillam
1571 4714 1741 4778 oculi;
1767 4712 1860 4767 sub

1961 3539 2185 3595 dulitate
2199 3537 2416 3592 conﬁdit
2441 3537 2562 3608 (Ps.
2579 3551 2723 3598 xxvr,
2746 3534 3085 3605 13).Quanta
3104 3535 3266 3587 etiam
3287 3534 3546 3593 cautione

1966 3633 2154 3700 virgini
2181 3632 2423 3686 luctuosa
2453 3631 2522 3686 sit
2548 3630 2824 3701 praesentis
2851 3629 3031 3684 saeculi
3061 3629 3240 3683 laetitia
3269 3629 3543 3698 fugienda,

1965 3724 2048 3778 cui
2079 3737 2290 3792 semper
2313 3723 2364 3775 in
2386 3722 2488 3776 hac
2507 3722 2613 3776 vita
2631 3719 2962 3792 praestolanti
2988 3719 3171 3789 sponsi
3191 3718 3424 3774 cmlestis
3442 3718 3540 3773 ad-

1965 3822 2183 3868 ventum
2207 3813 2374 3880 magis
2401 3813 2472 3867 sit
2492 3827 2559 3866 ex
2587 3810 2854 3867 desiderio
2883 3811 3111 3881 spiritali
3141 3809 3448 3879 lugendum,
3483 3817 3546 3864 ut

1966 3903 2290 3974 adipiscatur
2335 3903 2577 3957 intimum
2618 3909 2932 3970 certumque
2961 3900 3231 3956 solatium.
3275 3901 3542 3966 Quantam

1967 4010 2182 4066 quoque
2207 3995 2358 4064 virgo
2398 3993 2594 4049 Christi
2633 3992 2829 4046 debeat
2856 3991 3084 4047 esuriem
3113 3991 3362 4058 sitimque
3385 3989 3543 4059 justi~

1968 4088 2054 4142 tia:
2088 4086 2319 4157 perpeti,
2349 4096 2408 4140 ut
2437 4085 2592 4154 plena
2623 4091 2896 4138 mereatur
2927 4083 3082 4152 176
3108 4089 3322 4136 asternas
3358 4080 3543 4134 dulce-

1967 4175 2108 4231 dinis
2153 4175 2402 4229 satietate
2447 4172 2642 4238 laetari;
2680 4171 2925 4241 qualibus
2971 4171 3133 4226 etiam
3165 4171 3235 4225 sit
3272 4168 3542 4224 induenda

1967 4264 2258 4321 visceribus
2293 4263 2694 4326 misericordiaa,
2728 4269 2784 4316 ut
2811 4262 2861 4316 in
2891 4270 3182 4332 conspectu
3206 4261 3301 4315 Dei
3331 4259 3542 4314 miseri-

1965 4359 2206 4415 cordiam
2247 4358 2426 4411 valeat
2456 4355 2721 4419 invenire;
2756 4355 3150 4423 mundandique
3178 4353 3354 4408 cordis
3381 4368 3544 4421 quan-

1969 4455 2078 4501 tum
2111 4447 2302 4502 debeat
2331 4447 2506 4500 inesse
2552 4458 2716 4498 sacra:
2763 4442 2954 4510 virgini
2991 4442 3256 4505 studium,
3304 4447 3364 4495 ut
3392 4440 3542 4493 illum

1965 4538 2148 4592 videre
2176 4546 2446 4591 mereatur
2467 4535 2712 4591 felicibus
2735 4533 2906 4589 oculis
2933 4547 3210 4603 sponsum,
3239 4532 3542 4601 speciosum

1942 4629 2138 4685 'forma
2170 4645 2280 4698 pra:
2309 4629 2429 4682 ﬁliis
2455 4628 2728 4682 hominum
2762 4625 2933 4697 (Psal.
2965 4641 3110 4693 κων,
3154 4623 3231 4695 '5),
3284 4624 3353 4678 ad
3381 4638 3541 4692 quem

1966 4719 2143 4776 carnis
2171 4719 2446 4786 virginitas
2476 4733 2584 4772 non
2627 4725 2803 4787 potest
2845 4717 3164 4787 pervenire,
3214 4716 3312 4769 nisi
3356 4712 3545 4767 humili

278 4804 465 4888 umbra
513 4805 716 4858 alarum
757 4815 960 4859 tuarum
987 4815 1195 4877 protege
1225 4823 1324 4874 me,
1353 4823 1384 4858 a
1407 4807 1541 4876 [acie
1586 4805 1860 4875 impiorum
1894 4817 1942 4875 Ι)
1965 4808 2126 4865 corde
2152 4807 2399 4861 fulciatur
2426 4807 2627 4860 virtute
2651 4805 2970 4875 virginitatis
2999 4805 3241 4858 internae.
3273 4802 3542 4870 Quantam

279 4897 470 4968 quinte
494 4895 785 4964 amiserunt
809 4895 980 4964 (Psal.
1011 4913 1120 4961 xw,
1151 4896 1228 4965 9).

351 4985 483 5039 Car.
516 5001 644 5040 χχιι.
677 4985 860 5040 Sancti
886 5004 1082 5058 quoque
1109 4988 1162 5040 in
1191 4987 1288 5039 hac
1317 4987 1420 5040 vita
1448 4988 1640 5040 anima:
1669 4985 1860 5038 habent

275 5076 615 5146 afﬂictiones,
636 5083 845 5146 propter
858 5077 1144 5132 incidentes
1161 5077 1518 5147 cogitationes.
1537 5105 1604 5116 —
1620 5075 1708 5130 54.
1726 5075 1862 5130 Gra-

275 5166 423 5220 viter
462 5165 549 5220 hic
584 5164 891 5234 afﬂiguntur
914 5168 1108 5222 animat
1136 5167 1373 5223 omnium
1396 5167 1506 5235 jam
1533 5154 1858 5236 justiﬁcato-

274 5271 422 5320 rum,
450 5265 505 5310 et
534 5271 602 5311 ex
629 5257 733 5312 ﬁde
760 5258 1081 5322 viventium,
1127 5259 1235 5313 imo
1275 5257 1402 5312 solae
1432 5257 1627 5312 anima:
1668 5257 1861 5312 intelli-

275 5353 416 5414 gunt
445 5347 496 5401 in
521 5362 624 5416 qua
648 5349 756 5404 sint
783 5347 1070 5405 afflictione
1095 5350 1300 5420 positae,
1325 5348 1518 5418 quibus
1545 5365 1605 5405 se
1632 5348 1860 5403 infundit

273 5437 467 5492 lumen
495 5448 703 5504 verum,
743 5439 888 5508 quod
927 5440 1191 5494 illuminat
1219 5454 1433 5495 omnem
1462 5439 1733 5494 hominem
1763 5453 1858 5493 ve-

271 5527 520 5582 nientem
553 5528 605 5583 in
648 5531 790 5585 hunc
825 5530 1100 5586 mundum.
1145 5531 1340 5586 Vident
1386 5531 1530 5586 enim
1574 5531 1699 5601 quia
1735 5529 1862 5585 licet

271 5619 390 5675 sint
418 5620 603 5689 gratiae
628 5619 772 5674 dono
798 5622 876 5685 ab
903 5637 1126 5691 operum
1156 5622 1418 5677 malorum
1447 5621 1772 5690 contagione
1800 5620 1861 5674 li-

273 5710 448 5774 berae,
480 5717 764 5765 teneantur
787 5713 1372 5781 tamen-cogitationum
1402 5713 1663 5767 varietate
1691 5713 1858 5782 capti-

277 5817 382 5856 va}.
427 5798 556 5866 Quis
589 5803 726 5857 enim
751 5804 1056 5874 gloriabitur
1082 5813 1280 5858 castum
1307 5821 1362 5858 se
1383 5802 1577 5858 habere
1605 5803 1732 5857 cur?
1771 5813 1861 5857 aut

1965 4903 2126 4958 etiam
2154 4900 2390 4972 paciﬁca:
2435 4887 2632 4972 qdietis
2660 4900 2812 4970 virgo
2835 4899 3338 4970 Christi'possidere
3367 4899 3541 4952 virtu-

1967 5001 2073 5048 tem
2101 4992 2311 5056 debeat,
2343 5000 2401 5045 ut
2424 4991 2810 5046 desideriorum
2839 4990 3132 5046 carnalium
3160 4989 3299 5043 bella
3327 4988 3544 5058 spirita-

1963 5083 2101 5138 libus
2129 5084 2292 5138 armis
2331 5083 2513 5138 induta
2560 5087 2894 5152 compescat.
2941 5079 3162 5134 Talibus
3210 5087 3266 5134 te
3313 5093 3546 5149 sponsus

1963 5183 2086 5231 tuus
2114 5177 2191 5230 uti
2220 5175 2429 5242 fruique
2457 5174 2743 5228 monilibus
2770 5171 2950 5241 cupit,
2975 5171 3068 5240 qui
3099 5179 3154 5227 te
3187 5171 3288 5226 sibi
3320 5167 3422 5224 ﬁde
3450 5169 3553 5224 dc-

1965 5265 2200 5335 spondit,
2228 5280 2323 5336 spe
2353 5265 2600 5330 ﬁrmavit,
2630 5264 2854 5318 caritate
2881 5262 3182 5332 conjunxit.

2037 5355 2166 5410 Car.
2197 5366 2341 5410 thv.
2372 5355 2536 5410 Omne
2578 5372 2706 5426 opus
2735 5353 2923 5410 bonum
2952 5356 3123 5426 gratia
3167 5353 3265 5406 Dei
3308 5352 3362 5405 in
3397 5350 3548 5404 nobis

1961 5445 2226 5515 praevenit.
2271 5444 2420 5500 Dives
2442 5446 2692 5516 virginum
2730 5462 2967 5516 sponsus.
2995 5442 3261 5509 Quomodo
3294 5442 3544 5496 servanda
3571 5508 3578 5515 θ

1961 5536 2245 5606 virginitas.
2269 5534 2561 5590 Conclusio.
2591 5568 2654 5579 —
2675 5537 2762 5590 57.
2790 5535 2973 5606 Neque
2998 5549 3127 5590 vero
3157 5532 3281 5588 ﬁdei
3313 5532 3544 5588 veritate

1962 5626 2243 5695 carnisque
2284 5625 2588 5694 integritate
2625 5626 2936 5696 Spiritaliter
2965 5625 3054 5678 tali
3082 5638 3282 5693 sponso
3315 5621 3540 5691 nupsis-

1961 5729 2068 5780 ses,
2094 5715 2139 5769 si
2171 5731 2275 5770 non
2303 5731 2445 5779 eum,
2476 5723 2783 5786 contempta
2812 5715 3046 5769 vanitate
3074 5713 3276 5775 suaculi,
3317 5710 3542 5766 dilexis-

1963 5821 2083 5871 ses;
2125 5821 2226 5862 nec
2267 5815 2443 5864 tamen
2473 5823 2596 5864 eum
2647 5806 2836 5862 fuisses
2879 5806 3216 5876 aliquatenus
3259 5803 3549 5864 dilectum,
3593 5861 3597 5870 ,

355 5994 379 6060 _'
413 5981 512 6039 Ns.
557 5980 744 6048 ους-ιλ,
785 5992 840 6034 ιιι
885 5981 1027 6036 illam
1059 5983 1320 6052 possidere
1367 5982 1545 6039 debeat
1595 5983 1863 6040 viventium
1906 5994 2062 6039 terra.
