4072 6332
526 514 637 576 559

1575 503 1631 560 S.
1662 500 2021 560 FULGENTII
2060 500 2365 560 EPISCOPI
2405 500 2776 559 RUSPENSIS

3692 497 3802 556 5ἱο

531 628 638 687 nisi
662 627 854 684 fuisses
880 624 1112 696 gratuita
1141 619 1325 692 sponsi
1353 616 1642 674 dilectione
1669 623 1962 688 praeventa.
1992 614 2112 669 Dixi
2141 623 2187 678 Α
2216 614 2394 670 cordis
2422 615 2626 670 excitat
2671 612 2933 669 orationis
2961 610 3231 681 affectum,
3269 612 3446 669 oratio
3473 592 3804 669 humilisdi-

534 727 715 775 autem
738 726 793 774 te
820 721 1149 788 praeventam
1173 752 1191 782 ,
1233 725 1341 765 non
1369 707 1543 764 solum
1571 706 1862 763 dilectione
1885 719 1991 774 qua
2024 703 2114 759 ille

532 819 593 866 te
617 810 826 878 dilexit,
855 805 952 863 sed
981 805 1144 862 etiam
1173 801 1465 858 dilectione
1489 814 1648 869 quam
1679 798 1775 853 tibi
1802 797 1970 866 gratis
1996 804 2115 851 uta

517 911 589 958 te
632 901 944 971 diligeretur
982 893 1196 951 infudit.
1245 891 1442 947 Totum
1481 903 1612 959 ergo
1654 886 1912 958 quidquid
1958 886 2013 941 in
2059 893 2114 940 te

531 999 734 1047 sanctae
760 985 1065 1044 dilectionis
1098 996 1225 1053 erga
1256 994 1515 1053 sponsum
1565 988 1713 1034 tuum
1739 977 1927 1043 habes,
1977 975 2031 1030 in
2060 983 2116 1029 te

531 1077 749 1149 quidem
776 1075 945 1133 habes
967 1116 983 1141 ,
1030 1072 1126 1130 sed
1153 1087 1221 1128 ex
1252 1080 1307 1127 te
1337 1086 1446 1126 non
1488 1068 1679 1124 habes.
1722 1067 2016 1136 Pauperem
2060 1071 2115 1118 te

531 1167 744 1238 accepit
771 1163 1067 1221 ditissimus
1095 1176 1349 1233 sponsus,
1388 1156 1653 1230 quidquid
1683 1157 1735 1211 in
1764 1164 1820 1211 te
1860 1154 1990 1210 boni
2017 1153 2116 1208 ha-

530 1260 649 1325 bes,
679 1273 790 1313 non
817 1271 885 1312 ex
915 1263 993 1324 te,
1021 1253 1116 1310 sed
1141 1269 1206 1309 ex
1240 1253 1358 1323 ipso
1382 1251 1572 1317 habes,
1603 1258 1660 1305 et
1682 1247 1940 1318 quidquid
1973 1261 2114 1302 non-

532 1351 661 1407 dum
689 1350 875 1414 habes,
905 1356 1036 1404 tunc
1073 1346 1296 1402 habebis
1321 1387 1337 1413 ,
1389 1359 1511 1400 cum
1538 1357 1598 1399 se
1625 1356 1855 1413 sponsus
1882 1337 2112 1402 dederit,

531 1440 625 1511 qui
652 1440 833 1497 omnia
857 1439 999 1494 bona
1020 1452 1141 1507 qua:
1160 1436 1329 1492 habes
1357 1433 1590 1503 gratuita
1616 1432 1865 1500 largitate
1883 1428 1995 1499 jam
2029 1426 2103 1482 de

530 1533 630 1588 dit.
664 1532 777 1604 Ipsi
807 1545 937 1600 ergo
962 1530 1032 1586 de
1060 1528 1294 1599 acceptis
1322 1526 1597 1583 humiliter
1621 1524 1821 1594 gratias
1849 1535 1948 1591 age
1970 1561 1985 1587 ,
2034 1519 2118 1590 ip-

529 1638 648 1680 sum
669 1623 738 1678 de
757 1620 1082 1692 accipiendis
1105 1618 1382 1675 humiliter
1405 1630 1590 1689 posce.
1620 1614 1710 1671 Sic
1732 1613 1873 1670 enim
1895 1611 2116 1667 divitem

530 1729 792 1784 sponsum
814 1713 1003 1779 habes,
1032 1719 1092 1765 ut
1122 1726 1223 1766 nec
1245 1718 1403 1780 egeat
1425 1708 1508 1764 his
1528 1722 1646 1777 qua:
1669 1704 1838 1773 dedit,
1865 1705 2115 1759 stabun-

531 1804 625 1860 det
653 1803 719 1858 ad
750 1801 1084 1871 largiendum
1109 1800 1283 1856 multo
1313 1799 1540 1854 meliora
1568 1796 1663 1868 (al.
1696 1794 1924 1864 majora)
1954 1808 2115 1863 quan

531 1893 699 1950 dedit.
731 1892 856 1949 Haec
884 1893 1075 1948 humili
1097 1906 1315 1961 semper
1343 1888 1759 1960 compunctione
1794 1885 2074 1942 considera
2099 1927 2115 1952 ,

2220 705 2399 760 vinum
2422 712 2764 775 promeretur
2792 704 3083 769 auxilium;
3108 705 3455 774 compunctio
3480 706 3659 761 cordis
3681 709 3804 761 vnl-
3904 768 3910 773 _

2214 810 2347 851 nera
2378 810 2474 850 sua
2506 794 2743 865 respicit,
2770 795 2946 849 oratio
2975 808 3103 849 vero
3134 794 3395 848 medelam
3427 795 3672 849 sanitatis
3703 806 3805 849 ex-

2214 885 2410 955 poscit.
2440 883 2508 938 Et
2534 885 2601 939 ad
2632 885 2747 940 haec
2773 883 2894 952 quis
2922 882 3181 938 idoneus?
3207 881 3341 950 Quis
3356 884 3499 939 enim
3528 885 3620 939 νει·
3644 899 3806 941 orare

2214 984 2583 1048 competenter
2610 978 2809 1044 valeat,
2841 976 2942 1031 nisi
2974 976 3213 1031 medicus
3242 976 3362 1046 ipse
3401 977 3612 1032 initium
3656 977 3807 1033 desi—

2214 1069 2348 1124 derii
2377 1070 2635 1139 spiritalis
2661 1067 2943 1123 infundat?
2972 1075 3067 1122 aut
3091 1068 3213 1137 quis
3232 1082 3580 1138 perseverare
3601 1068 3663 1123 in
3677 1084 3807 1124 ora-

2208 1161 2364 1216 tione
2390 1169 2575 1231 queat,
2616 1160 2723 1215 nisi
2768 1159 2918 1215 Deus
2941 1159 2993 1214 in
3026 1160 3181 1215 nobis
3209 1160 3315 1215 hoc
3341 1160 3490 1229 quod
3514 1162 3681 1231 cmpit
3708 1177 3809 1216 au-
3837 1206 3849 1215 .

2215 1259 2365 1319 goat,
2390 1252 2535 1320 quod
2562 1251 2847 1306 seminavit
2875 1249 3134 1318 enutriat,
3163 1258 3218 1305 et
3244 1250 3388 1321 quod
3433 1250 3807 1306 misericordia

2218 1341 2558 1411 praecedente
2585 1342 2750 1409 gratis
2778 1340 3000 1396 donavit
3028 1340 3280 1410 indignis,
3316 1339 3384 1394 ad
3411 1338 3673 1397 .etl‘eetmn
3703 1340 3804 1411 (al.

2215 1429 2477 1501 fructum)
2495 1430 2844 1501 perfectionis
2890 1429 3260 1485 misericordia
3287 1428 3653 1499 subsequente
3682 1444 3810 1498 per-

2217 1523 2413 1577 ducat?
2438 1523 2528 1580 Sic
2555 1522 2700 1576 enim
2728 1537 2759 1575 a
2781 1521 2937 1577 nobis
2963 1520 3173 1591 poterit
3196 1519 3325 1576 boni
3342 1519 3525 1588 operis
3552 1520 3808 1573 meritum

2216 1628 2326 1668 non
2357 1613 2556 1683 perire,
2585 1613 2632 1667 si
2654 1613 2797 1668 Deus
2816 1621 3006 1667 auctor
3026 1621 3190 1680 atque
3219 1610 3435 1681 adiutor
3461 1624 3678 1679 semper
3697 1610 3809 1678 glo-

2218 1703 2461 1759 rilicctur
2491 1704 2546 1758 in
2575 1718 2761 1773 opere.

2289 1793 2344 1848 5.
2384 1793 2494 1849 Nec
2537 1802 2790 1865 putemus
2836 1792 2916 1848 sic
2960 1806 3084 1847 eum
3131 1798 3408 1851 auctorem
3449 1789 3578 1845 boni
3623 1787 3810 1858 operis

2219 1882 2622 1944 aestimandum,
2673 1890 2928 1951 tanquam
2978 1880 3034 1935 in
3082 1880 3202 1951 ipso
3250 1887 3456 1934 tantum
3510 1879 3808 1935 creationis

533 1994 590 2042 et
613 1983 975 2054 virginitatem
1007 1996 1167 2052 quam
1208 1980 1321 2036 Deo
1347 1978 1572 2044 vovisti,
1593 1993 1703 2033 non
1742 1976 1917 2032 solum
1937 1973 2117 2031 carnis
2148 1975 2196 2034 B
2222 1970 2455 2027 exordio
2473 1971 2555 2026 sic
2579 1971 2723 2026 Deus
2751 1979 2955 2025 natura:
2980 1969 3228 2024 humana:
3254 1967 3384 2024 boni
3426 1968 3607 2038 operis
3633 1967 3807 2023 facul-

529 2075 863 2144 integritate,
887 2072 983 2129 sed
1005 2082 1060 2129 et
1080 2070 1586 2128 cordiS'humilitate
1605 2082 1895 2126 conserva.
1914 2066 1997 2121 Ah
2021 2066 2116 2123 illo

532 2165 630 2221 tibi
656 2178 872 2234 semper
897 2161 1201 2220 custodiam
1247 2159 1572 2230 virginitatis
1595 2165 1653 2213 et
1679 2156 1999 2213 humilitatis
2022 2170 2118 2211 ex-

532 2269 787 2326 poscens,
814 2253 907 2325 qui
936 2269 1045 2309 non
1081 2250 1417 2316 dormitabit,
1448 2263 1626 2319 neque
1664 2246 1971 2304 obdormiet
1996 2260 2120 2301 cus-

533 2346 749 2404 todiens
773 2344 937 2401 Israel
968 2342 1147 2417 (Paul.
1174 2357 1300 2406 cxx,
1333 2339 1411 2410 ιι).

604 2436 694 2492 58.
724 2435 884 2504 Ecce,
914 2441 1103 2492 sancta
1131 2432 1266 2499 filia,
1288 2431 1344 2486 in
1370 2437 1632 2501 quantum
1663 2428 1921 2484 Dominus
1949 2427 2117 2493 dedit,

533 2527 753 2584 brevem
777 2524 849 2581 ad
891 2534 947 2582 te
991 2524 1232 2581 libellum
1278 2522 1349 2578 de
1375 2520 1685 2590 virginitate
1713 2527 1770 2575 et
1816 2518 2120 2574 humilitate

532 2616 865 2688 conscripsi;
924 2615 1095 2686 magis
1145 2613 1351 2677 eligens
1406 2626 1577 2682 pauca
1630 2610 1728 2666 tibi
1788 2608 2119 2665 desideranti

532 2708 925 2775 transmittere,
942 2721 1109 2777 quam
1124 2704 1319 2761 debita:
1346 2701 1623 2758 servitutis
1649 2700 1883 2758 oliicium
1908 2714 2119 2771 sponsae

533 2798 746 2855 Domini
773 2799 1102 2868 denegare.
1174 2812 1179 2815 ·
1308 2874 1311 2877 ν

1092 2883 1421 2940 ςριδτοιΑ
1457 2883 1551 2938 IV.

1149 3014 1217 3052 AD
1258 3013 1319 3051 PR
1326 3011 1485 3051 οΒΑιι.

643 3113 720 3168 De
748 3112 990 3168 oratione
1012 3110 1081 3164 ad
1107 3106 1293 3174 Deum,
1327 3117 1375 3161 et
1402 3106 1789 3177 compunctione
1815 3104 2007 3160 cordis.

608 3224 847 3280 Domina:
889 3222 942 3277 in
995 3221 1210 3277 Christo
1242 3219 1531 3290 plurimum
1559 3217 1886 3284 venerabili,
1913 3224 1971 3272 et
1996 3233 2115 3273 cun

2217 2067 2382 2115 tatem
2410 2061 2641 2127 dederit,
2660 2069 2720 2116 ut
2745 2060 2913 2131 ipsius
2934 2058 3206 2129 adjutorio
3229 2057 3523 2115 desistente
3562 2058 3678 2114 sola
3709 2073 3811 2127 per

2181 2203 2185 2207 .
2215 2151 2449 2222 seipsam
2490 2151 2663 2221 possit
2706 2158 2897 2205 natura
2926 2148 3288 2220 quodcunque
3312 2149 3512 2204 bonum
3543 2149 3682 2204 velle
3709 2162 3810 2204 seu

2217 2240 2427 2308 facere;
2451 2258 2572 2297 cum
2602 2242 2708 2297 hoc
2728 2256 2831 2297 nec
2856 2240 2910 2295 in
2940 2240 3061 2311 ipso
3083 2240 3259 2311 primo
3286 2241 3445 2312 178
3462 2238 3683 2294 homine
3703 2254 3807 2309 po-

2219 2334 2385 2389 tuerit
2417 2334 2536 2389 solo
2566 2333 2790 2403 implere
2815 2338 3016 2388 conatu
3054 2331 3297 2402 proprio,
3327 2329 3551 2400 quando
3574 2329 3810 2384 necdum

2217 2424 2397 2481 fuerat
2424 2424 2610 2479 vitiata
2651 2430 2894 2493 peccato.
2928 2422 3212 2490 Quomodo
3257 2433 3388 2489 ergo
3434 2419 3647 2475 infirma
3685 2419 3807 2475 sine

2213 2515 2494 2586 juvamine
2518 2514 2715 2571 medici
2736 2515 3058 2584 sospitatem
3080 2527 3230 2568 suam
3257 2518 3506 2583 reparare
3531 2510 3733 2580 poterit
3756 2518 3805 2576 ⁸,

2218 2620 2340 2674 qua:
2365 2605 2495 2660 dum
2520 2618 2651 2660 sana
2695 2610 2846 2661 esset
2874 2604 3187 2675 sospitatcm
3228 2616 3380 2657 suam
3409 2600 3680 2656 custodire
3705 2614 3809 2655 ne-

2219 2696 2393 2766 quivit
2415 2698 2439 2750 ’ἒ

2290 2787 2342 2843 4.
2384 2788 2503 2845 Νοιι
2531 2803 2662 2860 ergo
2689 2788 2951 2858 glorietur
2978 2798 3122 2843 terra
3152 2795 3209 2843 et
3235 2788 3388 2854 cinis,
3423 2787 3547 2856 quia
3594 2786 3648 2840 in
3694 2785 3810 2840 vita

2220 2892 2315 2934 sua
2344 2877 2573 2949 projecit
2599 2878 2789 2933 intima
2814 2892 2947 2945 sua;
2971 2893 3071 2933 nec
3092 2877 3429 2944 vulneratus,
3450 2880 3517 2931 de
3537 2876 3644 2930 hoc
3661 2874 3812 2945 quod

2222 2974 2277 3030 in
2303 2989 2363 3030 se
2389 2989 2578 3030 sanum
2612 2973 2902 3037 existimat,
2933 2981 3187 3042 tanquam
3219 2986 3384 3026 sanus
3413 2969 3677 3032 exsultet;
3709 2967 3813 3023 sed

2220 3078 2442 3119 suorum
2485 3062 2767 3118 vulnerum
2795 3061 3134 3133 putredinem
3163 3060 3472 3131 compuncti
3500 3058 3679 3114 cordis
3708 3057 3812 3112 hu-

2221 3156 2451 3211 militate
2476 3154 2805 3218 consideret,
2828 3162 2888 3209 ut
2914 3154 3153 3209 clamans
3174 3168 3294 3208 cum
3324 3152 3586 3223 propheta
3612 3168 3627 3204 :
3650 3148 3815 3205 Com-

2220 3252 2527 3315 putruerunt
2561 3253 2610 3298 et
2638 3243 2967 3298 deteriorum:
2993 3252 3113 3296 sunt
3141 3242 3408 3296 cicatrices
3435 3256 3582 3305 mete,
3611 3256 3646 3293 α
3674 3240 3820 3311 [πάι

535 3314 681 3370 omni
725 3312 1133 3369 honoriﬁcentia
1179 3308 1516 3366 nominandae
1563 3308 1771 3362 famula:
1822 3308 1947 3373 Dei,
1999 3308 2116 3363 tilias

2220 3308 2534 3402 insipientia
2561 3347 2693 3386 mea:
2731 3329 2903 3403 (Psal.
2937 3345 3137 3395 xxxvu,
3168 3329 3258 3401 6),
3305 3330 3476 3400 possit
3519 3308 3821 3393 medelam,

535 3402 760 3471 Pnonls,
810 3403 1167 3468 FULGENTtUS,
1209 3417 1484 3458 servorum
1512 3399 1712 3455 Christi
1755 3398 2013 3466 famulus,
2065 3400 2117 3454 in

534 3498 762 3553 Domino
786 3497 1039 3551 salutem.
1890 3559 1893 3562 ἠ

610 3590 760 3661 177
787 3587 968 3643 Carm
987 3600 1206 3641 renuunt.
1232 3581 1518 3638 Humilitas
1542 3581 1729 3661 Proba:
1754 3582 1987 3637 omnibus
2010 3582 2120 3636 imi-

535 3660 714 3734 tanda.
730 3711 800 3721 —-
817 3677 833 3731 l
850 3718 863 3731 .
890 3676 1187 3747 Epistolam
1207 3673 1507 3730 sanctitatis
1523 3681 1645 3735 tum,
1662 3660 1783 3728 cum
1816 3681 1926 3727 tota
1942 3672 2120 3728 cordis

532 3771 889 3839 gratulatione
914 3767 1153 3837 suscepi,
1181 3782 1289 3821 non
1311 3765 1482 3820 solum
1512 3763 1746 3818 studium
1767 3763 1895 3818 boni
1917 3762 2116 3833 operis,

533 3861 630 3918 sed
651 3862 814 3915 etiam
840 3858 1194 3913 humilitatem
1225 3854 1401 3912 cordis
1427 3856 1500 3909 tui
1523 3854 1683 3917 certis
1705 3852 1914 3909 indiciis
1930 3851 2120 3924 prtefe-

533 3959 763 4007 1'entem.
783 3950 928 4005 Bene
944 3948 1131 4016 igitur,
1144 3957 1329 4000 sancta
1344 3943 1445 3998 ﬁlia
1454 3982 1478 4009 ,.
1492 3944 1543 3997 in
1567 3942 1775 3997 laudem
1792 3942 1909 4007 Dei,
1923 3958 2031 3997 non
2051 3941 2119 3997 de

533 4042 690 4098 bonis
716 4040 968 4110 operibus
996 4036 1262 4107 superbiae
1288 4042 1451 4090 vento
1481 4033 1784 4100 extolleris,
1802 4032 1896 4088 sed
1925 4032 1991 4087 ad
2019 4033 2119 4087 im-

533 4131 729 4203 plenda
779 4129 993 4184 Domini
1036 4134 1309 4199 praecepta
1338 4125 1603 4180 infirmam
1645 4133 1697 4180 te
1725 4125 2118 4196 invalidamque

533 4222 769 4277 testaris.
797 4220 873 4276 Ita
902 4218 1064 4275 debet
1088 4218 1294 4274 sentire
1324 4215 1566 4288 quisquis
1588 4216 1737 4272 verbi
1765 4215 1860 4271 Dei
1894 4232 1996 4271 non
2025 4233 2117 4270 au-

534 4313 668 4368 ditor
695 4311 988 4377 obliuiosus,
1012 4313 1104 4364 sed
1125 4310 1295 4381 factor
1321 4308 1489 4380 operis
1518 4307 1659 4375 (Jac.
1691 4323 1726 4373 I,
1758 4304 1847 4377 25)
1877 4322 1996 4363 esse
2023 4305 2117 4361 de-

532 4403 755 4470 siderat,
778 4403 870 4473 qui
893 4418 997 4456 non
1023 4401 1110 4456 hic
1131 4401 1198 4456 ab
1224 4400 1529 4456 hominibus
1554 4398 1793 4469 recipere
1814 4398 2115 4454 mercedem

532 4511 705 4562 suam,
736 4494 832 4551 sed
859 4509 887 4548 a
920 4494 1032 4549 Deo
1076 4493 1129 4547 in
1172 4491 1262 4547 die
1289 4492 1658 4547 retributionis
1685 4498 1995 4561 exspectat;
2023 4491 2115 4559 qui

437 4624 439 4626 -
532 4602 642 4643 non
661 4587 717 4642 in
742 4586 995 4658 praesenti
1015 4594 1258 4654 tempore
1279 4584 1451 4638 inanis
1472 4584 1654 4652 gloria:
1681 4583 1912 4637 vanitate
1935 4590 2117 4652 rapta-

533 4687 638 4741 tur,
669 4676 765 4732 St’d
792 4684 980 4731 sancto
1014 4676 1137 4744 igne
1164 4674 1331 4729 divini
1370 4674 1570 4729 amoris
1600 4674 1926 4729 accenditur.
1964 4673 2116 4728 Hunc

532 4770 676 4825 enim
703 4768 951 4822 Christus
979 4767 1126 4823 venit
1152 4766 1368 4822 mittere
1397 4766 1448 4820 in
1480 4773 1678 4820 terram
1706 4764 1857 4837 (Luc.
1884 4782 1979 4832 ιιι,
1999 4764 2113 4835 49),

532 4867 592 4915 ιιι
620 4874 780 4916 omne
806 4857 1073 4929 superbia:
1097 4872 1316 4927 germen
1341 4865 1550 4923 exurat,
1582 4865 1639 4912 et
1664 4858 1943 4913 humiliato
1966 4840 2118 4913 cordi

533 4950 798 5007 fervorem
830 4957 1031 5005 sanctae
1063 4948 1495 5020 compunctionis
1528 4948 1751 5017 injiciat.
1776 4947 1866 5003 Sic
1892 4947 1950 5001 tit
1977 4956 2034 5002 ut
2062 4948 2114 5003 in

532 5044 733 5100 nostris
753 5043 990 5114 peccatis
1019 5042 1379 5113 nosmetipsos
1406 5041 1672 5096 veraciter
1698 5056 2031 5108 accusemus,
2062 5051 2117 5098 et

533 5134 587 5189 in
610 5134 766 5189 bonis
787 5133 1042 5204 operibus
1062 5132 1262 5189 nostris
1280 5131 1450 5187 Deum
1476 5147 1598 5187 vera
1625 5131 1802 5187 cordis
1821 5132 2122 5190 humilitate

533 5225 846 5291 laudemus;
878 5224 955 5280 illi
982 5225 1316 5297 assignemus
1341 5240 1462 5297 quae
1490 5224 1645 5281 nobis
1672 5223 1789 5293 ejus
1817 5225 1991 5295 pietas
2018 5225 2119 5280 do-

532 5324 647 5382 nat,
679 5316 836 5372 nobis
860 5316 1186 5387 imputemus
1220 5316 1276 5371 in
1313 5316 1507 5386 quibus
1534 5331 1656 5371 eum
1688 5324 1870 5371 nostra
1899 5314 2121 5371 inﬁmi-

532 5418 620 5466 tas
647 5409 962 5466 exacerbat.
1410 5479 1418 5488 .

603 5501 734 5556 Car.
775 5517 831 5555 ιι.
877 5500 1059 5555 Oratio
1091 5507 1142 5553 et
1168 5499 1341 5554 cordis
1368 5501 1690 5571 compunctio
1719 5516 1753 5553 α
1782 5498 1914 5566 Deo,
1944 5508 2001 5553 ut
2036 5501 2120 5554 iu-

536 5593 743 5687 {uztdan
774 5596 1120 5663 exposcendi).
1162 5587 1431 5655 Quomodo
1473 5590 1614 5646 Deus
1654 5601 1732 5646 est
1777 5601 1957 5647 auctor
1998 5591 2120 5646 boni

536 5678 706 5752 op'eris
734 5683 917 5737 nostri.
940 5714 1013 5726 —
1030 5681 1086 5737 2.
1126 5678 1197 5735 Et
1221 5681 1348 5751 quia
1369 5679 1679 5751 frequenter
1704 5697 1738 5737 a
1763 5682 1919 5739 nobis
1945 5680 2119 5738 offen-

538 5771 682 5826 ditur
702 5810 718 5837 ,
751 5773 1114 5830 necessarium
1142 5778 1226 5827 est
1253 5779 1313 5826 ut
1351 5772 1615 5841 frequenti
1653 5775 1901 5831 oratione
1926 5783 1983 5830 et
2005 5773 2119 5844 jugi

538 5861 717 5914 cordis
762 5862 1177 5932 compunctione
1221 5860 1512 5929 mitigetur.
1563 5861 1920 5934 Compunctio
1970 5868 2115 5922 enim

610 6010 637 6037 ι
664 5997 767 6056 Ms.
796 6001 936 6057 Vict.
963 6011 1017 6055 et
1039 6000 1185 6064 editi,
1216 6003 1457 6070 potuerit.
1482 6000 1799 6076 Ms.-Corb.,
1824 6008 2033 6088 poterit,

2222 3436 2329 3476 non
2357 3436 2456 3476 suo
2485 3421 2699 3484 merito,
2730 3420 2827 3476 sed
2854 3420 3088 3488 gratuito
3123 3435 3346 3475 munere
3373 3419 3565 3474 divina:
3592 3420 3822 3489 pietatis

2222 3512 2487 3582 accipere.
2519 3510 2657 3578 Quid
2682 3511 2826 3566 enim
2855 3511 3020 3565 habet
3048 3511 3212 3565 homo
3251 3510 3396 3580 quod
3426 3524 3531 3565 non
3562 3510 3822 3580 accepit?

2222 3601 2280 3657 Si
2309 3610 2488 3657 autem
2537 3601 2764 3671 accepit,
2795 3600 2922 3669 quid
2951 3600 3230 3670 gloriatur,
3262 3599 3423 3670 quasi
3446 3614 3555 3654 non
3584 3613 3826 3669 accepe-

2222 3692 2291 3747 rit
2319 3691 2373 3763 (1
2403 3690 2528 3748 Cor.
2558 3708 2629 3759 tv,
2662 3693 2757 3765 7)?
2785 3692 2944 3751 Solus
2979 3692 3141 3761 igitur
3185 3691 3329 3747 Deus
3356 3700 3537 3762 potest
3560 3691 3825 3748 omnibus

2221 3782 2417 3861 quibus
2446 3782 2680 3836 voluerit
2722 3781 2852 3837 dare
2880 3781 3021 3837 unde
3047 3796 3175 3837 vera
3204 3781 3350 3836 salus
3378 3781 3578 3850 acquiri
3609 3783 3822 3851 possit;

2223 3879 2277 3927 et
2306 3872 2430 3927 ideo
2458 3872 2606 3928 solus
2632 3881 2812 3943 potest
2839 3873 2893 3928 in
2920 3872 3219 3943 accipiente
3246 3871 3519 3928 custodire
3540 3872 3689 3942 quod
3715 3873 3827 3930 de-

2222 3963 2401 4021 derit:
2434 3963 2556 4019 Nisi
2602 3965 2746 4021 enim
2794 3963 3047 4020 Dominus
3090 3965 3391 4019 custodierit
3432 3965 3715 4028 civitatem,
3763 3966 3827 4021 ia

2222 4072 2409 4110 vanum
2447 4055 2663 4127 uigilant
2699 4057 2786 4127 qui
2826 4057 3123 4112 custodiunt
3150 4073 3265 4112 eam
3296 4056 3468 4128 (Psal.
3515 4072 3698 4123 cxxvt,
3733 4057 3823 4129 2).

2221 4145 2315 4201 Ille
2343 4147 2523 4216 itaque
2558 4161 2668 4202 non
2697 4147 2932 4218 patietur
2965 4146 3220 4202 furtivum
3252 4147 3561 4218 nequis-imi
3595 4149 3828 4218 praedo-

2222 4236 2307 4290 nis
2349 4236 2667 4305 ingressum,
2719 4236 2807 4292 cui
2856 4253 2964 4292 non
3010 4236 3242 4293 defuerit
3287 4237 3496 4293 Domini
3545 4238 3833 4307 vigilantis

2223 4328 2519 4383 auxilium:
2552 4328 2667 4398 ipse
2712 4329 2855 4383 enim
2896 4327 3023 4383 Non
3071 4328 3393 4396 dormitabit,
3422 4345 3585 4400 neque
3622 4329 3836 4385 obdor-

2224 4418 2363 4482 miet,
2395 4419 2479 4490 qui
2509 4417 2733 4473 custodit
2759 4417 2929 4472 Israel
2958 4416 3131 4490 (Psal.
3163 4433 3295 4486 cxx,
3319 4416 3395 4487 4).

2293 4505 2420 4561 CAP.
2451 4521 2527 4561 ut.
2570 4505 2638 4559 In
2665 4506 2763 4560 hac
2782 4509 2886 4560 vita
2909 4522 3110 4576 semper
3121 4507 3374 4576 proﬁcere
3396 4504 3659 4560 debemus.
3687 4505 3838 4562 Non

2221 4604 2387 4667 potest
2414 4596 2566 4651 homo
2595 4612 2661 4650 ea:
2700 4613 2773 4663 se,
2821 4595 3010 4668 absque
3039 4596 3136 4651 Dei
3165 4597 3357 4667 gratia,
3380 4597 3663 4667 quidquam
3694 4597 3838 4655 boui

2221 4686 2448 4754 operari,
2497 4701 2561 4739 ne
2613 4685 2740 4739 velle
2787 4684 3011 4757 quidem.
3035 4683 3180 4738 —5.
3223 4684 3376 4740 Sicut
3413 4693 3591 4740 autem
3623 4686 3726 4755 qui
3755 4687 3843 4743 ad

2221 4778 2449 4848 patriam
2480 4778 2669 4843 tendit,
2713 4778 2889 4833 donec
2925 4778 3206 4847 perveniat
3245 4793 3463 4848 semper
3506 4778 3675 4833 hab'et
3728 4783 3843 4859 ubi

2220 4868 2457 4924 ambulet
2482 4910 2496 4935 ,
2525 4869 2603 4924 sic
2629 4867 2790 4924 etiam
2819 4884 2939 4937 nos,
2970 4869 3209 4939 quandiu
3240 4870 3291 4923 in
3320 4870 3425 4924 hoc
3446 4870 3665 4924 mortali
3688 4887 3844 4928 cor-

2219 4974 2352 5028 pore
2377 4959 2654 5014 constituti
2682 4959 3092 5029 pcregrinamur
3120 4975 3151 5014 a
3173 4960 3422 5026 Domino,
3443 4975 3685 5030 praesens
3706 4965 3846 5021 vita

2218 5049 2374 5105 nobis
2393 5056 2476 5104 est
2503 5049 2609 5116 via,
2641 5049 2696 5104 in
2725 5066 2830 5121 qua
2858 5065 3070 5121 semper
3108 5051 3366 5105 habemus
3411 5051 3500 5106 ubi
3538 5052 3848 5121 possimus

2218 5139 2502 5212 proﬁcere,
2533 5141 2731 5211 donec,
2754 5142 2867 5198 Deo
2892 5142 3241 5213 perducente,
3274 5142 3340 5197 ad
3366 5143 3511 5197 illam
3533 5142 3851 5203 valeamus

2220 5235 2392 5289 heatze
2438 5233 2859 5290 immortalitatis
2912 5242 3171 5291 aeternam
3227 5236 3455 5306 patriam
3504 5238 3845 5305 pervenire.

2220 5322 2423 5392 Magna:
2445 5323 2608 5393 igitur
2632 5323 2983 5380 beatitudinis
3031 5332 3115 5380 est
3151 5324 3231 5380 sic
3265 5324 3320 5379 in
3347 5324 3599 5395 praesenti
3630 5325 3857 5385 vivere

2219 5415 2442 5483 saeculo,
2482 5424 2542 5470 ut
2587 5414 2849 5486 profectui
2890 5415 3118 5486 spiritali
3164 5417 3341 5472 omnis
3380 5416 3549 5470 ﬁdelis
3589 5430 3857 5487 operam

2224 5506 2336 5574 det,
2370 5522 2471 5564 nec
2498 5514 2679 5563 tamen
2706 5508 2811 5563 hoc
2836 5507 2950 5562 suis
2978 5506 3267 5577 aliquando
3306 5507 3509 5563 viribus
3544 5509 3857 5578 superbus

2228 5596 2485 5666 assignet,
2530 5598 2625 5653 sed
2653 5598 2839 5653 humili
2868 5597 3032 5654 corde
3065 5613 3098 5652 a
3127 5598 3238 5654 Deo
3267 5607 3456 5669 poscat
3478 5598 3666 5667 jugem
3702 5617 3865 5662 cus-

2230 5686 2432 5748 todiam
2460 5689 2666 5758 accepti
2695 5689 2957 5757 muneris,
2984 5704 3014 5744 a
3043 5703 3157 5759 quo
3180 5698 3397 5743 emanat
3444 5689 3610 5743 totius
3640 5690 3863 5763 bona},

2229 5792 2339 5832 non
2360 5785 2566 5834 tantum
2595 5778 2939 5850 principium.
3007 5779 3102 5836 sed
3130 5778 3294 5834 etiam
3326 5777 3587 5850 perfectio
3618 5780 3866 5841 volun-

2230 5868 2371 5926 tatis.
