4014 6340
261 482 350 541 5H
1672 485 2002 543 EPISTOLA
2042 488 2129 546 iV.
3437 495 3546 557 313

326 599 383 656 ϐ.
427 599 618 672 Neque
648 599 790 655 enim
833 597 1020 656 Jacobi
1062 601 1293 671 apostoli
1334 601 1644 674 prtedicatio
1673 603 1852 672 aliqua
1883 606 1934 665 Α
1959 603 2118 673 pheta
2167 607 2335 664 dicit:
2373 609 2500 664 Tota
2529 611 2613 664 die
2649 614 2982 667 contristatus
3025 613 3379 685 ingrediebar;
3417 636 3545 690 quo-

259 701 442 762 potest
490 691 962 760 argumentatione
991 693 1212 758 cessari,
1263 692 1488 748 dicentis
1513 711 1525 746 :
1559 693 1726 748 Omne
1755 694 1855 746 da-
1960 697 2102 752 niam
2118 695 2291 754 anima
2319 719 2433 756 mea
2465 703 2675 773 impleta
2706 713 2781 758 est
2810 706 3157 773 illusionibus,
3175 715 3224 762 et
3239 725 3340 763 non
3353 718 3431 764 est
3459 727 3545 765 sa-

255 799 358 841 tum
381 786 658 856 optimum,
691 794 739 838 et
757 801 918 838 omne
941 785 1133 840 donum
1158 788 1441 858 perfectum
1465 787 1735 847 desursum
1755 795 1852 855 est,
1955 789 2096 842 nitas
2123 791 2177 844 in
2205 808 2360 847 carne
2384 811 2501 848 mea
2531 794 2702 866 (Psal.
2737 813 2939 862 xxxvn,
2974 798 3048 869 7).
3083 798 3220 866 Quid
3249 810 3333 857 est
3361 811 3543 859 autem

249 876 573 931 descendens
599 893 631 929 a
675 875 834 930 Patre
875 876 1127 930 luminum
1169 876 1308 947 (Jac.
1345 893 1383 943 ι,
1415 877 1530 958 μ).
1564 877 1676 933 Nec
1703 879 1852 948 quis-
1955 883 2069 932 tota
2097 879 2186 935 die
2214 883 2595 939 contristatum
2625 885 2852 954 ingredi,
2894 887 2997 942 nisi
3036 889 3201 944 totius
3231 890 3391 960 hujus
3419 892 3543 946 vita:

250 983 412 1038 quam
439 965 746 1031 hominum,
779 965 894 1020 sive
923 965 990 1019 ad
1037 966 1401 1034 cogitandum,
1455 967 1570 1024 sive
1608 967 1674 1022 ad
1713 983 1847 1038 ope-
1954 974 2202 1040 tempore
2243 982 2594 1042 peccatorum
2641 977 3021 1034 recordatione
3066 980 3290 1036 tristari.
3341 981 3398 1036 ln
3429 999 3539 1053 quo

250 1056 478 1110 randum
509 1055 872 1125 quodcunque
919 1055 1143 1119 bonum,
1194 1065 1375 1127 potest
1427 1072 1548 1113 esse
1598 1058 1844 1126 idoneus,
1950 1061 2096 1116 enim
2141 1053 2319 1119 anima
2363 1065 2699 1122 illusionibus
2744 1068 3015 1138 impletur,
3056 1070 3159 1124 nisi
3190 1086 3311 1126 cum
3335 1086 3538 1126 concu-

246 1147 344 1200 nisi
371 1147 536 1202 fuerit
564 1161 788 1201 munere
808 1147 1046 1215 gratuito
1074 1147 1271 1202 divina:
1295 1147 1672 1218 opitulationis
1700 1149 1849 1219 adju-
1947 1153 2330 1222 piscentiarum
2368 1159 2663 1213 carnalium
2713 1159 2980 1230 frequenti
3009 1161 3308 1217 tentatione
3337 1177 3537 1217 concu-

245 1247 328 1293 tus
354 1255 368 1290 :
405 1237 550 1292 Deus
571 1246 649 1292 est
675 1239 812 1292 enim
833 1239 919 1308 qui
936 1249 1186 1308 operatur
1217 1239 1272 1293 in
1301 1239 1412 1295 suis
1436 1251 1490 1294 et
1511 1241 1636 1296 velle
1656 1251 1705 1296 et
1727 1260 1846 1313 per-
1947 1241 2112 1298 titur?
2138 1243 2340 1312 Quibus
2380 1249 2480 1326 etsi
2509 1250 2866 1305 consensione
2891 1267 2998 1306 non
3027 1252 3190 1320 cedit,
3226 1251 3536 1322 fatigatione

245 1331 403 1397 licere
425 1346 524 1400 pro
544 1329 686 1384 bona
714 1331 978 1384 voluntate
1017 1330 1242 1402 (Philip.
1288 1349 1346 1401 η,
1394 1333 1507 1403 15),
1556 1335 1694 1389 sicut
1735 1336 1843 1390 Vas

245 1421 535 1475 electionis
565 1419 833 1486 aﬂirmat;
881 1436 990 1490 quo
1019 1421 1183 1476 etiam
1211 1421 1468 1478 docente
1492 1427 1841 1492 cognovimus

241 1511 360 1578 quia
389 1551 404 1574 ,
440 1509 568 1565 Non
590 1528 767 1565 sumus
792 1511 965 1566 idonei
989 1512 1221 1582 cogitare
1249 1511 1445 1583 aliquid
1473 1530 1505 1567 a
1525 1513 1672 1568 nobis
1693 1516 1840 1586 quasi

241 1619 296 1656 ex
339 1601 532 1667 nobis;
570 1603 662 1656 sed
707 1603 1013 1673 sufﬁcientia
1041 1610 1222 1656 nostra
1257 1620 1324 1658 ea:
1352 1603 1464 1658 Deo
1492 1615 1569 1658 est
1597 1604 1683 1674 (II
1715 1605 1836 1661 Cor.

241 1708 307 1760 tn,
341 1692 424 1765 5).
457 1691 556 1749 Ille
606 1694 768 1763 igitur
817 1693 973 1749 nobis
1020 1709 1239 1748 omnem
1285 1694 1413 1749 boni
1459 1694 1838 1750 sufficientiam

240 1784 632 1852 subministrat,
662 1783 818 1852 cujus
845 1799 952 1838 non
979 1784 1240 1838 minuitur
1269 1785 1547 1854 plenitudo
1578 1801 1699 1841 cum
1730 1785 1832 1841 do-

239 1885 343 1940 nat,
377 1877 474 1946 qui
504 1875 661 1931 nobis
689 1891 852 1930 omne
876 1875 1079 1930 bonum
1118 1875 1348 1944 benigne
1377 1875 1602 1944 largitur
1649 1883 1709 1930 ut
1737 1876 1833 1929 ha-

1944 1333 2207 1391 lassescit.
2229 1337 2487 1404 Quamvis
2507 1341 2650 1395 enim
2679 1342 2905 1397 subinde
2932 1343 3317 1400 suisDominus
3339 1345 3392 1399 in
3415 1361 3532 1400 cer-

1942 1425 2164 1492 tamine,
2189 1443 2258 1482 ne
2287 1427 2561 1498 deficiant,
2593 1432 2918 1500 adjutorium
2958 1435 3179 1502 tribuat,
3209 1438 3534 1506 permittitur

1942 1522 2120 1570 tamen
2150 1515 2358 1587 fatigari
2388 1523 2618 1591 propria:
2646 1521 2972 1578 infirmitatis
2999 1541 3166 1580 onere
3196 1538 3529 1596 praegravata

1941 1606 2262 1673 mortalitas,
2311 1617 2372 1662 ut
2398 1625 2518 1665 cum
2550 1613 2604 1666 in
2644 1613 2821 1683 seipsa
2853 1614 3055 1669 nullum
3087 1616 3300 1672 virtutis
3329 1619 3532 1674 invenit

1941 1693 2356 1766 firmamentum,
2386 1700 2456 1754 ad
2495 1703 2822 1774 poscendum
2849 1704 3044 1760 divina:
3073 1707 3287 1777 pietatis
3308 1709 3417 1765 cito
3443 1725 3529 1766 τε»

1939 1796 2123 1842 currat
2145 1790 2420 1846 auxilium.

2010 1881 2062 1934 9.
2104 1880 2204 1940 Hic
2248 1881 2378 1954 ergo
2406 1895 2533 1942 tunc
2561 1886 2928 1944 adversarium
2959 1889 3240 1957 vincimus,
3273 1893 3319 1947 si
3359 1893 3528 1964 lacry-

241 1968 492 2032 beamus;
546 1974 604 2022 ει
655 1967 707 2021 in
755 1966 939 2036 διείρεο
987 1967 1107 2022 Sine
1161 1965 1518 2022 diminutione
1555 1974 1838 2035 permanet
1869 1972 2064 2040 Bmis,
2114 1983 2170 2028 et
2215 1978 2565 2044 orationibus,
2598 1987 2654 2034 et
2696 1981 2951 2035 continua
2999 1981 3179 2036 cordis
3228 1981 3532 2038 humilitate

240 2059 423 2129 plenus
454 2077 467 2111 :
501 2058 649 2127 quod
669 2073 770 2113 nec
805 2057 1050 2126 angelica
1081 2065 1279 2128 potest,
1316 2073 1417 2113 nec
1437 2059 1668 2112 humana
1699 2073 1838 2128 prae-

239 2161 374 2206 stare
397 2160 626 2217 natura;
650 2166 712 2206 ac
732 2151 812 2206 sic
836 2150 1000 2216 nulla,
1017 2149 1146 2206 licet
1159 2150 1434 2220 spiritalis,
1453 2159 1630 2206 tamen
1655 2158 1838 2206 creata

237 2244 563 2299 substantia.
591 2241 726 2309 Quia
749 2257 913 2298 omne
945 2241 1090 2312 quod
1116 2249 1358 2298 creatum
1379 2244 1483 2309 est,
1513 2242 1653 2298 sicut
1687 2251 1843 2297 ante-

239 2352 394 2406 quam
428 2347 716 2392 crearetur
743 2351 847 2391 non
877 2334 997 2402 fuit,
1028 2335 1108 2390 sic
1137 2342 1429 2404 antequam
1459 2335 1730 2406 acciperet
1751 2335 1841 2390 ha-

241 2427 362 2481 bere
395 2442 507 2481 non
539 2425 744 2496 potuit;
770 2434 825 2480 et
853 2425 995 2480 sicut
1021 2425 1316 2481 subsistere
1361 2441 1470 2481 non
1503 2433 1686 2496 potest
1712 2425 1834 2480 sine

238 2517 375 2572 illius
402 2517 730 2587 operatione
743 2515 838 2586 qui
867 2514 1014 2582 fecit,
1033 2515 1111 2573 sic
1140 2516 1340 2571 bonum
1367 2532 1473 2570 non
1505 2523 1682 2585 potest
1704 2515 1840 2571 velle

240 2624 329 2663 seu
360 2607 564 2672 facere,
595 2608 696 2662 nisi
739 2606 882 2662 Deus
910 2606 1162 2675 dignetur
1193 2606 1396 2676 jugiter
1442 2606 1717 2674 adjuvare.
1759 2605 1839 2661 Ab

243 2696 356 2766 ipso
387 2712 627 2766 namque
652 2705 740 2751 est
783 2696 993 2750 initium
1031 2697 1187 2766 179
1212 2697 1368 2751 bona:
1409 2696 1738 2763 voluntatis;
1771 2697 1839 2752 ab

237 2787 348 2857 ipso
370 2786 604 2842 facultas
623 2787 752 2842 boni
781 2787 983 2858 operis,
1010 2787 1078 2843 ab
1110 2786 1229 2857 ipso
1257 2789 1658 2857 perseverantia
1681 2789 1837 2844 bona:

237 2880 692 2945 conversationis;
721 2880 790 2934 ab
819 2879 938 2950 ipso
957 2879 1117 2934 datur
1138 2880 1190 2933 in
1211 2880 1460 2949 praesenti
1491 2880 1688 2936 saeculo
1713 2896 1837 2936 vera

238 2971 410 3026 cordis
450 2970 752 3037 humilitas,
802 2979 858 3026 et
903 2970 958 3024 in
1012 2967 1194 3024 futuro
1225 2969 1594 3024 retributionis
1621 2977 1838 3025 ceterum

241 3063 466 3119 felicitas
495 3081 509 3115 :
543 3071 602 3117 ut
632 3063 732 3133 ipsi
758 3062 864 3119 sint
892 3063 1009 3118 sine
1035 3060 1141 3116 fine
1171 3059 1352 3116 felices
1393 3061 1487 3131 qui
1528 3078 1673 3118 nunc
1720 3063 1836 3118 sine

238 3152 446 3211 fictione
478 3164 609 3211 sunt
633 3155 884 3222 humiles,
900 3171 1000 3211 nec
1016 3170 1075 3210 se
1091 3153 1368 3210 inflatione
1389 3171 1526 3210 vana
1549 3156 1832 3224 seducunt,

239 3250 327 3304 sed
354 3250 602 3320 pericula
631 3250 912 3320 praesentis
951 3249 1074 3304 vitae
1120 3264 1242 3304 cum
1288 3249 1484 3304 timore
1511 3257 1568 3304 et
1598 3258 1834 3305 tremore

1941 2077 2259 2131 pugnemus.
2293 2066 2561 2136 Scriptum
2609 2078 2695 2123 est
2721 2069 2862 2124 enim
2885 2071 3008 2140 quia
3039 2070 3224 2126 Oratio
3264 2073 3532 2128 humilium

1940 2152 2099 2206 nubes
2125 2165 2380 2224 penetrat,
2409 2167 2456 2210 et
2484 2175 2588 2212 non
2617 2161 2824 2230 elongat
2855 2161 3125 2225 Dominus,
3159 2161 3321 2216 donec
3365 2181 3532 2218 exau-

1940 2243 2052 2298 diat
2081 2242 2270 2316 (Ereti.
2302 2265 2469 2316 xxxv,
2498 2248 2610 2319 2t).
2647 2249 3097 2322 Humiliuurergo
3126 2253 3283 2308 fletus
3310 2267 3531 2321 magnus

1938 2344 2025 2390 est
2051 2339 2503 2408 concupiscentia
2533 2341 2768 2396 carnalis
2797 2343 3063 2398 interitus.
3095 2343 3373 2416 Lacrymas
3413 2359 3531 2414 quin

1939 2442 2006 2481 ex
2037 2429 2451 2499 compunctione
2494 2431 2676 2487 cordis
2728 2433 2969 2498 veniunt,
3019 2445 3076 2488 et
3103 2435 3378 2489 inimicum
3406 2435 3529 2489 vin-

1940 2529 2064 2574 cunt
2095 2560 2109 2581 ,
2159 2528 2213 2573 et
2253 2521 2407 2574 nobis
2453 2520 2653 2576 donum
2701 2521 2898 2577 laetitiae
2950 2523 3289 2593 triumphalis
3339 2525 3530 2593 acqui-

1940 2616 2084 2664 runt.
2117 2609 2218 2676 Qui
2267 2609 2407 2663 enim
2437 2619 2615 2664 euntes
2646 2623 2770 2665 eunt
2795 2621 2844 2665 et
2871 2613 3016 2681 ﬂent,
3047 2615 3304 2667 mittentes
3330 2615 3529 2667 semina

1939 2715 2064 2766 sua,
2100 2699 2197 2768 ipsi
2239 2700 2493 2754 venientes
2535 2702 2739 2754 venient
2785 2703 2838 2755 in
2882 2703 3228 2757 exsultatione
3263 2711 3527 2774 portantes

1940 2793 2230 2862 manipulos
2250 2809 2370 2846 suos
2405 2793 2575 2860 (Psal.
2609 2810 2766 2860 cxxv,
2795 2793 2847 2862 5,
2878 2794 2955 2864 6).
2987 2795 3161 2863 Quam
3185 2797 3324 2852 bene
3348 2805 3528 2854 autem

1938 2893 2159 2939 sanctus
2187 2885 2449 2953 propheta
2496 2885 2702 2940 semina
2741 2886 3007 2941 honorum
3037 2902 3261 2957 operum
3305 2883 3553 2956 rigandn‘

1939 2973 2099 3029 docet
2128 2975 2345 3029 flumine
2399 2975 2785 3047 lacrymarum!
2839 2976 3031 3032 Omnia
3077 2978 3277 3032 etenim
3321 2977 3526 3034 semina

1941 3079 2048 3120 non
2078 3066 2400 3133 germinant,
2447 3066 2548 3120 nisi
2576 3065 2771 3121 fuerint
2805 3067 3055 3138 irrigata;
3087 3084 3188 3124 nec
3231 3069 3299 3124 de
3323 3070 3527 3125 semine
3559 3100 3565 3105 -

1938 3157 2181 3227 procedit
2204 3156 2427 3221 fructus,
2462 3158 2506 3212 si
2537 3157 2696 3213 fuerit
2719 3174 2977 3228 aquarum
2999 3160 3276 3230 juvamine
3303 3161 3527 3216 destitu-

1939 3254 2046 3301 tus.
2072 3245 2302 3302 Proinde
2324 3263 2425 3304 nos
2452 3263 2688 3318 quoque,
2727 3250 2771 3304 si
2807 3250 3055 3306 volumus
3081 3248 3287 3307 fructus
3316 3261 3528 3307 nostro-

239 3341 572 3411 conspiciunt
601 3350 648 3408 ⁸,
685 3342 738 3396 in
761 3355 867 3411 qua
895 3341 975 3396 sic
1005 3355 1114 3395 non
1141 3347 1320 3410 potest
1348 3356 1467 3397 esse
1493 3342 1651 3397 bonis
1673 3342 1831 3412 plena
1861 3348 1907 3410 (ζ
1938 3353 2056 3392 rum
2085 3339 2350 3394 seminum
2381 3354 2598 3409 capere,
2645 3355 2752 3395 non
2795 3340 3105 3397 desinamus
3139 3344 3296 3414 180
3323 3338 3528 3398 semina

238 3434 520 3498 securitas,
553 3441 615 3488 ut
636 3443 764 3489 tunc
791 3433 1002 3489 facilius
1031 3433 1331 3489 adversitas
1380 3435 1660 3506 subrepat,
1709 3451 1830 3490 cum

239 3540 294 3580 se
317 3525 656 3595 prosperitas
681 3524 1050 3580 fraudulenter
1070 3532 1326 3580 ostentat.
1386 3586 1400 3594 ,

299 3614 530 3670 Camlv.
571 3613 806 3688 Laqueos
851 3615 1042 3669 diaboli
1089 3631 1181 3685 per
1222 3631 1276 3669 se
1302 3615 1493 3688 absque
1523 3615 1618 3670 Dei
1646 3619 1827 3688 gratia

238 3707 402 3762 nullus
423 3707 646 3762 evadere
665 3704 850 3779 potest.
867 3735 940 3748 —
957 3707 1010 3761 7.
1053 3705 1164 3761 Nec
1183 3713 1271 3762 est
1289 3705 1507 3775 aliquod
1532 3707 1689 3776 hujus
1708 3709 1834 3763 vita:

239 3807 443 3870 tempus
472 3801 529 3854 in
576 3814 686 3869 quo
723 3815 834 3854 non
880 3797 1194 3854 hominibus
1243 3797 1599 3868 muscipulam
1646 3798 1834 3854 tendat

240 3889 484 3946 inimicus
520 3891 706 3960 ;cujus
733 3890 953 3960 laqueos
978 3903 1142 3944 nemo
1173 3894 1352 3958 potest
1376 3888 1606 3966 propriis
1628 3888 1834 3944 viribus

240 3981 498 4049 evadere,
559 3981 661 4037 nisi
715 3995 877 4052 quem
918 3979 1060 4036 Deus
1109 3980 1283 4049 gratia
1338 3994 1434 4034 sua
1487 3993 1583 4049 per
1648 3977 1831 4033 Jesum

242 4071 507 4131 Christum
538 4073 823 4129 Dominum
846 4081 1089 4129 nostrum
1111 4071 1364 4140 dignatus
1393 4069 1554 4124 fuerit
1575 4069 1826 4125 liberare.

239 4160 353 4220 ldeo
379 4165 492 4220 Vas
523 4164 826 4231 electionis,
858 4179 982 4220 cum
1008 4163 1270 4233 captivari
1299 4177 1359 4217 se
1389 4162 1442 4216 in
1473 4162 1592 4230 lege
1620 4162 1830 4232 peccati

238 4257 476 4322 sentiret,
509 4255 867 4320 exclamabat,
913 4255 1099 4310 dicens
1125 4273 1138 4307 :
1169 4253 1371 4326 Infelix
1396 4271 1489 4326 ego
1522 4255 1696 4324 homo,
1719 4257 1832 4326 quis

238 4364 310 4401 me
335 4347 579 4402 liberabit
609 4349 672 4403 de
701 4365 918 4419 corpore
949 4349 1128 4402 mortis
1158 4348 1352 4418 hujus?
1378 4346 1566 4400 Gratia
1598 4348 1689 4402 Dei
1739 4366 1830 4418 per

239 4437 404 4493 Iesum
460 4437 723 4494 Christum
779 4439 1061 4494 Dominum
1112 4448 1342 4492 nostrum
1388 4437 1564 4509 (Rom.
1598 4438 1824 4509 vn,‘24).

239 4527 521 4602 Propterea
553 4532 715 4588 etiam
747 4532 1035 4603 propheta,
1081 4547 1189 4586 non
1215 4546 1310 4586 sua
1343 4532 1564 4597 virtute,
1609 4529 1706 4584 sed
1743 4529 1826 4583 di-

238 4619 352 4675 vino
378 4636 626 4686 munere,
652 4621 816 4690 pedes
844 4636 972 4676 suos
1002 4620 1071 4675 de
1092 4621 1287 4689 laqueo
1314 4618 1569 4688 przedicat
1597 4617 1829 4673 evellen-

1936 3437 2122 3484 nostra
2145 3428 2395 3501 lacrymis
2425 3430 2668 3498 irrigare,
2702 3446 2824 3500 qua:
2868 3433 3040 3502 magis
3064 3433 3227 3489 corde
3255 3443 3380 3489 sunt
3410 3434 3528 3488 fun-

1937 3518 2128 3574 denda:
2157 3535 2320 3589 quam
2347 3536 2596 3591 corpore.
2621 3521 2747 3577 ldeo
2770 3537 3002 3593 namque
3024 3524 3180 3579 nobis
3206 3523 3403 3578 dicitur
3432 3540 3528 3594 per

1936 3611 2277 3682 prophetam,
2311 3620 2368 3667 ut
2397 3613 2706 3668 scindamus
2735 3624 2916 3669 nostra
2944 3615 3125 3682 corda,
3157 3625 3205 3670 et
3245 3633 3346 3670 non
3378 3619 3526 3672 vesti-

1933 3709 2108 3755 menta
2135 3710 2314 3757 nostra
2345 3703 2501 3773 (loel.
2534 3719 2592 3770 ιι,
2638 3702 2762 3775 15);
2791 3704 2937 3774 quod
2964 3711 3092 3761 tunc
3119 3705 3298 3762 facere
3325 3723 3521 3776 possu-

1936 3807 2076 3858 mus,
2100 3807 2224 3847 cum
2254 3794 2461 3849 scilicet
2489 3794 2839 3849 recordamur
2869 3797 3253 3866 nosmetipsos,
3281 3797 3382 3852 etsi
3413 3813 3523 3854 non

1936 3884 1990 3938 in
2019 3899 2203 3955 opere,
2221 3885 2414 3941 saltem
2438 3886 2491 3940 in
2515 3886 2842 3955 cogitatione
2866 3886 3175 3956 frequenter
3191 3887 3525 3958 delinquere.

1936 3973 2071 4042 Quia
2104 3986 2307 4032 terrena
2334 3978 2646 4034 iuhabitatio
2674 3996 2881 4033 sensum
2912 3980 3078 4036 multa
3099 3982 3409 4053 cogitantem
3437 3983 3527 4036 de-

1934 4067 2111 4136 primit
2133 4067 2287 4138 (Sap.
2318 4082 2392 4134 ix,
2419 4066 2538 4138 15);
2573 4076 2628 4123 et
2658 4077 2800 4124 terra
2819 4077 2999 4124 nostra
3021 4071 3326 4138 germinare
3347 4073 3528 4143 spinas

1935 4156 2091 4210 nobis
2123 4164 2178 4211 et
2226 4157 2454 4212 tribulos
2505 4173 2612 4212 non
2665 4158 2894 4228 quiescit
2939 4157 3148 4230 (Cenes.
3178 4176 3256 4228 nt,
3293 4161 3401 4230 l7),
3428 4177 3530 4218 nec

1935 4263 2220 4318 possumus
2248 4249 2535 4317 pervenire
2565 4249 2631 4303 ad
2662 4265 2812 4304 esum
2842 4250 2996 4319 panis
3029 4252 3220 4319 nostri,
3245 4251 3529 4310 nisifueri-

1935 4357 2054 4396 mus
2083 4339 2276 4396 sudore
2298 4343 2476 4396 vultus
2497 4350 2553 4396 et
2584 4341 2898 4412 fatigatione
2919 4343 3177 4400 confecti.

2005 4435 2135 4490 CAP.
2165 4450 2232 4488 vx.
2279 4432 2545 4504 Fatigatio
2574 4443 2754 4488 nostra
2781 4437 2836 4488 in
2859 4434 3143 4489 resistendo
3167 4436 3530 4508 concupisceuo

1935 4527 2039 4578 tiis.
2074 4523 2210 4588 Quid
2236 4525 2303 4577 sit
2331 4523 2574 4591 parvulos
2621 4522 2908 4598 Babylonis
2954 4524 3144 4581 elidere
3189 4528 3258 4580 ad
3304 4537 3523 4599 petram.

1931 4646 2002 4656 —
2025 4614 2110 4668 10.
2151 4613 2458 4684 Fatigamur
2479 4615 2622 4672 enim
2645 4617 2950 4684 sudoribus,
2975 4617 3102 4671 dum
3125 4617 3358 4688 propriis
3379 4618 3526 4688 cupi-

237 4708 339 4777 dos,
369 4711 556 4766 dicens
586 4730 598 4764 :
627 4712 778 4765 Oculi
808 4712 909 4765 mei
934 4727 1134 4780 semper
1163 4710 1232 4762 ad
1260 4709 1561 4774 Dominum,
1585 4709 1827 4779 quoniam
1857 4724 1906 4784 υ
1933 4703 2190 4763 ditatihus
2219 4720 2582 4776 repugnamus
2607 4725 2619 4760 :
2655 4707 2708 4761 in
2760 4710 2958 4776 quibus
3006 4709 3283 4763 vincendis
3324 4706 3539 4763 idcirco.

241 4801 339 4870 ipse
375 4804 554 4857 evellet
581 4804 645 4857 de
673 4809 854 4876 laqueo
883 4803 1036 4859 aedes
1065 4818 1204 4856 meos
1237 4800 1408 4870 (Psal.
1437 4804 1582 4864 xxiv,
1617 4797 1728 4869 15).
1761 4797 1828 4852 Ει

237 4893 330 4948 alio
355 4894 497 4960 loco,
527 4910 596 4948 ex
623 4909 855 4963 persona
901 4901 1238 4957 sanctorum,
1275 4905 1413 4959 quos
1441 4889 1509 4944 de
1537 4889 1700 4962 hujus
1728 4906 1827 4947 sa:~

239 4986 327 5039 culi
355 4987 553 5057 laqueo
603 4987 883 5053 liberatos,
915 4985 982 5040 ad
1009 4993 1269 5040 aeternam
1315 4983 1567 5054 dignatus
1610 4992 1694 5040 est
1721 4983 1828 5039 Do-

239 5080 396 5133 minus
448 5081 802 5135 securitatem
850 5079 1200 5147 ltetitiamque
1229 5077 1548 5146 transferre,
1580 5079 1658 5133 sic
1685 5078 1824 5133 dici-

241 5176 348 5223 tur:
380 5172 572 5225 Anima
620 5180 798 5226 nostra
843 5173 976 5226 sicut
1023 5186 1206 5242 passer
1230 5181 1407 5242 erepta
1447 5180 1524 5225 est
1549 5172 1612 5225 de
1641 5171 1820 5243 laqueo

238 5262 545 5326 renantium;
576 5261 790 5332 laqueus
819 5261 1072 5318 contritus
1092 5271 1190 5322 est,
1214 5271 1270 5316 et
1291 5277 1386 5316 nos
1416 5249 1620 5314 liberati
1646 5278 1821 5316 sumus

241 5347 393 5414 (Psal.
428 5367 616 5414 cxxut,
645 5353 723 5420 7).

301 5437 424 5495 Car.
460 5458 513 5497 v.
557 5439 734 5501 Nemo
759 5447 815 5501 in
844 5447 950 5500 hac
971 5447 1073 5500 vita
1093 5461 1322 5500 securus.
1359 5440 1612 5498 Oratione
1632 5452 1688 5498 et
1701 5460 1819 5497 cor-

241 5530 311 5584 dis
336 5541 728 5608 compunctione
751 5537 1108 5610 pugnandum.
1134 5569 1204 5579 —
1225 5535 1278 5591 8.
1319 5535 1730 5602 Verumtamen,
1763 5543 1821 5589 ut

239 5633 382 5681 suam
410 5629 644 5683 animam
675 5629 1043 5698 unusquisque
1071 5635 1317 5684 nostrum
1351 5625 1492 5680 inter
1523 5623 1820 5679 adversita-

244 5721 318 5769 tes
360 5726 414 5772 et
443 5718 667 5787 laqueos
696 5719 900 5774 inimici
929 5719 1132 5774 versari
1161 5724 1471 5788 cognoscat,
1506 5731 1608 5770 nec
1634 5716 1688 5769 in
1717 5716 1822 5772 hoc

245 5809 422 5865 seculo
448 5812 608 5866 noxia
633 5827 868 5882 unquam
895 5811 1185 5866 securitate
1213 5814 1503 5878 torpescat,
1533 5805 1674 5860 idem
1697 5820 1821 5874 pro«

321 5947 344 5977 ⁸
363 5940 479 6000 Hmc
508 5948 694 6013 verba,
724 5947 815 6000 sed
842 5947 1072 6014 pericula
1113 5949 1377 6016 praesentis
1424 5945 1538 5999 vita'
1560 5959 1694 6016 cum
1743 5945 1811 6016 ti-

251 6018 378 6068 mare
402 6024 450 6070 st
478 6025 700 6074 tremore
727 6019 1068 6082 conspiciunt,
1102 6014 1319 6075 aberant
1353 6020 1418 6073 ab
1443 6015 1626 6076 editis;
1663 6014 1818 6068 resti-

1932 4801 2105 4869 tnajor
2135 4809 2217 4854 est
2245 4800 2557 4854 certaminis
2589 4798 2897 4862 difficultas.
2931 4802 3056 4869 quia
3102 4817 3209 4854 non
3255 4801 3536 4856 extrinse-~

1931 4907 2026 4950 eus
2047 4906 2114 4950 ex
2145 4891 2338 4953 altero,
2378 4891 2473 4946 sed
2502 4891 2826 4946 intrinsecus
2857 4908 2922 4946 ex
2955 4893 3134 4961 seipso
3164 4893 3395 4946 certanti
3425 4894 3526 4947 ho-

1930 4981 2061 5038 mini
2100 4980 2554 5052 concupiscentite
2604 4981 2836 5036 carnalis
2878 4989 3169 5052 generatur
3206 4980 3526 5054 adversitas,

1930 5090 2053 5146 quae
2081 5073 2448 5143 fatigationem
2481 5073 2675 5142 ingerit
2705 5073 2951 5127 humana:
2983 5071 3364 5143 imbecillitati,
3397 5072 3526 5129 dum

1933 5165 2191 5230 nascitur,
2220 5163 2469 5233 quamvis
2498 5163 2690 5217 divina:
2720 5162 2934 5218 virtutis
2965 5161 3334 5232 opitulatione
3349 5163 3509 5218 vinea

1930 5265 2036 5311 tur.
2072 5255 2206 5309 Caro
2237 5255 2374 5308 enim
2419 5253 2730 5322 concupiscit
2761 5251 3000 5306 adversus
3024 5253 3280 5322 spiritum,
3316 5253 3525 5321 spiritus

1929 5354 2099 5399 autem
2128 5344 2370 5397 adversus
2399 5358 2605 5395 carnem
2641 5357 2658 5394 :
2692 5341 2802 5394 haec
2849 5343 2985 5394 enim
3026 5341 3122 5395 sibi
3169 5343 3380 5395 invicem
3421 5341 3522 5394 tad-

1926 5444 2212 5497 versantur,
2263 5442 2318 5486 ut
2360 5447 2464 5486 non
2510 5447 2822 5502 qna'cunque
2854 5434 3104 5494 volumus,
3142 5433 3236 5485 illa
3252 5434 3523 5503 faciamus

1932 5525 2073 5599 (Gal.
2105 5542 2156 5590 v,
2184 5525 2294 5594 17).
2330 5523 2464 5578 llinc
2493 5531 2579 5578 est
2606 5523 2749 5592 quod
2784 5523 3018 5578 nondum
3053 5523 3168 5578 Deo
3195 5539 3379 5578 sumus
3401 5541 3521 5578 om-

1929 5620 2058 5673 nino
2113 5615 2361 5686 subjecti,
2414 5614 2539 5685 quia
2574 5629 2640 5668 ex
2674 5614 2829 5668 nobis
2861 5613 3100 5668 nascitur
3138 5612 3280 5681 quod
3321 5613 3520 5668 divina:

1930 5710 2180 5766 renititur
2195 5707 2441 5778 jussioni.
2469 5705 2601 5761 Nam
2628 5706 2751 5761 licet
2770 5720 2837 5760 ex
2861 5704 3030 5774 gratia
3050 5703 3144 5759 Dei
3171 5704 3248 5758 sit
3269 5704 3521 5760 voluntas

1929 5804 1982 5858 in
2005 5801 2160 5857 nobis
2183 5801 2323 5856 bona
2343 5814 2465 5868 qua:
2497 5815 2596 5855 nos
2615 5797 2730 5854 Deo
2754 5797 2943 5853 reddat
2963 5797 3211 5863 humiles,
3237 5812 3346 5850 non
3380 5797 3538 5850 nobis

1920 5949 2033 5996 tuta
2055 5949 2181 5996 sunt
2201 5956 2264 5995 ex
2296 5956 2424 5994 mss.
2449 5939 2610 5994 Curb.
2625 5949 2692 5994 et
2715 5937 2877 6004 Vict,
2901 5951 3063 5992 sensu
3083 5932 3523 6005 subsequentium

1929 6013 2212 6068 verborum
2243 6011 2508 6079 exigente.
