4072 6332
487 465 592 536 eis

1515 455 1570 511 ε.
1608 453 1973 510 FULGENTII
2012 451 2312 510 El’lSCOPl
2353 451 2722 508 BUSPENSIS

3650 446 3769 508 5H

483 596 668 642 tamen
698 583 851 640 deest
879 597 1059 656 prava:
1099 577 1410 653 cupiditatis
1445 586 1692 646 exortus,
1729 577 1821 648 qui
1863 592 1964 632 nos
1993 575 2074 632 fa-
2101 582 2151 641 Α
2177 572 2352 629 nanda
2373 581 2456 629 est
2484 589 2650 644 opera
2681 582 2741 628 ut
2770 571 2838 628 ad
2865 570 3086 625 meliora
3117 565 3488 638 proficiamus,
3511 582 3586 621 ne
3616 584 3768 624 mor-

484 682 594 731 ciat
624 686 992 732 contumaces.

557 785 646 840 ll.
691 784 793 840 Per
823 783 918 839 Dei
940 797 1068 853 ergo
1091 782 1317 855 gratiam
1341 798 1526 838 sumus
1553 781 1663 851 jam
1699 780 1810 836 Deo
1831 796 1898 836 ex
1919 791 2073 852 parte

485 874 735 944 subjecti,
766 868 864 944 per
893 874 1109 944 culpam
1149 889 1281 928 vero
1330 881 1572 929 nostram
1593 887 1777 928 sumus
1803 871 1978 926 adhuc
2005 887 2074 926 ex

486 972 640 1035 parte
670 981 778 1019 non
800 963 1018 1020 subditi.
1055 963 1285 1033 Propter
1311 963 1457 1033 quod
1488 962 1557 1017 ad
1591 961 1846 1016 Hebraeos
1875 961 2075 1016 dicitur

485 1055 717 1111 necdum
739 1056 921 1110 omnia
961 1055 1177 1110 Christo
1206 1071 1326 1111 esse
1355 1055 1632 1124 subjecta;
1660 1055 1736 1110 sic
1779 1053 1924 1108 enim
1955 1054 2032 1107 ait
2057 1072 2068 1106 :

487 1144 554 1199 In
576 1161 636 1200 eo
664 1147 800 1200 enim
828 1146 964 1218 quod
1009 1147 1057 1200 ei
1095 1145 1311 1217 subjecit
1341 1145 1538 1213 omnia,
1581 1145 1713 1199 nihil
1744 1144 1942 1198 dimisit
1969 1161 2073 1198 non

482 1237 768 1308 subjectum
795 1239 861 1291 ei.
893 1235 1050 1291 Nunc
1079 1247 1246 1291 autem
1267 1237 1481 1291 necdum
1505 1237 1732 1290 videmus
1760 1236 1934 1290 omnia
1953 1233 2074 1287 sub-

482 1331 621 1403 jecta
649 1331 696 1384 ei
724 1329 914 1403 (Hebr.
946 1347 1002 1397 ιι,
1034 1329 1113 1401 8).
1161 1328 1399 1399 Subjecti
1429 1344 1614 1386 sumus
1644 1327 1807 1398 igitur
1843 1328 1976 1394 Deo,
2009 1342 2077 1380 ex

400 1454 404 1458 π
484 1437 552 1475 eo
575 1423 740 1492 quod,
776 1422 894 1490 ipso
929 1421 982 1475 in
1015 1421 1170 1477 nobis
1200 1429 1480 1490 operante,
1515 1418 1952 1475 condelectamur
1974 1417 2077 1488 legi

484 1511 584 1566 Dei
631 1512 909 1566 secundum
951 1513 1252 1567 interiorem
1299 1511 1581 1566 hominem.
1627 1508 1864 1564 Necdum
1895 1517 2075 1562 autem

485 1617 673 1656 sumus
703 1602 930 1670 subjecti
974 1617 1042 1657 ex
1084 1615 1151 1657 eo
1179 1601 1327 1672 quod
1358 1600 1603 1656 videmus
1635 1600 1796 1653 aliam
1833 1599 1998 1669 legem
2021 1599 2073 1651 in

484 1690 726 1746 membris
756 1691 958 1746 nostris
988 1702 1362 1763 repugnantem
1408 1691 1510 1762 legi
1551 1691 1738 1744 mentis
1777 1697 1994 1756 nostrae,
2028 1698 2078 1742 et

485 1782 827 1852 captivantem
857 1797 958 1837 nos
997 1783 1051 1835 in
1105 1783 1216 1853 lege
1254 1782 1470 1852 peccati,
1513 1797 1627 1853 gnte
1653 1781 1810 1845 estin
1836 1779 2080 1835 membris

485 1874 686 1929 nostris
716 1873 892 1944 (Rom.
936 1889 1028 1936 vn,
1051 1871 1141 1938 ἥ,
1169 1872 1288 1944 25).
1321 1872 1561 1942 Subjecti
1581 1887 1766 1926 sumus
1795 1863 1928 1936 Deo,
1950 1871 2074 1940 quia

2176 666 2387 721 tiferam
2433 666 2729 722 incidamus
2761 665 2814 719 in
2852 661 3180 734 superbiam,
3215 659 3769 718 siiconversatiouem

2173 770 2412 844 nosjram
2437 769 2686 831 putemus
2713 776 2783 815 ex
2812 759 2957 815 omni
2990 764 3142 828 parte
3162 753 3478 825 perfectam.
3749 823 3754 826 _

2244 852 2374 906 CAP.
2404 857 2527 906 vttt.’
2559 851 2821 906 Flendum
2847 852 2900 904 in
2927 850 3024 902 hac
3053 849 3179 912 vita,
3218 857 3273 899 ut
3317 848 3373 899 in
3415 845 3583 899 altera
3612 848 3771 918 quieti

2173 945 2415 998 vivamus.
2452 942 2634 1008 Qualis
2655 945 2709 998 in
2741 943 2864 998 cazlo
2894 940 3176 996 beatitudo.
3199 971 3271 981 --
3293 938 3379 991 li.
3423 937 3654 993 Proinde
3680 953 3774 1008 ge-

2173 1048 2383 1089 mamus
2402 1042 2456 1087 et
2481 1033 2706 1088 fleamus
2723 1049 2905 1089 coram
2927 1031 3177 1100 Domino,
3201 1031 3297 1101 qui
3320 1031 3447 1087 fecit
3464 1047 3566 1088 nos
3590 1032 3768 1100 (Psal.

2175 1141 2314 1189 xcrv,
2341 1124 2374 1178 6
2406 1168 2423 1192 ,
2446 1133 2554 1180 uta
2577 1128 3012 1197 concupiscentia
3034 1126 3234 1192 carnis,
3256 1134 3313 1181 et
3338 1141 3368 1181 a
3390 1127 3772 1197 concupiscen-

2175 1216 2248 1271 tia
2271 1216 2576 1283 oculorum,
2597 1225 2654 1274 et
2672 1219 2925 1289 superbia
2953 1219 3153 1285 saeculi,
3185 1233 3304 1288 qua:
3333 1236 3436 1274 non
3467 1230 3626 1273 estea:
3657 1218 3771 1274 Pa-

2177 1316 2271 1370 tre,
2297 1307 2387 1360 sed
2416 1323 2480 1361 ea:
2508 1309 2699 1363 mundo
2722 1317 2797 1364 est
2826 1309 2877 1379 (1
2909 1308 3069 1364 Joan.
3101 1326 3157 1374 rt,
3192 1309 3303 1378 i6),
3336 1309 3528 1365 liberet
3557 1327 3680 1376 uos,
3709 1320 3771 1366 et

2176 1395 2245 1448 ad
2274 1395 2418 1450 illam
2443 1412 2544 1451 nos
2571 1397 2963 1466 subjectionem
2992 1397 3255 1469 perducat
3283 1399 3336 1453 in
3365 1413 3471 1467 qua
3500 1399 3657 1455 nobis
3685 1401 3769 1454 ni-

2177 1489 2251 1544 hil
2281 1499 2542 1560 repugnet
2560 1506 2629 1546 ex
2655 1493 3002 1548 mortalitatis
3030 1493 3184 1559 vitio,
3233 1492 3328 1547 sed
3359 1507 3425 1547 ex
3449 1493 3771 1548 immortali-

2179 1580 2303 1634 tatis
2331 1580 2475 1636 dono
2505 1589 2677 1636 totum
2723 1581 2982 1652 quidquid
3012 1583 3066 1637 in
3092 1582 3247 1636 nobis
3273 1590 3358 1637 est
3379 1581 3472 1636 fiat
3490 1581 3767 1638 subditum

2178 1671 2313 1726 Deo.
2343 1671 2493 1738 Tunc
2521 1674 2665 1728 enim
2693 1675 2797 1730 erit
2837 1675 2888 1729 in
2919 1675 3076 1730 nobis
3104 1690 3231 1730 vera
3255 1715 3272 1741 ,
3320 1675 3556 1745 perfecta
3584 1685 3640 1730 et
3669 1691 3768 1730 ex-

2179 1762 2322 1816 celsa
2353 1763 2648 1832 humilitas,
2675 1780 2797 1820 cum
2826 1772 2882 1820 et
2923 1764 2979 1818 in
3020 1779 3182 1820 carne
3211 1765 3342 1819 etin
3372 1767 3552 1820 m'ente
3579 1773 3767 1820 nostra

2179 1851 2323 1904 nulla
2355 1854 2670 1908 remanserit
2691 1869 2857 1924 prava
2885 1855 3188 1924 cupiditas;
3215 1870 3316 1910 nec
3344 1855 3768 1924 cogitationibus

485 1965 654 2035 ipsius
682 1939 1027 2020 miseratione
1057 1939 1316 2034 eripim'ur
1345 1980 1375 2019 a
1418 1939 1748 2030 tentatione;
1780 1963 1882 2033 ipsi
1929 1939 2072 2018 enim
2110 1949 2148 2008 Β
2177 1939 2484 2035 fatigabit?”
2505 1945 2744 2014 Spiritus:
2793 1962 2892 2002 nec
2921 1946 3197 2006 labo'ibus
3235 1948 3601 2004 "lacerabunt
3643 1965 3768 2005 00"-

485 2064 639 2110 canta
652 2071 768 2112 mus
797 2074 808 2110 :
839 2057 886 2108 A
915 2064 964 2109 te
981 2057 1177 2126 eripior
1205 2073 1237 2109 a
1269 2056 1548 2110 tentatione
1585 2054 1759 2126 (Psal.
1793 2071 1920 2118 xvu,
1943 2053 2073 2124 50);

485 2147 580 2201 sed
611 2148 840 2202 necdum
879 2162 1066 2202 sumus
1097 2147 1319 2201 omnino
1364 2146 1613 2215 subjecti,
1660 2147 1786 2216 quia
1838 2144 2076 2200 Tentatio

487 2248 566 2292 est
613 2239 717 2292 vita
769 2237 988 2291 hominis
1036 2254 1190 2308 super
1220 2247 1410 2291 terram
1440 2235 1579 2307 (Job.
1611 2252 1703 2302 vn,
1732 2236 1809 2306 l).
1839 2235 2078 2304 Subjecti

486 2344 671 2394 sumus
712 2327 847 2392 Deo,
876 2327 930 2382 in
953 2343 1061 2396 quo
1092 2343 1296 2398 gressus
1326 2336 1543 2382 nostros
1569 2326 1750 2394 dirigit
1797 2327 2076 2380 secundum

487 2419 693 2474 verbum
721 2436 888 2484 suum,
913 2428 970 2472 ut
997 2435 1102 2472 non
1141 2419 1432 2472 dominetur
1463 2417 1617 2473 nobis
1639 2419 1806 2471 omnis
1827 2419 2077 2489 iniquitas

489 2509 662 2580 (Psal.
696 2525 882 2576 cxvtu,
907 2508 1065 2575 155);
1098 2508 1193 2564 sed
1224 2508 1452 2564 necdum
1483 2522 1670 2562 sumus
1699 2508 1920 2562 omnino
1949 2509 2078 2563 sub-

486 2603 636 2672 jecti,
664 2602 789 2672 quia
821 2603 877 2655 in
905 2601 1081 2655 multis
1109 2600 1421 2668 offendimus
1450 2615 1627 2653 omnes
1671 2597 1812 2668 (Jac.
1864 2614 1942 2665 ιιι,
1993 2598 2074 2666 2).

487 2694 728 2764 Subjecti
776 2709 960 2749 sumus
991 2693 1043 2746 in
1071 2701 1348 2761 quantum,
1383 2692 1500 2761 ipso
1545 2690 1800 2754 donante,
1841 2690 1895 2742 in
1923 2706 2079 2744 carne

487 2786 827 2851 antbulautes,
850 2803 956 2840 non
985 2785 1264 2841 secundum
1287 2801 1495 2838 carnem
1523 2785 1806 2837 militamus
1835 2781 1923 2855 (ΙΙ
1953 2781 2074 2838 Cor.

487 2893 542 2937 ιι,
576 2877 664 2946 5);
699 2877 795 2933 sed
825 2876 1052 2953 necdum
1084 2891 1267 2931 sumus
1299 2875 1514 2931 omnino
1544 2873 1793 2943 subjecti,
1823 2875 1947 2944 quia
1977 2876 2078 2930 etsi

489 2972 747 3027 habemus
787 2985 855 3025 ex
895 2969 1038 3024 dono
1083 2969 1178 3023 Dei
1211 2977 1270 3023 ut
1299 2975 1468 3022 mente
1502 2967 1782 3021 serviamus
1819 2967 1922 3037 legi
1959 2965 2076 3032 Dei,

490 3060 749 3116 habemus
776 3069 956 3115 tamen
986 3075 1055 3115 ex
1081 3058 1320 3128 reliquiis
1352 3057 1560 3128 peccati
1593 3064 1650 3110 ut
1681 3073 1838 3110 carne
1885 3059 2078 3110 servia-

491 3169 602 3208 mus
630 3152 728 3223 legi
754 3153 968 3224 peccati.
996 3152 1225 3221 Propter
1249 3152 1395 3219 quod
1407 3149 1695 3220 Apostolus
1715 3147 1880 3202 dicit:
1910 3147 2082 3219 Igitur

492 3248 602 3316 ipse
629 3262 722 3316 ego
742 3256 909 3299 mente
933 3244 1095 3298 servio
1118 3243 1216 3314 legi
1240 3241 1360 3310 Dei,
1387 3257 1546 3296 carne
1569 3252 1740 3294 autem
1755 3239 1856 3311 legi
1881 3241 2078 3308 peccati

493 3334 671 3406 (Rom.
698 3352 786 3401 vn,
816 3333 934 3406 2'5).

565 3449 651 3506 12.
692 3449 875 3506 Omnis
889 3451 1030 3506 enim
1055 3450 1145 3521 qui
1169 3465 1309 3505 nunc
1327 3453 1471 3520 juste
1497 3447 1647 3514 vivit,
1681 3462 1841 3503 carne
1864 3445 2081 3515 quidem

493 3543 656 3598 servit
683 3542 785 3612 legi
811 3541 1178 3613 peecati,dum
1203 3542 1255 3596 in
1279 3556 1338 3596 se
1363 3539 1510 3595 nasci
1534 3538 1802 3593 carnalem
1829 3537 2080 3605 concupi-

494 3634 751 3690 scentiam
765 3635 954 3689 sentit:
971 3641 1149 3689 mente
1160 3642 1340 3688 autem
1351 3633 1514 3688 servit
1525 3631 1629 3700 legi
1645 3631 1895 3699 Dei,quia
1909 3629 2082 3684 eidem

494 3728 695 3782 carnali
717 3727 1174 3798 concupiscentia:
1187 3742 1292 3781 non
1307 3725 1596 3781 consentit.
1614 3722 1790 3778 Carne
1819 3721 2083 3777 servimus

494 3815 601 3886 legi
624 3817 991 3887 peccati,dum
1028 3815 1124 3871 lilii
1163 3816 1448 3887 Babylonis
1470 3821 1755 3869 nascentes
1784 3813 2086 3880 inquietant

495 3909 727 3961 animam
748 3916 986 3961 nostram
1002 3925 1016 3973 ;
1034 3907 1127 3962 sed
1148 3916 1328 3960 mente
1347 3906 1608 3960 servimus
1629 3904 1731 3972 legi
1749 3903 2004 3970 Dei,cum
2021 3901 2088 3955 ii-

496 4000 616 4052 dem
650 4001 856 4068 parvuli
886 3999 1181 4070 Babylonis
1212 3998 1484 4052 eliduntur
1498 3996 1565 4050 ad
1580 4006 1809 4066 petram.
1845 3995 2085 4073 Babylon

497 4091 640 4144 enim
655 4090 898 4146 confusio
922 4091 1326 4160 interpretatur,
1345 4089 1495 4156 cujus
1526 4087 1630 4141 lilia
1662 4096 1740 4141 est
1766 4087 1941 4141 omnis
1968 4101 2088 4139 car-

498 4186 634 4242 nalis
649 4184 912 4254 cupiditas
936 4199 1094 4254 quam
1121 4182 1300 4237 cordis
1321 4182 1565 4236 confusio
1586 4178 2087 4248 generat.Quandiu

503 4281 660 4350 181
712 4283 894 4331 autem
947 4277 998 4330 in
1054 4291 1285 4345 corpore
1336 4274 1799 4344 peregrinamura
1834 4272 2086 4340 Domino,

499 4377 684 4441 partus
705 4383 832 4422 suos
856 4366 1009 4420 nobis
1039 4365 1231 4436 ingerit
1255 4366 1353 4419 ista
1377 4363 1640 4419 conlusio.
1659 4363 1736 4416 Ex
1760 4365 1874 4433 ipsa
1891 4362 2089 4432 quippe

501 4460 816 4516 confusione
847 4459 1024 4512 omnis
1044 4474 1208 4528 prava
1233 4457 1486 4525 cogitatio
1519 4457 1774 4520 nascitur,
1809 4470 1929 4524 qua:
1959 4470 2100 4524 par—-

499 4553 624 4606 vula
655 4561 782 4605 tunc
813 4549 876 4602 ad
900 4558 1108 4618 petram
1139 4548 1512 4613 eliditur,dum
1529 4547 1689 4602 celeri
1714 4544 2090 4601 recordatione

502 4651 666 4712 atque
697 4639 1052 4710 opitulatione
1074 4638 1272 4692 Christi
1297 4647 1550 4708 superata
1581 4638 1836 4692 calcatur.

572 4779 703 4836 Car.
738 4794 834 4832 vn.
871 4775 942 4830 Et
972 4776 1172 4846 gratias
1198 4767 1372 4846 agere,
1421 4784 1471 4829 et
1514 4777 1784 4830 continuas
1808 4791 1984 4846 preces
2013 4777 2095 4846 ef-

504 4872 721 4945 fundere
772 4869 886 4924 Deo
933 4868 1397 4927 debemus—15.
1437 4868 1608 4936 lgitur
1631 4868 1759 4924 licet
1806 4868 2100 4923 habeamus

505 4961 649 5016 unde
696 4961 899 5028 gratias
955 4974 1116 5028 agere
1157 4959 1268 5013 Deo
1319 4958 1632 5026 debeamus,
1683 4959 1809 5028 quia
1856 4974 1956 5013 nos
1997 4959 2098 5016 sibi

505 5051 738 5119 gratuita
781 5051 1132 5105 miseratione
1183 5048 1448 5117 subjecit,
1497 5057 1556 5104 ut
1602 5050 1835 5104 humiles
1889 5048 2096 5114 simus,

503 5139 767 5194 habemus
799 5145 978 5192 tamen
1008 5137 1150 5194 unde
1171 5138 1444 5194 coutinuis
1475 5137 1728 5207 precibus
1765 5137 1974 5191 divinas
1998 5152 2093 5192 au-

505 5249 594 5289 res
618 5232 832 5303 pulsare
859 5230 1184 5294 debeamus;
1215 5233 1341 5300 quia
1379 5230 1619 5301 quandiu
1660 5232 1715 5285 in
1744 5231 1849 5286 hoc
1878 5231 2096 5286 mortali

507 5338 736 5394 corpore
765 5339 972 5391 sumus,
1022 5323 1162 5378 sicut
1210 5339 1316 5379 non
1368 5339 1655 5395 possumus
1704 5323 1822 5379 sine
1872 5331 2096 5393 peccato

508 5430 649 5482 esse,
681 5416 759 5470 sic
780 5415 1009 5471 necdum
1039 5413 1282 5469 valemus
1304 5415 1594 5484 perfectam
1624 5415 1984 5471 humilitatem
2015 5416 2097 5471 di-

508 5505 646 5560 vinis
663 5504 995 5577 jussionibus
1023 5503 1299 5559 exhibere.
1327 5504 1552 5574 Propter
1572 5505 1716 5574 quod
1738 5505 1960 5574 agendae
1980 5506 2100 5574 qni-

509 5595 634 5649 dem
658 5604 781 5649 sunt
799 5597 986 5665 gratia:
1007 5594 1140 5662 Deo,
1166 5595 1218 5650 in
1241 5602 1499 5663 quantum
1518 5596 1672 5651 nobis
1692 5595 1856 5651 donat
1879 5605 1936 5651 ut
1956 5597 2098 5652 bene

510 5700 821 5755 operemur,
865 5702 934 5742 ne
979 5687 1296 5742 muneribus
1325 5684 1439 5756 ejus
1464 5687 1756 5742 existamus
1783 5687 2011 5757 ingrati;
2041 5693 2098 5741 et

588 5870 611 5898 ι
641 5859 802 5924 Editi,
843 5860 1194 5919 dilectionem:
1225 5859 1318 5915 sed
1347 5860 1536 5914 melior
1563 5860 1774 5914 videtur
1809 5861 1971 5915 lectio
1993 5875 2092 5912 ms.

514 5930 702 5996 Corb.,
722 5931 776 5986 in
796 5944 906 6001 quo
930 5929 1126 5997 legitur
1151 5929 1574 5996 delectationem;
1597 5931 1723 6000 quia
1747 5930 1909 6001 paulo
1935 5944 2102 6000 supra

2107 3328 2155 3389 C

2179 2048 2312 2102 pus:
2346 2033 2488 2088 nulla
2521 2035 2619 2090 erit
2661 2037 2966 2093 sollicitudo
2991 2039 3324 2102 certaminis,
3363 2039 3461 2094 sed
3518 2039 3766 2109 perfecta

2177 2125 2281 2179 erit
2328 2128 2592 2182 securitas
2639 2130 2820 2198 pacis;
2863 2130 3008 2185 nulla
3047 2131 3204 2187 nobis
3231 2131 3334 2186 erit
3381 2131 3602 2202 justitiae
3629 2134 3770 2188 indi-

2177 2217 2378 2284 gentia,
2429 2218 2524 2273 sed
2573 2234 2693 2274 cum
2749 2221 3116 2277 delectatione
3146 2223 3400 2277 saturitas
3449 2224 3628 2293 plena.
3687 2223 3770 2280 lbi

2177 2307 2378 2362 erimus
2406 2308 2547 2363 enim
2571 2309 2809 2379 perfecta
2836 2311 3151 2368 celsitudine
3180 2313 3348 2382 beati,
3379 2315 3504 2383 quia
3528 2314 3768 2384 perfecta

2179 2397 2379 2454 erimus
2401 2399 2516 2456 Deo
2535 2403 2713 2458 carnis
2733 2410 2789 2458 et
2817 2405 3038 2474 spiritus
3068 2406 3370 2462 humilitate
3410 2405 3660 2475 subjecti.
3693 2406 3770 2460 lbi

2179 2502 2280 2542 nec
2310 2489 2486 2553 minor
2512 2478 2616 2546 erit
2637 2491 2948 2550 laudatione
2969 2503 3152 2550 nostra
3169 2495 3406 2562 dilectio,
3429 2511 3527 2552 nec
3547 2495 3775 2552 inferior

2179 2579 2466 2638 dilectione
2497 2583 2754 2640 laudatio.
2785 2585 2904 2640 Erit
2939 2587 3084 2641 enim
3115 2587 3272 2658 plena
3303 2598 3485 2643 nostra
3509 2589 3770 2654 laudatio,

2180 2670 2305 2738 quia
2337 2678 2465 2726 tunc
2504 2673 2557 2727 in
2590 2674 2746 2730 nobis
2787 2676 2892 2730 erit
2924 2677 3020 2731 Dei
3050 2678 3390 2748 proximique
3419 2678 3658 2748 perfecta
3684 2679 3773 2733 di-

2179 2759 2361 2816 lectio.
2389 2761 2541 2818 Tunc
2569 2764 2911 2822 laudabimus
2941 2775 2996 2822 et
3023 2768 3360 2833 habebimus,
3395 2776 3521 2824 tunc
3541 2770 3774 2824 habebi-

2180 2867 2301 2906 mus
2329 2861 2384 2906 et
2410 2855 2722 2924 amabimus,
2756 2865 2878 2913 tunc
2909 2859 3227 2914 satiabimur
3246 2875 3369 2916 cum
3389 2859 3775 2928 delectatione,

2180 2953 2235 2996 et
2252 2944 2642 3001 delectabimur
2669 2964 2790 3003 cum
2820 2950 3091 3006 satietate.

2752 3081 3082 3138 EPISTOLA
3123 3084 3188 3140 V.

2624 3190 2693 3229 AD
2732 3190 3023 3230 Ευοῑριδιυιι
3063 3192 3328 3232 ΑΒΒΑΤΕΜ.

2537 3284 2618 3339 De
2647 3288 2864 3341 caritate
2889 3296 2937 3341 et
2968 3289 3082 3359 ejus
3117 3289 3413 3344 dilectione.

2256 3395 2483 3452 Domino
2532 3399 2871 3467 beatissimo,
2921 3412 2975 3456 et
3024 3402 3316 3473 plurimum
3363 3405 3676 3472 venerabili,
3709 3422 3780 3464 ac

2184 3497 2302 3543 toto
2352 3491 2597 3546 caritatis
2626 3490 2822 3548 affectu
2867 3491 3230 3558 desiderabili,
3278 3504 3468 3551 sancto
3519 3495 3670 3552 fratri
3720 3504 3776 3552 et
3834 3551 3838 3555 λ

2185 3583 2625 3654 compresbytero
2685 3583 2992 3653 Eucvrrto,
3050 3583 3390 3644 Fuscesrtus
3416 3628 3432 3654 ,
3491 3604 3777 3646 servorum

2186 3671 2382 3727 Christi
2412 3674 2664 3741 famulus,
2697 3675 2749 3730 in
2772 3675 3001 3731 Domino
3023 3679 3278 3734 salutem.

2264 3767 2419 3837 182
2451 3769 2498 3820 l.
2541 3765 2774 3834 Utinam,
2810 3776 2996 3824 sancte
3025 3769 3212 3833 frater,
3230 3780 3378 3827 tanta
3406 3787 3526 3829 meo
3549 3772 3779 3831 facultas

2187 3858 2570 3926 suifragaretur
2598 3860 2839 3930 eloquio,
2871 3869 2928 3915 ut
2955 3861 3022 3915 ad
3064 3863 3439 3932 explicandam
3479 3865 3779 3935 spiritalem

2187 3964 2348 4017 quam
2377 3965 2445 4003 ex
2476 3957 2684 4006 tuarum
2717 3953 3014 4006 litterarum
3062 3954 3295 4010 lectione
3343 3957 3559 4025 percepi
3588 3957 3775 4012 dulce-

2189 4040 2388 4107 dinem,
2415 4043 2578 4096 verba
2602 4043 2922 4100 sullicientia
2945 4047 3272 4116 reperirem;
3302 4049 3445 4117 quod
3485 4048 3608 4103 dum
3633 4050 3778 4117 volo,

2189 4148 2290 4188 nec
2322 4133 2496 4199 valeo,
2529 4134 2726 4188 mirum
2772 4137 2901 4191 mihi
2949 4138 3148 4208 aliquid
3195 4141 3441 4196 evenisse
3487 4154 3782 4208 cognosco,

2192 4223 2378 4279 videns
2405 4225 2657 4292 gaudium
2687 4226 2830 4294 quod
2860 4243 2926 4282 ex
2953 4229 3054 4282 tuis
3076 4231 3416 4285 sermonibus
3435 4231 3786 4301 smnpsi,uon

2190 4304 2350 4386 posse
2380 4319 2515 4372 meis
2561 4320 2900 4375 sermonibus
2929 4322 3211 4392 explicari.
3240 4324 3445 4394 Nempe
3483 4325 3630 4394 quod
3653 4326 3787 4380 mihi

2191 4407 2472 4477 scripsisti,
2520 4417 2804 4478 postquam
2853 4413 3182 4481 cogitatione
3231 4416 3508 4470 inventum
3554 4416 3790 4486 disposi-

2195 4505 2414 4568 tumque
2445 4509 2544 4562 est,
2560 4501 2639 4555 sic
2660 4501 2716 4554 in
2738 4501 2948 4558 litteras
2969 4505 3256 4572 digessisti,
3285 4514 3342 4560 ut
3366 4516 3460 4561 aut
3488 4508 3602 4576 ipse
3623 4523 3790 4563 manu

2192 4590 2476 4658 scriberes,
2509 4601 2732 4649 auctore
2774 4594 3028 4650 dictares.
3087 4595 3238 4651 Unde
3295 4600 3454 4667 igitur
3481 4600 3679 4654 factum
3706 4609 3794 4656 est

2107 4704 2174 4766 ’Β
2199 4687 2258 4733 ιιι
2309 4695 2371 4734 os
2419 4697 2598 4736 meum
2627 4684 3039 4740 delectationem
3071 4697 3094 4722 α
3127 4686 3380 4744 dictando
3429 4705 3623 4760 parere
3679 4708 3792 4748 non

2200 4773 2388 4841 possit,
2411 4787 2572 4842 quam
2603 4790 2698 4830 cor
2724 4791 2908 4831 meum
2936 4792 3002 4831 ex
3034 4780 3112 4833 tui
3141 4779 3253 4836 oris
3280 4780 3575 4837 dietatione
3599 4797 3796 4839 conce-

2200 4863 2312 4931 pit?
2336 4861 2465 4928 Qute
2496 4871 2579 4919 est
2603 4865 2763 4936 inops
2791 4865 3065 4935 opulentia
3098 4869 3182 4923 vel
3212 4870 3468 4940 opulenta
3497 4872 3702 4941 inopia,
3736 4883 3796 4928 ut

2201 4967 2272 5006 eo
2294 4953 2475 5010 minus
2499 4956 2631 5010 mihi
2658 4972 2839 5012 sermo
2864 4957 3233 5031 suﬂicial,quo
3262 4977 3348 5017 me
3377 4964 3548 5033 magis
3568 4961 3796 5020 affectus

2202 5043 2451 5112 instigat;
2484 5053 2540 5100 et
2567 5047 2712 5117 quod
2761 5049 2888 5104 ideo
2937 5050 3129 5120 loquor
3171 5053 3296 5121 quia
3326 5052 3589 5119 delector,
3616 5057 3796 5111 minus

2201 5133 2427 5202 eloquar
2447 5150 2609 5204 quam
2637 5137 2914 5196 delector?
2943 5139 3080 5207 Quid
3104 5155 3236 5208 rogo
3257 5151 3342 5197 est
3371 5144 3474 5200 hoc
3502 5148 3648 5213 quod
3676 5149 3792 5202 elo-

2200 5226 2326 5294 quio
2358 5227 2659 5296 signiﬁcare
2687 5233 2830 5298 volo,
2855 5249 2956 5288 nec
2984 5234 3176 5289 valeo?
3204 5234 3466 5290 Nimirum
3487 5237 3688 5307 aliquid
3715 5249 3796 5294 est

2201 5316 2343 5385 quod
2405 5319 2484 5373 sic
2531 5322 2802 5391 corporali
2853 5315 3072 5392 eloquio
3129 5325 3378 5396 styloque
3424 5325 3793 5395 signiﬁcatur,

2203 5415 2262 5460 ut
2307 5415 2486 5464 tamen
2535 5427 2644 5467 non
2685 5413 3063 5482 corporaliter,
3099 5414 3193 5470 sed
3239 5416 3558 5486 spiritaliter
3595 5419 3794 5474 habea-

2210 5506 2298 5552 Illl'

2273 5590 2328 5645 2.
2366 5593 2576 5648 Caritas
2613 5595 2808 5666 primus
2838 5601 3036 5667 [ructus
3067 5599 3387 5668 spiritalium
3426 5603 3706 5657 donorum.
3726 5631 3795 5645 --

2204 5683 2262 5738 ln
2282 5684 2611 5755 spiritalibus
2631 5695 2811 5742 autem
2835 5688 2991 5746 donis
3015 5690 3222 5762 primus
3241 5690 3450 5750 fructus
3472 5701 3556 5749 est
3575 5694 3794 5749 caritas.

2203 5858 2434 5931 dixerat,
2457 5863 2528 5918 ad
2545 5866 2909 5934 explicandam
2937 5869 3222 5936 spiritalem
3247 5839 3590 5938 dulcedinem,
3613 5885 3720 5929 etc.
