4014 6340
289 438 407 498 35.5

1739 440 2071 501 EPISTOLA
2101 446 2166 501 ν.

3469 465 3575 524 516

283 553 443 610 Unde
473 572 582 612 non
610 555 918 614 inordinate
947 573 1066 614 eam
1109 557 1215 614 Vas
1244 557 1521 614 electionis
1551 556 1624 612 ita
1655 567 1835 628 posuit
1864 577 1875 610 :
1911 569 1950 619 Α
1985 566 2082 614 tert
2105 559 2237 630 ﬁdes
2267 562 2320 615 in
2349 577 2526 617 eodem
2545 562 2766 634 Spiritu,
2789 566 2882 620 alii
2903 569 3074 638 gratia
3097 572 3378 629 sanitatum
3409 577 3576 636 inuno

275 645 511 703 Fructus
541 659 713 703 autem
742 651 953 720 spiritus
974 660 1052 706 est
1079 653 1292 714 caritas,
1319 652 1582 723 gaudium,
1605 665 1710 720 paa:
1735 650 1875 722 (Gal.

281 755 343 804 v,
382 738 496 809 ‘22),
547 749 602 795 et
650 750 871 796 czetera.
921 743 1042 796 Alio
1089 758 1305 813 quoque
1359 742 1499 807 loco,
1553 741 1880 812 praecipuum

274 832 888 903 quiddamcmlestium
933 835 1105 889 voluit
1151 835 1451 903 significare
1507 817 1874 900 carisumtum,

275 939 406 977 cum
437 925 643 978 diceret
671 943 683 976 :
711 921 847 987 Quia
875 927 1072 979 caritas
1115 925 1210 979 Dei
1240 925 1432 992 (li/fusa
1463 933 1536 978 est
1563 926 1614 978 in
1641 925 1877 979 cordibus

274 1016 477 1068 nostris
525 1032 616 1080 per
659 1015 918 1085 Spiritum
974 1025 1230 1078 sanctum,
1274 1018 1359 1087 qui
1418 1015 1569 1070 datus
1609 1025 1685 1069 est
1731 1017 1878 1072 nobis
1935 1051 1942 1060 ι

276 1105 465 1176 (Itoni.
491 1123 541 1173 v,
574 1105 650 1174 5).
683 1111 803 1162 liaac
831 1109 1032 1162 caritas
1062 1124 1220 1178 quam
1249 1107 1482 1178 Spiritus
1510 1110 1684 1164 sancti
1711 1109 1876 1176 dono,

274 1214 406 1254 cum
459 1199 668 1270 indigni
720 1216 984 1266 essemus,
1041 1203 1366 1272 accepimus,
1403 1211 1511 1257 tam
1557 1205 1718 1270 bona,
1767 1212 1873 1258 tam

269 1300 486 1357 sancta,
520 1299 630 1345 tam
659 1293 924 1347 immensa
953 1302 1053 1357 est,
1081 1302 1136 1347 ut
1165 1309 1283 1348 eam
1315 1295 1476 1349 etiam
1503 1294 1598 1363 qui
1626 1295 1788 1350 habet
1817 1296 1872 1350 in

276 1383 471 1452 corde,
502 1399 778 1453 nunquam
805 1386 972 1455 possit
1004 1387 1340 1442 sermonibus
1369 1388 1661 1458 explicare.
1679 1386 1723 1442 Ο
1743 1403 1876 1458 qua-

267 1476 344 1532 lis
363 1477 579 1543 caritas,
606 1478 833 1533 multum
865 1479 1130 1543 miranda,
1163 1480 1390 1536 multum
1419 1479 1709 1552 laudanda,
1732 1483 1873 1538 mul-

271 1577 496 1639 tumque
525 1571 796 1640 diligenda
823 1573 836 1625 Ξ

343 1659 396 1713 5.
438 1661 724 1718 Caritatem
755 1681 861 1720 non
894 1666 1063 1738 diligit
1085 1669 1172 1737 qui
1193 1685 1309 1722 eam
1348 1686 1451 1723 non
1481 1669 1651 1724 habet.
1671 1703 1741 1712 —
1765 1670 1867 1726 Ve-

267 1760 577 1807 rumtamen
605 1769 711 1808 non
737 1771 928 1810 omnes
955 1757 1047 1826 qui
1075 1758 1354 1813 caritatem
1384 1761 1650 1815 mirantur
1675 1769 1732 1817 et
1753 1762 1870 1817 lau-

272 1841 430 1905 dant,
483 1843 668 1897 statim
699 1844 928 1912 diligunt
955 1847 1263 1914 caritatem;
1315 1858 1372 1904 et
1418 1850 1558 1916 ideo,
1601 1851 1702 1907 nisi
1744 1868 1865 1908 eam

1986 649 2208 719 Spiritu,
2252 651 2345 705 alii
2384 655 2671 724 prap/ietia,
2719 656 2812 710 alii
2841 657 3146 728 dijudicatio
3167 664 3462 736 spirituum,
3484 671 3578 726 alii

1981 759 2169 812 genera
2192 743 2505 815 linguarum,
2537 748 2630 802 alii
2671 749 3030 819 interpretatio
3083 769 3399 813 sermonum.
3443 760 3575 816 Haec

1981 841 2152 898 autem
2179 837 2353 888 omnia
2377 847 2620 906 operatur
2642 856 2775 893 unus
2802 849 2954 911 atque
2981 841 3118 896 idem
3159 844 3410 917 Spiritus,
3439 851 3574 906 diri-

1982 926 2106 980 dens
2149 929 2370 1000 singulis
2393 939 2546 1000 prout
2573 931 2676 984 uult
2707 931 2763 1003 (1
2787 931 2907 987 Cor.
2940 950 3031 1000 xu,
3065 933 3118 1000 8,
3151 934 3200 1001 9,
3237 938 3324 1007 10,
3355 940 3466 1012 ll).

2051 1017 2104 1072 5.
2147 1018 2345 1082 Cretera
2376 1021 2516 1074 dona
2541 1023 2652 1075 sine
2672 1021 2805 1077 bona
2830 1024 3088 1078 uoluntate
3113 1026 3292 1081 haberi
3321 1045 3570 1099 possunt;

1977 1112 2169 1165 caritas
2197 1113 2746 1184 nequaquant.—Cum
2772 1115 2952 1183 igitur,
2984 1123 3042 1170 ut
3063 1117 3131 1171 de
3155 1120 3364 1175 ueteris
3395 1129 3574 1177 tacea-

1977 1216 2097 1255 mus
2138 1202 2469 1271 spiritalibus
2496 1203 2674 1273 donis,
2704 1205 2875 1274 possit
2916 1205 3062 1274 diligi
3116 1210 3420 1279 prophetia,
3473 1231 3573 1269 nec

1976 1290 2199 1358 haberi;
2230 1294 2430 1348 caritas
2460 1301 2640 1349 tamen
2670 1311 2772 1351 nec
2800 1295 3027 1350 habetur
3056 1297 3101 1351 si
3149 1313 3258 1354 non
3298 1300 3568 1369 diligatur,

1977 1398 2076 1438 nec
2105 1383 2344 1455 diligitur
2361 1386 2407 1440 si
2430 1401 2536 1462 non
2567 1385 2846 1441 habeatur.
2878 1387 3004 1442 ldeo
3033 1397 3229 1469 egetera
3251 1393 3422 1447 sancti
3445 1393 3568 1464 Spi-

1971 1477 2106 1531 ritus
2129 1477 2290 1540 doua,
2323 1478 2377 1532 id
2404 1486 2507 1542 est,
2539 1479 2752 1547 linguae,
2777 1480 3079 1550 prophetia,
3106 1493 3568 1540 sacramentorum

1971 1569 2218 1635 scientia,
2273 1569 2426 1635 ﬁdes,
2474 1570 2785 1627 facultatum
2841 1573 2894 1627 in
2945 1589 3210 1644 pauperes
3238 1574 3565 1646 distributio,

1971 1664 2218 1732 corporis
2237 1677 2456 1732 quoque
2485 1664 2652 1733 ipsius
2673 1665 2904 1730 exustio,
2951 1675 3176 1734 possunt
3222 1669 3337 1722 haec
3379 1668 3565 1724 haberi

1969 1755 2084 1810 sine
2140 1756 2417 1811 voluntate
2455 1756 2618 1821 bona,
2665 1756 2735 1810 ad
2787 1757 2891 1812 hoc
2943 1758 3150 1813 scilicet
3189 1767 3246 1813 ut
3274 1759 3562 1815 habentem

1969 1859 2219 1913 onerent,
2268 1864 2376 1902 non
2426 1848 2728 1913 honorent;
2785 1849 2981 1903 caritas
3004 1864 3131 1903 vero
3161 1849 3278 1904 sine
3297 1850 3439 1905 bona
3471 1869 3564 1907 vo-

266 1935 498 2003 quisque
526 1935 735 2004 diligat,
781 1938 913 1992 nihil
943 1939 992 1994 ei
1027 1939 1267 2010 proderit
1307 1941 1451 2010 quod
1481 1957 1598 1998 eam
1640 1945 1867 1999 miratur
1901 1941 1941 1998 Β
1971 1940 2174 1994 luntate
2227 1956 2334 1994 non
2379 1947 2559 2010 potest
2609 1939 2816 2006 haberi,
2861 1940 2986 2007 quia
3018 1940 3349 1996 voluntatem
3379 1941 3432 1995 in
3458 1959 3563 2010 qua

264 2035 322 2080 et
351 2025 551 2080 laudat.
586 2026 737 2082 Tunc
767 2037 946 2083 autem
978 2029 1252 2086 fructuosa
1279 2040 1362 2086 est
1401 2031 1688 2089 admiratio
1718 2036 1858 2090 cari-

264 2117 410 2181 tatis,
445 2125 500 2172 et
528 2117 788 2182 laudatio.
828 2119 874 2175 si
921 2136 1029 2176 non
1079 2121 1217 2176 desit
1267 2122 1320 2176 in
1368 2122 1668 2179 admirante
1698 2133 1860 2194 atque

265 2207 520 2262 laudante
571 2209 813 2266 dilectio.
848 2209 956 2266 Sed
986 2212 1227 2281 nunquid
1277 2215 1418 2268 sicut
1469 2229 1588 2269 eam
1635 2224 1860 2284 possunt

262 2297 517 2352 admirari
546 2307 710 2370 atque
740 2300 961 2356 laudare
1017 2303 1171 2373 183
1211 2303 1305 2372 qui
1349 2319 1468 2358 eam
1499 2320 1606 2359 non
1637 2305 1855 2369 habent,

262 2388 336 2441 ita
368 2398 597 2456 possunt
627 2406 748 2445 eam
775 2391 1000 2460 diligere
1047 2393 1140 2462 qui
1183 2409 1302 2448 eam
1342 2394 1570 2449 necdum
1618 2396 1858 2450 habent?

261 2477 643 2548 Nequaquam;
673 2483 872 2537 caritas
898 2482 1098 2553 quippe
1136 2483 1254 2552 ipsa
1293 2492 1377 2540 est
1423 2485 1680 2540 dilectio:
1713 2502 1854 2556 quo-

261 2569 424 2624 modo
456 2579 640 2626 autem
667 2571 1016 2628 dilectionem
1037 2572 1151 2643 jam
1172 2573 1361 2642 diligit,
1389 2575 1480 2645 qui
1510 2574 1856 2630 dilectionem

259 2661 461 2716 habere
492 2679 601 2716 non
631 2663 830 2732 ccepit?
858 2663 990 2718 Nam
1043 2680 1171 2720 ecce
1214 2666 1380 2720 multa
1425 2667 1540 2721 visu
1591 2681 1856 2735 corporeo

262 2751 523 2817 videmus,
570 2753 657 2807 ubi
689 2769 796 2807 non
837 2753 941 2809 hoc
979 2763 1062 2809 est
1089 2755 1207 2825 ipse
1234 2755 1403 2820 visus,
1441 2755 1583 2825 quod
1606 2764 1689 2812 est
1726 2757 1856 2810 illud

262 2843 400 2913 quod
429 2860 498 2899 eo
532 2845 772 2901 videmus
799 2864 811 2898 :
841 2847 967 2916 quia
993 2847 1124 2902 illud
1139 2855 1224 2902 est
1242 2862 1434 2903 sensus
1460 2863 1570 2917 quo
1589 2848 1854 2917 videmus,

261 2935 385 2989 illud
406 2946 592 2991 autem
614 2938 869 2993 sensibile
883 2937 1028 3007 quod
1042 2937 1312 3004 videmus;
1339 2946 1532 2994 etcum
1557 2939 1688 2994 illud
1711 2938 1857 3008 quod

261 3029 470 3084 videtur
498 3029 570 3084 ab
598 3030 771 3086 oculis
800 3030 1029 3097 tollitur,
1063 3031 1108 3086 si
1154 3031 1360 3086 sanitas
1388 3031 1529 3087 inest
1555 3032 1748 3098 oculis,
1778 3031 1857 3088 sic

262 3120 390 3176 illud
439 3121 587 3190 quod
635 3121 918 3177 videbatur
945 3139 976 3178 a
1005 3137 1168 3178 sensu
1223 3123 1455 3178 videntis
1503 3123 1765 3189 aufertur,
1797 3132 1856 3179 ut

263 3211 371 3282 ipse
391 3228 587 3268 sensus
615 3228 646 3267 a
675 3213 893 3269 vidente
921 3213 1230 3270 nullatenus
1259 3214 1533 3269 auferatur
1557 3233 1570 3268 :
1603 3215 1678 3268 ita
1708 3213 1768 3269 lit
1799 3223 1856 3270 ut

264 3302 470 3356 videndi
502 3317 698 3358 sensus
752 3303 806 3357 in
852 3304 1072 3359 homine
1129 3311 1368 3371 maneat,
1414 3303 1662 3372 quamvis
1689 3304 1758 3358 ab
1786 3320 1852 3359 eo
1882 3329 1926 3393 ρ

264 3393 398 3463 quod
443 3393 728 3448 videbatur
763 3393 908 3448 visus
957 3394 1073 3464 ipse
1101 3394 1364 3450 discedat.
1401 3394 1470 3447 At
1504 3409 1625 3449 cum
1656 3395 1854 3449 caritas

265 3487 514 3556 diligitur,
549 3489 675 3558 quia
703 3503 811 3544 non
863 3488 966 3544 nisi
997 3487 1294 3544 dilectione
1321 3488 1580 3556 diligitur,
1611 3504 1720 3542 non
1750 3503 1853 3557 po-

263 3589 358 3636 test
383 3583 552 3636 homo
575 3577 829 3652 tanquam
862 3581 1077 3637 oculum
1105 3585 1352 3651 corporis
1379 3597 1409 3636 a
1438 3596 1764 3650 quacunque
1790 3596 1852 3635 re

263 3675 469 3739 visibili,
521 3675 602 3730 sic
631 3690 661 3728 a
682 3675 910 3730 caritate
941 3675 1297 3729 intentionem
1327 3684 1573 3729 avertere
1600 3674 1850 3730 dilectio-

264 3765 358 3830 nis,
385 3774 442 3819 ut
472 3766 646 3836 possit
676 3773 732 3820 et
782 3764 1063 3820 caritatem
1104 3780 1214 3818 non
1244 3764 1488 3832 diligere,
1519 3772 1575 3819 et
1607 3764 1850 3820 dilectio-

265 3872 376 3911 nem
404 3856 628 3911 habere.
655 3854 868 3911 Caritas
904 3856 1122 3924 quippe,
1156 3854 1207 3908 id
1237 3863 1322 3909 est
1347 3854 1586 3920 dilectio,
1621 3855 1850 3910 nullate-

267 3962 358 4001 nus
382 3946 644 4016 diligitur,
681 3946 782 3999 nisi
805 3945 1023 4000 dilectio
1053 3946 1318 4000 habeatur
1343 3960 1448 4013 qua
1478 3945 1592 4014 ipsa
1629 3944 1848 4000 dilectio

243 4023 525 4104 ‘diligatur.
582 4035 772 4106 Seipsa
822 4037 983 4105 igitur
1028 4037 1244 4092 dilectio
1272 4036 1531 4105 diligitur,
1562 4037 1690 4106 quia
1722 4047 1848 4094 tunc

264 4128 492 4199 diligitur
523 4145 648 4185 cum
675 4129 922 4194 habetur,
955 4146 1055 4185 nec
1083 4129 1324 4198 diligitur
1345 4130 1448 4185 nisi
1471 4129 1751 4185 habeatur.
1780 4130 1850 4186 Et

265 4221 463 4290 quidem
494 4228 678 4290 potest
698 4220 846 4289 diligi
875 4236 905 4275 a
936 4221 1113 4286 nobis,
1146 4221 1312 4274 etiam
1350 4236 1471 4275 cum
1524 4221 1758 4291 petimus
1788 4229 1848 4276 ut

262 4322 513 4383 augeatur
566 4316 621 4370 in
667 4315 972 4381 nobis,sed
995 4331 1100 4370 non
1130 4314 1302 4384 diligit
1328 4315 1450 4385 ejus
1495 4325 1844 4385 augmentum

262 4408 340 4476 qui
369 4423 475 4462 non
509 4407 674 4460 habet
695 4407 925 4460 initium.

321 4499 371 4552 4.
414 4498 538 4554 Non
570 4499 808 4570 diligitur
835 4501 1026 4554 caritas
1060 4500 1192 4553 sicut
1217 4502 1453 4572 pecunia.
1489 4500 1614 4555 Non
1671 4502 1844 4573 diligi-

260 4602 334 4648 tur
358 4596 552 4647 caritas
571 4595 702 4646 sicut
731 4595 839 4646 alia
859 4594 994 4648 dona
1024 4593 1452 4663 spiritus.—-Non
1480 4608 1612 4662 ergo
1640 4595 1718 4649 sic
1747 4610 1842 4649 ca-

260 4686 379 4742 ritas
423 4685 684 4756 diligitur,
742 4684 882 4739 sicut
929 4699 1179 4738 nummus
1200 4692 1294 4738 aut
1321 4683 1526 4752 aliquid
1553 4681 1836 4752 ejusmodi.

261 4775 430 4832 Potest
458 4778 608 4833 enim
633 4776 858 4846 quisque
888 4789 1182 4830 unum‘non
1214 4776 1418 4829 habere
1448 4791 1743 4840 nummum,
1789 4784 1846 4829 et

259 4869 645 4924 multitudinem
669 4867 894 4938 diligere
922 4883 987 4923 ac
1007 4867 1317 4923 desiderare
1359 4882 1719 4922 nummorum.
1751 4867 1845 4920 Di-

259 4961 360 5031 ligit
411 4975 544 5030 ergo
598 4960 702 5016 iste
757 4974 1098 5014 nummorum
1151 4958 1574 5028 multitudinem,
1623 4973 1745 5014 cum
1777 4976 1845 5015 ne

260 5053 400 5106 unius
419 5052 641 5122 quidem
687 5051 893 5106 nummi
941 5050 1142 5104 habeat
1182 5048 1496 5105 facultatem
1530 5067 1544 5104 :
1605 5048 1746 5120 apud
1785 5064 1847 5105 se

262 5157 408 5197 unum
438 5152 720 5198 nummum
751 5158 859 5197 non
882 5142 1110 5206 invenit,
1139 5152 1195 5195 et
1241 5140 1372 5196 foris
1403 5157 1656 5197 nummos
1685 5141 1844 5196 innu-

263 5237 534 5293 merabiles
555 5237 771 5307 quierit.
796 5235 912 5290 Hoc
940 5244 998 5290 et
1023 5235 1075 5289 in
1117 5233 1330 5288 caeteris
1377 5233 1844 5320 rebus‘corporejs

264 5325 563 5394 invenimus,
586 5335 648 5382 ut
667 5327 871 5398 aliquid
896 5342 1084 5383 earum
1109 5325 1280 5395 possit
1302 5323 1471 5393 diligi,
1513 5324 1587 5378 ita
1635 5330 1692 5378 ut
1737 5324 1845 5380 hoc

263 5415 420 5487 ipsum
443 5419 588 5491 quod
613 5419 854 5488 diligitur
876 5418 1020 5473 nulla
1045 5433 1113 5472 ex
1139 5424 1293 5488 parte
1312 5415 1596 5470 habeatur.
1619 5414 1715 5471 Est
1736 5417 1843 5471 tale

267 5509 500 5576 quiddam
521 5518 577 5565 et
600 5510 654 5563 in
678 5509 945 5580 plerisque
973 5507 1306 5579 spiritalibus
1333 5505 1492 5562 donis
1520 5523 1534 5559 :
1593 5507 1741 5561 velut
1793 5508 1839 5562 si

266 5598 369 5665 quis
390 5599 568 5668 diligat
597 5599 770 5671 (verbi
798 5600 994 5670 gratia)
1019 5607 1077 5654 ut
1103 5600 1300 5655 haheat
1336 5597 1694 5670 prophetaudi
1737 5598 1839 5654 do-

268 5704 400 5762 pum,
428 5692 571 5761 quod
600 5692 779 5747 nullus
803 5699 970 5762 negat
996 5692 1139 5746 inter
1166 5691 1309 5746 dona
1335 5690 1593 5760 spiritalia
1650 5689 1842 5745 litteris

273 5779 553 5847 apustolicis
579 5782 850 5839 contineri
877 5800 890 5835 :
923 5781 1026 5835 Alii
1056 5782 1256 5851 quippe
1280 5780 1434 5834 datur
1453 5798 1544 5849 per
1585 5779 1839 5851 Spiritum

273 5874 702 5942 urmo,sapieutiat
751 5873 922 5943 (sicut
952 5871 1062 5926 Vas
1091 5871 1374 5926 electionis
1403 5868 1635 5924 allii-mat
1654 5872 1694 5937 ),
1745 5870 1840 5923 alii

275 5969 421 6018 autem
439 5981 600 6020 sermo
623 5965 852 6022 scientia:
871 5961 1154 6021 secundum
1183 5961 1417 6017 eumdem
1447 5959 1722 6026 Spiritum,
1752 5962 1835 6015 al-

1966 2034 2162 2088 caritas
2213 2030 2394 2098 fuerit,
2451 2032 2648 2086 malam
2698 2030 2815 2086 fieri
2861 2047 2968 2086 non
3016 2031 3324 2101 permittit:
3356 2032 3562 2087 Caritri

1965 2123 2108 2176 enim
2137 2139 2229 2175 nec
2250 2124 2358 2192 agit
2387 2138 2679 2191 perperam,
2707 2138 2802 2175 nec
2830 2123 3024 2193 cogitat
3044 2125 3272 2188 malum;
3329 2131 3384 2177 et
3436 2125 3561 2194 quia

1965 2228 2069 2265 non
2124 2211 2311 2282 gaudet
2357 2228 2509 2281 super
2563 2211 2838 2282 iniquitate
2894 2209 2948 2281 (Ι
2977 2210 3097 2265 Cor.
3129 2229 3246 2278 xui,
3277 2211 3329 2278 4,
3360 2211 3435 2283 5),
3463 2229 3560 2268 ne-

1965 2315 2116 2355 cesse
2144 2308 2228 2354 est
2252 2307 2310 2354 ut
2336 2303 2390 2354 in
2418 2315 2524 2372 qua
2551 2308 2633 2355 est
2651 2300 2848 2355 bonam
2872 2301 3032 2355 faciat
3057 2302 3412 2357 voluntatem.

2035 2389 2090 2445 6.
2133 2389 2418 2446 Malevolus
2466 2394 2671 2446 animus
2718 2395 2989 2447 caritatem
3029 2410 3118 2447 nec
3168 2396 3420 2464 impendit
3467 2413 3560 2450 nec

1963 2483 2507 2539 liabet.—Malevolus
2529 2499 2657 2553 ergo
2680 2485 2891 2540 animus
2936 2502 3044 2540 non
3075 2485 3336 2556 impendit
3363 2489 3560 2543 carita-

1964 2581 2073 2627 tem
2094 2573 2269 2639 alteri,
2298 2575 2424 2642 quia
2450 2591 2556 2629 non
2586 2575 2751 2630 habet
2777 2576 2908 2641 sibi;
2939 2591 3060 2631 cum
3109 2585 3291 2632 autem
3334 2579 3560 2648 coeperit

1961 2664 2162 2719 habere
2182 2664 2483 2731 exordium,
2517 2679 2574 2720 ut
2596 2666 2668 2720 ita
2695 2666 2947 2735 dixerim,
2978 2667 3238 2734 caritatis,
3271 2685 3371 2725 nec
3391 2669 3559 2725 male~

1960 2757 2116 2812 volus
2140 2764 2323 2826 potest
2351 2771 2491 2823 esse,
2517 2772 2620 2811 nec
2640 2757 2863 2812 sterilis.
2896 2755 2960 2811 Et
2983 2758 3106 2828 quia
3137 2758 3312 2814 donec
3337 2774 3556 2829 perma-

1960 2855 2058 2903 net
2100 2847 2154 2901 in
2208 2847 2456 2913 caritate,
2501 2847 2554 2902 in
2603 2846 2718 2903 Deo
2774 2856 3074 2918 permanet,
3107 2855 3162 2902 et
3190 2848 3332 2904 Deus
3379 2850 3432 2904 in
3463 2850 3556 2906 illo

1960 2944 2142 2994 manet
2173 2936 2226 3010 (l
2255 2937 2412 2992 Joan.
2438 2955 2508 3004 iv,
2539 2937 2648 3008 16),
2673 2954 2890 3008 semper
2909 2939 3146 3005 habebit,
3186 2939 3345 3012 184
3364 2941 3409 2996 si
3435 2957 3555 2998 eam

1959 3043 2172 3098 semper
2197 3027 2793 3097 impenderit;quando
2814 3036 2992 3083 autem
3017 3044 3138 3083 eam
3193 3044 3303 3084 non
3345 3031 3556 3100 impen-

1957 3119 2118 3186 derit,
2151 3134 2258 3175 non
2281 3120 2519 3175 habebit.
2547 3117 2830 3191 Proprium
2852 3128 2937 3176 est
2955 3121 3099 3176 enim
3123 3121 3386 3190 caritatis,
3409 3124 3555 3194 quod

1958 3211 2025 3267 ad
2053 3229 2268 3268 cursum
2299 3213 2579 3283 praesentis
2600 3212 2794 3268 attinet
2821 3213 2966 3283 vitai,
2996 3223 3055 3269 ut
3102 3214 3155 3270 in
3200 3231 3267 3271 eo
3296 3216 3388 3286 qui
3435 3232 3554 3272 eam

1959 3299 2263 3372 erogaverit
2283 3311 2508 3370 crescat,
2538 3303 2606 3358 ab
2628 3319 2694 3359 eo
2722 3312 2905 3360 autem
2946 3305 3039 3374 qui
3065 3305 3167 3361 sibi
3194 3315 3401 3364 tantum
3452 3309 3554 3366 ha-

1955 3393 2086 3450 bere
2108 3394 2508 3476 volueritusine
2529 3394 2786 3451 dilatione
2807 3395 3068 3451 discedat.
3100 3396 3197 3452 ille
3219 3398 3382 3467 igitur
3430 3415 3552 3455 eam

1955 3485 2125 3554 magis
2152 3484 2392 3553 habebit,
2423 3485 2514 3555 qui
2538 3485 2793 3540 libentius
2823 3485 3145 3555 impenderit
3171 3506 3182 3540 :
3233 3489 3359 3556 quia
3413 3490 3552 3545 sicut

1954 3590 2075 3630 eam
2099 3591 2201 3632 nec
2223 3575 2536 3645 impendere
2558 3583 2756 3646 potest,
2791 3591 2892 3632 nec
2913 3576 3115 3632 habere
3137 3579 3455 3646 malevolus,
3475 3581 3552 3638 sic

1953 3688 2056 3728 nec
2079 3671 2242 3726 habet
2261 3685 2380 3726 eam
2409 3670 2710 3741 quisquam,
2735 3685 2835 3724 nec
2857 3669 3118 3740 impendit
3140 3671 3358 3727 invitus.
3376 3671 3550 3728 llomo

1953 3775 2082 3830 ergo
2108 3758 2404 3815 benevolus
2441 3764 2525 3813 est
2549 3757 2881 3813 domicilium
2936 3757 3195 3814 caritatis.
3227 3758 3343 3814 Hoc
3370 3769 3550 3816 autem
3607 3805 3612 3812 .

1953 3863 2172 3914 nomen,
2231 3847 2286 3902 id
2315 3853 2400 3903 est
2445 3845 2735 3911 benevolus,
2763 3861 2828 3901 ex
2861 3845 2997 3900 bene
3025 3853 3081 3901 et
3108 3846 3247 3901 velle
3273 3848 3549 3918 composi-

1952 3949 2064 3996 tum
2093 3949 2214 3998 est:
2246 3941 2291 3996 si
2319 3953 2450 4009 ergo
2477 3939 2632 3995 alteri
2659 3933 2939 4009 quisquam
2973 3940 3111 3996 male
3131 3941 3276 4006 velit,
3307 3943 3359 3996 in
3380 3958 3550 4013 quan-

1953 4038 2067 4086 ttIn
2089 4031 2235 4087 male
2265 4031 2376 4086 vult
2404 4030 2702 4086 benevolus
2743 4047 2850 4086 non
2881 4039 2982 4098 est,
3011 4047 3074 4087 ac
3099 4048 3197 4103 per
3225 4034 3329 4088 hoc
3382 4035 3550 4090 male-

1951 4123 2106 4178 volus
2130 4107 2213 4178 est
2238 4141 2251 4175 :
2288 4120 2355 4176 In
2374 4121 2680 4176 malevolam
2700 4130 2882 4177 autem
2931 4123 3161 4178 animam
3189 4140 3293 4178 non
3316 4125 3549 4180 introibit

1951 4215 2206 4286 sapientia
2231 4213 2384 4285 (Sap.
2411 4230 2451 4282 ι,
2481 4213 2569 4284 4);
2605 4214 2902 4269 malevolus
2929 4223 3111 4270 autem
3132 4216 3296 4270 homo
3329 4217 3419 4272 ille
3432 4233 3550 4286 pro-

1951 4305 2066 4374 prie
2106 4303 2319 4370 dicitur,
2347 4319 2452 4358 non
2486 4304 2661 4359 omnis
2685 4304 2776 4374 qui
2799 4305 2882 4358 vel
2912 4305 3014 4360 sibi
3042 4306 3127 4361 vel
3148 4306 3304 4361 alteri
3328 4317 3546 4363 contra-

1948 4393 2086 4466 rium
2111 4392 2310 4463 aliquid
2333 4392 2480 4463 cupit
2507 4401 2598 4446 aut
2627 4392 2820 4462 poscit,
2847 4393 2942 4447 sed
2972 4384 3064 4464 qui
3095 4395 3325 4450 nocendi
3353 4397 3546 4450 volun-

1951 4493 2115 4540 tatem
2143 4485 2301 4554 gerit,
2323 4484 2436 4540 sive
2461 4484 2685 4550 bonum,
2709 4484 2824 4539 sive
2843 4484 3043 4538 malum
3069 4485 3238 4554 possit
3259 4500 3380 4540 esse
3401 4487 3546 4555 quod

1946 4576 2118 4645 cupit.

2021 4665 2077 4720 7.
2126 4665 2378 4719 Voluntas
2405 4663 2558 4730 bona,
2590 4681 2692 4717 non
2723 4681 2787 4719 ex
2813 4665 3000 4734 ofﬁcio,
3036 4664 3127 4718 sed
3153 4682 3219 4719 ea:
3244 4667 3349 4736 fine
3373 4675 3545 4720 est.—

1876 4723 1922 4782 D
1951 4759 2210 4815 Voluntas
2236 4766 2415 4812 autem
2446 4749 2530 4811 vel
2574 4755 2738 4821 bona,
2765 4755 2852 4810 vel
2892 4756 3072 4822 noxia,
3106 4773 3214 4811 non
3242 4723 3309 4812 ex
3339 4756 3541 4826 officio,

1946 4851 2043 4908 sed
2068 4865 2137 4906 ex
2166 4849 2270 4904 line
2297 4849 2375 4905 rei
2398 4857 2483 4902 est
2507 4847 2765 4917 cujusque
2785 4847 3060 4917 pensanda
3087 4865 3101 4901 :
3128 4849 3254 4917 quia
3309 4865 3418 4904 non
3472 4867 3543 4906 ex

1947 4961 2015 5001 eo
2042 4942 2188 5016 quod
2214 4942 2358 5010 facit,
2386 4941 2480 4996 sed
2502 4955 2570 4996 ex
2598 4955 2665 4996 eo
2690 4947 2912 5011 propter
2939 4939 3083 5009 quod
3109 4939 3256 5007 facit,
3306 4941 3540 5011 qualita-

1951 5044 2056 5092 tem
2077 5051 2188 5090 sure
2209 5033 2437 5106 quisque
2457 5031 2752 5088 voluntatis
2770 5029 3025 5086 ostendit.
3082 5029 3216 5085 Nam
3245 5039 3303 5086 et
3341 5029 3541 5087 Paulus

1948 5124 2278 5182 contrarium
2319 5124 2420 5180 sibi
2449 5121 2648 5194 aliquid
2693 5121 2927 5186 volebat,
2959 5137 3081 5176 cum
3109 5129 3356 5190 posceret
3383 5130 3441 5176 ut
3470 5124 3539 5177 ab

1949 5236 2016 5276 eo
2044 5219 2295 5275 stimulus
2323 5216 2644 5282 auferretur,
2677 5229 2837 5286 quem
2866 5209 3153 5271 salubriter
3173 5215 3430 5270 adversus
3451 5215 3536 5268 vi-

1945 5314 2077 5368 tium
2099 5311 2348 5368 elationis
2387 5316 2670 5378 acceperat
2699 5306 2788 5378 (ll
2828 5306 2951 5362 Cor.
2983 5323 3074 5372 xii,
3106 5306 3197 5375 8);
3229 5321 3330 5360 nec
3358 5314 3536 5361 tamen

1944 5405 2129 5462 habuit
2148 5402 2467 5459 malevolam
2491 5408 2749 5469 mentem,
2772 5399 3017 5470 quamvis
3038 5397 3252 5452 utilitati
3272 5412 3381 5451 sum
3401 5413 3536 5453 eon-

1944 5497 2161 5554 Irariam
2192 5501 2404 5564 gereret
2421 5493 2776 5549 voluntatem.
2801 5492 2873 5549 Ut
2900 5493 3042 5563 enim
3093 5506 3123 5544 a
3152 5505 3210 5545 se
3259 5490 3533 5544 stimulum

1943 5606 2052 5660 quo
2073 5587 2513 5659 colaphizabatur
2538 5595 2757 5656 rogaret
2782 5585 3000 5650 auferri,
3030 5583 3260 5640 salutem
3290 5584 3535 5654 corporis

1942 5684 2025 5738 sui
2045 5682 2164 5753 plus
2185 5681 2402 5737 volebat
2430 5679 2792 5751 prcedicationi
2815 5677 3071 5748 prodesse
3090 5692 3253 5747 quam
3282 5677 3404 5743 sibi,
3425 5691 3534 5731 non

1941 5787 2187 5842 quaerens
2235 5770 2380 5841 quod
2429 5771 2531 5826 sibi
2581 5769 2712 5825 utile
2739 5777 2902 5834 esset,
2952 5767 3047 5824 sed
3072 5767 3214 5838 quod
3243 5768 3444 5832 multis,
3473 5773 3534 5820 ut

1940 5864 2071 5921 salvi
2101 5862 2309 5920 tierent.
2338 5862 2447 5918 lllis
2483 5875 2612 5931 ergo
2640 5859 2858 5915 volebat
2909 5858 3167 5928 prodesse
3216 5857 3531 5927 sospitatein
3619 5905 3623 5910 .

1938 5971 2114 6023 suam,
2142 5955 2337 6026 quibus
2364 5969 2514 6011 suam
2540 5951 2796 6025 prodesse
2823 5948 3028 6006 sciebat
3048 5957 3104 6006 et
3146 5948 3330 6004 vitam.
3363 5944 3534 6000 Deniv
