4014 6340
501 493 605 552 647

1531 489 1585 542 s.
1629 485 1993 544 summm
2021 464 2335 547 'EPISCOPI
2378 490 2751 547 nusransns

3671 492 3779 550 διδ

446 633 450 636 ’
501 628 605 682 que
649 625 772 667 cum
816 607 1139 664 desiderium
1188 605 1414 660 haberet
1469 604 1691 659 dissolvi
1743 616 1940 661 etesse
1971 622 2091 660 cum
2122 610 2297 669 Anec
2343 607 2486 660 aliud
2540 607 2669 660 mihi
2719 605 2928 661 videtur
2956 618 3076 661 esse
3131 605 3270 660 ratio
3299 603 3590 675 przccipua,
3618 622 3778 677 quam

500 703 713 758 Christo
741 699 958 770 (Philip.
984 715 1019 763 ι,
1048 696 1159 765 25),
1192 697 1337 767 quod
1358 705 1501 751 esset
1528 698 1697 753 multo
1725 697 1932 763 melius,
1951 698 2090 753 scie-

498 793 594 849 bat
623 802 799 847 tamen
828 798 1048 844 manere
1069 789 1123 843 in
1144 803 1306 844 carne
1331 791 1690 844 necessarium
1739 806 1879 857 esse,
1929 807 2092 862 prop-

498 896 582 940 ter
609 885 728 938 illos
759 883 812 936 in
840 881 1034 950 quibus
1063 881 1397 951 apostolatus
1442 881 1781 937 ministrabat
1826 882 2083 938 ofﬁcium.

497 969 704 1028 Caritas
728 984 857 1038 ergo
886 986 1008 1025 eum
1034 969 1234 1025 Christi
1259 971 1500 1039 urgebat,
1554 972 1666 1026 sive
1694 988 1814 1027 cum
1845 989 1873 1026 a
1905 988 1963 1028 se
1991 976 2089 1028 sti-

496 1061 700 1115 mulum
730 1067 944 1128 rogaret
969 1059 1187 1136 auferri,
1215 1061 1328 1115 sive
1349 1076 1468 1114 cum
1519 1061 1571 1114 in
1620 1077 1800 1128 carne,
1845 1065 2088 1132 quamvis

494 1150 637 1204 aliud
690 1149 1024 1213 desiderans,
1082 1157 1306 1220 cuperet
1350 1151 1664 1205 immorari:
1715 1155 2096 1208 coarctabatur.

495 1242 636 1296 enim
660 1242 943 1297 latitudine
964 1243 1221 1308 caritatis,
1256 1250 1314 1297 ut
1341 1250 1537 1304 etcum
1565 1243 1778 1301 Christo
1815 1246 2088 1303 desidera-

494 1344 577 1390 ret
607 1351 748 1403 csse,
781 1344 835 1390 et
883 1335 1116 1392 ofﬁcium
1147 1337 1308 1391 vellet
1337 1338 1437 1407 pia:
1468 1339 1802 1393 necessitatis
1831 1339 2083 1409 implere;

495 1427 773 1480 caritatem
831 1427 992 1496 igitur
1049 1429 1334 1497 utrobique
1369 1428 1575 1496 dilexit,
1606 1445 1765 1499 quam
1790 1447 2005 1502 semper
2032 1433 2084 1487 in

492 1514 633 1570 bona
665 1517 945 1571 voluntate
965 1518 1208 1586 spiravit.

564 1607 616 1660 8.
662 1607 725 1660 In
749 1607 1020 1661 dilectione
1043 1610 1267 1678 proximi
1295 1609 1532 1681 diligitur
1551 1622 1600 1666 et
1623 1615 1838 1668 caritas.
1862 1613 2084 1668 Dilectio

495 1694 592 1750 Dei
612 1707 660 1749 et
687 1696 916 1766 proximi
935 1705 1013 1750 est
1039 1697 1244 1752 dilectio
1273 1700 1859 1772 caritatis.—Quisquis
1905 1703 2086 1772 itaque

491 1786 785 1840 secundum
828 1787 1106 1841 caritatem
1157 1789 1298 1857 (qua:
1337 1789 1479 1845 Deus
1520 1793 1622 1862 est)
1645 1793 1816 1862 diligit
1840 1793 2081 1862 fratrem,

490 1876 663 1944 ipsam
695 1877 748 1930 in
779 1892 844 1931 eo
860 1892 1018 1946 quam
1039 1879 1270 1933 maxime
1292 1880 1462 1948 diligit
1485 1883 1784 1936 caritatem.
1815 1882 1940 1938 ideo
1962 1900 2083 1940 cum

2195 708 2511 770 competens
2565 708 2726 768 atque
2791 699 3035 754 ordinata
3089 698 3310 754 dilectio
3331 712 3451 768 quae
3473 698 3540 752 ab
3562 699 3802 784 homine.

2194 792 2294 848 soli
2319 793 2430 847 Deo
2461 794 2690 848 debetur
2719 802 2773 848 et
2802 793 3068 863 proximo.
3792 807 3798 834 ι

2263 883 2350 937 il.
2393 883 2569 950 Vides,
2610 891 2794 938 sancte
2822 882 3004 947 frater,
3051 897 3212 951 quam
3263 881 3536 952 prolixum
3590 889 3771 936 tecum

2192 973 2438 1025 conserui
2486 971 2553 1027 de
2608 973 2834 1027 caritate
2875 986 3200 1035 sermonem,
3257 971 3384 1025 dum
3433 970 3592 1024 nimis
3641 971 3693 1024 in
3728 980 3781 1027 te

2192 1060 2359 1130 ipsam
2387 1061 2548 1130 diligo
2570 1062 2876 1126 caritatem,
2900 1077 3060 1131 quam
3090 1061 3271 1129 utique
3312 1060 3426 1130 ipse
3473 1074 3704 1128 quoque
3728 1061 3781 1115 in

2192 1153 2346 1207 nobis
2375 1153 2549 1222 diligis
2582 1170 2595 1218 ;
2640 1169 2740 1208 nec
2781 1153 2851 1207 oh
2903 1153 3067 1216 aliud,
3095 1152 3194 1206 nisi
3223 1151 3348 1220 quia
3373 1151 3513 1206 hanc
3543 1152 3595 1204 in
3626 1152 3781 1207 nobis

2182 1243 2267 1304 sic
2295 1257 2464 1309 amas,
2495 1257 2598 1310 qua
2627 1242 2770 1297 dono
2793 1242 2886 1296 Dei
2917 1241 3108 1312 plenus
3147 1256 3223 1304 es,
3250 1250 3308 1295 ut
3333 1241 3496 1296 etiam
3527 1257 3663 1311 quos
3702 1241 3782 1296 di-

2190 1333 2326 1402 ligis,
2359 1332 2605 1387 similiter
2632 1333 2819 1402 plenos
2871 1347 2992 1387 esse
3042 1331 3338 1387 desideres.
3374 1331 3494 1387 Hoc
3530 1347 3661 1400 ergo
3685 1348 3780 1385 su-

2189 1431 2392 1494 perest,
2424 1431 2482 1476 ut
2510 1423 2633 1492 quia
2666 1437 2766 1477 nos
2788 1437 2920 1491 pure
2971 1422 3168 1490 diligis,
3202 1423 3467 1476 instanter
3495 1437 3594 1491 pro
3626 1421 3781 1476 nobis

2190 1529 2345 1568 orare
2366 1513 2619 1580 digneris,
2641 1521 2696 1565 ut
2728 1512 2882 1575 Deus,
2909 1514 3000 1582 qui
3025 1529 3124 1568 nos
3146 1514 3293 1583 prior
3319 1513 3508 1568 dilexit
3530 1511 3586 1583 (1
3611 1512 3773 1566 Joan.

2191 1619 2260 1668 tv,
2292 1600 2400 1672 10),
2431 1609 2486 1657 et
2524 1602 2672 1656 dedit
2701 1602 2854 1656 nobis
2882 1603 3159 1656 caritatem
3205 1619 3310 1672 qua
3340 1603 3596 1671 diligatur
3623 1619 3654 1657 a
3685 1619 3781 1657 no-

2189 1694 2288 1759 bis,
2319 1695 2458 1748 sicut
2511 1709 2614 1747 nou
2669 1694 3004 1756 habentibus,
3057 1695 3172 1763 ipse
3213 1709 3330 1748 eam
3384 1695 3553 1761 gratia
3578 1709 3781 1764 prmvc-

2189 1785 2371 1838 nicnte
2403 1785 2642 1852 largitur,
2677 1785 2754 1838 sie
2792 1785 2844 1838 in
2869 1785 3024 1838 nobis
3052 1800 3242 1838 omnes
3267 1785 3523 1854 reliquias
3555 1786 3781 1839 munda-

2190 1890 2271 1928 nae
2318 1875 2624 1944 cupiditatis
2682 1875 2946 1939 absumat,
2981 1882 3036 1929 et
3092 1891 3190 1929 nos
3237 1874 3427 1943 spiritu
3479 1876 3781 1931 servientes

490 1965 742 2020 Salvator
773 1975 958 2021 noster
987 1968 1262 2036 apostolos
1286 1985 1413 2024 suos
1436 1987 1577 2025 novo
1607 1972 1919 2039 dignaretur
1939 1974 2087 2028 inno-
2122 1993 2163 2051 Β
2193 1964 2372 2035 (Mm,
2405 1966 2593 2036 Spiritu
2612 1964 2905 2034 ferventes)
2936 1965 2987 2018 in
3011 1965 3236 2019 caritate
3259 1962 3781 2035 perﬁciat,illiusque

491 2071 620 2111 vare
648 2057 920 2123 mandato,
943 2058 1128 2112 dicens
1159 2076 1171 2111 :
1208 2058 1514 2114 Mandatum
1546 2079 1728 2115 narum
1753 2063 1819 2116 do
1847 2064 2004 2128 vobis,
2028 2073 2084 2116 ut

491 2147 706 2200 invicem
734 2147 965 2218 diligatis
989 2147 1166 2220 (Joan.
1195 2165 1304 2212 XIII,
1331 2149 1440 2220 54),
1469 2150 1664 2217 jubens
1694 2167 1790 2221 per
1815 2167 1874 2206 se
1901 2151 2088 2206 frater-

492 2237 717 2291 nitatem
746 2237 912 2306 diligi,
947 2240 1116 2307 ipsam
1145 2255 1360 2308 quoque
1410 2242 1690 2296 caritatem
1738 2240 2085 2297 fraternitatis

492 2341 590 2395 per
614 2326 921 2395 apostolum
953 2325 1177 2381 Paulum
1209 2327 1449 2398 prazcipit
1495 2329 1837 2398 diligendam.
1869 2332 2084 2387 Christo

492 2417 635 2471 enim
663 2418 716 2470 in
745 2432 804 2472 se
824 2417 1095 2484 loquente,
1127 2420 1364 2486 gentium
1408 2417 1660 2487 Magister
1688 2421 1800 2475 vult
1853 2438 1952 2476 nos
2000 2422 2083 2477 di-

464 2507 778 2562 -lectionem
803 2507 1003 2562 habere
1033 2509 1150 2562 sine
1177 2509 1518 2565 simulatione
1544 2528 1554 2562 :
1592 2509 1836 2566 0dimtes
1863 2514 2081 2583 malum,

444 2612 446 2614 '
491 2599 812 2652 adhaerentes
858 2597 1010 2667 bono,
1041 2601 1256 2652 caritate
1306 2603 1650 2672 fraternitatis
1703 2605 1916 2658 invicem
1963 2607 2081 2660 dili-

491 2698 661 2759 gentes
683 2688 858 2758 (Rom.
891 2706 982 2754 xu,
1015 2689 1068 2754 9,
1096 2689 1203 2755 10).

471 2816 474 2819 -
563 2778 616 2832 9.
658 2777 794 2832 Hinc
821 2785 905 2832 est
932 2778 1075 2848 quod
1110 2779 1165 2832 in
1194 2780 1480 2836 undecimo
1505 2779 1914 2838 Confessionum
1945 2785 2082 2840 libro

491 2870 738 2938 egregius
764 2869 858 2924 ille
887 2869 1100 2936 doctor,
1133 2870 1321 2925 beatus
1350 2872 1555 2926 scilicet
1584 2873 1929 2941 Augustinus,
1959 2890 2081 2929 cum

491 2960 602 3014 Deo
631 2975 872 3014 amorem
899 2975 1054 3014 suum
1085 2975 1246 3028 quem
1277 2979 1294 3011 ι
1330 2970 1390 3014 ιιι
1419 2977 1539 3016 cum
1569 2962 1814 3029 diligeret
1859 2964 1924 3017 ab
1964 2965 2082 3033 ipso

491 3060 812 3119 acceperat,
865 3050 1215 3106 conﬁteretur
1237 3093 1251 3117 ,
1310 3054 1384 3107 ait
1427 3053 1580 3107 :Jam
1611 3055 1740 3118 dixi,
1773 3065 1826 3109 et
1857 3056 2029 3110 dicam
2065 3076 2076 3109 :

489 3156 676 3194 amore
725 3141 924 3195 amoris
965 3142 1041 3195 tui
1063 3141 1200 3196 facio
1225 3143 1364 3196 istud
1388 3145 1474 3215 (S.
1498 3144 1714 3215 August.
1741 3162 1793 3198 xi
1818 3145 2078 3216 Confess.,

490 3229 568 3300 1).
607 3249 626 3281 ι
660 3228 931 3284 Psalmum
960 3247 1174 3301 quoque
1203 3235 1554 3289 centesimum
1585 3236 2077 3305 duodevigesimum

487 3337 782 3390 exponens,
817 3339 938 3378 cum
966 3323 1106 3378 illius
1155 3325 1258 3380 loci
1304 3326 1713 3398 intelligentiam
1761 3331 2076 3400 explanaret
2107 3375 2148 3400 ,η

487 3414 581 3470 ubi
602 3414 796 3470 dicitur
822 3434 834 3469 :
873 3415 1052 3470 Incola
1079 3434 1173 3488 ego
1193 3435 1306 3472 sum
1333 3421 1389 3474 in
1412 3429 1569 3486 terra,
1608 3439 1671 3476 ne
1713 3421 1999 3479 abscondas
2049 3443 2080 3479 a

485 3521 568 3558 me
587 3507 835 3560 mandata
858 3518 944 3560 tua
969 3507 1142 3570 tPsal.
1159 3525 1344 3579 cxvm,
1364 3511 1474 3580 i9);
1503 3513 1656 3583 185
1679 3523 1800 3582 post
1816 3515 1990 3584 aliqua
2011 3515 2086 3570 sic

483 3599 557 3652 ait
584 3615 596 3648 :
631 3615 648 3648 ι
673 3596 809 3663 Quid
831 3607 1012 3653 autem
1036 3599 1362 3670 diligendum
1395 3603 1648 3671 diligitur,
1669 3605 1713 3659 si
1735 3606 1848 3675 ipsa
1869 3606 2085 3662 dilectio

482 3704 592 3743 non
619 3688 901 3758 diligatur?
923 3688 1076 3745 Unde
1097 3702 1494 3762 consequenter
1510 3695 1802 3751 isteincola
1832 3700 1886 3752 in
1915 3704 2082 3766 terra,

485 3795 604 3834 cum
630 3779 724 3834 Dei
759 3781 1010 3836 mandata
1039 3797 1108 3837 ne
1137 3798 1165 3836 a
1197 3799 1255 3838 se
1278 3785 1739 3844 absconderentur
1767 3799 2002 3857 orasset,
2030 3791 2086 3847 in

483 3869 677 3938 quibus
705 3869 923 3925 dilectio
953 3873 1278 3942 pnccipitur,
1327 3876 1411 3930 vel
1441 3877 1576 3943 sola,
1613 3879 1695 3934 vel
1744 3882 1996 3946 maxime,
2030 3891 2085 3937 et

484 3957 651 4029 ipsius
680 3959 987 4015 dilectionis
1015 3962 1360 4019 dilectionem
1394 3982 1452 4021 se
1483 3969 1618 4022 velle
1650 3969 1849 4025 habere
1873 3972 2082 4039 procla-

481 4054 598 4100 mat
625 4046 807 4102 dicens
833 4067 844 4100 :
871 4047 1364 4121 Concupiritanima
1385 4072 1500 4108 mea
1517 4057 1814 4112 desiderare
1829 4060 2086 4130 justiﬁca-

481 4140 650 4192 tiones
707 4149 842 4205 tuas,
874 4141 928 4193 in
955 4143 1096 4194 omni
1153 4151 1379 4213 tempore
1427 4145 1597 4217 (Idem
1636 4150 1693 4202 in
1731 4150 1865 4219 psal.
1923 4167 2084 4206 cxvul

480 4244 632 4282 conc.
664 4228 742 4298 8).
781 4249 798 4281 ι
835 4229 1022 4286 Nonne
1061 4233 1155 4287 tibi
1190 4235 1399 4289 videtur
1430 4245 1616 4306 aperte
1658 4239 1725 4294 de
1755 4242 2083 4310 propheticis

481 4325 647 4384 otique
704 4319 1015 4387 apostolicis
1059 4321 1214 4377 dictis
1269 4331 1437 4380 tracta
1493 4326 1635 4381 beati
1687 4329 1968 4399 Augustini
2013 4331 2081 4387 de

482 4404 746 4472 diligenda
773 4408 1060 4465 dilectione
1086 4414 1351 4467 sententia
1383 4417 1443 4469 llfl

557 4496 641 4550 10.
683 4497 973 4562 Conclusio,
1002 4508 1056 4553 ut
1079 4518 1143 4555 ea:
1171 4505 1387 4557 caritate
1407 4507 1728 4574 proinvicem
1751 4525 1976 4564 oremus.
2006 4545 2077 4554 —

481 4583 744 4650 Quocirca
775 4586 995 4641 dilectio
1025 4588 1120 4642 Dei
1165 4597 1220 4643 et
1261 4593 1509 4659 proximi.
1538 4610 1657 4663 quae
1679 4597 1958 4665 plenitudo
1984 4599 2064 4653 le-

485 4672 566 4740 gis
596 4671 825 4741 ﬁnisque
861 4675 1113 4744 pnccepti
1155 4685 1257 4741 est,
1279 4686 1335 4732 et
1383 4680 1436 4733 in
1491 4681 1600 4737 Deo
1642 4685 1921 4740 caritatem
1950 4687 2068 4741 dili-

482 4761 578 4831 git,
605 4776 724 4830 qua:
775 4762 915 4816 Deus
965 4772 1066 4828 est,
1094 4765 1226 4819 etin
1269 4768 1517 4836 proximo
1550 4773 1830 4828 caritatem
1872 4774 2064 4844 diligit,
2099 4760 2150 4818 D

481 4865 600 4918 qua:
629 4865 694 4904 ex
727 4850 836 4904 Deo
859 4859 940 4905 est
973 4870 985 4904 :
1013 4861 1139 4908 tunc
1167 4855 1310 4908 enim
1341 4865 1488 4913 recte
1518 4858 1658 4914 Deus
1677 4863 2067 4932 proximusque

480 4938 738 5004 diligitur,
769 4940 812 4993 si
837 4948 890 4994 et
911 4941 963 4993 in
988 4941 1098 4996 Deo
1119 4951 1174 4996 et
1221 4943 1274 4997 in
1305 4947 1551 5012 proximo
1583 4949 1696 5016 ipsa
1725 4952 1922 5005 caritas
1949 4953 2070 5006 dili-

480 5037 654 5094 gatur.
682 5029 758 5082 lla
788 5030 844 5082 lit
867 5039 923 5084 ut
953 5041 1007 5084 et
1029 5032 1080 5085 in
1104 5031 1214 5088 Deo
1247 5033 1418 5102 ipsum
1441 5035 1630 5099 Deum,
1667 5039 1796 5092 etin
1823 5041 2070 5108 proximo

482 5115 649 5168 Deum
681 5117 796 5171 sine
825 5116 986 5174 dubio
1015 5120 1316 5190 diligamus.
1347 5122 1529 5192 Neque
1557 5126 1698 5178 enim
1723 5125 1918 5182 frustra
1947 5139 2071 5199 post

483 5202 827 5260 dilectionem
859 5205 972 5272 Dei,
999 5226 1105 5262 non
1135 5211 1236 5264 alia
1268 5212 1366 5265 nisi
1410 5215 1639 5282 proximi
1668 5216 1782 5270 sola
1804 5219 1959 5274 nobis
1987 5231 2072 5276 est

484 5295 734 5350 mandata
777 5295 1014 5365 dilectio,
1043 5301 1250 5356 scilicet
1275 5310 1333 5357 ut
1361 5318 1716 5373 agnoscamus
1745 5307 1888 5362 illam
1913 5325 2068 5366 crea-

483 5395 658 5442 turam
681 5405 780 5444 nos
809 5391 1007 5446 debere
1036 5393 1276 5463 diligere,
1308 5395 1397 5450 ubi
1435 5401 1714 5453 caritatem
1735 5400 1905 5470 ipsam
1937 5419 2065 5472 pos-

483 5493 669 5536 sumus
713 5481 972 5538 invenire.
996 5484 1166 5540 Omne
1207 5502 1440 5556 namque
1487 5492 1685 5545 animal
1732 5493 2065 5566 irrationale,

482 5570 623 5625 sicut
654 5589 760 5627 non
790 5573 950 5629 habet
980 5575 1246 5631 rationem
1267 5617 1282 5643 ,
1319 5577 1396 5633 sic
1426 5594 1531 5634 non
1560 5580 1722 5637 habet
1750 5584 2026 5639 caritatem
2053 5605 2066 5652 ;

558 5754 593 5832 τί
621 5745 719 5832 Ms.
743 5746 926 5832 Corb.,
959 5749 1146 5832 Nonne
1165 5762 1340 5832 aperte
1360 5758 1667 5832 propheticis
1695 5768 1848 5831 atque
1868 5773 2074 5832 aposto-

485 5815 599 5895 licis
857 5827 1022 5895 tracta
1050 5815 1210 5895 lenti
1236 5815 1511 5895 Augustini
1537 5815 1826 5895 sententia?
1974 5815 2079 5886 ha-

481 5883 571 5937 bet
607 5885 696 5936 tibi
726 5887 940 5939 ridetur.
967 5889 1158 5945 Colon.
1209 5903 1263 5946 et
1296 5883 1478 5952 ΙῖειςὶΙ..
1510 5894 1702 5950 Nonne
1751 5883 2071 5956 tibiﬁi'idetnr

484 5962 662 6012 aperte
684 5956 990 6014 crepitantis
1018 5969 1167 6020 atque
1197 5963 1494 6019 apostolicis
1539 5965 1690 6022 dictis
1722 5973 1931 6028 tracta?
1958 5972 2070 6030 An-

2190 2072 2290 2111 nos
2343 2056 2504 2110 faciat
2555 2056 2901 2110 beatitudinis
2921 2064 3221 2124 compotes,
3245 2057 3296 2108 in
3328 2070 3433 2124 qua
3455 2056 3599 2110 sicut
3631 2056 3779 2110 nulla

2185 2155 2269 2202 est
2296 2148 2584 2203 delectatio
2601 2164 2784 2218 prava,
2810 2149 2889 2203 sic
2913 2148 3054 2202 nulla
3077 2163 3222 2202 mors
3239 2149 3462 2201 timetur
3482 2162 3549 2201 ex
3579 2163 3775 2217 paena:

2187 2237 2277 2290 ubi
2308 2237 2434 2290 nihil
2467 2237 2750 2305 quisquam
2803 2253 2871 2292 ex
2921 2237 3096 2291 carnis
3145 2235 3430 2305 fragilitate
3457 2237 3777 2306 perpetitur,

2185 2326 2282 2381 sed
2305 2328 2372 2380 ab
2393 2328 2639 2380 omnibus
2669 2330 2869 2384 sanctis
2916 2328 2969 2382 in
3023 2327 3118 2382 Dei
3170 2335 3225 2381 et
3281 2327 3519 2396 proximi
3542 2327 3778 2396 perfecta

2186 2429 2404 2484 semper
2431 2417 2660 2471 caritate
2691 2427 2966 2487 regnatur.

2259 2509 2344 2562 12,
2386 2509 2637 2564 Orantem
2681 2529 2777 2581 pro
2819 2513 2973 2566 nobis
3002 2513 3340 2566 sanctitatem
3366 2520 3508 2566 tuam
3549 2513 3778 2567 clemen-

2189 2601 2260 2654 tia
2314 2599 2494 2654 divina
2549 2600 2836 2668 custodiat,
2867 2602 3011 2670 quod
3054 2611 3203 2670 epto,
3236 2601 3453 2656 domine
3480 2611 3672 2657 sancte
3717 2619 3778 2659 ac

2186 2692 2495 2747 beatissime
2552 2692 2735 2746 frater.
2788 2693 3023 2748 Domnns
3095 2693 3381 2747 Januarius
3438 2696 3777 2749 sanctitatem

2188 2793 2332 2837 tuam
2365 2791 2482 2838 toto
2509 2784 2707 2838 salutat
2729 2785 2978 2854 puritatis
3000 2793 3057 2839 et
3085 2784 3449 2838 venerationis
3479 2783 3504 2821 δ
3537 2784 3737 2839 affectu
3760 2804 3774 2851 ;

2186 2875 2617 2930 benedictionem
2659 2891 2688 2928 a
2735 2875 2887 2929 vobis
2915 2875 3194 2938 directam,
3228 2882 3341 2927 tota
3369 2889 3488 2928 eum
3537 2876 3777 2928 exsulta-

2188 2967 2333 3020 tione
2359 2966 2590 3035 suseepi.
2622 2964 2833 3027 Libros,
2867 2949 3004 3019 sicut
3045 2964 3366 3034 praecepisti,
3391 2962 3456 3016 ad
3486 2962 3779 3020 Monimum

2185 3055 2338 3110 datos
2369 3068 2412 3118 ε,
2446 3057 2497 3109 in
2553 3056 3000 3124 quaternionibus
3047 3054 3336 3121 destinavi,
3388 3054 3438 3107 in
3486 3054 3708 3122 qubus,
3737 3055 3780 3109 si

2185 3146 2384 3214 aliquid
2435 3146 2717 3214 placuerit,
2776 3147 2975 3200 utinam
3028 3145 3288 3209 veritatis,
3343 3153 3398 3198 ct
3448 3160 3554 3198 non
3604 3145 3778 3199 solum

2184 3236 2382 3290 amoris
2409 3251 2528 3291 esse
2550 3251 2869 3305 cognoscam
2897 3237 2908 3289 !
2944 3235 3009 3288 Hi
3039 3245 3163 3290 sunt
3193 3237 3352 3303 igitur
3380 3251 3512 3290 mete
3541 3237 3780 3304 parvita-

2185 3327 2253 3381 tis
2273 3327 2494 3394 oblatio,
2525 3342 2685 3397 quam
2735 3327 2888 3383 vobis
2937 3328 3096 3383 faciet
3159 3328 3363 3398 puritas
3403 3328 3566 3382 vestri
3598 3328 3781 3383 cordis

2186 3425 2483 3486 acceptam.
2533 3418 2888 3485 Suggestione
2944 3417 3126 3472 fratris
3177 3419 3478 3473 communis
3527 3426 3776 3489 accepta,

2185 3521 2369 3576 quaeso
2417 3516 2474 3561 ut
2501 3507 2748 3576 adjntrix
2779 3508 2919 3562 adsit
2949 3507 2974 3544 ά
3005 3516 3200 3563 vestrae
3225 3509 3462 3564 caritatis
3491 3509 3774 3564 industria.

2186 3597 2420 3653 Obsecro
2444 3607 2500 3652 ut
2527 3599 2695 3652 libros
2717 3614 2854 3669 quos
2881 3614 3017 3668 opus
3056 3599 3334 3664 habemus,
3382 3599 3525 3654 servi
3571 3601 3654 3654 tui
3686 3598 3782 3654 de-

2185 3687 2424 3742 scribant
2455 3687 2522 3743 de
2543 3689 2819 3744 codicibus
2846 3690 3056 3744 vestris.

2756 3777 3085 3835 EPISTULA
3127 3779 3209 3835 Vl.

2591 3888 2616 3924 Α
2625 3886 2655 3923 D
2686 3886 2927 3925 τηεουοιι
2935 3887 3004 3925 Ull
3043 3887 3374 3927 SENATOBEI.

2619 3961 2695 4014 De
2717 3963 3049 4016 conversione
3077 3979 3107 4015 α
3131 3965 3342 4018 saeculo.

2259 4051 2487 4106 Domino
2518 4053 2730 4118 illustri,
2754 4064 2809 4108 et
2839 4046 3054 4109 merito.
3081 4056 3295 4124 insigni,
3328 4071 3392 4111 ac
3439 4058 3778 4128 praesumis-

2186 4143 2322 4197 simo
2370 4141 2478 4197 ﬁlio
2510 4143 2821 4209 Tneonono,
2856 4145 3194 4200 Fuccasrws
3215 4189 3229 4213 ,
3258 4163 3535 4202 servorum
3573 4147 3780 4205 Christi

2189 4234 2435 4299 famulus,
2466 4237 2518 4290 in
2553 4237 2778 4290 Domino
2801 4237 3048 4291 salutent.

2241 4330 2396 4398 186
2413 4327 2594 4383 Carm
2613 4343 2830 4382 rnluuu.
2848 4328 3069 4382 Occasio
3085 4327 3368 4383 scribenda:
3383 4329 3717 4398 epistolae.—
3734 4332 3779 4384 Ι,

2188 4415 2256 4471 Ut
2285 4418 2495 4485 ignotus
2515 4431 2741 4484 corpore
2769 4417 2993 4471 audeam
3017 4416 3293 4486 epistolari
3317 4418 3414 4472 tibi
3437 4433 3616 4472 meam
3639 4421 3780 4474 noti~

2187 4508 2312 4561 tiam
2343 4506 2537 4560 inferre
2557 4521 2825 4568 sermone.
2857 4520 3039 4575 quaeso
3070 4523 3136 4561 ne
3161 4507 3504 4577 impudentiae
3523 4509 3780 4578 deputes,

2183 4613 2320 4653 neve
2335 4597 2725 4665 importunitati
2745 4611 2880 4666 opus
2891 4598 3133 4652 caritatis
3153 4599 3410 4666 assignes.
3429 4599 3508 4653 Ad
3531 4601 3780 4656 scriben-

2186 4689 2310 4742 dum
2326 4703 2574 4756 namque,
2591 4689 3012 4757 primumsancti
3026 4689 3205 4744 fratris
3222 4689 3436 4745 Romuli
3465 4691 3641 4747 dulcis
3670 4693 3781 4762 epic

2173 4780 2334 4847 stola,
2353 4779 2545 4835 deinde
2567 4779 2788 4834 fratrum
2805 4781 2998 4843 exinde
3014 4781 3362 4846 venientium,
3380 4782 3471 4852 qui
3495 4797 3526 4836 a
3548 4783 3709 4838 vobis
3727 4785 3780 4840 in

2175 4869 2403 4925 Domino
2450 4870 2679 4938 benigne
2731 4871 2963 4939 suscepti
2992 4881 3134 4935 sunt,
3167 4886 3234 4927 eo
3265 4887 3351 4927 me
3385 4873 3556 4941 magis
3581 4876 3779 4931 suasio

2175 4960 2453 5029 compulit,
2477 4975 2586 5028 quo
2626 4961 2789 5014 vestri
2834 4961 3089 5030 spiritalis
3138 4963 3400 5032 propositi
3430 4965 3675 5031 cognitio
3713 4965 3780 5020 ii-

2173 5050 2388 5104 bentius
2444 5051 2712 5105 invitavit.
2769 5051 3087 5106 Retulerunt
3149 5054 3332 5123 quippe
3379 5055 3522 5123 quod
3569 5055 3779 5113 Christi

2173 5139 2485 5208 compulsus
2510 5139 2726 5208 affectu,
2759 5144 2929 5196 nostri
2975 5144 3208 5199 nominis
3239 5145 3291 5198 in
3322 5146 3594 5215 colloquio
3623 5149 3779 5204 beni-

2179 5242 2284 5296 gne
2330 5227 2522 5284 feceris
2580 5231 2930 5295 mentionem,
2961 5231 3146 5287 dicens
3193 5241 3247 5287 te
3302 5243 3486 5289 nostra
3543 5238 3779 5306 epistola

2178 5320 2457 5375 delectari.
2493 5320 2692 5377 Libens
2747 5323 2908 5391 igitur
2959 5322 3081 5391 feci,
3121 5326 3264 5394 quod
3296 5335 3350 5381 te
3381 5327 3521 5382 velle
3545 5329 3780 5384 libenter

2177 5411 2390 5478 agnovi,
2414 5413 2620 5468 malens
2672 5413 2906 5469 incultus
2936 5415 3102 5470 videri
3144 5431 3415 5482 sermone,
3447 5433 3610 5487 quam
3655 5436 3781 5478 esse

2179 5499 2399 5568 frigidus
2420 5503 2666 5568 caritate,
2695 5502 2912 5558 domine
2935 5504 3157 5560 illustris
3177 5548 3192 5574 ,
3223 5518 3279 5562 et
3306 5511 3499 5566 merito
3526 5510 3782 5581 insignis,

2179 5607 2244 5646 ac
2273 5595 2713 5662 praestantissime
2744 5593 2833 5649 ﬁli.

2182 5774 2378 5836 tucrp.,
2398 5770 2461 5824 de
2480 5771 2854 5841 propheticis...
2890 5784 3125 5832 tractata.

2261 5837 2286 5874 "
2327 5838 2482 5893 Editi.
2510 5843 2677 5893 olente
2707 5845 2943 5893 rationis.

2262 5855 2286 5874 ι’
2327 5855 2482 5903 mut,
2510 5855 2677 5910 plena:
2707 5855 2943 5898 rationis.

2254 5920 2275 5988 ξ
2449 5911 2634 5988 Corb,
2667 5913 2736 5965 ad
2764 5912 3050 5988 Monimnm
3073 5918 3298 5988 legatos.

2251 5974 2275 6014 δ
2315 5977 2412 6034 Ms.
2446 5974 2630 6046 Corb.,
2653 5999 2824 6048 qntrso
2850 5995 2903 6038 ut
2927 5974 3158 6054 adjntri}
3174 5991 3262 6044 sit.
