4014 6340
285 457 387 518 549

1690 445 2015 504 EPISTOLA
2054 425 2136 505 ἡ.

3446 441 3548 509 330

346 580 479 637 Car.
507 594 564 633 ιι.
592 576 894 630 Gratutatur
917 590 960 627 ei
983 589 1047 626 ae
1061 571 1390 626 conversione
1409 578 1457 622 et
1486 576 1684 621 caicato
1712 583 1861 619 mun-
1889 565 1937 624 Α
1966 562 2366 632 opportunitate
2389 569 2708 631 temporum,
2733 575 2832 630 pro
2854 562 3111 615 varietate
3135 574 3438 628 causarum,
3461 563 3550 620 vet

279 672 366 726 do.
415 697 490 708 —
544 668 596 721 2.
630 666 811 734 Itaque
866 663 1090 716 multum
1113 658 1320 727 gaudeo
1348 657 1490 726 quod
1508 657 1616 726 jam
1644 655 1864 710 smcula-

277 762 351 816 ris
379 757 684 815 dilectionis
706 755 929 809 nexibus
961 768 1065 806 non
1090 751 1306 812 teneris,
1337 759 1393 803 et
1444 747 1695 804 mundum
1736 762 1866 800 con-

279 852 574 908 temnendo
599 850 792 913 calcas,
824 863 853 900 a
882 860 1011 916 quo,
1041 859 1161 898 cum
1218 857 1340 896 eum
1385 840 1657 908 diligeres,
1689 837 1866 892 calca-

277 944 442 1000 baris.
473 941 626 995 Nunc
669 954 798 994 vero
853 935 1137 991 consulatu
1184 931 1521 1003 proveheris,
1550 944 1692 982 nunc
1722 927 1888 1000 felici,

280 1025 550 1102 iriiimpho
604 1029 902 1084 certissime
951 1025 1253 1081 sublimaris
1285 1040 1299 1072 :
1332 1037 1439 1075 nou
1496 1020 1582 1074 cui
1640 1018 1867 1089 populus

279 1126 557 1179 Romanus
579 1119 890 1191 applaudat,
924 1117 1018 1173 sed
1048 1113 1436 1183 cuiangelicus
1465 1120 1637 1166 coetus
1665 1109 1865 1179 adgau-

278 1216 400 1269 deat
430 1231 442 1265 :
476 1213 670 1266 Beatus
693 1228 765 1274 es,
793 1211 910 1282 quia
941 1209 1036 1262 hoc
1062 1225 1163 1261 non
1194 1223 1320 1259 caro
1343 1214 1392 1259 et
1420 1205 1634 1274 sanguis
1665 1201 1860 1255 revela-

278 1313 343 1364 rit
374 1309 486 1372 tibi,
514 1307 607 1361 sed
634 1305 721 1360 ille
741 1305 906 1357 Pater
923 1303 1008 1372 qui
1037 1309 1113 1355 est
1134 1301 1188 1353 in
1209 1299 1347 1352 caelis
1381 1296 1597 1366 (Matth.
1622 1309 1730 1362 xw,
1757 1294 1864 1365 l7),

279 1402 418 1455 inter
441 1412 582 1468 quos
605 1395 771 1452 caelos
811 1402 866 1448 et
911 1401 969 1446 tu
1024 1391 1196 1445 lactus
1240 1405 1299 1444 es
1351 1388 1545 1443 caelum
1597 1386 1866 1452 Quantum

280 1499 434 1560 putas
465 1490 646 1542 inesse
686 1486 887 1540 luctum
937 1481 1156 1536 diabolo
1184 1478 1327 1548 quod
1357 1494 1386 1531 a
1418 1486 1469 1531 te
1497 1484 1867 1545 contemptum

281 1576 549 1651 perspicit
591 1574 870 1638 mundum,
914 1579 966 1627 et
1023 1579 1077 1625 te
1129 1584 1450 1626 conversum
1479 1567 1762 1635 cognoscit
1799 1566 1867 1620 ad

282 1671 550 1725 Christum
582 1683 596 1722 :
628 1664 773 1735 quod
819 1672 872 1718 te
913 1661 1058 1716 videt
1097 1675 1161 1715 ea
1213 1660 1266 1713 iu
1316 1657 1509 1728 quibus
1531 1656 1726 1710 videris
1748 1669 1868 1710 esse

281 1761 552 1824 deserere,
577 1765 632 1813 et
675 1757 744 1811 ab
788 1770 973 1808 amore
1022 1751 1396 1822 temporalium
1427 1759 1866 1818 terrenorumque

282 1867 457 1908 rerum
490 1849 558 1904 ad
588 1849 676 1903 illa
705 1845 943 1903 cariestia
972 1853 1026 1899 et
1053 1853 1254 1898 aeterna
1279 1841 1390 1910 jam
1413 1839 1574 1895 corde
1596 1839 1866 1906 migrare?

1968 653 2022 708 in
2073 651 2343 721 deterius,
2374 652 2459 706 vel
2511 651 2564 705 in
2595 651 2788 706 melius
2818 658 3238 719 commutentur,
3272 650 3415 707 illius
3463 653 3547 706 iu-

1969 738 2332 796 commutabili
2353 740 2579 796 consilio
2601 740 2659 793 tit
2685 740 2776 810 qui
2798 754 2898 794 nec
2912 739 3223 793 melioribus
3243 739 3426 806 rebus,
3449 755 3551 796 nec

1968 831 2324 886 deterioribus
2353 836 2738 886 commutatur.
2762 830 2943 898 Neque
2966 829 3108 884 enim
3129 831 3292 884 habet
3314 831 3402 884 ubi
3431 846 3553 900 pro-

1969 922 2112 977 ﬁciat
2155 921 2268 989 ipse
2298 921 2350 973 in
2379 920 2598 985 melius,
2629 927 2721 974 aut
2750 919 2890 973 unde
2933 920 2986 972 iu
3025 919 3261 974 deterius
3311 919 3547 974 deﬁciat.

1967 1013 2062 1068 lll-e
2089 1013 2232 1082 quod
2261 1021 2359 1077 est,
2379 1026 2594 1081 semper
2612 1020 2712 1077 est,
2739 1020 2794 1066 et
2820 1012 2958 1066 sicut
2985 1019 3086 1074 est,
3120 1012 3193 1064 ita
3223 1019 3325 1076 est,
3354 1027 3461 1066 nou
3497 1013 3553 1066 in

1969 1117 2026 1156 se
2055 1103 2217 1157 habet
2247 1117 2354 1156 non
2400 1117 2522 1156 esse
2571 1117 2728 1172 posse
2772 1101 2914 1171 quod
2955 1109 3066 1168 est,
3097 1101 3220 1171 quia
3262 1117 3363 1156 nec
3391 1102 3445 1156 in
3493 1117 3554 1157 se

1970 1193 2134 1248 habet
2163 1208 2282 1248 esse
2311 1208 2470 1262 posse
2498 1192 2639 1262 quod
2663 1208 2769 1246 non
2799 1201 2900 1247 est.
2935 1190 3000 1245 Et
3028 1192 3131 1246 hoc
3167 1192 3313 1260 quod
3341 1193 3419 1247 sic
3447 1201 3550 1258 est,

1969 1299 2076 1338 non
2102 1284 2254 1338 initio
2279 1283 2624 1352 prtevenitur,
2649 1281 2884 1336 non'ﬁue
2913 1281 3268 1347 concluditur,
3287 1297 3391 1336 non
3422 1289 3554 1336 tem-

1968 1373 2189 1445 poribus
2218 1373 2465 1436 volvitur,
2497 1387 2603 1426 non
2632 1370 2764 1425 locis
2793 1371 3120 1438 continetur,
3150 1386 3260 1425 non
3303 1370 3554 1425 aetatibus

1967 1464 2227 1542 variatur.
2259 1461 2401 1516 Nihil
2430 1461 2501 1516 ibi
2524 1459 2691 1524 deest,
2716 1459 2838 1529 quia
2861 1468 3034 1512 totum
3064 1458 3116 1512 in
3146 1459 3239 1512 illo
3268 1467 3383 1524 est;
3417 1444 3551 1512 nihil

1970 1553 2042 1607 ibi
2070 1559 2337 1622 superest,
2361 1551 2486 1620 quia
2517 1550 2646 1604 nihil
2674 1556 2870 1620 prmter
2896 1549 3042 1603 illum
3073 1557 3174 1602 est.

2041 1660 2093 1716 5.
2125 1659 2182 1715 Si
2221 1659 2314 1728 qui
2345 1673 2494 1728 ergo,
2521 1673 2698 1713 rerum
2730 1657 3106 1726 temporalium
3135 1663 3190 1711 et
3217 1656 3552 1710 mutabilium

1970 1768 2154 1808 amore
2175 1759 2510 1821 contempto,
2546 1749 2598 1804 in
2634 1749 2774 1804 illius
2800 1748 3140 1802 dilectionem
3168 1755 3464 1812 transeunt,
3498 1747 3552 1801 in

1971 1846 2089 1916 ipso
2111 1853 2268 1900 erunt
2295 1844 2460 1914 pleni,
2485 1843 2537 1897 in
2563 1857 2668 1912 quo
2694 1841 2827 1896 nihil
2853 1841 3148 1910 indigetur;
3177 1841 3230 1894 in
3259 1855 3325 1894 eo
3353 1840 3549 1905 securi,

282 1940 535 2008 Quamvis
579 1937 722 1994 enim
771 1935 1015 1990 Christus
1040 1932 1318 2003 aequaliter
1339 1931 1407 1986 sit
1436 1945 1534 2000 pro
1563 1931 1771 1984 cunctis
1801 1927 1862 1978 ﬁ-

1978 1938 2022 1991 in
2049 1952 2157 2006 quo
2185 1935 2318 1990 nihil
2341 1935 2630 1998 metuitur;
2656 1933 2708 1986 in
2732 1947 2798 1986 eo
2817 1947 2946 1986 vere
2971 1945 3288 2000 semperque
3309 1931 3548 2000 gloriosi,

281 2033 489 2089 delibus
511 2037 776 2092 mortuus,
795 2035 850 2082 et
863 2024 1068 2095 aequale
1089 2024 1298 2080 cunctis
1320 2020 1637 2077 beneﬁcium
1655 2020 1870 2074 redem-

283 2123 478 2194 ptionis
530 2119 871 2188 impenderit,
917 2117 1129 2170 dicente
1179 2112 1438 2182 Apostolo
1496 2129 1510 2164 :
1567 2110 1867 2180 Quicunque

282 2215 412 2267 enim
442 2213 498 2265 in
539 2209 744 2264 Christo
788 2206 1036 2278 baptizati
1075 2207 1215 2270 estis,
1269 2203 1528 2257 Christum
1577 2201 1866 2256 induistis:

284 2322 382 2359 non
404 2314 482 2358 est
509 2301 725 2356 Judwus
753 2317 912 2370 neque
943 2297 1154 2353 Crazcus
1179 2309 1225 2360 ιι,
1257 2313 1359 2350 non
1389 2306 1464 2349 est
1507 2311 1679 2349 servus
1708 2309 1869 2364 neque

283 2395 424 2461 liber,
449 2410 555 2448 non
588 2401 664 2447 est
691 2391 948 2446 masculus
979 2404 1140 2461 neque
1166 2390 1393 2459 femina;
1425 2401 1599 2440 omnes
1619 2385 1756 2438 enim
1783 2400 1868 2437 vos

284 2503 435 2540 unum
457 2485 583 2539 estis
610 2485 663 2537 in
693 2482 897 2536 Christo
924 2480 1051 2535 Iesu
1085 2479 1227 2552 (Cal.
1260 2495 1336 2541 tu,
1376 2477 1468 2547 9.7)
1493 2493 1510 2536 ς
1542 2483 1722 2529 tamen
1747 2490 1871 2529 cou-

287 2576 456 2630 versio
501 2573 801 2645 potentium
842 2571 1022 2627 seculi
1050 2569 1272 2624 multum
1299 2567 1493 2621 militat
1512 2565 1873 2634 acquisitioui-

288 2666 380 2721 bus
399 2664 628 2719 Christi.
1569 2707 1572 2710 .

271 2821 274 2824 ,
353 2755 480 2810 Car.
517 2771 592 2809 ut.
624 2751 880 2824 Exempla
907 2751 1139 2821 optimati
1158 2767 1208 2803 m
1239 2748 1446 2802 trahunt
1469 2757 1583 2816 post
1611 2763 1665 2801 se
1692 2746 1868 2800 multi-

293 2847 532 2900 tudinem.
576 2872 650 2884 --
690 2843 741 2897 5.
775 2843 923 2898 Sicut
966 2842 1110 2896 enim
1167 2840 1319 2894 multi
1367 2838 1560 2893 fratres
1601 2846 1658 2892 et
1685 2837 1865 2905 amici,

292 2938 507 2992 dientes
527 2944 584 2992 et
611 2935 827 2999 subditi,
861 2933 973 2988 noti
1007 2932 1208 3002 pariter
1233 2939 1288 2986 et
1329 2930 1521 3001 ignoti,
1551 2929 1734 2983 talium
1775 2945 1871 2983 au-

294 3027 555 3092 ctoritate,
579 3025 647 3079 ad
667 3023 948 3078 mundana:
963 3021 1263 3077 dilectionis
1276 3021 1579 3076 excitantur
1599 3019 1869 3092 ardorem,

295 3126 344 3171 et
368 3132 433 3172 eo
453 3116 624 3184 magis
645 3115 765 3182 igne
783 3112 1052 3167 saecularis
1071 3109 1515 3180 concupiscentiae
1538 3091 1873 3164 succendun-

295 3217 390 3270 tur.
421 3223 529 3277 quo
557 3206 814 3262 sublimes
835 3203 1016 3260 saeculi
1043 3202 1331 3257 dilectione
1351 3200 1618 3255 mundana
1643 3200 1876 3254 libenter

294 3304 526 3374 captivos
556 3300 726 3355 teneri
751 3298 1088 3368 conspiciunt
1122 3313 1134 3348 :
1174 3296 1328 3366 187
1374 3295 1448 3348 ita
1496 3293 1749 3362 quotiens
1777 3292 1866 3345 ille
1896 3299 1939 3360 (ζ

293 3395 368 3463 qui
389 3393 595 3462 respicit
635 3391 688 3444 in
732 3399 943 3450 terram,
972 3397 1021 3440 et
1051 3388 1175 3457 facit
1216 3403 1328 3439 eam
1374 3394 1606 3446 tremere,
1640 3385 1725 3453 qui
1755 3393 1870 3435 tan-

301 3487 366 3556 git
407 3492 624 3548 montes,
655 3490 702 3534 et
749 3481 1004 3552 [umigant
1045 3477 1138 3548 [αι.
1173 3473 1527 3545 famigabunt]
1561 3472 1733 3546 (Psal.
1757 3488 1868 3536 cm,

294 3574 398 3644 3‘2),
426 3574 551 3628 dum
612 3571 838 3626 terrenis
892 3569 1052 3623 rebus
1095 3567 1300 3621 intenta
1348 3565 1511 3621 corda
1565 3563 1869 3616 miscricor-

293 3668 423 3749 diteor
447 3665 687 3735 respicit,
732 3671 787 3718 et
838 3661 1270 3716 consideratione
1311 3656 1499 3725 judicii
1525 3656 1607 3710 sui
1640 3664 1872 3708 tremere

296 3744 580 3827 compellit,
635 3755 866 3822 dumque
910 3751 1172 3819 contingit
1214 3747 1442 3818 superba
1495 3745 1656 3801 corda
1707 3744 1874 3797 subli-

295 3850 475 3916 mium,
508 3846 652 3901 velut
698 3843 1007 3898 altitudines
1029 3840 1314 3902 montium,
1340 3845 1397 3890 ut
1419 3835 1759 3890 confessione
1793 3832 1874 3887 fu-

297 3943 486 4009 migent
507 3946 891 4011 peccatorum;
921 3937 974 3991 in
1016 3935 1204 3990 talium
1235 3941 1470 3987 tremore
1493 3919 1710 4000 plurimi
1736 3944 1766 3982 c
1785 3943 1872 3981 in-

299 4033 620 4094 tremiscunt,
653 4036 708 4083 et
735 4028 788 4083 in
819 4026 1000 4081 talium
1037 4021 1395 4080 conversione
1427 4019 1583 4074 multi
1612 4017 1681 4072 ad
1707 4016 1876 4072 subsi-

301 4123 431 4177 dium
478 4118 839 4176 miserationis
885 4115 1082 4170 divinae
1131 4111 1467 4180 confugiunt.
1498 4107 1577 4162 lta
1610 4106 1669 4161 ﬁt
1692 4114 1750 4161 ut
1781 4106 1876 4175 qui

300 4224 411 4267 sunt
435 4215 487 4268 in
525 4209 706 4267 saeculi
734 4208 965 4265 culmine
1011 4204 1308 4268 constituti,
1341 4211 1434 4256 aut
1489 4201 1758 4272 plurimos
1788 4214 1876 4254 se-

303 4321 406 4359 cum
435 4303 680 4374 perdant,
711 4309 804 4355 aut
830 4313 1013 4354 secum
1045 4295 1242 4350 multos
1270 4295 1322 4348 in
1351 4293 1434 4346 via
1464 4290 1654 4346 salutis
1682 4289 1876 4358 acqui-

303 4404 429 4450 raut.
485 4393 673 4461 Magna
721 4391 857 4446 tales
908 4397 1000 4442 aut
1037 4401 1195 4456 pmna
1224 4389 1426 4450 manet,
1457 4382 1503 4436 si
1532 4380 1712 4434 multis
1745 4394 1878 4448 prmo

304 4483 448 4538 beant
468 4483 625 4538 mala:
653 4477 967 4534 imitationis
993 4476 1260 4544 laqueum,
1293 4479 1386 4525 aut
1431 4469 1621 4538 gloria,
1651 4468 1696 4520 si
1746 4466 1880 4519 mul-

307 4576 366 4629 tis
408 4573 691 4630 ostendant
731 4579 929 4625 sancta:
975 4563 1399 4623 conversationis
1446 4561 1775 4628 exemplum.
1807 4585 1879 4596 --

307 4666 419 4721 CAP.
448 4683 516 4722 tv.
547 4697 619 4708 —
645 4663 774 4730 Quis
801 4661 943 4716 enim
974 4674 1080 4712 non
1112 4669 1332 4726 parvam
1358 4651 1619 4721 despiciat
1657 4650 1872 4710 cellam,
1913 4677 1958 4734 D

307 4757 502 4825 quando
529 4763 748 4810 senator
776 4751 994 4806 domum
1041 4746 1263 4817 despicit
1305 4750 1686 4798 marmoratam
1704 4742 1726 4793 ?
1747 4738 1875 4804 Quis

312 4863 404 4902 non
429 4856 639 4902 terrena
666 4849 1020 4899 contemnens
1047 4837 1114 4891 ad
1142 4832 1468 4905 acquirenda
1496 4831 1741 4885 cmlestia
1772 4829 1875 4884 sibi

312 4941 551 5006 consulat,
583 4936 802 5008 quando
831 4934 898 4989 ad
938 4932 1135 4988 cmlum
1164 4930 1441 4984 Romanus
1483 4924 1676 4981 consul
1705 4932 1875 4978 terre-

312 5047 480 5086 norum
507 5035 824 5097 contemptu
851 5024 1102 5079 festinat"

320 5127 321 5130 “
370 5123 415 5176 Δ.
446 5123 718 5179 Conversio
746 5118 842 5172 Dei
863 5134 989 5188 Opus
1008 5123 1103 5169 est.
1140 5109 1483 5166 Immutabilis
1510 5107 1666 5174 Deus,
1692 5117 1740 5162 et
1763 5123 1878 5176 qua:

315 5216 660 5280 possidentium
684 5228 799 5265 eum
829 5211 1005 5281 futura
1035 5203 1313 5259 beatitudo.
1340 5201 1551 5254 —-Vere
1578 5201 1631 5254 iu
1665 5208 1716 5253 te
1746 5199 1876 5253 illud

317 5307 438 5375 quod
463 5309 728 5378 propheta
765 5303 961 5359 cecinit
988 5314 1154 5369 opere
1183 5295 1427 5351 videmus
1455 5293 1664 5363 impleri
1692 5311 1703 5345 ε
1740 5291 1870 5345 Ηωσ

318 5412 381 5456 est
407 5405 612 5458 mutatio
655 5402 883 5456 dextera:
919 5395 1130 5450 Excelsi
1187 5390 1355 5465 (Psal.
1390 5403 1573 5454 Lxxv1,
1604 5386 1714 5454 ll).
1747 5385 1878 5452 Quis

321 5499 440 5552 enim
468 5499 518 5553 in
549 5507 603 5552 te
641 5496 748 5551 hoc
775 5491 988 5563 operari
1028 5487 1221 5558 potuit,
1252 5483 1352 5537 nisi
1385 5481 1473 5536 ille
1512 5479 1603 5549 qui
1635 5478 1878 5534 ordinem

321 5591 628 5644 mutabilium
677 5598 861 5642 rerum
907 5565 1200 5637 secundum
1249 5571 1685 5630 incommutabile
1736 5569 1883 5623 novit

322 5691 488 5746 tegere
513 5695 576 5735 ac
603 5677 919 5747 dispensare
947 5666 1268 5726 consilium?
1289 5663 1445 5732 Quia,
1469 5670 1528 5715 ut
1555 5658 1759 5728 singula
1785 5673 1884 5728 pro

387 5876 406 5900 ·
444 5864 638 5917 Absunt
668 5861 782 5914 hinc
828 5870 934 5908 non
985 5859 1058 5906 est
1097 5848 1332 5908 Judazus,
1363 5858 1520 5917 neque
1547 5838 1776 5917 Gnaeus,

336 5904 996 6004 editis-iileng'miiurvinvius,
1019 5920 1178 5996 Corb.
1212 5927 1265 5974 ct
1293 5904 1449 5971 textu
1489 5907 1734 5968 Aoostoli
1760 5947 1774 5974 ,
1800 5904 1887 5960 alii

1969 2027 2121 2096 cujus
2149 2042 2275 2081 vera
2297 2033 2353 2080 et
2381 2024 2705 2092 sempiterna
2733 2021 2904 2090 gloria
2926 2035 3027 2075 nec
3051 2018 3312 2087 aufertur,
3337 2035 3435 2073 nec
3461 2020 3555 2072 mi-

1970 2120 2172 2183 nuitur,
2217 2132 2318 2172 nec
2363 2121 2605 2184 augetur.
2639 2112 2768 2178 Quis
2810 2127 2918 2166 non
2964 2110 3104 2165 illius
3131 2111 3254 2164 vita:
3285 2109 3554 2164 desiderio

1970 2214 2290 2279 praesentem
2307 2206 2468 2260 vitam
2489 2202 2920 2273 despiciat?Quis
2937 2217 3040 2255 non
3057 2201 3199 2254 illius
3215 2200 3555 2254 abundantia:

1969 2300 2382 2362 delectamento,
2425 2295 2637 2349 divitias
2664 2293 2920 2363 temporis
2945 2293 3172 2348 labentis
3220 2291 3555 2346 exhorreat?

1971 2389 2101 2455 Quis
2127 2404 2233 2443 non
2263 2388 2406 2442 illius
2427 2387 2576 2456 regni
2606 2385 2894 2440 dilectione
2935 2383 3115 2438 omnia
3147 2391 3360 2437 terrena
3389 2397 3556 2450 regna

1973 2487 2283 2536 contemnat
2304 2480 2327 2532 ?

2043 2600 2096 2654 6.
2128 2599 2416 2653 Humilium
2443 2605 2639 2650 tantum
2666 2596 2840 2665 futura
2867 2592 3227 2647 beatitudo.-—
3250 2591 3401 2644 Illam
3425 2603 3557 2654 ergo

1975 2695 2138 2750 vitam
2163 2700 2290 2746 tunc
2310 2689 2655 2758 accipiemus,
2679 2685 2725 2740 si
2745 2685 2870 2739 huic
2893 2698 2990 2738 nos
3010 2683 3132 2737 vita:
3153 2689 3395 2736 mortuos
3412 2681 3559 2735 msti-

1972 2799 2200 2849 memus;
2220 2791 2276 2838 et
2295 2782 2414 2836 illas
2433 2780 2645 2835 divitias
2667 2786 2794 2832 tunc
2813 2773 3224 2846 possidebimus,
3240 2773 3285 2826 si
3315 2773 3402 2826 hic
3423 2787 3558 2841 pau-

1972 2894 2132 2952 peres
2157 2877 2349 2947 spiritu
2375 2875 2648 2938 vivamus;
2673 2882 2728 2926 et
2755 2869 2821 2924 ad
2851 2869 2991 2923 illius
3015 2867 3167 2936 regni
3189 2866 3399 2921 culmen
3431 2872 3561 2922 tunc

1974 2973 2369 3044 perveniemus,
2391 2969 2435 3022 si
2458 2968 2544 3022 hic
2574 2964 2957 3026 humilitatem,
2985 2974 3146 3029 quam
3168 2957 3309 3012 Deus
3337 2956 3425 3010 ille
3446 2956 3559 3010 hia--

1973 3067 2141 3135 gister
2160 3063 2360 3125 docuit,
2385 3075 2514 3114 vero
2541 3057 2707 3113 corde
2730 3065 3026 3110 teneamus.
3049 3083 3120 3092 —
3139 3049 3270 3104 Car.
3301 3065 3437 3105 v.—
3454 3047 3560 3101 Ta—

1975 3159 2115 3213 libus
2161 3153 2388 3210 mortuis
2428 3151 2558 3206 dicit
2600 3149 2792 3203 beatus
2835 3143 3168 3214 Apostolus:
3201 3139 3395 3194 Μονιυὶ
3421 3138 3562 3192 enim

1975 3250 2184 3314 estis,et
2208 3249 2309 3302 vita
2339 3253 2503 3299 vestra
2530 3240 2833 3294 abscondita
2861 3246 2937 3290 est
2965 3251 3080 3288 cum
3109 3231 3312 3286 Christo
3341 3232 3394 3284 in
3424 3228 3557 3293 Deo,

1969 3360 2084 3397 cum
2106 3341 2338 3395 Christus
2371 3337 2668 3408 apparuerit
2697 3335 2799 3386 vita
2830 3341 3018 3394 vestra,
3052 3339 3171 3382 tunc
3199 3336 3248 3380 et
3276 3343 3362 3380 vos
3391 3342 3559 3395 appa-

1970 3433 2150 3486 rebitis
2171 3445 2284 3482 cum
2311 3427 2399 3480 illo
2428 3429 2481 3478 in
2508 3425 2673 3495 gloria
2704 3420 2924 3493 (Coloss.
2960 3435 3036 3482 tu,
3070 3417 3122 3481 5,
3153 3416 3230 3486 ii).
3257 3415 3333 3469 De
3363 3414 3561 3469 talibus

1971 3524 2136 3578 etiam
2184 3517 2512 3590 pauperibus
2556 3515 2669 3582 ipse
2710 3511 2972 3564 Dominus
3011 3508 3276 3574 loquitur,
3323 3504 3555 3558 dicens:

1975 3611 2120 3666 Beati
2152 3623 2398 3680 pauperes
2428 3604 2611 3673 spiritu
2630 3641 2644 3665 ,
2693 3599 2938 3670 quoniam
2967 3598 3196 3666 ipsorum
3244 3602 3318 3646 est
3347 3609 3560 3662 regnum

1974 3700 2216 3756 caelorum
2247 3694 2460 3765 (Matth.
2494 3708 2546 3751 v,
2577 3689 2654 3759 5).
2686 3688 2761 3740 De
2787 3685 2985 3739 talibus
3015 3697 3228 3752 quoque
3266 3681 3559 3736 humillius

1974 3791 2136 3846 dicit:
2164 3786 2419 3850 Quoniam
2447 3782 2532 3852 qui
2557 3796 2611 3832 se
2638 3775 2979 3831 humiliaverit
3001 3771 3313 3828 exaltabitur
3340 3770 3554 3842 (Matth.

1975 3898 2125 3944 mn,
2162 3880 2282 3949 19.);
2311 3885 2367 3934 et
2391 3878 2497 3932 alio
2518 3877 2641 3929 loco
2660 3892 2672 3926 :
2702 3873 2900 3926 Discite
2919 3887 2952 3923 a
2979 3886 3060 3924 me
3077 3869 3196 3940 quia
3215 3867 3354 3920 mitis
3375 3881 3486 3919 sum
3507 3872 3558 3918 et

1958 3971 2184 4030 humilis
2213 3968 2365 4023 corde
2387 4007 2402 4031 ,
2429 3975 2477 4020 et
2513 3963 2778 4019 invenietis
2821 3961 3045 4027 requiem
3074 3953 3346 4011 animabus
3380 3953 3560 4008 vestris

1979 4061 2194 4134 (Manli.
2225 4075 2301 4126 ιι,
2330 4055 2444 4128 29).

1963 4207 1966 4210 ~
2051 4173 2102 4227 7.
2131 4171 2279 4226 Hanc
2307 4167 2665 4224 humilitatem
2687 4178 2792 4218 non
2817 4157 3021 4216 habent
3044 4159 3158 4214 sive
3180 4156 3272 4227 qui
3300 4153 3557 4210 mundum

1978 4263 2224 4330 diligunt,
2253 4274 2347 4312 seu
2371 4257 2462 4326 qui
2489 4257 2648 4326 188
2674 4253 2787 4307 suis
2805 4249 3008 4304 viribus
3023 4247 3318 4316 assignant,
3345 4260 3468 4299 cum
3497 4257 3563 4298 ea

1979 4368 2100 4422 qua:
2121 4359 2245 4405 sunt
2271 4351 2322 4404 in
2343 4347 2543 4402 mundo
2566 4350 2937 4400 contemnunt.

2052 4464 2182 4519 Car.
2211 4479 2284 4516 vr.
2330 4458 2596 4531 Superbia:
2638 4457 2737 4510 duo
2767 4469 2975 4526 genera.
3010 4449 3176 4503 Omne
3203 4447 3390 4500 bonum
3417 4445 3561 4512 Dea,

1981 4573 2085 4611 non
2109 4553 2300 4610 viribus
2323 4530 2532 4615 nostris,
2565 4541 3158 4619 assignandum—Ilaec
3173 4539 3279 4594 duo
3299 4530 3563 4606 superbia:

1981 4662 2199 4716 genera,
2233 4659 2340 4698 uno
2372 4641 2639 4696 versicqu
2665 4638 2894 4708 Spiritus
2923 4642 3137 4689 sanctus
3184 4627 3483 4696 designavit
3508 4626 3563 4680 in

1982 4738 2209 4810 psalmo,
2247 4735 2460 4789 dicente
2489 4730 2653 4784 David
2681 4747 2692 4781 :
2727 4727 2827 4792 Qui
2858 4725 3122 4795 conﬁdunt
3151 4724 3204 4775 in
3233 4722 3414 4774 virtute
3442 4734 3557 4782 sua,

1978 4831 2159 4902 quique
2203 4828 2258 4879 in
2308 4823 2624 4877 abundantia
2675 4819 2970 4873 divitiarum
3017 4827 3227 4866 suarum
3273 4810 3563 4880 gloriantur

1981 4920 2151 4992 (Psal.
2184 4935 2362 4982 xum,
2397 4916 2472 4987 Ἰ).
2505 4915 2561 4969 1η
2593 4909 2916 4968 abundantia
2945 4906 3087 4961 enim
3109 4903 3417 4957 divitiarum
3439 4915 3564 4954 sua—

1979 4991 2098 5068 rum
2136 5012 2452 5080 gloriantur,
2479 5007 2571 5077 qui
2623 5006 2701 5060 sic
2744 5001 2956 5058 divitias
2981 5012 3104 5052 suas
3131 4995 3376 5062 diligunt,
3423 4999 3480 5045 ut
3509 4991 3565 5044 iu

1981 5105 2110 5176 ipsis
2125 5119 2387 5159 summam
2412 5097 2754 5156 beatitudinis
2775 5093 3073 5155 collocent;
3103 5089 3154 5143 in
3183 5102 3279 5142 sua
3301 5100 3430 5140 vero
3457 5082 3566 5136 vir-

1985 5207 2098 5252 tute
2126 5194 2420 5259 conﬁdunt,
2445 5193 2535 5261 qui
2563 5191 2640 5245 sic
2669 5191 3020 5243 contemnunt
3048 5181 3283 5244 divitias,
3313 5185 3371 5230 ut
3391 5176 3566 5243 ipsum

1984 5295 2348 5356 contemptum
2380 5283 2579 5336 viribus
2608 5279 2717 5332 suis
2740 5277 3046 5343 assignent;
3090 5287 3153 5325 ac
3178 5284 3273 5340 per
3301 5268 3404 5321 hoc
3434 5264 3568 5318 utri‘

1985 5358 2088 5448 que
2125 5376 2339 5446 superbi
2364 5382 2487 5429 sunt
2519 5391 2528 5424 :
2563 5372 2662 5438 illi,
2684 5368 2808 5438 quia
2834 5368 2888 5421 in
2909 5364 3107 5421 divitiis
3126 5358 3422 5423 conﬁdunt,
3457 5370 3568 5409 non

1987 5444 2038 5522 in
2072 5444 2221 5530 Deo;
2249 5465 2332 5518 isti
2371 5471 2567 5526 autem,
2591 5460 2717 5528 quia
2744 5457 2887 5526 quod
2914 5453 3128 5509 divitias
3153 5455 3431 5520 spernunt,
3463 5444 3567 5499 sibi

1986 5561 2173 5616 volunt
2201 5558 2494 5624 assignare,
2519 5568 2624 5607 non
2656 5552 2792 5605 Deo:
2824 5547 2918 5613 illi,
2946 5546 3071 5614 quia
3100 5541 3240 5613 quod
3263 5541 3400 5595 bene
3421 5535 3568 5604 diligi

1989 5669 2094 5708 non
2122 5658 2320 5721 potest,
2345 5647 2483 5702 male
2504 5645 2756 5714 diligunt;
2781 5640 2888 5735 isti',
2911 5637 3035 5708 quia
3061 5633 3204 5705 quod
3227 5633 3365 5687 bene
3387 5626 3568 5700 sperni

1986 5829 2141 5886 codd.
2175 5826 2502 5883 adduntnon
2531 5830 2604 5877 est
2629 5817 2877 5874 barbarus
2911 5829 3070 5883 neque
3103 5805 3318 5880 Scytha.
