4072 6332
480 433 579 489 331

481 639 622 696 male
649 637 871 710 faciunt,
898 637 985 694 isti
1011 635 1209 690 bonum
1237 633 1376 688 male
1407 637 1719 701 operantur.

553 728 609 783 8.
661 727 895 788 Proinde
921 725 1196 796 quoniam,
1228 723 1456 780 Domino
1483 723 1538 777 in
1567 730 1620 777 te
1648 722 2067 778 misericorditer

483 829 766 888 operante,
785 816 897 888 jam
929 816 1161 871 didicisti
1187 817 1241 872 in
1268 816 1595 872 abundantia
1625 815 1929 871 divitiarum
1957 825 2070 870 tua-

485 925 602 963 rum
649 924 758 962 non
805 908 1044 978 gloriari,
1077 907 1182 962 hoc
1227 891 1472 976 superest
1499 915 1557 962 ut
1606 923 1710 961 non
1741 907 1978 963 confidas
2009 907 2063 961 in

485 1001 681 1054 virtute
709 1007 816 1065 tua,
834 1000 886 1054 id
913 1007 1084 1056 estne
1109 1001 1334 1070 deputes
1355 1000 1556 1059 viribus
1583 1000 1690 1054 tuis
1711 998 1857 1069 quod
1887 998 2066 1071 saeculi

481 1091 766 1146 facultates
786 1090 1105 1162 divitiasque
1126 1091 1448 1156 contemnis,
1462 1089 1604 1162 quod
1627 1089 1861 1144 honores
1882 1087 2067 1144 mundi

481 1199 580 1254 pro
603 1183 771 1238 nihilo
791 1182 960 1249 ducis,
985 1181 1128 1254 quod
1150 1182 1417 1240 desiderio
1447 1181 1596 1250 regni
1625 1180 1861 1236 cmlestis
1880 1194 2068 1235 accen-

482 1275 648 1344 deris,
679 1274 824 1345 quod
857 1276 998 1330 viam
1027 1274 1401 1332 mandatorum
1453 1273 1549 1328 Dei
1585 1287 1802 1328 currere
1828 1271 2066 1326 delecta-

482 1365 574 1420 ris.
618 1366 743 1424 Hcce
770 1367 910 1421 enim
939 1367 1119 1420 omnia
1151 1366 1454 1421 nullatenus
1496 1365 1741 1429 haberes,
1775 1364 1876 1419 nisi
1905 1381 1934 1418 a
1959 1364 2068 1418 Deo

483 1473 706 1513 munere
733 1459 978 1526 gratuita:
1004 1457 1310 1514 donationis
1341 1459 1615 1527 acciperes
1644 1497 1656 1510 .
1689 1472 1795 1514 non
1825 1457 1928 1512 hoc
1966 1457 2067 1511 bo-

483 1547 614 1601 mini
635 1547 728 1602 dat
749 1556 960 1614 natura,
976 1548 1069 1602 sed
1097 1549 1299 1616 gratia;
1327 1563 1431 1601 non
1457 1547 1560 1602 hoc
1583 1562 1646 1601 ex
1670 1546 1926 1616 qualitate
1946 1561 2073 1601 con-

482 1637 700 1694 ditionis
726 1639 968 1693 humana:
1011 1639 1258 1705 habetur,
1295 1639 1390 1693 sed
1419 1653 1482 1693 ex
1514 1637 1848 1706 benignitate
1877 1637 2070 1692 divina:

484 1727 889 1782 illuminationis
921 1728 1231 1798 acquiritur.

556 1817 607 1871 9.
634 1817 807 1873 Homo
833 1819 1048 1888 quidem
1072 1819 1149 1874 sic
1172 1834 1201 1872 a
1225 1819 1337 1873 Deo
1361 1817 1531 1874 factus
1551 1827 1632 1874 est
1659 1827 1717 1873 ut
1739 1820 1852 1874 haec
1869 1819 2072 1873 habere

1521 430 1577 501 S,
1617 427 1973 484 FULCENTII
2010 429 2306 488 EPISCOPI
2349 431 2710 490 RIJSPENSIS

483 553 683 620 potest,
714 562 820 601 non
849 545 986 604 bene
1023 551 1318 615 spernunt;
1349 553 1422 596 'ac
1451 557 1549 610 per
1576 545 1698 605 hoc,
1743 541 1818 596 illi
1866 541 2065 596 malum
2096 550 2141 605 Α

3651 443 3756 497 552

2245 545 2329 599 Η.
2363 547 2624 612 Quocirca
2645 587 2660 611 ,
2688 554 2745 601 ut
2774 548 2825 601 in
2858 548 2939 603 his
2965 549 3122 604 bouis
3149 565 3267 619 qum
3298 565 3328 604 a
3359 549 3472 608 Deo
3492 551 3746 624 accepisti

2170 650 2486 706 permaneas
2506 647 2559 690 et
2579 637 2828 706 proﬁcias
2852 655 2866 700 ;
2894 646 2951 692 ut
2979 653 3078 694 nec
3095 639 3148 693 in
3179 640 3263 693 via
3295 655 3575 698 remaneas
3595 683 3612 708 ,
3647 656 3746 701 nec

2169 737 2314 781 retro
2344 727 2554 795 redeas,
2583 744 2683 783 nec
2712 729 2763 782 in
2791 729 3068 784 dexteram
3099 731 3440 787 sinistramve
3468 733 3703 790 divertas
3728 775 3744 801 ,

2168 816 2424 887 quidquid
2453 819 2618 872 babes
2639 819 2792 874 home
2825 821 3142 887 voluntatis,
3174 821 3260 877 vel
3292 824 3449 878 bona:
3476 826 3746 894 operatio«

2169 907 2272 972 nis,
2299 907 2410 962 Deo
2439 910 2672 977 assigna,
2703 911 2792 978 qui
2823 910 3004 979 dedit,
3033 921 3089 966 et
3116 913 3288 983 ipsum
3317 914 3590 972 humiliter
3617 930 3746 984 roga

2171 1009 2228 1052 ut
2265 1008 2321 1053 et
2366 1010 2652 1055 conservet
2701 1010 2755 1056 et
2796 1012 2989 1071 augeat
3015 1005 3158 1073 quod
3195 995 3436 1061 donavit.
3480 1009 3621 1064 Nihil
3651 1011 3749 1065 tibi

2170 1088 2298 1143 boni
2328 1097 2578 1159 tanquam
2609 1099 2754 1146 tuum
2787 1094 3056 1162 assignes,
3087 1110 3154 1150 ne
3204 1113 3310 1152 non
3341 1099 3571 1168 accipias
3602 1099 3746 1168 quod

2169 1183 2416 1251 accipere
2456 1195 2673 1253 poteras
2694 1227 2708 1250 ,
2751 1193 2804 1240 et
2833 1186 2976 1257 quod
3006 1195 3297 1258 acceperas
3325 1191 3540 1258 perdas.
3582 1192 3745 1247 Dete-

2169 1273 2376 1328 stabilis
2405 1285 2486 1330 est
2524 1277 2666 1330 enim
2702 1278 2879 1332 cordis
2906 1279 3124 1334 humani
3153 1282 3401 1351 superbia
3425 1324 3440 1348 ,
3488 1299 3591 1353 qua
3623 1283 3748 1340 facit

2171 1369 2336 1422 homo
2366 1369 2510 1437 quod
2540 1369 2680 1426 Deus
2705 1371 2756 1424 iu
2789 1371 3094 1427 hominibus
3115 1373 3368 1439 damnat;
3412 1376 3504 1430 sed
3535 1377 3623 1430 illa
3647 1377 3746 1433 de-

2172 1461 2472 1516 testabilior
2505 1477 2610 1531 qua
2632 1463 2732 1518 sibi
2758 1465 2939 1519 tribuit
2966 1466 3129 1522 homo
3164 1467 3307 1536 quod
3338 1467 3477 1524 Deus
3513 1468 3746 1524 homini-

2172 1552 2271 1607 bus
2295 1553 2477 1608 donat.
2520 1553 2692 1609 Tanto
2719 1558 2860 1610 enim
2883 1556 3165 1613 deterioris
3193 1567 3409 1614 tenetur
3431 1559 3531 1614 iste
3556 1575 3746 1630 super-

2172 1644 2273 1699 bia‘.
2303 1660 2461 1710 rcus,
2502 1654 2705 1714 quanto
2734 1646 2786 1700 in
2814 1647 3125 1702 melioribus
3150 1648 3305 1703 donis
3355 1650 3539 1704 existit
3568 1649 3747 1718 ingral

2174 1741 2278 1791 tus.
2321 1735 2648 1798 Damnabilis
2670 1745 2752 1791 est
2773 1737 2862 1806 qui
2887 1738 3182 1793 substantia
3204 1740 3383 1794 saeculi
3404 1741 3542 1796 male
3562 1742 3756 1806 utitur,.

2175 1824 2268 1879 sed
2328 1824 2687 1881 damnabilior
2743 1827 2834 1895 qui
2893 1827 3221 1897 spiritalibus
3275 1829 3429 1884 donis
3488 1831 3748 1900 superbus

471 1905 675 1975 possit,
729 1905 824 1961 sed
865 1907 1066 1962 habere
1100 1923 1208 1962 non
1250 1913 1427 1977 potest
1457 1907 1557 1961 nisi
1608 1908 1751 1962 dono
1781 1907 1877 1961 Dei
1905 1906 2069 1959 mise-

2175 1913 2419 1971 eﬂ‘ertur.

485 1995 654 2050 rantis
681 1995 948 2067 acceperit
973 2013 984 2047 :
1017 2009 1140 2048 nam
1177 2003 1232 2050 et
1260 1995 1448 2050 oculus
1476 1996 1553 2050 sic
1593 1995 1762 2050 factus
1791 2003 1874 2050 est
1901 2001 1959 2048 ut
1988 1995 2069 2049 vi-

485 2081 615 2139 der'e
641 2085 821 2140 lumen
847 2085 1037 2155 possit,
1069 2085 1164 2140 sed
1206 2085 1390 2140 videre
1431 2101 1539 2141 non
1568 2093 1750 2156 potest
1777 2085 1877 2140 nisi
1906 2099 1965 2139 se
1994 2083 2069 2138 illi

487 2173 666 2228 lumen
696 2173 964 2228 infuderit.
995 2173 1147 2241 Quod
1177 2189 1306 2243 ergo
1329 2175 1475 2230 videt
1503 2175 1714 2243 oculus,
1748 2173 2068 2230 benelicium

486 2272 568 2317 est
598 2264 846 2328 luminis;
877 2280 984 2334 quo
1023 2265 1066 2321 si
1094 2265 1343 2331 caruerit,
1376 2281 1548 2321 caecus
1575 2265 1876 2320 remanebit
1900 2265 1954 2318 in
1986 2273 2071 2318 te-

485 2353 685 2407 nebris.
717 2353 833 2409 Non
856 2371 1014 2410 omne
1041 2354 1184 2423 quod
1227 2355 1426 2428 aliquid
1455 2370 1571 2410 esse
1598 2363 1796 2426 potest,
1821 2357 1932 2426 jam
1968 2355 2072 2410 hoc

485 2452 570 2498 est
618 2444 762 2512 quod
790 2459 909 2499 esse
959 2451 1158 2514 potest,
1191 2445 1294 2500 nisi
1343 2446 1435 2516 (at.
1467 2445 1584 2514 sed)
1615 2445 1702 2500 cui
1753 2445 2074 2500 naturaliter

485 2533 589 2588 hoc
617 2541 839 2598 estesse
869 2549 1024 2602 posse
1049 2535 1192 2602 quod
1221 2550 1436 2604 semper
1466 2543 1567 2590 est.
1603 2534 1702 2590 Hie
1726 2542 1905 2590 autem
1935 2552 2072 2590 unus

486 2623 628 2680 Deus
649 2623 762 2694 ipsa
793 2623 1025 2678 Trinitas
1050 2633 1149 2691 est,
1176 2624 1226 2678 id
1255 2632 1356 2688 est,
1389 2624 1568 2694 Pater,
1588 2634 1642 2680 et
1662 2625 1850 2693 Filius,
1874 2635 1929 2680 et
1957 2625 2075 2696 Spi-

484 2716 621 2770 ritus
645 2724 863 2772 sanctus
888 2733 901 2769 :
931 2717 1023 2784 qui
1049 2716 1196 2772 solus
1223 2725 1306 2773 est
1351 2717 1589 2773 omnium
1619 2733 1800 2772 rerum
1829 2727 2070 2788 creator,

483 2807 608 2876 quia
633 2806 780 2862 solus
808 2823 839 2862 a
870 2808 1018 2863 nullo
1047 2815 1258 2864 creatus
1291 2816 1393 2863 est.
1417 2807 1608 2862 Omnia
1641 2823 1786 2876 vero,
1817 2811 2069 2878 quoniam

485 2900 554 2954 ah
582 2899 674 2954 illo
701 2908 884 2955 creata
905 2907 1052 2969 sunt,
1084 2915 1192 2954 non
1219 2900 1289 2955 de
1317 2901 1428 2965 illo,
1455 2901 1776 2956 naturaliter
1804 2910 1858 2957 et
1901 2903 2070 2958 detri-

485 3002 671 3050 mento
699 2993 981 3064 subjacent
1001 3001 1056 3049 et
1076 3002 1375 3050 cremento.
1391 2994 1461 3050 Ut
1479 3010 1608 3064 ergo
1629 2995 1874 3064 quzedam
1900 2995 1951 3049 in
1978 2995 2073 3050 de-

487 3085 687 3140 teriora
719 3101 825 3140 non
867 3084 1112 3140 recidant
1149 3095 1194 3151 ⁸,
1238 3087 1408 3156 gratia
1441 3085 1558 3155 ejus
1581 3086 1869 3155 gubernat;
1919 3095 1975 3142 et
2017 3096 2074 3142 ut

485 3175 729 3244 quredam
761 3177 827 3232 ad
867 3177 1090 3232 meliora
1120 3179 1515 3243 conscendant,
1560 3179 1730 3248 gratia
1762 3178 1928 3247 ipsius
1959 3178 2072 3234 ele—

485 3275 616 3330 vat;
669 3276 726 3322 et
770 3276 829 3322 ut
866 3268 918 3322 in
969 3277 1232 3324 aeternum
1281 3277 1673 3340 permaneant,
1731 3269 1848 3340 ipsa
1900 3271 2071 3339 gratia
2102 3285 2145 3346 ρ

487 3355 720 3412 viviﬁcat
738 3365 793 3411 et
814 3366 1117 3412 conservat.

558 3447 688 3502 ΟΑιν.
721 3464 810 3502 vn.
846 3446 1029 3502 Gratia
1060 3445 1159 3501 Dei
1183 3465 1386 3519 semper
1412 3449 1672 3516 poscenda
1696 3450 1815 3521 quia
1844 3458 1894 3504 et
1921 3450 2068 3518 velte,

486 3547 536 3594 et
560 3539 804 3610 perﬁcere
831 3539 1014 3592 dat.—-
1039 3538 1126 3592 lO.
1159 3538 1327 3607 Hujus
1353 3539 1536 3608 gratia.-
1567 3539 1891 3608 adjutorium
1921 3556 2070 3594 sem-

488 3646 586 3702 per
612 3638 696 3686 est
725 3629 880 3685 nobis
903 3645 933 3682 a
963 3627 1076 3684 Deo
1106 3629 1431 3699 poscendum
1450 3670 1465 3694 ,
1497 3629 1592 3684 sed
1623 3645 1690 3684 ne
1719 3630 1895 3700 ipsum
1924 3630 2071 3700 quod

488 3722 761 3793 poscimus
811 3721 1011 3776 nostris
1049 3720 1251 3775 viribus
1298 3721 1629 3789 assignemus
1661 3739 1674 3773 :
1708 3737 1881 3790 neque
1927 3722 2072 3776 enim

489 3811 676 3867 haberi
703 3820 881 3882 potest
909 3812 1023 3880 ipse
1070 3810 1260 3864 saltem
1291 3811 1554 3865 orationis
1582 3809 1824 3877 affectus,
1858 3811 1959 3866 nisi
1987 3812 2070 3866 di-

489 3903 693 3958 vinitus
731 3901 891 3956 fuerit
931 3901 1236 3955 attributus.
1271 3898 1341 3954 Ut
1368 3913 1498 3968 ergo
1526 3899 1895 3954 desideremus
1923 3901 2077 3970 adju-

491 3995 693 4049 torium
740 3992 959 4062 grati-.19.,
1014 3993 1118 4048 hoc
1146 3993 1317 4062 ipsum
1347 4007 1561 4062 quoque
1591 4007 1726 4060 opus
1748 4001 1832 4047 est
1867 3993 2073 4060 gratim.

491 4082 612 4154 Ipsa
654 4098 886 4151 namque
921 4083 1109 4151 incipit
1137 4082 1364 4146 infundi,
1399 4091 1456 4135 ut
1482 4081 1703 4151 incipiat
1737 4083 1920 4152 posci;
1963 4083 2073 4154 ipsa

491 4187 709 4242 quoque
736 4172 963 4250 amplius
992 4171 1305 4240 infunditur,
1337 4187 1459 4226 cum
1499 4172 1846 4242 poscentibus
1896 4172 2072 4234 datur.

492 4264 624 4330 Quis
651 4278 782 4320 vero
812 4270 990 4334 potest
1007 4263 1234 4332 gratiam
1263 4277 1508 4332 poscere,
1541 4262 1642 4316 nisi
1665 4261 1829 4318 velit?
1851 4262 1945 4318 sed
1974 4263 2074 4318 nisi

494 4355 636 4410 ineo
660 4350 996 4425 Deusipsam
1027 4354 1356 4414 voluntatem
1396 4361 1673 4423 operetur,
1719 4354 1861 4412 velle
1903 4354 2077 4410 nulla-

493 4456 652 4506 tenus
679 4447 896 4518 poterit.
950 4445 1176 4517 Propter
1202 4445 1345 4516 quod
1372 4445 1564 4500 beatus
1609 4444 1901 4516 Apostolus
1923 4486 1938 4510 ,
1968 4459 2074 4499 non

493 4539 667 4602 solum
687 4523 828 4598 bona
855 4553 1018 4618 opera
1035 4537 1333 4601 hominum,
1358 4535 1453 4592 sed
1481 4536 1643 4591 etiam
1669 4535 1866 4590 bonam
1898 4535 2078 4591 volun-

2243 2026 2372 2081 CAP.
2406 2040 2478 2082 ix.
2525 2027 2810 2084 Humilitas
2839 2031 2999 2084 animi
3026 2030 3311 2086 sublimitas
3339 2042 3414 2087 est
3441 2033 3747 2090 Christiani.

2172 2152 2245 2163 —
2269 2119 2357 2174 12.
2383 2118 2601 2175 Crescat
2635 2122 2794 2189 igitur
2824 2122 2875 2176 in
2909 2131 2961 2177 te
2990 2123 3262 2178 humilitas
3290 2125 3488 2192 animi,
3519 2140 3638 2196 qua
3665 2142 3749 2180 ve-

2175 2227 2234 2266 ra
2254 2219 2408 2267 estet
2433 2212 2639 2279 integra
2669 2212 3289 2278 sublimitasChristiani,
3324 2222 3379 2269 et
3401 2223 3552 2270 tanto
3579 2216 3750 2283 magis

2174 2305 2229 2359 in
2261 2311 2314 2358 te
2336 2316 2603 2372 cognosce
2632 2303 2727 2358 Dei
2756 2304 2985 2372 gratiam
3015 2318 3258 2359 crescere
3283 2346 3299 2372 ,
3351 2312 3553 2374 quanto
3580 2305 3750 2373 magis

2175 2393 2270 2448 tibi
2300 2393 2654 2448 humilitatem
2689 2393 2865 2448 cordis
2901 2391 3100 2448 videris
3136 2393 3428 2447 abundare.
3471 2392 3641 2460 Quam
3687 2402 3749 2448 ut

2173 2499 2388 2554 semper
2415 2482 2635 2547 habeas,
2671 2483 2722 2538 in
2752 2499 2857 2553 qua
2887 2491 2945 2537 ut
2974 2497 3188 2553 semper
3217 2484 3494 2554 proficias,
3527 2499 3649 2540 cum
3677 2485 3748 2539 ti-

2173 2588 2326 2628 more
2360 2581 2416 2626 et
2457 2580 2691 2626 tremore
2720 2580 2865 2626 tuam
2899 2572 3126 2627 salutem
3167 2588 3408 2643 operare.
3452 2573 3562 2629 Nec
3589 2574 3756 2630 lectio

2173 2664 2312 2719 desit
2340 2665 2592 2734 operibus
2622 2664 2778 2720 bonis
2801 2706 2815 2730 ,
2869 2679 2970 2719 nec
3006 2665 3145 2719 bona
3174 2680 3337 2734 opera
3366 2665 3544 2720 desint
3572 2667 3754 2724 studio

2175 2756 2438 2811 lectionis.
2497 2755 2646 2810 Bona
2674 2771 2856 2810 coram
2887 2756 2998 2811 Deo
3045 2765 3102 2812 et
3151 2757 3460 2814 hominibus
3502 2759 3750 2829 provide.

2175 2845 2467 2917 Scripturis
2493 2846 2694 2900 sanctis
2738 2846 2974 2902 studium
3016 2848 3093 2902 tui
3136 2847 3316 2904 cordis
3363 2849 3654 2919 impende;
3695 2861 3756 2907 et

2174 2939 2249 2994 ibi
2275 2942 2364 3008 qui
2393 2938 2576 3003 fueris,
2609 2939 2698 3009 qui
2724 2939 2798 2994 sis
2817 2980 2832 3006 ,
2863 2940 3061 3008 quique
3087 2940 3285 2996 debeas
3313 2955 3432 2998 esse
3459 2956 3750 3011 cognosce.

2173 3031 2254 3088 Ad
2277 3032 2374 3087 has
2401 3032 2446 3088 si
2474 3032 2689 3086 humilis
2715 3040 2772 3086 et
2801 3033 2944 3087 mitis
2967 3035 3275 3098 accesseris,
3307 3033 3378 3089 ibi
3408 3036 3650 3105 profecto
3670 3037 3752 3091 in.

2173 3126 2360 3181 venies
2379 3166 2394 3192 ,
2433 3134 2488 3180 et
2515 3128 2924 3196 praevenientem
2953 3113 3175 3195 gratiam
3201 3169 3216 3194 ,
3245 3141 3348 3196 qua
3381 3136 3556 3198 poteSt
3588 3129 3756 3185 elisus

2175 3233 2395 3288 surgere
2419 3235 2434 3286 ;
2462 3227 2518 3274 et
2541 3219 2909 3284 comitantem,
2939 3233 3043 3287 qua
3072 3219 3213 3272 viam
3243 3220 3374 3274 recti
3400 3229 3564 3288 queat
3589 3221 3751 3276 itine-

2176 3310 2250 3364 ris
2277 3325 2533 3376 currere;
2587 3317 2642 3364 et
2677 3309 3090 3378 subsequentem
3115 3351 3130 3376 ,
3171 3324 3276 3378 qua
3309 3309 3486 3366 valeat
3509 3309 3576 3364 ad
3601 3311 3754 3380 regni

2173 3401 2407 3457 coalestis
2434 3401 2817 3456 beatitudinem
2848 3389 3146 3471 pervenire.
3327 3381 3346 3396 ’

2248 3512 2332 3568 15.
2373 3511 2626 3568 Sanctam
2656 3513 2989 3582 multumque
3039 3514 3090 3567 in
3135 3511 3349 3569 Christo
3389 3517 3750 3573 venerabi'em

2175 3613 2404 3661 matrem
2437 3614 2690 3670 vestram,
2723 3622 2840 3676 quae
2863 3615 2954 3660 tuo
2983 3607 3207 3676 spiritali
3241 3608 3419 3664 studio
3448 3608 3751 3666 Christiana

2177 3696 2279 3752 fide
2317 3703 2372 3751 et
2399 3711 2526 3751 vere
2555 3705 2794 3751 materna
2823 3696 3048 3752 caritate
3073 3697 3401 3762 concordat,
3451 3699 3543 3753 Sed
3577 3711 3633 3755 et
3662 3717 3752 3756 ve-

2176 3789 2469 3844 nerabilem
2519 3804 2761 3843 sororem
2810 3788 2905 3842 tibi
2948 3787 3059 3857 jam
3110 3789 3161 3842 in
3208 3787 3425 3843 Clu-isto
3469 3790 3751 3860 conjugem

2178 3886 2351 3943 tuam,
2381 3878 2636 3944 obsecro,
2669 3877 2906 3932 salutare
2933 3877 3186 3946 digneris.
3229 3877 3602 3948 lnseparabilis
3631 3880 3754 3934 Tri-

2179 3969 2317 4022 nitas
2346 3968 2683 4040 protectione
2724 3984 2820 4021 vos
2853 3968 3062 4022 virtutis
3103 3982 3213 4022 sua:
3251 3969 3556 4036 custodiat,
3607 3969 3756 4040 quod.

2183 4070 2334 4132 opto,
2361 4061 2577 4118 domine
2605 4061 2826 4116 illustris
2857 4059 2946 4114 liti.

2719 4170 3053 4226 EPISTOLA
3091 4171 3196 4227 ΥΠ.

2755 4291 2822 4336 ΚΙ)
2862 4299 3184 4336 ΥΕΝΑΝΤΙΛΙ.

2329 4400 2408 4454 De
2441 4409 2576 4453 recta
2604 4397 2943 4462 Pamitentia,
2976 4407 3026 4452 et
3054 4400 3228 4468 futura
3257 4399 3604 4454 retributione.

2251 4490 2486 4548 Dominzc
2507 4491 2693 4547 illustri
2711 4497 2764 4546 et
2788 4491 2978 4544 merito
2999 4490 3285 4544 venerabili
3308 4490 3425 4544 tilizc
3438 4491 3756 4560 Vensnrts,

2180 4584 2826 4645 Fucsxrws,scrvorum
2851 4580 3044 4635 Christi
3075 4579 3321 4646 famulus,
3339 4580 3388 4634 in
3415 4577 3639 4638 Domino
3666 4599 3753 4639 sas

494 4639 661 4690 tatem
689 4629 855 4686 Deum
900 4630 950 4685 in
978 4629 1131 4683 nobis
1174 4627 1388 4697 operari
1415 4633 1642 4682 testatur
1682 4626 1898 4680 dicens:
1933 4623 2075 4679 Deus
2108 4657 2151 4714 υ

491 4730 566 4780 est
594 4721 731 4778 enim
759 4720 846 4792 qui,
873 4727 1115 4790 operatur
1141 4719 1195 4771 in
1219 4718 1356 4772 vobis
1384 4725 1432 4772 et
1458 4717 1582 4772 velle
1609 4724 1658 4770 et
1699 4715 1946 4786 perﬁcere
1975 4731 2068 4786 pro

493 4811 626 4874 bona
656 4812 916 4868 voluntate
943 4809 1159 4880 (Philip.
1192 4825 1250 4876 ιι,
1273 4807 1386 4877 i5).
1412 4807 1526 4863 Hoc
1553 4814 1654 4872 est,
1701 4803 1843 4876 quod
1870 4804 2070 4859 sollici-

493 4905 730 4962 tudinem
754 4902 995 4960 lidelibus
1010 4900 1470 4968 humilitatemque
1490 4899 1648 4970 189
1666 4895 2068 4962 commendans,

493 4995 750 5076 prmmisit
793 4994 896 5065 (al.
923 4990 1216 5063 prtecipit),
1253 4990 1474 5046 dicens:
1507 4987 1634 5042 Cum
1659 4989 1840 5042 timore
1867 4994 1916 5039 et
1962 4995 2067 5038 tre-

491 5103 635 5142 more
659 5094 875 5141 vestram
905 5085 1124 5140 salutem
1149 5083 1462 5154 operamini;
1493 5090 1547 5136 et
1569 5081 1640 5135 ibi
1669 5079 1864 5148 adjecit
1888 5096 1900 5130 :
1929 5076 2066 5131 Deus

491 5189 568 5235 est
592 5178 728 5233 enim
756 5178 838 5250 qui
871 5184 1114 5246 operatur
1141 5177 1194 5229 in
1223 5173 1359 5230 vobis
1387 5182 1436 5228 et
1463 5172 1587 5228 velle
1613 5182 1662 5226 et
1691 5171 1936 5242 perﬁcere
1972 5187 2064 5239 pro

493 5267 625 5323 bona
653 5266 929 5325 volttntate.
968 5264 1038 5318 Ut
1074 5263 1141 5319 ad
1169 5280 1290 5319 eum
1327 5278 1543 5333 quoque
1569 5261 1867 5325 veniamus,
1897 5258 2068 5313 curri-

490 5373 648 5424 mus;
699 5365 755 5414 et
807 5356 928 5414 ideo
957 5355 1248 5420 currimus,
1286 5354 1412 5424 quia
1441 5366 1660 5409 currere
1703 5349 1965 5405 volumus.

567 5446 698 5502 CAP.
715 5444 1010 5504 vnn—Sed
1029 5459 1098 5499 ne
1115 5443 1199 5498 vel
1212 5443 1560 5507 voluntatem,
1573 5441 1657 5496 vel
1671 5440 1840 5510 ipsum
1853 5450 2068 5493 cuisum

489 5539 822 5606 assignemus
847 5537 1050 5594 viribus
1079 5535 1308 5600 nostris,
1339 5536 1480 5590 idem
1512 5549 1610 5588 nos
1638 5531 1890 5588 informat
1915 5528 2064 5599 Apo-

488 5627 660 5688 stolus
709 5627 893 5681 dicens
926 5643 939 5680 :
987 5625 1109 5681 Non
1147 5625 1391 5690 volentis,
1445 5639 1604 5696 neque
1648 5621 1938 5689 currentis,
1976 5615 2067 5673 sed

488 5716 774 5768 miserantis
802 5723 878 5768 est
907 5713 1005 5769 Dei
1037 5715 1213 5786 (Rom.
1243 5730 1319 5781 Ix,
1350 5713 1463 5782 l6".

563 5900 586 5925 ε·
614 5886 714 5946 bis.
740 5886 931 5957 Corb.,
961 5905 1063 5943 non
1097 5889 1354 5943 recedant.

2253 4795 2410 4870 19o
2436 4793 2750 4848 CAPUTL—
2767 4787 2787 4841 l
2804 4829 2816 4842 .
2849 4787 2999 4842 Sicut
3027 4802 3152 4841 vera
3183 4787 3272 4842 lux
3298 4788 3598 4844 nullatenus
3619 4789 3750 4844 obs-

2175 4894 2393 4941 curatur
2415 4923 2430 4948 ,
2463 4883 2534 4936 ita
2565 4893 2832 4948 nunquam
2862 4877 3059 4932 veritas
3082 4884 3280 4931 aeterna
3317 4878 3592 4933 mentitur.
3632 4877 3749 4935 Lux

2179 4985 2358 5031 autem
2401 4982 2457 5028 et
2500 4971 2698 5025 veritas
2743 4969 2882 5023 Deus
2909 4975 3030 5035 est,
3075 4966 3142 5021 de
3181 4981 3288 5036 quo
3329 4968 3586 5038 scriptum
3617 4979 3744 5024 est:

2177 5066 2310 5122 Erat
2337 5065 2426 5119 tua:
2456 5079 2572 5116 vera
2597 5076 2710 5132 qua:
2735 5059 2997 5114 illuminat
3023 5073 3222 5111 omnem
3249 5057 3504 5111 hominem
3531 5060 3747 5114 venien-

2170 5169 2269 5214 tem
2290 5160 2345 5212 in
2373 5157 2505 5210 hunc
2533 5153 2778 5210 mundum
2815 5151 2992 5216 (Joan.
3024 5167 3062 5218 ι,
3093 5150 3168 5217 9).
3227 5148 3344 5218 Ipsa
3391 5165 3605 5219 quoque
3650 5151 3743 5206 lux

2167 5259 2223 5304 et
2250 5249 2446 5306 veritas
2473 5246 2603 5301 dicit
2632 5263 2644 5298 :
2677 5242 2790 5315 Ego
2818 5241 3046 5298 sum-lux
3073 5239 3252 5294 mundi
3280 5238 3456 5308 (Joan.
3485 5257 3596 5305 vm,
3629 5240 3742 5312 1‘2).

2168 5341 2235 5396 Et
2263 5354 2446 5396 rursus
2471 5337 2537 5391 de
2565 5351 2623 5390 se
2649 5335 2760 5389 ait:
2810 5331 2921 5404 Ego
2963 5347 3074 5386 sum
3111 5331 3190 5384 via
3213 5369 3229 5395 ,
3279 5332 3466 5383 veritas
3489 5371 3504 5396 ,
3545 5339 3594 5384 et
3641 5334 3747 5386 vita

2171 5434 2350 5506 (Joan.
2383 5447 2470 5485 xlv
2489 5469 2503 5492 ,
2548 5427 2634 5504 6)..
2654 5426 2822 5496 Ipsius
2843 5438 2971 5478 vero
2999 5421 3240 5476 doctrina
3270 5436 3580 5490 monemur,
3612 5423 3738 5491 quia

2173 5525 2327 5580 arbor
2355 5523 2488 5577 bona
2518 5519 2676 5574 bonos
2709 5519 2903 5588 fructus
2944 5515 3073 5586 facit
3097 5554 3112 5578 ,
3163 5521 3216 5567 et
3244 5511 3368 5580 quia
3396 5527 3463 5564 ea:
3487 5511 3744 5582 fructibus

2173 5617 2328 5671 urbor
2355 5613 2650 5686 agnoscitur
2680 5606 2887 5680 (Matth.
2915 5622 3004 5670 vlt,
3039 5604 3126 5670 l7)
3154 5620 3168 5668 ;
3201 5603 3252 5657 in
3284 5603 3400 5673 ipso
3422 5608 3494 5668 te,
3524 5602 3744 5658 domina

2174 5707 2392 5764 illustris
2419 5714 2476 5761 et
2505 5702 2693 5758 merito
2723 5698 3041 5756 venerabilis
3073 5695 3177 5751 lilia
3203 5738 3218 5765 ,
3265 5711 3388 5751 cum
3422 5709 3656 5767 corpore
3675 5695 3749 5750 sis
