4014 6340
311 313 419 366 533

1707 299 2036 354 EPISTULA
2079 300 2182 355 ΥΠ.

3478 299 3582 355 33's
3615 258 3618 261 ’

314 430 489 499 ignota
517 464 532 490 ,
573 422 686 492 jam
717 421 830 477 scio
855 436 870 484 ;
924 419 975 474 in
1013 417 1130 489 ipso
1159 415 1276 485 tibi,
1304 429 1424 472 cum
1456 413 1529 470 sis
1554 423 1663 468 tam
1694 414 1886 484 procul
1917 420 1963 477 Α
1992 412 2270 486 quitatibus
2296 415 2396 466 tuis
2417 410 2480 476 l’;
2512 414 2596 482 qui
2624 422 2778 466 sanat
2799 428 2978 468 omnes
3002 412 3279 484 languores
3311 423 3422 469 tuos
3448 434 3464 480 ;
3493 417 3582 486 qui
3649 407 3659 415 ”

313 515 624 586 constituta,
653 509 988 580 congaudeo.

379 607 431 660 2.
474 605 581 659 Per
609 602 895 673 epistolam
922 598 1191 668 siquidem
1227 599 1509 654 clarissimi
1551 598 1643 653 ﬁlii
1672 599 1776 654 mei
1799 596 1894 652 Ju-

315 698 423 755 nilli
452 696 792 767 propositum
821 693 981 749 simul
1009 700 1066 747 et
1085 691 1317 746 studium
1349 702 1452 745 tua:
1477 690 1898 745 Christianitatis

315 788 526 858 agnovi,
560 787 654 856 qui
683 785 815 840 mihi
838 783 1066 852 gratiam
1096 797 1256 852 quam
1279 781 1375 836 tibi
1401 781 1623 849 largitus
1649 788 1733 834 est
1757 780 1898 835 Deus

315 882 366 934 in
398 888 610 933 tantum
631 874 935 945 signiﬁcare
963 873 1203 936 curavit,
1243 880 1300 926 ut
1325 873 1376 926 in
1406 871 1517 926 suis
1558 870 1751 925 litteris
1795 877 1898 924 tua:

315 985 532 1044 quoque
583 966 924 1023 salutationis
978 964 1109 1018 mihi
1169 963 1564 1018 demonstraret
1612 961 1895 1016 indicium.

315 1063 428 1118 Hoc
456 1061 648 1133 procul
675 1058 838 1113 dubio
885 1071 994 1111 non
1033 1056 1252 1110 fecisses
1278 1093 1295 1120 ,
1345 1053 1447 1108 nisi
1481 1052 1751 1107 Christum
1783 1060 1897 1106 tota

316 1154 549 1224 puritate
579 1149 774 1204 mentis
800 1148 854 1202 in
884 1147 994 1205 suis
1021 1145 1232 1199 famulis
1270 1143 1582 1209 dilexisses,
1616 1158 1717 1198 nec
1746 1142 1899 1196 inco-

317 1245 524 1314 gnitum
567 1257 780 1296 servum
831 1247 939 1293 tam
983 1236 1213 1306 benigne
1261 1236 1314 1290 in
1355 1235 1584 1290 Domino
1614 1235 1894 1299 salutares,

318 1334 415 1390 nisi
447 1331 735 1387 Dominum
783 1330 873 1400 pio
923 1327 1086 1383 corde
1127 1334 1388 1397 gestares.
1438 1325 1651 1380 Gratias
1692 1325 1767 1378 illi
1807 1324 1898 1393 qui

319 1423 641 1494 multiplicat
667 1419 918 1492 gaudium
952 1425 1194 1472 nostrum
1221 1415 1288 1473 de
1313 1416 1537 1471 caritate
1566 1415 1823 1470 ﬁdelium.

386 1515 520 1571 Cu.
551 1531 606 1570 ιι.
637 1544 707 1555 -
734 1512 849 1583 ipsa
879 1513 973 1582 (at.
1007 1509 1146 1580 Ipse)
1179 1517 1262 1564 est
1303 1508 1501 1564 caritas
1535 1522 1654 1578 quae
1682 1506 1902 1562 creden-

323 1605 693 1678 tes,perducit
729 1603 796 1657 ad
827 1603 994 1656 Deum
1021 1643 1037 1668 ,
1081 1601 1206 1670 quia
1245 1600 1361 1670 ipsa
1401 1600 1598 1655 caritas
1624 1609 1707 1653 est
1733 1599 1894 1653 Deus.

324 1699 472 1754 Unde
501 1697 736 1752 Joannes
775 1695 1052 1765 apostolus
1084 1692 1215 1747 dicit
1241 1710 1254 1745 :
1297 1691 1436 1746 Deus
1466 1693 1658 1746 caritas
1685 1699 1801 1757 est;
1849 1700 1900 1745 et

1999 507 2214 561 redimet
2237 505 2328 577 (al.
2355 504 2582 573 redimit)
2611 505 2676 558 de
2692 505 2901 560 interitu
2922 507 3078 559 vitam
3103 515 3272 569 tuam;
3302 507 3387 573 qui
3417 509 3578 561 satiat

2000 597 2053 654 in
2083 598 2229 651 bonis
2251 596 2555 650 desiderium
2570 603 2732 660 tuum,
2749 597 2833 667 qui
2853 605 3067 650 coronat
3098 607 3148 648 te
3171 598 3222 650 in
3248 596 3581 650 miseratione

1997 699 2046 744 et
2066 689 2454 744 misericordia:
2479 687 2805 742 renovabitur
2823 687 2955 740 sicut
2971 687 3258 757 aquila:(al.
3285 686 3482 756 aquila)
3492 685 3585 756 ju-

1996 790 2172 835 ventus
2192 789 2279 834 tua
2294 779 2407 849 (Ps.
2424 796 2514 845 cu,
2532 779 2580 844 l,
2598 778 2652 845 2,
2668 776 2822 850 seq.).
2847 776 2982 844 Quid
2996 790 3128 844 rogo
3157 777 3312 831 nobis
3335 785 3584 846 putemus

1998 871 2200 928 remitti
2227 887 2331 926 non
2361 886 2540 941 posse,
2571 887 2691 926 cum
2721 869 2985 939 propitius
3011 869 3079 923 sit
3114 869 3373 922 Dominus
3401 868 3584 922 omni-

1997 964 2099 1018 bus
2127 961 2492 1031 iniquitatibus
2520 961 2715 1015 nostris
2738 961 2760 1014 ?
2803 969 2895 1014 aut
2918 959 3046 1029 quid
3080 959 3132 1012 in
3160 959 3314 1013 nobis
3345 959 3580 1013 aestime-

1998 1069 2119 1108 mus
2146 1052 2324 1106 sanari
2357 1069 2462 1106 non
2495 1066 2651 1120 posse
2675 1089 2690 1115 ,
2745 1065 2865 1105 cum
2910 1049 3168 1104 Dominus
3206 1058 3361 1103 sanet
3395 1063 3588 1102 omnes

2000 1143 2287 1212 languores
2315 1144 2575 1197 nostros?
2597 1150 2689 1195 aut
2709 1140 2982 1210 quomodo
2999 1147 3190 1195 sanato
3215 1147 3267 1192 et
3287 1138 3585 1207 justiticato

1999 1237 2302 1306 indigentia:
2333 1235 2529 1306 aliquid
2559 1235 2898 1304 relinquitur,
2929 1233 3079 1302 cujus
3111 1233 3162 1286 in
3193 1232 3347 1286 bonis
3372 1231 3587 1285 deside-

1999 1329 2136 1382 rium
2171 1328 2442 1383 satiatur?
2487 1326 2585 1381 νειμ
2604 1335 2869 1394 quatenus
2907 1325 3082 1394 plena:
3124 1322 3456 1379 remissionis
3485 1322 3584 1376 he-

1998 1418 2194 1474 nelicio
2223 1418 2385 1488 potiri
2413 1434 2516 1471 non
2548 1416 2814 1479 creditur,
2859 1416 2945 1470 cui
2975 1415 3137 1468 etiam
3166 1429 3365 1468 corona
3398 1413 3448 1466 in
3478 1411 3585 1467 mi-

2000 1510 2272 1566 seratione
2299 1517 2354 1565 et
2396 1507 2758 1564 misericordia
2789 1507 3146 1561 condonatur.
3209 1505 3376 1560 Nemo
3420 1505 3584 1574 igitur

1997 1603 2068 1658 de
2095 1601 2305 1656 medico
2336 1601 2631 1671 desperans
2655 1640 2669 1664 ,
2703 1601 2754 1653 in
2785 1597 3093 1654 inﬁrmitate
3123 1603 3432 1660 remaneat;
3485 1611 3583 1650 ne-

2001 1709 2091 1748 mo
2136 1691 2556 1747 misericordiam
2605 1690 2694 1744 Dei
2743 1691 3053 1749 minorans.
3109 1688 3160 1741 in
3215 1685 3586 1754 iniquitatibus

320 1791 401 1860 qui
424 1796 599 1842 manet
626 1788 678 1840 in
709 1787 928 1839 caritate
949 1824 964 1849 ,
1009 1784 1063 1836 in
1093 1781 1202 1837 Deo
1223 1791 1435 1847 manet,
1478 1791 1528 1836 et
1555 1780 1694 1836 Deus
1723 1783 1777 1836 in
1804 1782 1896 1836 illo
1931 1787 1976 1845 Β
2002 1783 2367 1839 contabescat.
2429 1781 2717 1851 Apostolus
2761 1780 2994 1834 clamat:
3043 1778 3167 1846 quia
3197 1777 3431 1830 Christus
3481 1793 3576 1845 pro

321 1889 494 1933 manet
518 1877 573 1948 (Ι
600 1877 761 1931 Joan.
793 1893 879 1940 tv,
917 1874 1027 1944 10).

387 1971 442 2024 5.
482 1967 689 2022 Bonum
734 1966 969 2019 caritatis
1014 1963 1282 2034 multiplex
1319 1971 1503 2018 contra
1548 1973 1780 2034 peccata.
1829 1995 1900 2006 —

318 2061 444 2116 Haec
489 2060 578 2114 ubi
610 2058 856 2112 habitare
894 2055 1155 2124 cceperit,
1199 2071 1306 2109 non
1338 2055 1604 2124 permittit
1633 2054 1900 2110 dominari

318 2158 598 2222 peccatum
623 2190 639 2217 ,
669 2145 764 2202 sed
790 2146 1034 2216 cooperit
1061 2145 1458 2200 multitudinem
1496 2152 1850 2214 peccatorum
1881 2161 1895 2210 ;

317 2256 422 2297 nec
443 2238 618 2294 solum
648 2234 930 2307 prazsentia
957 2242 1176 2304 peccata
1204 2232 1330 2289 facit
1357 2234 1548 2300 vitari,
1578 2235 1709 2305 quin
1738 2235 1901 2290 etiam

318 2331 594 2404 prasterita
614 2328 741 2384 facit
768 2327 946 2382 omnia
974 2326 1226 2381 relaxari.
1279 2325 1430 2381 Hanc
1457 2327 1678 2396 superbi
1717 2334 1905 2383 contu-

318 2438 607 2494 macesque
653 2420 938 2492 repudiant
980 2420 1073 2489 qui
1117 2419 1186 2474 de
1215 2425 1557 2488 peccatorum
1587 2419 1902 2474 remissione

317 2519 646 2587 desperant;
695 2520 751 2567 et
789 2527 898 2566 non
923 2509 1096 2564 solum
1119 2507 1309 2564 salutis
1334 2523 1447 2562 suae
1471 2523 1654 2562 curam
1679 2547 1696 2573 ,
1736 2507 1902 2562 mise-

319 2606 486 2662 randa
516 2604 756 2660 caecitate
781 2601 1072 2670 rejiciunt;
1107 2599 1236 2668 quin
1267 2599 1429 2653 etiam
1463 2596 1645 2652 ﬁdeles
1671 2599 1898 2664 animas,

314 2699 363 2756 si
389 2704 702 2769 pervertere
731 2699 1002 2761 nequeunt
1033 2701 1078 2755 ει,
1123 2689 1439 2759 perturbare
1467 2687 1759 2743 mortiferis
1787 2703 1902 2744 ser-

318 2789 570 2845 monibus
597 2801 705 2840 non
730 2785 1016 2854 quiescunt
1041 2799 1054 2834 :
1087 2781 1170 2835 bis
1197 2780 1398 2835 etenim
1427 2780 1744 2850 plerumque
1761 2819 1775 2844 ,
1810 2786 1903 2833 aut

317 2888 664 2953 peccatorum
694 2874 1030 2935 immanitas,
1061 2879 1157 2927 aut
1191 2871 1368 2926 tetatis
1396 2871 1645 2940 nequiter
1671 2878 1903 2940 peractae

316 2969 632 3038 longaevitas
658 2980 809 3035 spem
839 2963 1029 3019 salutis
1055 2961 1276 3028 adimit,
1308 2969 1364 3016 et
1390 2962 1458 3016 ad
1486 2961 1756 3016 deteriora
1786 2975 1903 3031 per-

319 3059 581 3133 petranda
627 3055 940 3127 compellit;
1004 3055 1079 3109 ita
1121 3061 1183 3109 ut
1219 3053 1276 3108 in
1319 3053 1514 3108 talibus
1562 3053 1652 3108 illa
1698 3060 1902 3108 sanctte

315 3154 606 3224 Scriptura:
652 3150 919 3205 sententia
965 3147 1330 3218 compleatur:
1390 3146 1642 3202 Peccator
1684 3163 1797 3201 cum
1844 3145 1900 3200 in
1927 3164 1972 3224 ρ

322 3243 635 3316 profundum
665 3241 920 3296 malorum
947 3239 1178 3304 venerit,
1227 3239 1509 3294 contemnit
1539 3237 1719 3310 (Prov.
1749 3253 1898 3306 xvm,

325 3332 377 3400 2,
407 3333 485 3403 3).
532 3330 600 3385 Et
639 3345 765 3384 vere
795 3328 1058 3382 malorum
1087 3326 1424 3397 profunditas
1453 3336 1609 3382 necat
1635 3369 1649 3392 ,
1693 3328 1738 3382 si
1767 3343 1905 3398 quos

322 3423 630 3494 desperatio
661 3420 1019 3488 indulgentiae,
1051 3417 1364 3474 detestanda
1389 3417 1568 3473 cordis
1595 3419 1908 3475 obduratio-

323 3529 410 3579 ne,
443 3511 778 3584 prmjudicat.

399 3607 553 3678 191
610 3601 740 3657 Csr.
791 3617 870 3656 Ill.
920 3599 1266 3673 Nequaquam
1306 3600 1372 3654 de
1410 3599 1507 3654 Dei
1547 3600 1906 3654 misericordia

325 3694 719 3768 desperandum.
767 3725 838 3735 —
877 3691 930 3747 4.
977 3691 1108 3759 Quis
1132 3692 1274 3746 enim
1300 3706 1408 3746 non
1437 3691 1618 3746 videat
1645 3706 1807 3760 quam
1837 3691 1908 3746 sit

325 3789 549 3860 impium
590 3800 862 3857 quamque
901 3784 1224 3854 sacrilegum
1251 3824 1270 3851 ,
1313 3784 1358 3838 si
1394 3783 1597 3838 homini
1625 3797 1724 3853 per
1743 3784 1912 3853 paeni-

325 3881 547 3936 tentiam
591 3877 982 3949 praeteritorum
1030 3875 1296 3930 malorum
1343 3873 1409 3928 ad
1454 3873 1596 3928 bona
1645 3888 1908 3929 converso

327 3972 576 4028 credatur
595 3969 909 4040 cujusquam
939 3968 1147 4038 peccati
1169 3967 1284 4022 dari
1309 3982 1418 4022 non
1445 3980 1604 4036 posse
1623 3965 1908 4022 remissio?

327 4065 464 4134 Quid
494 4073 674 4120 autem
704 4061 847 4117 aliud
876 4062 958 4116 his
988 4061 1164 4116 verbis
1187 4061 1364 4130 agitur
1388 4101 1403 4126 ,
1454 4060 1555 4115 nisi
1582 4068 1640 4114 ut
1667 4061 1910 4131 omnipo-

329 4159 489 4217 tentis
515 4157 706 4213 medici
729 4170 946 4220 manus,
977 4155 1045 4209 ab
1073 4155 1322 4208 humanae
1348 4153 1538 4210 salutis
1561 4153 1778 4220 eﬁ'ectu,
1810 4155 1910 4209 de-

325 4247 650 4320 sperationis
690 4247 821 4302 vitio
863 4245 1202 4315 repellatur?
1256 4244 1375 4315 ipse
1415 4245 1613 4316 quippe
1661 4246 1907 4301 medicus

327 4343 402 4397 ait
427 4359 440 4394 :
473 4338 598 4394 Non
617 4337 849 4409 indigent
879 4338 964 4409 qui
995 4337 1110 4391 sani
1133 4345 1254 4390 sunt
1280 4335 1475 4390 medico
1495 4375 1510 4401 ,
1541 4335 1631 4390 sed
1655 4339 1744 4405 qui
1769 4337 1907 4390 male

328 4431 516 4487 habent
542 4429 691 4505 (Luc.
719 4446 770 4495 v,
803 4429 914 4495 5i).
976 4427 1034 4483 Si
1069 4428 1277 4497 peritus
1314 4436 1398 4482 est
1427 4426 1665 4482 medicus
1704 4435 1906 4492 noster,

1999 1876 2172 1945 impiis
2214 1884 2444 1928 mortuus
2479 1883 2556 1926 est
2586 1870 2761 1942 (Rom.
2807 1887 2868 1934 γ,
2903 1869 2978 1938 6).
3039 1869 3157 1938 Ipse
3199 1868 3382 1922 itidem
3411 1867 3580 1922 dicit:

2004 1963 2137 2029 Quia
2161 1964 2392 2018 Christus
2411 1963 2563 2017 Jesus
2593 1963 2728 2016 venit
2749 1963 2801 2015 in
2831 1960 3076 2015 mundum
3106 1971 3127 1997 ο
3155 1970 3447 2029 peccatores
3472 1961 3582 2013 sal-

2003 2073 2088 2110 vos
2119 2058 2288 2127 facere
2317 2053 2370 2124 (Ι
2404 2054 2533 2108 Tim.
2568 2071 2601 2119 ι,
2635 2053 2743 2123 15).

2074 2150 2201 2203 (ΞΜ).
2218 2164 2288 2202 tv.
2307 2147 2529 2201 Peccata
2543 2148 2698 2200 etiam
2720 2155 2833 2216 post
2851 2146 3159 2214 baptismum
3171 2161 3446 2199 comnussa
3466 2153 3588 2198 sunt

2004 2235 2351 2291 remissibilia.
2406 2235 2603 2290 Multus
2650 2245 2726 2290 est
2771 2236 2840 2289 ad
2886 2235 3250 2304 ignoscendum
3303 2233 3460 2287 Deus.
3513 2263 3586 2274 —

2007 2327 2058 2384 5.
2099 2328 2204 2383 Sed
2236 2329 2456 2383 forsitan
2488 2329 2685 2383 dicitur
2724 2328 2845 2382 illos
2874 2330 3189 2396 peccatores
3215 2341 3375 2396 posse
3407 2326 3587 2380 salvos

2005 2415 2118 2470 ﬁeri
2149 2416 2240 2485 qui
2270 2425 2392 2485 post
2410 2425 2632 2484 peccata
2658 2423 2932 2470 merentur
2950 2415 3291 2485 baptismatis
3311 2416 3590 2470 ahlutione

2004 2507 2252 2560 mundari
2277 2523 2291 2570 ;
2321 2505 2576 2575 deinceps
2604 2515 2786 2560 autem
2816 2515 3038 2575 peccata
3067 2521 3186 2575 qua:
3217 2506 3427 2560 videtur
3454 2509 3590 2576 hap-

2007 2598 2198 2651 tizatus
2223 2597 2528 2662 admittere,
2554 2599 2936 2652 irremissibilia
2960 2613 3294 2667 permanere.
3338 2599 3587 2670 Nunquid

2015 2705 2123 2744 non
2154 2691 2438 2760 baptizatis
2468 2691 2787 2761 loquebatur
2815 2691 3052 2747 Joannes
3093 2694 3372 2763 apostolus
3394 2733 3408 2756 ,
3467 2696 3587 2764 qui-

2004 2782 2104 2837 bus
2131 2781 2344 2836 dicebat
2367 2799 2380 2834 :
2415 2781 2590 2838 Filioti
2619 2784 2736 2845 mei,
2762 2783 2871 2837 [nec
2892 2783 3058 2837 scribo
3080 2785 3238 2848 vobis,
3261 2791 3316 2838 ut
3347 2803 3449 2840 non
3472 2803 3590 2853 pec-

2004 2875 2166 2937 cetis;
2211 2884 2260 2927 et
2287 2876 2335 2928 si
2361 2875 2472 2945 quis
2494 2877 2776 2945 pecmserit
2798 2916 2812 2938 ,
2841 2877 3146 2930 advocatum
3174 2877 3417 2933 habemus
3446 2879 3588 2950 apud

2003 2963 2217 3018 Patrem
2243 2965 2420 3018 Iesum
2450 2965 2707 3020 Christum
2733 2968 2930 3037 justum
2954 3009 2968 3032 ,
3019 2976 3068 3020 et
3096 2971 3206 3022 ivse
3245 2979 3321 3023 est
3349 2971 3586 3025 exoratio

2002 3072 2097 3124 pro
2118 3056 2338 3122 peccatis
2369 3056 2562 3110 nostris
2594 3055 2647 3126 (I
2675 3057 2833 3110 Joan.
2859 3073 2916 3124 ll,
2941 3057 2992 3122 1,
3023 3057 3076 3128 2)

2075 3145 2127 3198 6.
2170 3145 2553 3214 Qualecunque
2581 3147 2652 3201 sit
2676 3162 2806 3216 ergo
2834 3156 3133 3217 peccatum,
3175 3163 3205 3202 a
3239 3147 3351 3203 Deo
3372 3148 3589 3218 quidem

2008 3247 2190 3314 potest
2217 3240 2419 3294 remitti
2449 3257 2710 3296 converso
2730 3279 2744 3304 ,
2777 3241 2871 3295 sed
2903 3241 2990 3295 ille
3019 3242 3119 3295 sibi
3149 3241 3349 3296 remitti
3382 3257 3486 3296 non
3521 3243 3593 3298 si-

2009 3334 2128 3398 nit,
2177 3333 2266 3402 qui
2308 3332 2646 3401 desperando
2694 3340 2881 3386 contra
2927 3347 2988 3387 se
3028 3333 3368 3400 indulgentia:
3399 3335 3594 3390 ostium

2009 3427 2280 3482 clauserit.
2306 3423 2572 3479 Caeterum
2601 3423 2808 3478 Veritas
2828 3440 2934 3479 non
2956 3426 3236 3485 mentitur,
3269 3441 3388 3494 qua:
3414 3426 3548 3479 dixit
3573 3443 3585 3479 :

2011 3518 2265 3584 Quwrite,
2297 3528 2347 3572 et
2371 3519 2677 3581 invenietis;
2709 3519 2866 3586 petite
2887 3558 2902 3581 ,
2937 3526 2986 3570 et
3015 3518 3318 3587 accipietis;
3367 3516 3592 3587 pulsate,

2008 3620 2057 3666 et
2105 3611 2364 3681 aperietur
2405 3609 2564 3663 vobis.
2619 3606 2798 3661 Omnis
2840 3609 2977 3661 enim
3022 3609 3107 3678 qui
3150 3608 3333 3678 quwrit
3357 3649 3372 3675 ,
3404 3609 3595 3661 invenit

2013 3701 2105 3772 (al.
2138 3701 2412 3767 inveniet);
2463 3699 2548 3770 qui
2576 3700 2718 3768 petit,
2754 3698 2941 3766 accipit
2971 3697 3065 3766 (al.
3092 3696 3362 3766 accipiet),
3405 3705 3455 3749 et
3480 3697 3595 3766 pul-

2009 3793 2148 3845 santi
2188 3792 2448 3857 aperietur
2485 3788 2706 3858 (Matth.
2742 3804 2813 3842 vn
2838 3828 2852 3853 ,
2907 3787 2981 3850 7).
3047 3785 3200 3840 Unde
3237 3794 3291 3840 et
3329 3787 3595 3855 propheta

2009 3883 2375 3938 sanctissimus
2404 3880 2591 3935 Esaias
2619 3879 2685 3933 ad
2715 3879 3086 3934 remissionem
3107 3885 3452 3948 peccatorum
3474 3877 3594 3931 nul-

2011 3974 2223 4028 latenus
2249 3972 2660 4042 desperandam,
2691 3970 2886 4040 impios
2914 3977 2969 4024 et
2998 3969 3210 4038 iniquos
3240 3968 3490 4023 hortatur
3516 3968 3596 4022 di—

2011 4080 2139 4121 cens
2169 4082 2180 4116 :
2211 4061 2438 4128 Quaarite
2467 4062 2747 4116 Dominum
2770 4103 2784 4128 ,
2814 4061 2943 4114 dum
2963 4060 3181 4114 inveniri
3207 4069 3412 4129 potest;
3455 4061 3598 4112 invo-

2012 4164 2125 4210 cate
2169 4172 2284 4209 eum
2328 4155 2450 4209 dum
2497 4171 2656 4225 prope
2695 4163 2790 4208 est.
2842 4151 3180 4223 Derelinquat
3227 4151 3413 4221 impius
3461 4150 3596 4205 viam

2012 4265 2177 4312 suam,
2204 4258 2254 4302 et
2282 4251 2360 4303 vir
2386 4249 2591 4320 iniquus
2621 4247 2985 4318 cogitationem
3012 4261 3190 4309 suam,
3235 4253 3284 4298 et
3313 4253 3600 4299 revertatur

2013 4340 2082 4393 ad
2097 4339 2395 4407 Dominum,
2419 4348 2467 4393 et
2489 4337 2812 4393 miserebitur
2831 4337 2974 4408 ejus;
2997 4346 3044 4389 et
3067 4335 3136 4388 ad
3151 4334 3316 4389 Deum
3337 4344 3596 4403 nostrum,

2013 4436 2136 4504 quia
2169 4435 2322 4504 192
2370 4433 2560 4486 multus
2603 4440 2680 4486 est
2721 4431 2792 4484 ad
2830 4428 3198 4500 ignoscendum
3250 4427 3385 4494 (Isa.
3415 4445 3511 4492 LV,
3540 4430 3594 4492 6,

327 4538 518 4580 omnes
555 4529 735 4592 potest
761 4518 1098 4575 inﬁrmitates
1123 4532 1354 4584 sanare;
1401 4519 1446 4572 si
1485 4517 1795 4572 misericors
1827 4525 1906 4571 est
1940 4543 1992 4603 Ι)
2017 4523 2092 4592 7).
2133 4523 2423 4591 Relinquat
2450 4537 2578 4590 ergo
2604 4523 2799 4592 impius
2828 4521 2966 4575 viam
2998 4534 3182 4584 suam,
3227 4533 3332 4588 qua
3365 4526 3593 4589 peccat;

326 4617 470 4672 Deus
498 4620 702 4681 noster,
730 4613 978 4667 universa
1006 4619 1188 4683 potest
1214 4618 1436 4681 peccata
1466 4608 1759 4674 dimittere.
1793 4607 1910 4664 Non

323 4714 408 4764 est
439 4703 676 4776 perfecta
704 4703 948 4771 bonitas,
979 4719 1010 4758 a
1033 4717 1139 4772 qua
1169 4717 1277 4757 non
1306 4701 1483 4756 omnis
1512 4701 1715 4755 malitia
1743 4701 1911 4755 vinci-

321 4813 455 4863 tur;
493 4811 597 4852 nec
623 4803 707 4850 est
734 4794 969 4866 perfecta
1007 4793 1270 4848 medicina
1296 4832 1311 4859 ,
1358 4793 1444 4847 cui
1470 4791 1692 4846 morbus
1719 4791 1912 4862 aliquis

320 4886 638 4944 incumbilis
663 4884 951 4940 invenitur.
993 4882 1262 4951 Scriptum
1289 4896 1420 4936 vero
1447 4889 1662 4938 tenetur
1691 4881 1742 4935 in
1765 4881 1914 4936 litte-

319 4981 399 5035 ris
430 4977 596 5036 sacris
620 4994 632 5029 :
666 4975 991 5046 Sapientiam
1019 4985 1186 5027 autem
1216 4989 1320 5028 non
1342 4974 1497 5028 vincit
1515 4973 1718 5027 malitia
1749 4971 1904 5045 (Sap.

323 5086 433 5137 vn,
464 5067 554 5140 δυ)
579 5108 594 5136 ,
644 5075 700 5122 et
739 5065 1127 5136 omnipotentia
1157 5063 1352 5119 medici
1398 5064 1569 5120 nostri
1613 5064 1810 5119 talibus
1855 5065 1910 5120 in

322 5161 537 5233 psalmo
566 5158 905 5215 sermonibus
934 5157 1210 5211 intimatur
1234 5173 1247 5208 :
1280 5155 1534 5223 Benedic,
1567 5157 1744 5210 anima
1772 5172 1909 5224 mea,

325 5257 628 5322 Dominum,
649 5259 702 5309 et
719 5255 896 5308 omnia
914 5254 1165 5308 interiora
1185 5268 1298 5306 mea
1317 5267 1502 5307 nomen
1523 5261 1758 5306 sanctum
1778 5253 1910 5324 ejus.

325 5349 573 5417 Benedic,
609 5350 788 5402 anima
817 5363 953 5414 mea,
984 5346 1286 5411 Dominum,
1323 5355 1373 5401 et
1405 5347 1513 5401 noli
1542 5347 1774 5402 oblivisci
1803 5365 1914 5402 om-

327 5459 426 5497 nes
452 5440 806 5496 retributiones
841 5441 974 5512 ejus.
1031 5438 1134 5503 Qui
1170 5439 1422 5511 propitius
1461 5439 1523 5512 fit
1551 5437 1786 5494 omnibus
1811 5441 1914 5493 ini-

407 5635 432 5661 ι
461 5624 554 5677 Ms.
585 5621 775 5692 Corb.,
803 5623 898 5677 etsi
927 5629 1212 5690 pervertere
1240 5629 1459 5692 queunt,
1481 5617 1901 5692 fortenequeunt.

369 5687 434 5733 ’δ
593 5687 791 5761 ϐοτὺέ,
827 5687 942 5748 cum
969 5687 1266 5763 propititius
1293 5691 1396 5745 sit.
1427 5729 1441 5745 .
1469 5729 1482 5744 .
1514 5706 1628 5745 cum
1661 5687 1914 5744 Dominus

369 5781 468 5815 αηα
495 5803 508 5815 .

330 5781 508 5820 οαηατ.

2013 4617 2282 4685 relinquat
2308 4617 2521 4686 iniquus
2549 4615 2933 4686 cogitationem
2955 4628 3128 4676 suam,
3172 4627 3277 4682 qua
3305 4611 3373 4667 de
3403 4625 3596 4681 pecca-

2014 4720 2192 4766 torum
2235 4709 2555 4764 remissione
2584 4708 2864 4777 desperat,
2907 4714 2962 4760 et
2999 4704 3291 4760 secundum
3320 4703 3596 4774 propheta:

2015 4803 2235 4866 dictum,
2266 4809 2594 4855 convertatur
2620 4798 2688 4851 ad
2717 4797 3018 4863 Dominum,
3051 4797 3172 4868 quia
3201 4795 3390 4848 multus
3416 4800 3492 4846 est
3529 4791 3600 4845 ad

2013 4891 2400 4965 ignoscendum.
2456 4889 2516 4945 In
2557 4889 2662 4944 hoc
2707 4887 2874 4942 multo
2917 4886 3048 4940 nihil
3077 4885 3268 4952 deest,
3324 4884 3377 4939 in
3407 4897 3515 4952 quo
3544 4890 3600 4936 et

2015 4984 2356 5054 omnipotens
2384 4979 2769 5046 misericordia,
2801 4986 2856 5034 et
2876 4976 3266 5048 omnipotentia
3294 4973 3601 5030 misericors

2017 5085 2119 5132 est.
2161 5073 2332 5129 Tanta
2363 5081 2446 5128 est
2467 5081 2644 5127 autem
2675 5078 2728 5126 et
2752 5069 3052 5137 benignitas
3078 5065 3511 5138 omnipotentizc,
3545 5072 3601 5119 et

2017 5164 2408 5235 omnipotentia
2437 5161 2779 5231 benignitatis
2819 5161 2872 5214 in
2906 5163 3013 5215 Deo
3037 5199 3053 5226 ,
3106 5164 3163 5213 ut
3192 5157 3326 5212 nihil
3353 5157 3424 5212 sit
3452 5153 3598 5225 quod

2019 5257 2154 5313 nolit
2181 5265 2274 5310 aut
2299 5271 2404 5309 non
2433 5255 2601 5326 possit
2628 5253 2872 5307 relaxare
2896 5266 3182 5306 converso.

2089 5345 2218 5401 CAP.
2249 5361 2303 5399 v.
2337 5344 2576 5400 Salubris
2605 5344 2866 5398 conversio
2902 5344 2956 5396 in
2985 5341 3181 5396 duobus
3209 5339 3465 5395 consistit.
3495 5336 3600 5394 De-

2021 5439 2248 5510 speratio
2275 5436 2470 5502 ludar,
2517 5435 2816 5507 pmuitentia
2857 5437 2968 5490 sine
3000 5449 3110 5503 spe.
3139 5465 3212 5476 —
3259 5431 3309 5486 7.
3359 5430 3604 5486 Salubris

2090 5627 2111 5655 ε
2142 5615 2218 5670 ita
2269 5630 2370 5670 ms.
2412 5614 2583 5684 Corb.
2615 5622 2670 5669 et
2699 5614 2822 5669 Ant.
2869 5613 3023 5684 juxta
3075 5626 3307 5684 succum
3355 5610 3602 5684 Apostoli

2023 5693 2396 5810 conﬁnium;
2437 5697 2513 5740 rat
2557 5683 2751 5741 Colon.
2797 5682 3060 5742 et'Basil.
3086 5682 3310 5742 habent
3356 5684 3410 5738 in
3465 5682 3602 5736 hunc

2028 5774 2129 5810 mu:
2189 5772 2292 5810 um.
2554 5782 2562 5789 -

2028 5772 2292 5812 mancum.
2554 5782 2562 5789 ‘
