4014 6340
416 309 520 364 335

1461 297 1516 352 S.
1555 295 1912 352 FULGENTH
1953 292 2254 348 EPISCOPI
2297 293 2668 349 RUSPENSIS

3569 298 3674 357 55'}

417 419 595 477 autem
621 415 905 474 conversio
921 413 1123 484 duplici
1145 411 1354 467 ratione
1374 407 1648 463 subsistit:
1681 408 1726 461 si
1754 421 1852 461 nec
1875 413 1988 476 pm-
2017 413 2059 468 Α
2091 404 2259 458 sentis
2307 411 2520 473 tempus
2574 401 2913 458 conversioni
2955 400 3288 459 demonstrat
3318 387 3672 477 aptismmum,

419 513 642 568 nitentia
668 518 972 581 sperantem
999 551 1014 576 ,
1056 521 1156 561 nec
1199 517 1320 574 spes
1366 501 1579 556 deserat
1605 499 1990 570 peenitentem;

419 617 484 656 ac
513 618 608 672 per
635 602 738 656 hoc
762 642 776 667 ,
827 601 873 654 si
912 615 980 654 ex
1029 605 1144 652 toto
1192 593 1357 651 corde
1393 592 1680 662 quisquam
1724 591 1996 645 renuntiet

421 701 644 762 peccato
673 708 771 748 suo
795 731 822 754 ,.
862 699 915 744 et
947 697 1061 743 toto
1089 682 1252 742 cerde
1281 699 1433 754 spem
1467 689 1635 754 ponat
1663 680 1996 736 remissionis

421 786 476 837 in
511 783 636 836 Deo.
664 781 868 835 Etenim
899 791 1280 846 nonnunquam
1305 782 1400 828 aut
1419 789 1568 843 spem
1601 771 1876 842 pmnitenti
1900 772 1996 824 ho-

421 873 551 926 mini
579 871 822 926 diabolus
851 869 1073 933 adimit,
1107 875 1199 920 aut
1227 863 1462 935 speranti
1494 862 1866 932 pmnitentiam
1895 859 1996 912 tol-

420 961 518 1014 lit:
561 975 722 1013 unutn
769 958 894 1012 dum
943 965 1151 1022 onerat,
1201 954 1542 1023 comprimit;
1590 951 1820 1006 alterum
1869 950 1994 1003 dum

420 1051 616 1115 elevat,
647 1049 846 1117 dejicit.
887 1046 1072 1114 Judas,
1101 1046 1193 1115 qui
1222 1045 1490 1100 Christum
1523 1042 1758 1102 tradidit,
1789 1041 1994 1110 peccati

420 1141 502 1197 sui
525 1141 890 1212 pmnitentiam
918 1140 1083 1210 gessit
1109 1181 1124 1206 ,
1173 1137 1266 1191 sed
1297 1136 1524 1190 salutem
1554 1131 1782 1202 perdidit
1807 1171 1822 1195 ,
1870 1131 1997 1198 quia

420 1232 803 1300 indulgentiam
833 1247 938 1285 non
966 1229 1224 1300 speravit.
1263 1226 1499 1295 Denique
1525 1223 1602 1278 sic
1630 1223 1696 1276 de
1720 1223 1810 1275 illo
1831 1237 1997 1275 cvan-

421 1324 610 1393 gelista
634 1321 869 1391 loquitur
893 1340 904 1373 :
941 1320 1082 1373 Tunc
1101 1319 1272 1372 ridens
1294 1316 1482 1382 ludas,
1507 1315 1593 1386 qui
1616 1330 1731 1367 eum
1759 1312 1994 1377 tradidit,

421 1415 540 1485 quia
569 1414 846 1466 damnatus
875 1421 1022 1474 esset,
1055 1408 1354 1479 pteuitentia
1385 1406 1585 1468 ductus,
1618 1403 1794 1456 retulit
1823 1403 2000 1472 trigin-

426 1514 476 1557 ta
499 1512 767 1574 argenteos
791 1499 1106 1572 principibus
1137 1499 1459 1552 sacerdotum
1477 1537 1492 1562 ,
1523 1505 1571 1550 et
1598 1494 1885 1548 senioribus
1912 1494 1996 1546 di-

423 1611 577 1648 cens:
610 1593 827 1646 Peccari
858 1592 1064 1646 tradens
1086 1592 1388 1660 sanguinem
1402 1590 1620 1659 justum.
1662 1587 1730 1638 At
1753 1587 1830 1638 illi
1861 1585 2000 1638 dixe-

423 1695 572 1740 runt:
601 1685 737 1749 Quid
763 1685 832 1738 ad
861 1701 953 1739 nos
975 1685 1000 1737 ?
1042 1695 1092 1736 tu
1122 1683 1326 1736 videris.
1369 1681 1438 1733 Et
1468 1680 1710 1751 projectis
1740 1676 1998 1747 argenteis

2094 496 2277 550 dicens
2303 513 2315 548 :
2348 495 2586 566 Iniquus,
2617 495 2663 548 si
2689 511 2744 547 se
2773 503 3031 548 convertat
3067 497 3131 547 ab
3173 495 3404 551 omnibus
3432 501 3680 563 iniquita-

2094 585 2224 640 tibus
2245 587 2352 640 suis
2372 603 2500 657 quas
2530 589 2668 658 fecit,
2692 595 2741 640 et
2763 586 3058 639 custodierit
3079 588 3252 640 omnia
3273 591 3519 644 mandata
3541 609 3674 659 mea,

2092 685 2142 730 et
2169 678 2327 747 faciat
2341 677 2622 746 justitiam,
2655 685 2702 729 et
2727 675 3152 741 misericordiam,
3177 678 3280 728 vita
3318 679 3465 743 viret,
3506 689 3680 735 etnon
3747 735 3750 740 _

2094 769 2358 821 morietur.
2412 764 2602 820 Omnia
2651 767 2840 820 delicta
2885 766 2996 835 ejus
3025 763 3357 838 quaecunque
3407 773 3527 841 fecit
3574 790 3682 827 non

2094 866 2243 910 erunt
2295 859 2350 911 in
2392 858 2654 911 memoria.
2699 856 2764 910 In
2791 874 2884 910 sua
2925 858 3130 927 justitia
3166 875 3320 929 quam
3369 863 3487 929 fecit
3525 864 3676 918 vivet.

2096 945 2348 1018 Nunquid
2408 949 2669 1002 voluntate
2724 950 2836 1002 volo
2893 957 3113 1001 mortem
3169 955 3486 1019 peccatoris,
3553 955 3685 1008 dicit

2096 1039 2369 1106 Dominus,
2399 1059 2554 1110 quam
2579 1052 2635 1094 ut
2663 1051 2921 1095 avertatur
2941 1041 3004 1094 de
3033 1041 3113 1094 via
3143 1059 3237 1097 sua
3267 1046 3426 1111 mala,
3451 1058 3498 1099 et
3520 1050 3685 1102 virere

2095 1130 2250 1184 eum?
2279 1129 2406 1184 Cum
2445 1147 2500 1185 se
2526 1141 2694 1185 autem
2723 1133 2961 1185 averterit
2997 1133 3172 1202 justus
3201 1151 3231 1187 a
3251 1135 3457 1204 justitia
3485 1153 3597 1202 sua,
3631 1146 3683 1191 et

2097 1224 2275 1293 fecerit
2303 1223 2647 1293 iniquitatem,
2686 1223 2965 1277 secundum
3014 1240 3190 1278 omnes
3228 1227 3523 1294 iniquitates
3552 1245 3684 1298 quas

2099 1313 2220 1382 fecit
2263 1313 2350 1365 ille
2395 1313 2622 1383 iniquus,
2670 1329 2846 1366 omnes
2867 1313 3090 1382 justitia:
3119 1315 3229 1384 ejus
3276 1333 3404 1385 quas
3433 1319 3552 1386 fecit
3573 1333 3673 1374 non

2097 1411 2245 1454 erunt
2295 1403 2349 1454 in
2397 1404 2672 1466 memoria;
2725 1403 2781 1456 in
2827 1403 3012 1457 delicto
3039 1420 3132 1458 suo
3159 1422 3257 1476 quo
3292 1406 3522 1476 deliquit,
3553 1411 3685 1462 etin

2097 1493 2322 1562 peccatis
2345 1494 2452 1546 suis
2471 1492 2653 1562 quibus
2682 1497 2928 1563 peccavit,
2951 1497 3004 1549 in
3027 1497 3153 1566 ipsis
3195 1499 3438 1551 morietur
3464 1499 3684 1569 (Ezech.

2100 1598 2248 1647 xvut,
2291 1582 2380 1650 24,
2407 1583 2477 1636 22
2503 1593 2553 1638 et
2582 1585 2735 1657 seq.).
2767 1585 2833 1638 Et
2855 1587 2992 1640 infra
3032 1587 3160 1642 dicit
3185 1605 3198 1640 :
3232 1587 3299 1642 In
3327 1605 3386 1643 eo
3417 1607 3530 1644 cum
3559 1609 3688 1646 con-

2101 1685 2260 1729 vertet
2287 1693 2342 1730 se
2353 1677 2526 1746 justus
2552 1694 2584 1730 a
2604 1693 2698 1731 sua
2715 1679 2940 1748 justitia,
2967 1687 3022 1730 ut
3055 1681 3211 1750 faciat
3232 1681 3489 1747 delictum,
3513 1684 3565 1736 in
3589 1699 3688 1738 suo

424 1777 474 1828 in
507 1775 693 1844 templo
717 1813 732 1838 ,
765 1777 1011 1839 secessit,
1061 1781 1110 1826 et
1148 1771 1324 1825 abiens
1349 1810 1363 1834 ,
1411 1770 1591 1840 laqueo
1638 1785 1692 1821 se
1736 1764 2003 1833 suspendit
2033 1776 2081 1836 Β
2108 1765 2292 1820 deleto
2321 1767 2456 1837 quod
2485 1770 2626 1839 fecit,
2683 1769 2738 1820 in
2781 1769 2890 1837 ipso
2935 1771 3197 1824 morietur.
3249 1769 3320 1823 Et
3363 1773 3416 1824 in
3461 1789 3520 1826 eo
3547 1775 3690 1844 quod

427 1866 642 1938 (Matth.
676 1883 839 1932 xxvu,
872 1866 927 1934 5,
959 1865 1012 1930 4,
1050 1865 1128 1934 5).
1173 1865 1338 1932 Digne
1367 1863 1584 1930 quidem
1631 1857 2000 1929 pmnilentiam

2105 1864 2364 1909 avertatur
2386 1858 2586 1928 iniquus
2615 1858 2678 1910 ab
2710 1859 2978 1929 iniquitate
2996 1877 3092 1912 sua
3105 1877 3257 1930 quant
3282 1863 3424 1931 fecit,
3447 1872 3502 1914 ut
3521 1865 3691 1933 faciat

427 1959 607 2024 gessit,
641 1958 764 2024 quia
796 1957 1041 2025 peccavit
1071 1956 1286 2008 tradens
1315 1954 1623 2021 sanguinem
1651 1951 1876 2019 justum,
1907 1950 2000 2004 sed
2097 1945 2351 2014 judicium
2381 1955 2428 1998 et
2451 1948 2730 2016 justitiam,
2757 1949 2838 2001 hic
2869 1951 3096 2002 animam
3127 1966 3274 2004 suam
3315 1954 3604 2016 custodirit,
3637 1966 3692 2008 et

429 2047 548 2100 ideo
574 2049 673 2100 sibi
709 2048 934 2100 fructum
965 2046 1292 2116 poenitentiae
1322 2043 1622 2110 denegavit,
1652 2043 1776 2110 quia
1809 2057 2003 2110 pecca-

429 2144 539 2188 tum
568 2136 864 2190 traditionis
892 2151 1000 2189 stne
1043 2136 1158 2203 ipso
1187 2148 1347 2202 quem
1379 2133 1669 2186 tradiderat
1697 2131 2005 2184 diluendum

429 2225 685 2291 sanguine
713 2241 816 2279 non
839 2224 1091 2293 speravit.

501 2315 631 2369 CAP.
665 2332 734 2369 vl.
771 2315 899 2384 Spes
931 2315 1042 2368 sine
1067 2313 1369 2383 paenitentia
1393 2329 1525 2366 vana
1555 2321 1630 2364 est
1651 2311 2002 2380 prazsuntptio.

432 2439 500 2448 —
526 2407 579 2460 8.
622 2405 915 2474 Plerosque
938 2406 1038 2459 sub
1070 2419 1205 2458 vana
1235 2419 1330 2473 spe
1360 2402 1702 2468 indulgentia:
1732 2401 1783 2453 in
1817 2414 2009 2469 pecca-

434 2494 500 2548 tis
527 2493 770 2547 diabolus
798 2500 961 2557 tenet,
988 2499 1042 2546 et
1066 2490 1339 2561 compellit
1368 2506 1462 2544 eos
1491 2489 1584 2543 Dei
1610 2489 1870 2556 justitiatn
1901 2503 2008 2542 non

435 2593 700 2647 metuere,
743 2597 878 2651 quos
907 2582 1142 2635 inaniter
1178 2579 1367 2634 suadet
1394 2579 1461 2632 de
1492 2578 1583 2630 Dei
1614 2577 1853 2631 bonitate
1878 2589 2010 2644 gau-

436 2673 582 2728 dere.
621 2672 778 2726 Tales
805 2672 990 2726 dicunt
1018 2712 1034 2738 ,
1081 2669 1373 2725 secundum
1404 2667 1648 2737 Apostoli
1678 2665 2010 2735 objurgatio-

436 2779 557 2818 netn
583 2781 595 2816 :
626 2761 906 2816 Faciamus
932 2761 1093 2825 mala,
1124 2769 1179 2813 ut
1199 2761 1404 2813 veniant
1424 2759 1557 2812 bona
1579 2774 1598 2822 ;
1627 2773 1844 2829 quorum
1866 2757 2011 2810 dam-

437 2857 578 2910 natio
600 2854 745 2924 jnsta
773 2863 849 2910 est
880 2852 1053 2922 (Rom.
1080 2867 1156 2920 ιιι,
1185 2852 1263 2923 8).

507 2943 558 2999 9.
601 2944 693 2999 His
722 2944 929 2998 indiciis
967 2942 1242 2999 evidenter
1269 2941 1609 3010 agnoscimus
1649 2939 1880 2994 inaniter
1910 2939 2008 2991 ho.

439 3039 638 3093 minem
670 3037 949 3107 poenitere,
992 3037 1035 3092 si
1065 3036 1189 3090 dmn
1219 3035 1536 3105 poenitentia
1564 3036 1766 3103 geritur
1790 3075 1806 3100 ,
1836 3031 2011 3086 indul-

2105 2036 2286 2086 avertit
2310 2051 2365 2087 se
2385 2030 2449 2086 ab
2475 2035 2707 2089 omnibus
2736 2037 3087 2108 iniquitatibus
3111 2040 3217 2092 suis
3255 2057 3382 2110 quas
3411 2043 3550 2111 fecit,
3584 2045 3691 2096 rila

2107 2122 2250 2184 vivet,
2283 2131 2331 2174 et
2359 2139 2460 2176 non
2489 2126 2734 2177 morietur
2766 2125 2952 2196 (lbid.,
2992 2126 3105 2195 2i).
3157 2127 3391 2197 Utraque
3420 2133 3689 2186 sententia

2106 2225 2233 2264 vera
2257 2219 2358 2275 est,
2389 2213 2512 2280 quia
2535 2222 2762 2282 utraque
2811 2215 2989 2268 divina
3019 2225 3122 2282 est,
3174 2218 3286 2272 sive
3309 2219 3533 2289 justum,
3565 2238 3691 2276 cum

2109 2315 2328 2355 aversus
2354 2300 2513 2355 fuerit
2541 2317 2570 2354 a
2589 2302 2792 2370 justitia
2821 2319 2935 2369 sua,
2955 2307 3389 2374 omnesjustitias
3409 2307 3522 2376 ejus
3546 2311 3655 2364 obli
3673 2343 3690 2352 ο

2107 2389 2254 2443 vioni
2285 2389 2604 2455 tradendus;
2643 2392 2756 2446 sive
2801 2393 3061 2463 iniquum,
3115 2411 3237 2450 cum
3289 2398 3355 2450 ab
3407 2399 3691 2468 iniquitate

2109 2480 2272 2534 fuerit
2299 2496 2590 2535 conversus
2634 2482 2699 2535 ad
2742 2482 3026 2551 justitiam,
3060 2487 3233 2554 ipsum
3265 2487 3603 2558 salvandum,
3633 2501 3691 2548 et

2109 2585 2297 2625 omnes
2319 2571 2626 2640 iniquitates
2653 2573 2768 2641 ejus
2790 2573 2840 2626 in
2871 2577 3125 2628 tnemoria
3156 2591 3261 2630 non
3286 2575 3508 2632 futuras.

2187 2661 2270 2717 tl.
2309 2661 2552 2731 Iniquum
2581 2679 2710 2720 vero
2732 2673 2832 2727 est,
2857 2666 2900 2719 si
2940 2675 3187 2736 putemus
3209 2669 3412 2735 justum
3444 2673 3693 2738 quando-

2109 2765 2216 2821 que
2245 2765 2490 2806 aversum
2519 2768 2680 2822 posse
2701 2753 2974 2817 damnari;
3007 2763 3061 2808 et
3091 2763 3338 2824 putemus
3366 2767 3394 2795 ⁸
3449 2759 3691 2827 iniquum

2111 2841 2432 2912 quandoque
2462 2858 2785 2898 conversum
2812 2859 2918 2897 non
2965 2859 3124 2913 posse
3150 2846 3368 2901 salvari.
3399 2847 3582 2904 Justus
3610 2859 3693 2905 est

2111 2932 2253 2989 Deus
2281 2943 2335 2989 et
2375 2934 2702 2988 misericors.
2744 2933 2899 2989 Sicut
2943 2949 3072 3004 ergo
3101 2945 3280 3006 potest
3308 2953 3404 3007 per
3425 2938 3693 3007 justitiam

2113 3025 2368 3081 damnare
2393 3041 2660 3092 aversum,
2693 3027 2771 3081 sic
2791 3035 2969 3096 potest
2997 3043 3094 3097 per
3121 3029 3538 3084 misericordiam
3559 3047 3694 3086 sem-

391 3190 398 3195 _
439 3129 616 3198 gentia
643 3128 994 3198 desperatur,
1047 3137 1102 3183 et
1130 3129 1324 3182 frustra
1376 3126 1758 3196 indulgentiam
1807 3123 2083 3202 speraric
2114 3140 2211 3195 per
2238 3126 2448 3179 salvare
2495 3139 2832 3178 conversum.
2882 3123 3036 3177 Nulla
3084 3124 3364 3194 prolixitas
3415 3129 3694 3197 temporis,

439 3223 553 3278 sine
577 3229 919 3291 peccatorum
949 3219 1263 3290 ptenitentia
1287 3237 1301 3284 ;
1326 3234 1391 3274 ac
1412 3233 1508 3288 per
1533 3219 1652 3282 hoc,
1678 3231 1776 3270 nec
1798 3215 1897 3270 sub
1917 3229 2012 3283 spe

439 3313 766 3368 remissionis
794 3312 953 3368 debet
972 3312 1162 3380 aliquis
1187 3327 1410 3382 peccare
1431 3326 1670 3375 securus,
1702 3324 1802 3364 nec
1824 3323 2013 3378 pecca-

441 3412 614 3458 torum
644 3419 861 3458 suorum
889 3405 1238 3460 considerans
1267 3404 1658 3458 multitudinem
1681 3441 1696 3468 ,
1728 3415 2012 3457 remanere

439 3501 627 3546 catena
656 3492 1047 3563 desperationis
1090 3494 1396 3550 obstrictus.
1449 3492 1704 3548 Hortatur
1742 3492 1884 3546 enim
1913 3509 2013 3548 nos

439 3581 712 3652 Scriptura
739 3591 946 3651 sancta,
979 3595 1036 3638 ut
1065 3599 1290 3654 peccare
1313 3581 1423 3652 jam
1444 3581 1767 3644 desinamus,
1801 3597 1899 3636 nec
1920 3584 2014 3635 dc-

439 3685 715 3740 Speremus
737 3672 890 3726 nobis
909 3671 1229 3725 remittenda
1258 3686 1377 3740 quae
1409 3669 1670 3734 fecimus;
1701 3668 1831 3723 dicit
1860 3669 2014 3738 quip-

440 3777 544 3832 pe:
578 3760 711 3827 Fili,
742 3763 1005 3829 peccasti;
1038 3778 1100 3814 ne
1132 3763 1352 3832 adjicias
1381 3763 1584 3824 iterum,
1612 3760 1703 3814 sed
1725 3770 1774 3812 et
1794 3760 1856 3812 de
1878 3777 2015 3830 pra:-

441 3855 604 3907 teritis
643 3855 917 3923 deprecare
939 3893 954 3918 ,
992 3861 1047 3906 ut
1069 3853 1158 3906 tibi
1197 3853 1524 3906 dimittantur
1553 3850 1740 3921 (Eccli.
1770 3867 1861 3905 XXI
1886 3892 1900 3916 ,
1936 3851 2011 3919 1).

443 3940 740 4010 Utrumque
782 3951 964 3997 sancta
993 3941 1269 4011 Scriptura
1301 3942 1618 4011 praemonuit
1642 3983 1656 4008 ,
1695 3952 1750 3996 et
1779 3943 2016 3996 ostendit

442 4029 584 4098 quod
626 4044 726 4084 nec
753 4030 804 4083 in
836 4037 1060 4099 peccato
1105 4029 1394 4084 debeamus
1435 4045 1714 4084 remanere
1739 4071 1754 4096 ,
1803 4045 1902 4084 nec
1947 4030 2014 4085 de

443 4119 755 4175 remissione
781 4118 1064 4188 cujuslibet
1083 4118 1376 4187 iniquitatis
1403 4119 1692 4186 ambigere.
1733 4117 1842 4172 Cur
1870 4118 2012 4172 enim

444 4210 658 4280 iubetur
700 4224 768 4263 ne
817 4208 1129 4278 adjiciamus
1176 4218 1394 4278 peccata
1443 4208 1723 4279 peccatis,
1776 4209 1820 4262 si
1852 4209 2014 4266 estin

444 4308 666 4370 peccato
689 4300 1052 4356 manendum?
1080 4308 1172 4354 aut
1199 4315 1294 4356 cur
1308 4299 1527 4369 jubetur
1556 4308 1614 4354 ut
1640 4300 1708 4356 de
1730 4300 2017 4370 prteteritis

446 4390 799 4462 deprecemur
823 4399 882 4446 ut
908 4392 1063 4447 nobis
1084 4391 1441 4457 dimittantur,
1471 4392 1516 4448 si
1541 4400 1666 4447 sunt
1692 4393 1869 4461 aliqua
1898 4406 2016 4460 quae

2111 3216 2196 3271 vel
2221 3215 2458 3284 mquitati
2489 3215 2697 3279 divitum,
2731 3214 2814 3268 vel
2845 3213 3032 3283 pietati
3063 3213 3388 3283 pnejudicat.
3422 3214 3696 3272 Paeniten-

2113 3309 2184 3363 tia
2208 3321 2485 3375 nunquam
2513 3314 2596 3359 est
2625 3305 2765 3374 apud
2798 3304 2962 3358 Deum
2993 3318 3130 3369 sera,
3151 3304 3202 3358 in
3224 3303 3377 3374 cujus
3403 3316 3696 3376 conspectu

2111 3414 2324 3470 semper
2373 3414 2471 3469 pro
2525 3397 2878 3467 praesentibus
2931 3396 3196 3450 habentur
3246 3404 3354 3450 tam
3422 3399 3698 3466 prteterita

2111 3506 2270 3562 quam
2301 3489 2498 3544 futura.
2524 3488 2581 3543 Si
2613 3487 2939 3542 diuturnitas
2969 3496 3310 3558 peccatorum
3339 3487 3432 3542 Dei
3456 3489 3697 3545 vinceret

2113 3583 2556 3649 misericordiam,
2585 3597 2692 3635 non
2721 3581 2775 3633 in
2804 3587 2965 3634 aetate
2995 3579 3177 3633 mundi
3207 3581 3500 3634 novissima
3534 3580 3693 3636 Chri-

2112 3682 2227 3730 stus
2254 3675 2482 3738 veniret,
2511 3682 2570 3727 ut
2601 3679 2820 3741 peccata
2846 3670 3025 3725 mundi
3049 3671 3321 3740 pereuntis
3349 3671 3600 3736 auferret,
3626 3671 3697 3728 de

2113 3781 2220 3836 quo
2243 3766 2372 3820 dicit
2395 3764 2629 3820 Joannes
2652 3781 2665 3815 :
2695 3762 2827 3816 Ecce
2842 3761 3020 3833 Agnus
3044 3760 3160 3825 Dei,
3191 3778 3304 3815 ecce
3325 3763 3412 3834 qui
3433 3764 3565 3817 tollit
3585 3780 3699 3833 pec-

2113 3866 2284 3909 catum
2333 3855 2512 3908 mundi
2562 3854 2740 3924 (Joan.
2777 3870 2814 3920 ι,
2846 3851 2960 3928 29),
3012 3860 3065 3905 et
3095 3851 3208 3920 ipse
3236 3851 3484 3906 Salvator
3506 3851 3573 3907 de
3595 3867 3696 3906 se:

2124 3943 2278 3997 Venit
2297 3946 2433 3997 enim
2454 3941 2622 3996 Filius
2643 3942 2867 3996 hominis
2889 3957 3116 4006 auterere
3142 3951 3192 3995 et
3215 3941 3417 3996 sulvare
3442 3941 3578 4008 quod
3597 3959 3696 4014 pe-

2115 4035 2274 4086 rierat
2296 4033 2446 4104 (Luc.
2470 4049 2583 4100 xu,
2617 4031 2706 4102 10)

2187 4123 2316 4178 CAP.
2345 4139 2456 4177 vut.
2500 4122 2809 4194 Exemplum
2829 4121 3202 4177 misericordia:
3228 4120 3344 4186 Dei,
3363 4139 3429 4176 ex
3449 4122 3700 4193 parabola

2119 4215 2182 4269 de
2202 4214 2536 4270 Samaritana
2565 4223 2614 4267 et
2651 4213 2953 4268 Vulnerato.
2971 4247 3043 4257 —
3064 4213 3149 4267 l2.
3191 4212 3559 4268 Samaritanus
3578 4229 3703 4271 nos-

2119 4312 2202 4358 ter
2221 4319 2491 4372 nunquam
2513 4303 2853 4358 vulneratum
2878 4303 2946 4357 ad
2973 4303 3243 4358 stabulum
3277 4302 3704 4358 misericorditer

2120 4391 2427 4462 impositum
2453 4390 2696 4460 jumento
2726 4391 3064 4461 perduceret,
3093 4392 3137 4446 si
3167 4391 3382 4462 aliquod
3401 4391 3451 4445 in
3481 4406 3549 4446 eo
3577 4391 3701 4446 vul-

444 4480 859 4552 deprecantibus
889 4481 1080 4536 dimitti
1113 4481 1414 4535 nullatenus
1443 4483 1709 4551 possunt?
1746 4482 1828 4536 An
1856 4479 2016 4537 forsi-
2051 4501 2102 4560 ι)
2129 4498 2229 4537 nus
2273 4481 2567 4537 insanabile
2589 4481 2875 4550 judicaret.
2919 4481 3199 4550 Nunquam
3228 4482 3435 4536 duobus
3463 4482 3704 4537 denariis

447 4581 536 4625 tan
560 4580 861 4642 temporum
903 4571 1151 4641 cuiquam
1191 4578 1368 4640 potest
1397 4570 1744 4639 praajudicare
1769 4571 2022 4642 longtevi-

448 4673 548 4729 tas,
599 4669 657 4717 ut
683 4661 821 4716 sicut
844 4668 1059 4730 peracto
1089 4659 1364 4714 tricennali
1394 4661 1590 4728 spatio,
1623 4660 1800 4716 nullus
1827 4661 2022 4716 sinitur

447 4752 650 4823 legibus
671 4751 914 4806 humanis
941 4751 1118 4804 ablata
1146 4761 1391 4820 repetere
1410 4788 1426 4814 ,
1457 4750 1535 4805 sic
1560 4750 1766 4819 legibus
1804 4751 2018 4816 divinis,

449 4850 570 4913 post
596 4843 752 4911 longa
782 4841 1037 4913 peccandi
1066 4842 1266 4911 spatia,
1313 4857 1420 4895 non
1445 4841 1606 4897 liceat
1630 4841 2016 4912 indulgentiam

449 4934 758 5003 postulare?
801 4933 952 4987 Absit
997 4941 1056 4986 ut
1093 4932 1198 4986 hoc
1226 4931 1296 4985 sit
1337 4931 1390 4985 in
1420 4931 1531 4986 Deo
1561 4941 1746 4986 nostro
1791 4932 1933 5001 quod
1965 4932 2018 4985 in

451 5025 628 5080 litibus
660 5025 822 5079 habet
848 5025 1079 5078 humana
1108 5023 1362 5078 conditio.
1406 5021 1546 5077 Deus
1571 5023 1713 5077 enim
1741 5031 1926 5077 noster
1945 5023 2023 5077 sic

452 5126 529 5169 est
554 5114 859 5168 misericors
879 5123 934 5168 et
961 5114 1151 5182 bonus,
1175 5115 1312 5169 sicut
1333 5112 1570 5170 inﬁnitus
1591 5120 1674 5168 est
1695 5121 1750 5168 et
1770 5113 2017 5168 invictus.

453 5203 680 5258 Proinde
705 5202 918 5257 bonitas
947 5202 1127 5258 invicti
1153 5219 1259 5258 non
1288 5203 1535 5268 vincitur,
1563 5211 1617 5258 et
1642 5202 1833 5257 inliniti
1859 5201 2020 5257 mise-

454 5296 679 5349 ricordia
711 5311 816 5350 non
839 5293 1036 5349 finitur.

527 5388 678 5456 193
704 5386 833 5442 CAP.
865 5404 952 5441 vn.
995 5385 1159 5440 Omne
1187 5397 1379 5458 tempus
1409 5391 1675 5458 praesentis
1721 5388 1839 5443 vita:
1885 5405 2013 5442 con-

459 5479 670 5531 rersioni
715 5489 889 5548 aptum
921 5488 1105 5532 est.—
1131 5477 1215 5531 10.
1258 5479 1496 5548 Denique
1537 5495 1697 5535 omne
1726 5481 1848 5534 vita:
1880 5493 2020 5554 prte-

528 5690 550 5714 ’·
584 5666 710 5730 llzcc
732 5679 890 5731 verba
911 5681 1107 5747 justum
1127 5679 1429 5750 quandoque
1456 5685 1690 5750 averstrm
1713 5692 1860 5750 posse
1881 5676 2028 5728 dam-

459 5750 574 5804 nari
600 5765 613 5802 :
645 5756 694 5800 et
716 5757 966 5818 putemus,
999 5747 1220 5804 aberant
1250 5749 1316 5802 ab
1343 5747 1581 5818 excusis;
1617 5748 1862 5800 restituta
1909 5753 2032 5799 sunt

2123 4573 2279 4638 datis,
2303 4571 2632 4626 redditurum
2652 4587 2711 4627 se
2736 4571 2993 4640 quidquid
3019 4580 3432 4641 supererogaret
3457 4572 3704 4627 stabula-

2120 4665 2204 4721 rio
2233 4663 2609 4734 spopondisset
2649 4662 2800 4736 (Luc.
2831 4680 2883 4730 x,
2911 4661 2984 4718 30
3012 4673 3061 4717 et
3085 4663 3241 4735 seq.),
3274 4664 3318 4718 si
3346 4678 3704 4734 supereroga-

2123 4757 2324 4812 tionem
2350 4755 2497 4810 illam
2525 4771 2630 4810 non
2663 4755 2832 4825 plenze
2869 4755 3083 4809 sanitati
3113 4762 3472 4824 prtenosceret
3515 4753 3703 4824 profu-

2122 4855 2316 4901 turam.
2351 4845 2421 4901 Ut
2445 4845 2572 4915 quid
2590 4845 2732 4900 enim
2753 4845 3075 4901 stabularios
3102 4844 3301 4914 aliquid
3328 4853 3701 4914 supererogat,

2122 4937 2167 4990 si
2192 4945 2275 4991 est
2303 4936 2354 4989 in
2375 4936 2558 4991 saucio
2586 4935 2780 4989 vulnus
2801 4934 2947 5004 quod
2973 4935 3149 4989 curari
3182 4949 3288 4988 non
3321 4934 3529 4988 valeat?
3552 4932 3707 4988 Sicut

2129 5041 2256 5094 ergo
2276 5025 2486 5080 medico
2507 5032 2691 5080 nostro
2720 5024 2864 5080 nulla
2883 5033 2969 5080 est
2987 5023 3294 5078 incurabilis
3315 5023 3486 5092 plaga,
3509 5023 3579 5077 ita
3605 5037 3707 5077 nec

2129 5118 2184 5172 in
2230 5117 2411 5185 aliquo
2457 5116 2700 5184 vulnere,
2754 5131 2855 5172 nec
2883 5117 2935 5170 in
2956 5116 3134 5184 aliquo
3164 5123 3429 5184 tempore,
3473 5112 3710 5169 caelestis

2132 5217 2310 5281 potest
2336 5209 2568 5264 deﬁcere
2598 5207 2884 5263 medicina.
2914 5207 3040 5260 Ideo
3077 5206 3194 5275 ipse
3219 5205 3462 5262 medicus
3487 5217 3706 5271 semper

2132 5316 2192 5355 se
2216 5315 2373 5370 posse
2401 5314 2665 5356 converso
2704 5298 2932 5354 salutem
2971 5297 3174 5352 donare
3206 5303 3453 5363 testatur,
3484 5294 3668 5350 dicens
3695 5311 3707 5344 :

2129 5389 2257 5443 Cum
2279 5406 2552 5444 conversus
2583 5389 2760 5460 fueris,
2791 5395 2839 5440 et
2868 5387 3197 5456 iugemueris,
3240 5386 3410 5439 salvus
3433 5384 3535 5438 eris
3566 5381 3703 5452 (Isa.

2131 5495 2259 5546 xxx,
2285 5477 2394 5550 15).
2425 5477 2655 5548 Propter
2681 5474 2827 5544 quod
2854 5474 3106 5528 duritiam
3134 5472 3487 5544 quorumdam
3516 5472 3592 5529 sic
3614 5483 3707 5540 per

2141 5692 2204 5732 cx
2232 5693 2334 5734 ms.
2365 5678 2528 5733 Corb.
2563 5676 2825 5733 sermonis
2853 5681 3108 5730 contextu
3143 5674 3245 5730 hoc
3270 5671 3536 5741 exigente.
