4014 6340
297 362 402 420 357

1695 353 2026 410 EPISTOLA
2067 357 2170 412 Vll.

3462 364 3566 420 558

298 469 624 524 Hieremiam
646 472 787 520 deus
815 480 922 520 non
944 465 1135 520 desinit
1165 466 1440 535 increpare
1469 483 1479 517 :
1512 462 1761 533 Nunquid
1790 467 1878 536 qui
1911 473 1951 528 Α
1982 470 2196 535 bantur,
2225 485 2387 539 quam
2431 486 2529 527 eos
2557 471 2650 541 qui
2681 480 3023 540 peccatorum
3052 489 3268 528 suorum
3301 477 3566 544 ιιωιιὶιεη-

297 561 441 614 cadit
473 575 575 613 non
606 566 854 628 resurget,
883 567 972 610 aut
992 558 1077 629 qui
1103 574 1310 612 aversus
1334 568 1409 611 est
1439 574 1540 610 non
1572 557 1883 609 revertetur?

300 650 481 716 Quare
526 668 647 722 ergo
697 667 904 704 aversus
945 660 1021 703 est
1050 651 1268 720 populus
1314 651 1410 704 iste
1452 651 1506 703 in
1557 647 1883 702 Hierusalem

296 743 567 796 aversione
587 740 942 794 contentiosa?
974 739 1354 793 Induraverunt
1382 739 1598 792 cervices
1623 753 1765 802 suas,
1787 753 1884 790 no-

296 837 510 888 luerunt
559 834 739 886 reverti
796 830 938 900 (Jer.
984 849 1094 896 vni,
1125 831 1175 897 4,
1213 829 1308 900 5).
1360 831 1474 885 Non
1535 831 1690 902 195
1734 830 1888 900 punit

297 925 450 978 Deus
479 925 531 977 in
563 931 847 992 peccatore
875 930 1118 992 peccata,
1149 921 1194 976 si
1229 921 1529 990 peccatoris
1569 920 1750 975 cervix
1779 935 1886 974 non

295 1014 465 1070 fuerit
493 1015 760 1069 indurata.

377 1107 504 1162 CAP.
537 1123 610 1159 Ix.
651 1105 860 1158 Justitia
884 1103 980 1158 Dei
1007 1119 1273 1158 conversos
1296 1110 1483 1166 salvat,
1513 1119 1718 1156 aversos
1747 1117 1890 1155 aam-

296 1210 418 1253 παι.
442 1231 511 1241 -
536 1197 623 1251 15.
665 1197 871 1251 Bonum
905 1196 1060 1250 nobis
1087 1202 1170 1250 est
1211 1194 1390 1262 igitur,
1415 1195 1460 1249 si
1491 1195 1558 1248 ad
1577 1193 1694 1262 ejus
1724 1194 1887 1248 mise-

296 1289 594 1345 ricordiam
624 1286 996 1354 confugiamus
1021 1285 1174 1354 cujus
1214 1287 1451 1353 ellugere
1487 1285 1747 1353 justitiam
1778 1301 1887 1338 non

292 1383 565 1436 valemus.
598 1380 714 1449 Ipsa
741 1380 884 1434 enim
911 1377 1118 1446 justitia
1162 1377 1258 1432 Dei
1301 1378 1419 1431 talis
1450 1385 1554 1444 est,
1582 1386 1639 1430 ut
1668 1392 1888 1431 aversos

295 1475 544 1532 damnet,
576 1486 864 1526 conversos
893 1470 1082 1523 salvet.
1117 1467 1348 1538 Propter
1375 1469 1519 1538 quod
1548 1468 1679 1522 dicit
1704 1486 1716 1520 :
1747 1467 1887 1522 Con-

293 1562 563 1618 eertimini
585 1562 653 1613 ad
681 1578 778 1624 me,
804 1569 853 1612 et
881 1558 1091 1612 salvabo
1122 1575 1208 1612 vos
1233 1558 1370 1628 (Isa.
1402 1557 1646 1626 1.1v,‘22);
1677 1573 1892 1626 semper

294 1664 488 1708 autem
536 1651 836 1706 delectatur
889 1648 1242 1704 conversione
1291 1655 1497 1712 nostra,
1529 1661 1630 1700 nec
1681 1654 1891 1714 tempus

296 1743 535 1804 homini,
589 1740 823 1811 quandiu
855 1739 907 1792 in
937 1739 1037 1793 bac
1063 1739 1168 1792 vita
1194 1746 1296 1804 est,
1340 1740 1537 1808 posuit,
1571 1753 1678 1806 quo
1704 1735 1888 1806 propi-

1989 562 2118 614 tiam
2161 577 2353 630 gerere
2405 564 2709 618 noluerunt.
2761 564 3002 632 Denique
3051 565 3180 620 dicit
3233 565 3567 622 Corinthiis:

1987 648 2073 704 Ne
2094 653 2276 706 iterum
2306 669 2418 706 cum
2444 671 2645 721 venero,
2699 657 2930 709 Itumitiet
2959 674 3039 710 me
3069 657 3204 712 Deus
3233 660 3371 728 apud
3401 669 3573 724 ros,et
3631 661 3640 670 ’

1989 743 2189 815 lugeam
2213 746 2399 800 multos
2420 764 2484 800 ex
2507 748 2584 802 liis
2615 749 2700 819 qui
2731 759 2850 802 ante
2870 759 3224 818 peccaverunt,
3257 760 3306 802 et
3327 767 3428 803 non
3451 769 3570 822 ege-

1991 842 2112 885 runt
2138 835 2484 902 paenitentiam
2514 853 2666 904 super
2687 837 3036 902 immunditia,
3059 847 3108 889 et
3134 839 3499 906 fornicatione,
3520 849 3569 893 et

1988 924 2330 993 impudicitia,
2354 942 2506 995 quam
2530 936 2793 995 gesserunt
2821 925 2908 996 (II
2939 926 3058 980 Cor.
3084 943 3176 991 xu,
3207 925 3318 994 2|).
3344 926 3454 982 Nec
3477 930 3571 983 im-

1990 1015 2182 1068 merito
2205 1014 2351 1083 luget
2373 1015 2658 1085 Apostolus
2686 1016 2776 1084 qui
2816 1015 3183 1085 pmnitentiam
3216 1030 3324 1069 non
3363 1025 3524 1084 agunt
3557 1035 3567 1068 :

1992 1106 2100 1160 scit
2150 1106 2290 1160 enim
2336 1106 2454 1174 plus
2500 1121 2618 1160 esse
2658 1107 2833 1177 gaudii
2860 1123 3036 1160 coram
3060 1107 3258 1177 angelis
3290 1107 3388 1160 Dei
3418 1124 3573 1175 super

1988 1215 2091 1252 uno
2121 1209 2390 1268 peccatore
2410 1199 2764 1269 paenitentiam
2807 1207 3006 1269 agente,
3052 1215 3203 1270 quam
3228 1215 3378 1268 super
3400 1214 3570 1250 nona-

1991 1293 2136 1362 ginta
2175 1308 2352 1345 novem
2392 1292 2570 1362 justis,
2609 1289 2790 1360 quibus
2835 1307 2938 1343 non
2979 1297 3053 1343 est
3094 1307 3222 1360 opus
3270 1290 3570 1360 paenitentia

1990 1380 2140 1449 (Luc.
2177 1397 2260 1445 xv,
2295 1381 2370 1449 7).
2405 1381 2571 1447 Digne
2593 1381 2752 1447 igitur
2782 1381 2900 1434 illos
2929 1397 3026 1450 pro
3050 1381 3435 1450 impmnitentia
3457 1398 3572 1436 cor-

1991 1467 2075 1524 dis
2125 1467 2271 1536 luget
2314 1468 2500 1521 beatus
2530 1469 2834 1537 Apostolus,
2865 1485 2962 1538 pro
2999 1470 3194 1537 quibus
3221 1485 3326 1523 non
3371 1469 3569 1538 gaudet

1991 1557 2264 1624 angelicus
2291 1557 2508 1610 chorus.

2016 1637 2019 1640 ’
2068 1649 2222 1718 195
2249 1645 2376 1700 CAP.
2427 1663 2499 1700 ιιι.
2550 1646 2723 1700 Variis
2751 1648 2916 1701 modis
2965 1665 3058 1701 nos
3105 1647 3173 1700 ad
3219 1649 3570 1717 paenitentiam

1990 1749 2137 1791 vocat
2158 1736 2318 1790 Deus.
2344 1771 2414 1779 --
2439 1738 2524 1791 ib‘.
2565 1737 2874 1807 Benignitas
2899 1750 3029 1804 ergo
3059 1737 3153 1791 Dei
3194 1738 3261 1790 ad
3298 1739 3567 1806 poeniten-

293 1833 425 1886 tiari
456 1846 717 1886 converso
745 1845 852 1884 non
883 1829 1080 1898 possit;
1138 1829 1246 1882 imo
1300 1837 1510 1898 tempus
1556 1843 1717 1881 omne
1748 1843 1886 1896 pra»
1920 1833 1964 1891 Β
1993 1831 2120 1882 tiam
2149 1844 2248 1884 nos
2277 1828 2512 1892 adducit,
2538 1827 2658 1882 ideo
2683 1844 2782 1882 nos
2805 1827 3239 1882 tribulationibus
3265 1826 3470 1894 afﬂigit,
3499 1828 3573 1881 in-

292 1922 476 1978 sentis
488 1921 610 1973 vine
635 1917 972 1973 conversioni
1003 1925 1200 1972 nostra:
1223 1917 1561 1984 cognoscitur
1580 1915 1886 1985 deputasse.

295 2009 500 2064 Beatus
528 2010 672 2062 enim
701 2005 894 2059 Petrus
921 2004 1050 2059 dicit
1077 2023 1089 2056 :
1122 2001 1246 2057 Non
1290 2004 1461 2056 tardat
1492 2001 1746 2057 Dominus
1768 2020 1890 2073 pro-

295 2102 517 2153 missum
537 2113 703 2161 suum,
733 2097 862 2148 sicut
898 2094 1107 2164 quidam
1137 2093 1434 2147 tarditatem
1457 2095 1775 2158 existimant,
1800 2093 1892 2146 sed

294 2191 558 2258 patienter
594 2189 694 2256 {ert
725 2193 932 2255 propter
964 2201 1070 2248 vos,
1099 2183 1277 2237 nolens
1326 2183 1548 2253 aliquem
1578 2184 1767 2253 perire,
1798 2182 1892 2237 sed

297 2295 484 2332 omnes
513 2276 582 2329 ad
605 2274 952 2346 paenitentiam
974 2274 1198 2328 converti
1231 2271 1318 2343 (11
1344 2271 1489 2325 Petr.
1523 2288 1603 2339 ιιι,
1635 2272 1712 2341 9).

378 2368 509 2423 CAP.
534 2384 588 2421 ιι.
630 2365 895 2420 Parabola
927 2365 988 2418 de
1013 2365 1265 2435 operariis
1293 2365 1348 2417 in
1377 2364 1545 2416 vinea.
1575 2362 1715 2417 Deus
1753 2380 1891 2418 sem-

297 2478 400 2531 per
450 2462 732 2514 delectatur
776 2459 1106 2512 conversione
1153 2455 1525 2510 nostra—{4.
1565 2455 1620 2510 Si
1658 2455 1893 2523 aliquam

299 2558 524 2606 aztatem
590 2550 858 2618 judicaret
917 2547 1175 2601 Dominus
1229 2547 1602 2601 conversionis
1657 2545 1894 2600 remedio

305 2645 573 2712 ineptam,
620 2657 725 2695 non
759 2639 983 2694 diversis
1011 2639 1341 2708 temporibus
1379 2639 1656 2708 operarios
1680 2647 1896 2692 vocaret

301 2733 379 2788 ad
407 2733 642 2786 vineam.
673 2729 732 2784 In
762 2729 1072 2784 diversitate
1110 2729 1309 2798 quippe
1350 2728 1604 2782 horarum
1653 2744 1759 2781 non
1809 2728 1894 2780 in-

301 2839 549 2892 congrue
598 2823 862 2892 accipitur
911 2830 1128 2876 :etatum
1176 2820 1489 2886 diversitas;
1536 2821 1606 2874 ita
1657 2830 1714 2874 ut
1765 2829 1895 2876 tetas

303 2918 533 2989 puerilis
561 2915 853 2985 accipiatur
882 2913 932 2966 in
969 2929 1144 2978 mane,
1175 2914 1430 2982 pubertas
1479 2913 1532 2966 in
1587 2913 1764 2977 tertia,
1803 2912 1895 2981 ju-

304 3017 506 3062 ventus
555 3005 604 3058 in
653 3013 824 3068 sexta,
855 3003 1090 3070 gravitas
1119 3002 1434 3058 declinantis
1467 3005 1640 3058 :etatis
1673 3004 1726 3057 in
1754 3019 1896 3057 nona

304 3109 372 3155 et
399 3101 451 3154 in
483 3098 779 3162 undecima,
811 3096 994 3150 senilis
1019 3104 1150 3149 tetas
1183 3096 1296 3166 ipsa
1325 3097 1635 3152 novissima.
1661 3096 1718 3150 In
1758 3110 1894 3164 qua-

305 3204 527 3259 cunque
566 3188 724 3256 igitur
760 3187 878 3255 quis
925 3195 1083 3240 :etate
1131 3194 1372 3253 vocatus,
1421 3188 1468 3240 si
1514 3187 1896 3255 benignitatem

311 3280 560 3335 vocantis
602 3279 808 3332 Domini
837 3293 944 3330 non
969 3284 1208 3345 spernat,
1237 3293 1454 3332 necesse
1491 3289 1574 3332 est
1614 3278 1897 3332 denarium

312 3372 441 3426 vitce
478 3369 723 3440 perennis
745 3367 988 3436 accipiat.
1024 3366 1206 3436 Neque
1235 3367 1376 3420 enim
1421 3384 1526 3421 non
1557 3384 1769 3437 semper
1797 3369 1914 3424 de-‘

313 3463 544 3516 lectatur
573 3459 922 3513 conversione
971 3466 1174 3520 nostra,
1230 3455 1298 3510 de
1345 3473 1453 3526 quo
1503 3458 1658 3512 nobis
1701 3459 1900 3513 clamat

311 3552 432 3608 Ioel
460 3552 720 3620 propheta
747 3567 758 3602 :
795 3549 921 3603 llazc
950 3549 1072 3601 dicit
1094 3548 1346 3602 Dominus
1372 3549 1511 3602 Deus
1538 3559 1699 3602 uester
1723 3567 1741 3604 :
1765 3549 1901 3605 Con-

312 3641 572 3697 vertimini
610 3640 678 3692 ad
708 3656 785 3691 me
809 3656 873 3692 ea:
895 3647 999 3691 toto
1023 3637 1178 3691 corde
1217 3647 1402 3702 uestro,
1435 3638 1488 3690 in
1509 3637 1734 3707 jejunio,
1767 3648 1816 3691 et
1842 3639 1896 3692 in

315 3734 464 3800 ﬂetu,
494 3740 539 3784 et
568 3731 620 3782 in
645 3730 874 3799 planctu,
901 3736 948 3780 et
984 3727 1289 3797 disrumpite
1318 3727 1477 3782 corda
1506 3738 1696 3793 vestra,
1719 3736 1768 3781 et
1793 3745 1898 3782 non

315 3821 614 3875 vestimenta
643 3829 827 3882 vestra,
851 3827 899 3871 et
923 3819 1274 3871 convertimini
1314 3815 1382 3870 ad
1423 3817 1705 3871 Dominum
1733 3817 1899 3872 Deum

315 3921 572 3974 vestrum;
603 3911 723 3980 quia
752 3909 1061 3974 misericors,
1092 3917 1140 3961 et
1161 3909 1362 3977 patiens
1401 3918 1497 3972 est,
1536 3919 1584 3962 et
1619 3911 1899 3980 magnani-

317 4005 440 4067 mis,
474 4009 519 4053 et
548 4001 760 4053 multum
783 4001 1091 4066 misericors,
1115 4008 1164 4052 et
1189 4000 1489 4070 patientiam
1505 3999 1696 4053 habens
1715 4002 1769 4054 in
1791 4017 1902 4054 ma-

315 4095 385 4148 lis
421 4091 557 4162 (Joel
586 4110 664 4161 n.,
698 4092 762 4144 12
787 4101 836 4145 et
863 4092 1015 4163 seq.).

398 4184 487 4238 15.
517 4183 743 4254 Propter
785 4183 930 4253 quod
977 4182 1250 4252 apostolus
1281 4180 1475 4237 Paulus
1503 4181 1752 4237 duritiam
1779 4199 1903 4239 cor-

319 4277 406 4331 dis
436 4277 678 4345 increpat
707 4276 758 4329 in
783 4277 866 4329 his
881 4276 970 4344 qui
989 4275 1355 4344 penitentiam
1380 4291 1601 4329 suorum
1629 4277 1902 4344 negligunt

319 4389 487 4442 agere
515 4380 886 4442 peccatorum;
917 4369 1047 4424 dicit
1071 4369 1214 4423 enim
1239 4387 1251 4421 :
1284 4369 1505 4440 Propter
1526 4371 1662 4441 quod
1689 4371 1902 4424 inexcu-

318 4464 503 4521 sabilis
524 4479 596 4525 es,
619 4479 648 4515 o
676 4463 826 4515 homo
848 4461 1012 4514 omnis
1041 4460 1125 4530 qui
1141 4459 1367 4528 judicas.
1395 4457 1460 4513 In
1490 4477 1588 4532 quo
1608 4461 1742 4513 enim
1756 4461 1902 4530 judi-

1993 1919 2332 1974 lirmitatibus
2364 1919 2607 1988 corripit,
2668 1919 2929 1987 angustiis
2966 1919 3162 1983 erudit,
3192 1927 3252 1972 ut
3280 1919 3372 1988 qui
3399 1920 3451 1972 in
3480 1935 3570 1973 sa-

1991 2011 2159 2064 nitate
2187 2011 2432 2078 corporis
2461 2010 2820 2079 peccavimus,
2858 2009 2909 2062 in
2944 2007 3256 2063 inﬁrmitate
3282 2024 3312 2061 a
3336 2011 3574 2078 peccatis

1991 2099 2261 2152 abstinere
2291 2097 2556 2151 discamus
2583 2115 2595 2148 :
2627 2095 2715 2166 qui
2745 2097 2798 2149 in
2826 2096 3004 2150 laetitia
3036 2095 3458 2150 misericordiam
3480 2097 3575 2151 Dei

1991 2187 2431 2256 contempsimus,
2484 2187 2717 2255 correpti
2775 2183 2985 2254 ﬂagello
3039 2186 3266 2240 tristitia:
3307 2186 3584 2262 justitiam.

1993 2278 2160 2349 ipsius
2190 2277 2555 2332 formidemus.
2587 2277 2663 2331 lta
2688 2277 2765 2342 ﬁt,
2793 2286 2849 2331 ut
2876 2279 2967 2346 qui
2996 2278 3458 2341 nobis,abutendo
3487 2295 3575 2332 sa-

1995 2370 2182 2434 nitate,
2205 2368 2567 2422 inﬁrmitatem
2596 2353 2920 2437 peperimus,
2938 2384 3034 2437 per
3055 2367 3418 2422 inﬁrmitatem
3440 2369 3574 2423 sani-

1996 2459 2119 2512 tatis
2147 2457 2407 2513 benelicia
2438 2473 2780 2527 reparemus;
2813 2467 2866 2512 et
2889 2460 2980 2525 qui
3011 2474 3106 2527 per
3135 2460 3373 2513 laetitiam
3403 2461 3456 2513 in
3482 2460 3575 2514 tri-

1994 2549 2298 2604 bulationes
2345 2547 2643 2611 incidimus,
2694 2563 2791 2616 per
2836 2548 3208 2604 tribulationes
3238 2550 3304 2604 atl
3333 2550 3574 2605 lzetitiam

1995 2653 2354 2693 recurremus.
2389 2647 2413 2672 ³
2444 2638 2685 2707 Denique
2717 2637 2884 2706 magis
2922 2653 3046 2706 erga
3090 2655 3188 2694 nos
3234 2639 3575 2698 dilectionem

1997 2728 2092 2782 Dei
2122 2727 2343 2796 ﬂagellis
2371 2738 2426 2783 et
2452 2729 2883 2799 correptionibus
2921 2729 3194 2799 Scriptura
3240 2740 3424 2786 sancta
3473 2741 3576 2788 tes-

1998 2829 2142 2875 tatur
2171 2821 2411 2887 ostendi;
2443 2821 2572 2876 dicit
2616 2822 2759 2876 enim
2787 2840 2799 2874 :
2831 2821 2957 2887 Fili,
2991 2839 3054 2876 ne
3078 2823 3288 2892 deﬁcias
3331 2824 3384 2876 in
3417 2825 3576 2878 disci-

1997 2917 2142 2984 plina
2185 2913 2416 2979 Domini,
2461 2930 2621 2986 neque
2667 2915 2898 2984 fatigeris
2927 2931 3041 2967 cum
3083 2913 3145 2966 ab
3172 2931 3231 2968 eo
3260 2915 3576 2985 increparis;

1998 3023 2144 3078 quem
2169 3007 2305 3060 enim
2332 3006 2502 3078 diligit
2550 3005 2824 3074 Dominus,
2871 3008 3108 3076 corripit;
3151 3007 3381 3078 ﬂagellat
3408 3017 3578 3062 autem

2000 3115 2198 3152 omnem
2227 3099 2393 3170 ﬁlium
2421 3115 2566 3170 quem
2589 3101 2767 3169 recipit
2793 3098 2972 3166 (Prov.
3007 3115 3082 3164 ιιι,
3109 3099 3218 3168 ll).

1925 3191 1970 3252 C
2071 3189 2200 3243 Car.
2218 3206 2308 3244 xu.
2325 3221 2397 3231 ——
2417 3188 2520 3244 Sed
2544 3197 2598 3245 et
2628 3190 2741 3259 ipse
2754 3189 3002 3245 Salvator
3016 3189 3136 3244 illos
3155 3204 3214 3245 se
3241 3189 3369 3246 dicit
3395 3205 3582 3248 amaro

2001 3299 2138 3352 quos
2165 3284 2342 3352 arguit
2367 3301 2380 3336 :
2412 3281 2549 3353 Ego,
2601 3283 2866 3352 inquiens,
2893 3299 3018 3354 quos
3057 3299 3173 3335 amo
3202 3299 3364 3353 arguo
3389 3291 3437 3336 et
3466 3298 3582 3336 cas-

2003 3377 2106 3445 tigo
2139 3375 2319 3444 (Apoc.
2352 3392 2430 3442 ιιι,
2463 3375 2573 3445 19).
2625 3375 2690 3428 Et
2717 3376 3083 3444 apostolorum
3113 3375 3355 3430 doctrina
3387 3376 3582 3444 praedi-

2001 3481 2126 3521 care
2153 3483 2261 3522 non
2293 3476 2487 3533 cessat,
2510 3468 2634 3536 quia
2671 3477 2868 3537 oportet
2899 3485 2992 3521 nos
3027 3485 3118 3536 per
3151 3469 3338 3521 multas
3363 3469 3583 3522 tribula-

2003 3558 2165 3612 tiones
2185 3560 2400 3612 introire
2424 3560 2479 3611 in
2510 3575 2723 3630 regnum
2744 3558 2840 3612 Dei
2870 3561 3008 3628 (Act.
3038 3574 3148 3624 xw,
3179 3558 3290 3628 2t).
3317 3558 3434 3628 lpse
3456 3574 3585 3628 quo-

2002 3664 2108 3719 que
2137 3649 2394 3704 Dominus
2421 3657 2624 3704 arctam
2667 3651 2810 3704 viam
2857 3658 2915 3704 et
2961 3659 3243 3718 angustam
3291 3650 3422 3705 dicit
3466 3667 3585 3706 esse

2002 3748 2234 3808 portam,
2266 3756 2386 3810 quae
2410 3740 2557 3795 ducit
2585 3741 2652 3794 ad
2679 3741 2866 3796 vitam.

2075 3828 2160 3881 l7.
2207 3827 2275 3882 Ut
2313 3837 2490 3884 autem
2523 3831 2832 3886 noverimus
2860 3831 2981 3885 illos
3015 3831 3104 3900 qui
3135 3832 3342 3900 gaudiis
3371 3840 3582 3903 tempo-

2003 3919 2205 3973 ralibus
2259 3920 2629 3986 obiectantur,
2687 3929 2742 3975 et
2783 3921 2932 3990 jussu
2978 3920 3156 3974 divina
3203 3930 3582 3988 contemnunt,

2002 4009 2219 4062 aeternis
2249 4008 2463 4078 ignibus
2492 4008 2940 4077 concremandos,
2971 4009 3093 4063 illos
3134 4025 3264 4065 vero
3304 4011 3396 4080 qui
3444 4013 3585 4068 mala

2007 4098 2322 4166 temporalia
2345 4113 2466 4153 cum
2497 4098 2692 4153 timore
2721 4098 2816 4153 Dei
2838 4099 3104 4169 patienter
3126 4099 3359 4153 tolerant
3380 4109 3584 4157 aeterna

2004 4190 2183 4258 quiete
2228 4190 2529 4259 potituros;
2561 4189 2905 4245 attendamus
2944 4191 3166 4245 divitem
3211 4201 3585 4262 purpuratum,

2005 4287 2060 4333 et
2081 4294 2372 4348 pauperem
2404 4277 2682 4344 Lazarum,
2713 4281 2861 4334 illum
2888 4290 3011 4350 post
3039 4281 3224 4351 epulas
3245 4281 3472 4337 ﬂammis
3492 4299 3587 4354 pe-

2005 4369 2259 4422 rennibus
2313 4370 2582 4434 traditum,
2617 4370 2775 4424 istum
2816 4380 2940 4440 post
2976 4387 3239 4426 aerumnas
3287 4373 3339 4426 in
3385 4382 3585 4430 aeterna

2005 4457 2152 4511 sinus
2180 4457 2407 4512 Abraba:
2427 4460 2608 4528 quiete
2635 4475 2882 4514 securum
2907 4478 2920 4512 :
2955 4461 3042 4515 ubi
3072 4477 3193 4515 cum
3221 4463 3418 4516 stillam
3439 4464 3588 4518 dives

319 4574 411 4611 cas
455 4558 687 4618 alterum,
741 4565 787 4607 te
831 4555 998 4622 ipsum
1028 4551 1374 4616 condemnas;
1421 4553 1598 4606 cadent
1626 4553 1762 4605 enim
1791 4553 1903 4623 agis
1935 4567 1978 4623 ί)
2007 4545 2202 4601 ardens
2229 4548 2396 4614 digito
2426 4549 2569 4603 beati
2602 4550 2852 4618 pauperis
2880 4549 3077 4619 lingua:
3105 4565 3216 4605 sua:
3237 4563 3485 4620 posceret
3513 4555 3588 4608 ir-

318 4661 440 4718 qua:
461 4643 686 4714 judicas.
721 4642 924 4697 Scimus
947 4650 1112 4694 autem
1143 4643 1380 4711 quoniam
1403 4641 1657 4713 judicium
1703 4641 1794 4694 Dei
1829 4650 1906 4694 est

322 4735 603 4791 secundum
629 4735 892 4788 veritatem
929 4733 984 4784 in
1021 4749 1106 4785 eos
1129 4733 1213 4802 qui
1244 4733 1370 4785 talia
1407 4741 1586 4803 agunt.
1621 4731 1905 4786 Existimas

322 4836 498 4880 autem
527 4826 641 4890 hoc,
676 4841 705 4878 o
735 4824 885 4878 homo
932 4823 1096 4876 omnis
1142 4823 1227 4893 qui
1266 4822 1472 4892 judicas
1517 4839 1603 4876 eos
1651 4825 1735 4893 qui
1780 4823 1907 4876 talia

325 4925 514 4987 agunt,
546 4923 593 4968 et
622 4913 752 4985 facis
777 4929 856 4975 ea,
888 4913 1008 4982 quia
1045 4920 1096 4965 tu
1126 4899 1351 4983 effugies
1357 4911 1612 4982 judicium
1653 4912 1788 4966 Dei?
1826 4913 1906 4966 An

323 5007 532 5061 divitias
579 5003 820 5058 bonitatis
863 5003 973 5072 ejus
1018 5011 1067 5056 et
1110 5003 1372 5072 patientia!
1413 5010 1463 5056 et
1503 5001 1911 5074 longanimitatis

328 5097 636 5163 contemnis,
667 5097 912 5165 ignorans
940 5095 1181 5167 quoniam
1210 5092 1496 5164 benignitas
1527 5093 1624 5148 Dei
1653 5094 1722 5147 ad
1740 5095 1908 5164 pteni-

329 5190 545 5243 tentiam
577 5199 624 5242 te
662 5187 910 5241 adducit?
955 5184 1251 5240 Secundum
1296 5183 1541 5240 duritiam
1569 5197 1738 5240 autem
1767 5195 1908 5240 tuam

326 5289 380 5334 et
410 5281 730 5349 impasnitens
760 5295 848 5332 cor
887 5278 1198 5331 tltesaurizas
1228 5276 1317 5331 tibi
1344 5277 1477 5330 iram
1505 5279 1556 5331 in
1599 5278 1680 5331 die
1714 5280 1828 5347 irte,
1857 5288 1906 5333 et

327 5373 652 5426 reuelationis
686 5372 815 5441 justi
851 5370 1032 5440 judicii
1061 5368 1178 5433 Dei,
1209 5374 1294 5440 qui
1329 5368 1504 5423 reddet
1531 5371 1802 5440 unicuique
1825 5386 1908 5424 se-

327 5462 555 5516 cundum
583 5480 740 5533 opera
769 5478 862 5515 sua
890 5459 1065 5529 (Rom.
1111 5476 1169 5527 ιι,
1217 5459 1269 5526 1,
1299 5459 1354 5526 2,
1379 5470 1428 5514 et
1447 5461 1603 5529 seq.).
1629 5459 1746 5514 Alio
1771 5476 1908 5530 quo-

327 5567 441 5622 que
469 5553 589 5610 loco
619 5569 729 5610 non
759 5559 868 5606 tam
904 5549 1109 5622 plangit
1136 5549 1228 5620 qui
1250 5564 1476 5624 peccare
1502 5549 1738 5616 graviter
1758 5548 1911 5604 vide-

401 5743 430 5770 ⁸
460 5732 520 5788 ιιι
546 5748 646 5788 ms.
677 5729 842 5802 Corb.
871 5728 1138 5782 adduntur
1162 5726 1249 5802 hic
1277 5727 1438 5781 verba
1458 5725 1596 5802 hgec,
1626 5723 1860 5802 ausculta
1881 5742 1911 5780 ο
1932 5791 1944 5802 .

330 5812 573 5862 peccator
599 5813 647 5858 et
675 5800 860 5875 gaude,
885 5814 1068 5856 verum
1091 5814 1191 5854 nec
1219 5798 1467 5868 leguntur
1495 5796 1548 5852 in
1570 5794 1797 5862 excusis,
1817 5810 1916 5854 nec

2008 4637 2198 4700 rorari,
2232 4636 2344 4692 [nec
2370 4637 2434 4690 ad
2458 4654 2579 4692 eum
2597 4640 2739 4695 beati
2760 4640 2986 4696 Abraha:
3010 4641 3257 4712 protinus
3283 4652 3366 4698 est
3384 4644 3588 4701 directa

2008 4727 2287 4794 responsio
2314 4744 2325 4779 :
2362 4725 2490 4795 Fili,
2517 4729 2793 4784 recordare
2817 4732 2937 4802 quia
2967 4732 3203 4798 recepisti
3243 4732 3378 4786 bona
3401 4735 3456 4786 in
3486 4735 3586 4787 vita

2010 4823 2116 4881 tua,
2141 4825 2188 4868 et
2213 4813 2446 4872 Lazarus
2476 4818 2714 4871 similiter
2736 4820 2905 4884 mala;
2935 4837 3069 4874 nunc
3110 4830 3282 4873 autem
3310 4831 3359 4873 tu
3388 4823 3589 4874 crucia-

2011 4907 2103 4973 ris,
2129 4907 2210 4961 hic
2239 4925 2354 4962 vero
2383 4910 2648 4981 requiescit
2681 4909 2829 4981 (Luc.
2876 4928 2985 4978 xvi,
3025 4910 3137 4977 25).
3183 4911 3300 4968 Non
3342 4911 3441 4966 fuit
3486 4913 3590 4969 alia

2012 5011 2173 5052 causa
2203 5013 2308 5068 qua
2335 5001 2483 5056 dives
2512 5017 2700 5071 pinnas
2728 5002 2920 5068 lueret,
2945 5011 3001 5058 et
3021 5018 3226 5073 pauper
3246 5004 3440 5073 gaudio
3461 5007 3594 5076 poti-

2011 5097 2162 5143 retur
2200 5105 2262 5145 ae
2291 5093 2496 5162 requie,
2529 5093 2629 5149 nisi
2669 5095 2794 5164 quia
2841 5095 2930 5151 ille
2960 5097 3100 5151 bona
3132 5098 3333 5166 recepit
3381 5099 3433 5152 in
3482 5099 3592 5153 vita

2010 5197 2124 5249 sua,
2157 5183 2245 5238 ille
2271 5194 2449 5240 autem
2475 5187 2635 5241 mala.

2085 5276 2213 5332 CAP.
2249 5295 2358 5334 xm.
2399 5278 2524 5334 Non
2547 5281 2680 5334 idem
2709 5289 2786 5335 est
2812 5282 2944 5335 bona
2972 5284 3242 5352 praesentis
3274 5284 3390 5337 vitae
3411 5283 3596 5337 habere

2015 5378 2064 5423 et
2089 5371 2332 5440 recipere.
2357 5401 2424 5411 —
2447 5370 2532 5424 18.
2575 5371 2690 5428 Non
2721 5388 2909 5429 omnes
2949 5382 3128 5428 autem
3157 5375 3248 5444 qui
3289 5375 3429 5428 bona
3460 5388 3596 5443 pne-

2017 5459 2186 5514 sentis
2234 5460 2356 5514 vita:
2404 5461 2624 5528 habent,
2674 5463 2814 5517 bona
2845 5467 3120 5534 praesentis
3149 5465 3273 5521 vita:
3311 5463 3595 5536 recipiunt,

2020 5568 2119 5609 nec
2139 5568 2327 5610 omnes
2354 5555 2444 5623 qui
2475 5555 2612 5609 mala
2639 5555 2795 5624 hujus
2821 5557 2942 5612 vita:
2959 5558 3254 5628 patiuntur,
3280 5559 3418 5614 inala
3444 5557 3600 5625 hujus

2021 5727 2309 5798 quidquam
2331 5729 2399 5785 ad
2427 5745 2640 5787 sensum
2671 5733 2916 5789 conferre
2951 5731 3208 5787 videnlur.
