4072 6332
384 369 391 377 ·
478 347 582 403 539

1496 343 1552 397 S.
1593 342 1950 398 FULGENTII
1989 341 2288 397 EPISCOPI
2330 343 2689 402 RUSPENSIS

3614 349 3717 405 360

475 464 598 517 vitae
625 458 918 530 recipiunt;
949 457 1044 514 sed
1081 458 1154 511 illi
1199 455 1457 526 recipiunt
1496 456 1636 510 bona
1683 456 1734 510 in
1777 456 1886 510 vita
1928 471 2046 524 sua,
2078 460 2118 514 Α
2153 455 2457 509 continetur
2497 456 2548 510 in
2591 459 2835 526 psalmo:
2869 458 3196 530 Sacri/icium
3224 457 3332 515 Deo
3359 445 3567 531 spiritus
3595 478 3720 518 con-

477 554 568 622 qui
599 553 650 607 in
681 551 876 620 gaudio
905 559 960 605 et
987 549 1188 604 deliciis
1214 548 1336 602 vitae
1368 549 1645 618 praesentis
1673 548 1961 616 exsultant,
1992 556 2048 603 ct

383 642 396 656 '
483 645 536 699 in
567 660 634 699 eo
660 659 719 698 se
759 643 946 698 beatos
973 640 1217 704 credunt,
1258 639 1400 708 quod
1426 653 1486 694 se
1522 639 1665 693 nulla
1691 639 1902 694 concuti
1945 637 2046 692 ad--

476 735 732 790 versitate
759 730 1135 801 conspiciunt:
1169 729 1242 783 illi
1290 737 1467 783 autem
1520 729 1660 782 mala
1698 729 1963 799 recipiunt
1990 728 2044 782 in

478 827 586 881 vita
631 840 745 887 sua,
795 823 884 892 qui
931 835 1208 892 pressuras
1247 828 1302 875 et
1349 819 1717 875 tribulationes
1760 819 2036 888 prtesentis

476 918 600 970 vitae
644 929 765 969 cum
811 914 1003 967 timore
1041 911 1136 965 Dei
1173 911 1426 976 tolerant,
1456 919 1512 963 et
1541 908 1704 963 corde
1729 909 1965 962 contrito
1994 916 2048 962 et

476 1005 775 1070 humiliato,
806 1018 915 1057 non
945 1000 1256 1070 temporalia
1285 999 1495 1068 gaudia,
1527 997 1619 1053 sed
1647 1005 1846 1051 :eterna
1875 998 2048 1066 suSpi-

477 1105 626 1161 rant;
670 1111 769 1151 nec
807 1095 1094 1151 transitura
1135 1094 1295 1157 bona,
1327 1092 1420 1149 sed
1457 1105 1803 1161 permansura
1831 1089 2047 1145 deside-

475 1195 614 1240 rant.

548 1274 634 1329 l9.
675 1275 916 1345 Denique
942 1274 1047 1329 illis
1074 1273 1166 1341 qui
1204 1273 1258 1327 in
1300 1271 1456 1327 bonis
1494 1270 1836 1341 prtesentium
1865 1285 2044 1325 rerum

474 1367 665 1421 volunt
709 1366 910 1420 habere
957 1365 1217 1428 lietitiam,
1261 1363 1390 1417 dicit
1417 1362 1650 1432 psalmus
1678 1380 1690 1413 :
1724 1360 1853 1414 Filii
1882 1361 2049 1413 homi-

475 1474 616 1523 num,
648 1472 903 1528 usquequo
932 1472 1113 1526 graves
1143 1454 1328 1517 corde;
1367 1453 1546 1522 utquid
1599 1451 1817 1520 diligitis
1845 1451 2049 1504 vanita-

477 1557 575 1600 tem
595 1558 642 1601 et
663 1547 889 1617 quwritis
918 1546 1235 1599 mendacium
1261 1541 1431 1613 (Psal.
1458 1559 1531 1610 tv,
1557 1541 1652 1610 5)?
1681 1550 1736 1594 et
1761 1540 1866 1594 alio
1895 1541 2046 1593 loco:

487 1637 656 1692 ’Volite
675 1654 884 1707 sperare
907 1638 961 1689 in
983 1637 1252 1706 iniquitate
1282 1644 1330 1698 ι,
1361 1642 1409 1688 et
1436 1635 1488 1686 in
1517 1634 1704 1702 rapina
1724 1632 1882 1685 nolite
1924 1647 2050 1684 con-

475 1733 750 1800 cupiscere.
769 1727 974 1797 Divitiae
992 1729 1035 1780 si
1064 1727 1293 1795 affluant,
1319 1724 1476 1778 nolite
1489 1739 1578 1776 cor
1598 1737 1853 1792 apponere
1877 1720 2045 1792 (Psal.

2149 543 2438 610 tribulatus,
2487 563 2576 598 cor
2594 549 2866 602 contritum
2887 558 2937 604 et
2966 550 3287 604 humiliatum
3315 549 3456 606 Deus
3497 569 3597 607 non
3625 557 3717 609 de-

2146 633 2322 700 spiciet
2351 631 2518 699 (Psal.
2557 651 2606 699 ι,
2640 635 2754 706 19).

2218 720 2344 776 CAP.
2390 740 2478 778 xv.
2520 723 2829 783 Exhortatio
2877 729 2947 783 ad
2989 741 3274 802 promptam
3320 737 3714 791 conversionem.

2145 811 2322 866 -—2l.
2365 811 2458 867 His
2486 822 2539 869 et
2561 815 2852 872 innumeris
2881 819 3246 887 hujuscemodi
3293 825 3608 881 testimoniis
3638 829 3721 881 in-

2147 898 2382 965 formati,
2422 903 2789 973 principaliter
2816 907 2882 961 ad
2912 909 3077 963 Deum
3112 915 3722 983 converti,‘quantocius

2149 993 2486 1063 festinemus;
2519 997 2646 1053 dicit
2671 1001 2810 1054 enim
2833 1000 3108 1072 Scriptura
3133 1022 3145 1057 :
3177 1003 3262 1058 Ne
3288 1007 3570 1062 tardaveris
3598 1027 3724 1064 con-

2146 1085 2274 1138 verti
2295 1086 2363 1138 ad
2382 1086 2676 1156 Dominum,
2691 1099 2812 1144 etne
2825 1092 3037 1160 differas
3057 1094 3120 1148 de
3140 1094 3285 1148 diein
3301 1097 3452 1160 diem,
3469 1116 3530 1152 ne
3556 1101 3722 1155 subito

2148 1175 2315 1228 veniat
2353 1177 2431 1229 ira
2479 1178 2608 1242 eius,
2653 1188 2704 1232 et
2743 1181 2796 1232 in
2824 1191 3066 1252 tempore
3114 1185 3357 1239 vindictte
3385 1188 3648 1254 disperdat
3675 1199 3725 1243 te

2152 1263 2337 1335 (Eccli.
2367 1283 2420 1331 γ,
2460 1267 2536 1335 8).
2569 1268 2822 1324 Conversi
2854 1279 3053 1338 autem,
3093 1274 3161 1328 de
3189 1275 3503 1332 remissione
3530 1294 3725 1347 pecca-

2151 1359 2325 1407 torum
2348 1354 2650 1411 nullatenus
2679 1359 3046 1428 desperemus,
3074 1371 3317 1417 tenenles
3333 1365 3542 1419 Domini
3565 1365 3724 1422 ﬁdele

2151 1445 2492 1514 promissum,
2521 1447 2610 1515 qui
2641 1448 2754 1501 ait:
2787 1448 2912 1502 Cum
2955 1469 3221 1507 conversus
3261 1457 3435 1525 fueris,
3483 1466 3530 1511 et
3575 1460 3725 1528 inge-

2151 1536 2359 1600 mueris,
2393 1537 2562 1590 salvus
2591 1538 2692 1592 eris
2725 1537 2856 1605 (Isa.
2893 1558 2999 1595 xxx
3030 1543 3308 1597 secundum
3348 1543 3542 1616 LXX).
3568 1546 3725 1602 Pres-

2151 1640 2305 1680 suras
2332 1627 2810 1697 tribulationesque
2839 1633 3113 1700 praesentis
3137 1635 3390 1703 temporis
3416 1636 3726 1704 longanimi-

2155 1725 2236 1771 ter
2263 1718 2571 1784 toleremus,
2606 1728 2660 1774 ct
2707 1736 2736 1774 a
2767 1723 2960 1778 timore
2998 1724 3091 1778 Dei
3137 1725 3439 1782 nullatenus
3481 1727 3725 1782 disceda-

475 1796 585 1885 in,
613 1818 718 1886 11).
750 1818 907 1872 Tales
935 1817 1097 1871 etiam
1126 1817 1316 1870 beatus
1349 1813 1579 1868 Jacobus
1617 1813 1895 1879 increpare
1937 1825 2044 1863 non
2081 1796 2120 1854 Β
2150 1821 2294 1872 mus;
2327 1808 2564 1876 prmcipit
2611 1811 2754 1864 enim
2801 1828 2900 1866 nos
2947 1813 3251 1884 Apostolus,
3284 1833 3399 1873 esse
3427 1820 3479 1872 in
3511 1820 3726 1874 tribula-

475 1908 891 1973 cessat,dicens:
915 1907 1061 1977 Agite
1083 1922 1235 1970 nunc,
1264 1905 1460 1963 divites,
1477 1903 1693 1972 plorate,
1717 1900 1976 1954 ululantes
1995 1901 2048 1952 in

475 1999 694 2050 miseriis
725 2011 837 2067 quas
866 1995 1140 2048 advenient
1183 1993 1344 2047 vobis.
1392 1991 1600 2046 Divitite
1647 2001 1826 2046 vestra:
1871 1999 2048 2061 putre-

477 2089 629 2158 facta:
656 2094 792 2150 sunt,
823 2092 872 2138 et
903 2085 1195 2138 vestimenta
1227 2092 1392 2135 vestra
1421 2098 1452 2134 a
1481 2081 1631 2134 tineis
1657 2088 1880 2135 comesta
1908 2088 2047 2134 sunt.

476 2179 672 2232 Aurum
683 2183 732 2230 et
746 2183 1012 2247 argentum
1027 2181 1244 2227 vestrum
1267 2171 1590 2242 wruginavit.
1613 2179 1662 2223 et
1682 2187 1856 2241 aerugo
1877 2185 2052 2223 eorum

483 2271 640 2344 196
659 2271 714 2324 in
744 2268 1088 2323 testimonium
1114 2266 1252 2322 vobis
1284 2267 1400 2329 erit,
1430 2272 1478 2319 et
1503 2264 1834 2317 manducabit
1871 2280 2053 2316 carnes

477 2373 670 2420 vestras
691 2364 820 2416 sicut
847 2362 1003 2432 ignis.
1023 2359 1434 2414 Thesaurizastis
1461 2359 1514 2412 in
1543 2358 1830 2412 novissimis
1854 2357 2048 2411 diebus.

478 2457 611 2510 Ecce
630 2471 820 2510 merces
849 2454 1200 2523 operariorum
1223 2453 1310 2520 qui
1337 2458 1658 2505 messuerunt
1687 2451 1917 2520 regiones
1938 2465 2052 2502 ves-

479 2558 606 2615 tras,
629 2563 742 2618 qua:
769 2544 1015 2617 fraudata
1041 2554 1118 2596 est
1136 2560 1167 2596 a
1195 2541 1353 2606 vobis,
1369 2542 1577 2608 clamat,
1595 2550 1643 2594 et
1667 2541 1861 2595 clamor
1879 2557 2053 2594 eorum

481 2641 531 2693 in
553 2646 704 2692 aures
731 2637 942 2691 Domini
974 2634 1205 2690 Sabaoth
1232 2633 1481 2688 introivit.
1514 2632 1726 2702 Epulati
1751 2634 1874 2687 estis
1903 2649 2057 2703 super

481 2740 688 2791 terram,
720 2734 768 2780 et
798 2725 1018 2780 luxuriis
1038 2723 1303 2778 enutristis
1333 2723 1489 2778 corda
1515 2731 1682 2776 vestra
1712 2722 1850 2788 (Jac.
1876 2738 1929 2787 v,
1958 2722 1980 2776 1
2007 2729 2055 2777 et

483 2819 634 2889 seq.).
666 2817 870 2871 Talium
900 2830 1114 2886 quoque
1145 2815 1309 2869 risum
1355 2822 1411 2868 et
1461 2813 1715 2882 gaudium
1758 2815 1814 2868 in
1855 2813 2053 2869 luctum

483 2908 723 2964 converti
761 2907 1016 2977 prtecepit
1061 2914 1116 2962 et
1157 2920 1465 2968 maerorem,
1510 2905 1728 2959 dicens:
1763 2903 2057 2960 Emundate

485 3014 682 3062 manus,
714 3007 1022 3067 peccatores,
1051 3004 1100 3048 et
1124 2995 1395 3065 purificute
1420 2995 1576 3048 corda
1606 2995 1830 3064 duplices
1853 2997 2055 3060 animo;

486 3088 656 3141 miseri
684 3094 862 3154 estote,
904 3095 953 3140 et
1002 3086 1184 3156 lugete,
1234 3094 1284 3139 et
1329 3086 1546 3154 plorate.
1599 3085 1754 3140 Risus
1795 3095 1956 3139 vester
2001 3087 2056 3140 in

2151 1895 2288 1950 tione
2313 1898 2561 1966 patientes
2587 1898 2761 1967 (Rom.
2781 1902 2996 1975 111,12).
3021 1904 3121 1971 Qui
3146 1907 3306 1962 etiam
3330 1912 3727 1979 corrcptionem

2152 1988 2429 2054 prmsentis
2469 1989 2748 2057 temporis,
2780 1991 2846 2046 ad
2886 1993 3187 2050 evitandum
3216 1995 3375 2052 futuri
3398 1997 3580 2067 judicii
3610 2017 3727 2070 paco

2151 2089 2296 2139 nam,
2336 2075 2562 2130 multum
2592 2079 2747 2134 nobis
2788 2082 3047 2151 prodesse
3071 2092 3318 2154 testatur,
3345 2088 3563 2144 dicens:
3597 2089 3726 2146 Cum

2145 2163 2443 2233 judicamur
2491 2176 2679 2233 autem,
2722 2185 2753 2221 a
2793 2169 3017 2227 Domino
3045 2175 3367 2245 corripiatur,
3398 2188 3454 2230 ut
3481 2196 3583 2233 non
3611 2197 3727 2236 cum

2151 2252 2246 2306 hoc
2273 2253 2462 2308 mundo
2491 2255 2791 2310 damnemur
2811 2257 2866 2329 (Ι
2885 2257 3004 2314 Cor.
3031 2277 3103 2328 χι,
3133 2261 3244 2334 59.).

2222 2342 2349 2398 CAP.
2373 2362 2482 2400 xvr.
2525 2345 2590 2400 In
2616 2347 3029 2406 tribulationibus
3053 2357 3242 2409 nostris
3261 2359 3458 2428 gratias
3485 2359 3587 2416 Ileo
3610 2379 3729 2433 aga-

2157 2433 2488 2489 mus.—22.
2530 2435 2726 2492 Verbm
2774 2439 2826 2493 in
2877 2440 3006 2511 ipsis
3053 2444 3483 2503 tribulationibus
3529 2452 3729 2519 gratias

2156 2539 2375 2594 agamus
2404 2526 2653 2596 Domino,
2683 2537 2738 2584 et
2763 2530 2867 2586 hoc
2909 2534 3052 2601 quod
3088 2545 3306 2590 sanctus
3352 2537 3567 2596 Azarias
3594 2541 3731 2596 dixit

2157 2614 2211 2668 in
2241 2615 2480 2686 fornace,
2527 2633 2625 2673 nos
2654 2619 2706 2674 in
2739 2621 3082 2679 tribulatione
3113 2624 3351 2682 dicamus
3378 2647 3390 2680 :
3424 2629 3729 2686 Benedictus

2155 2725 2229 2773 cs,
2260 2707 2481 2764 Domine
2509 2710 2648 2765 Deus
2688 2723 2891 2783 patrum
2935 2725 3246 2784 nostrorum,
3275 2731 3324 2774 et
3351 2722 3646 2789 laudabilis,
3680 2734 3732 2779 et

2158 2800 2433 2870 gloriosum
2469 2816 2655 2856 nomen
2697 2811 2838 2857 tuum
2877 2806 2929 2858 in
2958 2808 3185 2862 saecula:
3214 2811 3456 2881 quoniam
3477 2814 3649 2882 justus
3675 2830 3730 2868 es

2157 2889 2210 2941 in
2239 2887 2473 2943 omnibus
2501 2907 2612 2961 qua:
2637 2893 2800 2962 fecisti
2827 2893 2993 2962 nobis,
3022 2907 3070 2949 et
3098 2901 3271 2952 omnia
3298 2917 3452 2971 opera
3481 2911 3566 2956 tua
3587 2921 3728 2968 vera,

2143 2985 2208 3030 et
2237 2987 2389 3032 recta:
2409 2979 2649 3061 vite‘tua’,
2675 2989 2722 3033 et
2749 2984 2920 3056 omnia
2947 2983 3146 3053 judicia
3168 2994 3254 3040 tua
3282 2991 3496 3052 veritas;
3525 3002 3572 3044 et
3591 2992 3731 3061 judi-

2160 3067 2294 3120 cium
2333 3054 2558 3122 veritatis
2595 3072 2778 3141 fecisti,
2821 3075 3098 3129 secundant
3145 3081 3316 3133 omnia
3345 3099 3458 3152 qua:
3481 3083 3731 3138 induaisti

488 3178 675 3230 luctum
703 3185 1048 3242 convertatur,
1089 3185 1138 3229 et
1174 3174 1416 3246 gaudium
1455 3177 1510 3229 in
1550 3191 1836 3229 maerorem.
1870 3173 2057 3229 Humi-

2162 3158 2327 3225 nobis,
2362 3170 2411 3212 et
2433 3178 2583 3227 super
2611 3164 2863 3218 civitatem
2906 3177 3139 3222 sanctam
3182 3180 3386 3242 patrum
3437 3185 3732 3230 nostrorum

489 3267 688 3321 liamini
733 3267 788 3320 in
834 3275 1107 3335 conspectu
1157 3264 1389 3327 Domini,
1435 3272 1483 3319 et
1526 3265 1776 3319 exaltabit
1803 3282 1887 3320 vos
1919 3265 2058 3322 (Jac.

489 3374 556 3417 tv,
581 3355 634 3419 8,
667 3353 742 3424 9).

557 3447 685 3502 Car.
720 3465 826 3501 xw.
871 3446 1221 3501 Retributione
1248 3448 1424 3519 futura
1452 3463 1543 3501 nec
1565 3445 1683 3501 boni
1703 3463 1795 3500 nec
1819 3447 1943 3501 mali
1965 3448 2066 3517 pri-

490 3537 920 3606 vabantur.—20.
962 3537 1147 3606 Neque
1175 3553 1302 3592 vero
1319 3545 1567 3607 putemus
1594 3537 1863 3591 tristitiam
1894 3537 2066 3591 humi-

490 3630 638 3695 lium,
687 3636 742 3684 et
787 3629 1025 3683 laetitiam
1065 3629 1441 3697 superborum,
1493 3627 1694 3680 luctum
1741 3627 1974 3697 piarunt,
2011 3633 2067 3680 et

490 3721 737 3787 gaudium
761 3721 1065 3791 impiorum,
1098 3721 1271 3774 lutura
1293 3734 1451 3790 posse
1472 3720 1818 3775 retributione
1848 3721 2063 3790 privari.

491 3809 669 3865 Manet
692 3811 968 3878 utriusque
1007 3811 1102 3878 (al.
1134 3809 1398 3878 utrisque)
1443 3810 1702 3876 condigna
1732 3825 1959 3873 merces,
1987 3811 2069 3865 di-

492 3899 614 3953 vino
640 3898 908 3953 reddenda
927 3897 1147 3966 judicio,
1171 3913 1328 3966 quam
1355 3897 1514 3966 judex
1541 3899 1654 3968 ipse
1675 3899 1768 3952 tali
1791 3900 2070 3968 cognosci-

493 3995 579 4039 tur
605 3987 906 4041 decrevisse
931 3989 1194 4041 sententia
1221 4007 1233 4041 :
1277 3987 1367 4041 γω
1394 3987 1551 4048 vobis.
1574 3991 1657 4059 qui
1685 3992 1901 4043 saturati
1924 3992 2064 4057 estis,

494 4077 614 4146 quia
641 4078 903 4140 esurietis;
923 4093 999 4131 va!
1027 4078 1164 4131 vobis
1190 4079 1274 4143 qui
1300 4078 1476 4131 ridetis
1505 4095 1656 4144 nunc,
1687 4082 1804 4151 quia
1835 4081 2068 4152 lugebitis

494 4175 560 4217 et-
571 4165 777 4233 ﬂebitis.
805 4165 950 4220 Beati
988 4166 1072 4236 qui
1111 4184 1244 4220 nunc
1265 4169 1488 4233 esuritis,
1541 4171 1659 4239 quia
1687 4171 2064 4225 saturebimini.

495 4255 643 4310 Beati
669 4257 756 4326 qui
790 4273 926 4310 nunc
961 4259 1112 4326 fletis,
1143 4260 1264 4329 quia
1303 4257 1550 4312 ridebitr's.
1584 4260 1729 4314 Beati
1757 4263 1844 4333 qui
1871 4263 2066 4334 lugent,

492 4348 733 4417 quoniam
761 4348 860 4417 ipsi
881 4347 1278 4403 consolabuntur
1297 4347 1448 4416 (Luc.
1481 4367 1549 4413 v1,
1577 4350 1676 4415 25;
1707 4350 1894 4405 Matth.
1918 4353 2065 4423 v,5).

495 4440 652 4495 Tales
688 4441 851 4496 etiam
903 4439 1071 4494 David
1100 4441 1307 4496 semina
1335 4442 1548 4510 quidem
1588 4442 1716 4498 dicit
1762 4443 1814 4497 in
1860 4442 2068 4500 ﬂetibus

2168 3251 2513 3307 Hierusalem.
2550 3254 2802 3319 Quoniam
2825 3261 2876 3312 in
2907 3263 3114 3316 veritate
3150 3273 3198 3316 et
3237 3265 3434 3334 judicio
3478 3268 3734 3323 induxisti

2166 3345 2273 3399 [nec
2302 3349 2491 3407 omnia,
2534 3358 2739 3419 propter
2767 3362 2973 3420 peccata
2998 3361 3190 3408 nostra.
3223 3353 3475 3419 Quoniam
3502 3362 3736 3429 peccavi-

2166 3452 2296 3499 mtts,
2331 3447 2380 3489 et
2406 3438 2575 3507 inique
2602 3440 2813 3508 egimus,
2843 3443 3154 3497 discedentes
3175 3463 3207 3497 a
3229 3455 3291 3510 te,
3325 3456 3371 3499 et
3392 3449 3602 3502 multum
3623 3467 3738 3519 pec-

2167 3529 2392 3580 cavimus
2419 3529 2470 3580 in
2503 3529 2733 3584 omnibus
2749 3549 2766 3596 ;
2795 3541 2842 3585 et
2871 3534 3128 3588 mandatis
3151 3537 3247 3590 tuis
3274 3555 3374 3593 non
3404 3525 3737 3606 obedivimus.

2169 3634 2260 3672 nec
2285 3625 2710 3688 conservarimus,
2748 3624 2900 3696 197
2938 3644 3095 3698 neque
3123 3631 3354 3698 fecimus,
3385 3633 3513 3686 sicut
3539 3650 3739 3704 praece-

2168 3709 2289 3779 pisti
2318 3712 2482 3775 nobis,
2512 3711 2538 3750 δ
2567 3724 2620 3766 ut
2647 3715 2770 3768 bene
2794 3716 2939 3770 nobis
2969 3727 3116 3773 esset.
3153 3719 3218 3772 Et
3245 3724 3415 3775 omnia
3444 3740 3555 3794 qua:
3582 3723 3740 3778 indu-

2168 3800 2292 3852 xisti
2313 3799 2478 3867 nobis,
2509 3812 2556 3853 et
2584 3804 2756 3856 omnia
2785 3822 3090 3876 quaecunque
3127 3810 3295 3880 fecisti
3325 3810 3486 3877 nobis,
3526 3814 3579 3866 in
3620 3830 3740 3868 vero

2164 3890 2361 3972 judicio
2388 3894 2554 3964 fecisti
2581 3893 2742 3964 (Dan.
2767 3913 2839 3962 ιιι,
2870 3895 2939 3950 26
2970 3909 3019 3952 et
3047 3900 3282 3968 seq.).Et
3302 3903 3460 3972 paulo
3480 3912 3603 3973 post
3621 3906 3700 3958 ait
3723 3923 3739 3960 :

2175 3980 2238 4033 Et
2261 3969 2395 4034 nunc
2421 3985 2676 4054 sequimur
2697 3987 2747 4039 in
2776 3996 2882 4042 toto
2911 3991 3060 4043 corde
3101 4003 3296 4057 nostro,
3334 4003 3383 4047 et
3411 3995 3640 4048 timemus
3668 4004 3740 4060 te,

2171 4079 2219 4123 et
2247 4074 2518 4142 quwrimus
2545 4075 2726 4145 faciem
2754 4086 2891 4131 luant
2925 4089 2968 4144 ε,
3001 4097 3063 4133 ne
3087 4083 3374 4153 confundas
3409 4100 3500 4139 nos
3546 4083 3742 4156 (ιδιά,

2172 4159 2283 4230 ιι).

2714 4255 3042 4312 EPISTULA
3080 4257 3206 4313 Vill.

2627 4383 2723 4422 εει]
2745 4385 2896 4423 LIBER
2922 4386 2987 4423 AD
3017 4387 3279 4426 DONATL‘H.

2175 4452 2254 4508 De
2289 4457 2392 4525 fide
2421 4459 2706 4512 orthodoxa
2733 4473 2783 4512 et
2825 4460 3035 4514 diversis
3063 4463 3318 4517 erroribus
3362 4466 3744 4524 hereticorum.

490 4531 690 4600 jacere,
732 4545 833 4584 nec
859 4537 1036 4584 tamen
1067 4529 1194 4584 silet
1223 4545 1344 4585 cum
1375 4531 1568 4597 gaudio
1611 4542 1665 4586 et
1708 4533 2057 4589 exsultatione

2243 4548 2467 4602 Domino
2513 4550 2743 4613 eximio,
2776 4558 2830 4604 et
2877 4551 2928 4604 in
2960 4550 3158 4606 Christi
3201 4555 3424 4610 caritate
3456 4556 3753 4626 plurimum

492 4633 795 4683 messuros;
836 4618 914 4673 sic
952 4619 1095 4673 enim
1132 4619 1244 4672 ait:
1291 4617 1390 4682 Qui
1436 4623 1692 4674 seminant
1719 4623 1773 4676 in
1803 4624 2064 4694 lacrymis,

490 4711 545 4763 in
579 4709 766 4780 gaudio
795 4718 1000 4764 metant.
1031 4707 1226 4764 Euntes
1273 4711 1418 4764 ibant
1461 4720 1511 4765 et
1556 4712 1769 4781 flebant,
1810 4716 2068 4770 mittentes

492 4802 686 4855 semina
715 4817 826 4854 sua.
869 4799 1140 4855 Venientes
1184 4812 1353 4856 autem
1395 4805 1593 4858 venient
1620 4807 1673 4859 in
1703 4805 2065 4872 exsultatione,

492 4898 754 4959 portantes
803 4891 1092 4960 manipulos
1131 4909 1251 4947 suos
1299 4892 1470 4964 (Psal.
1520 4911 1679 4960 cxxv,
1734 4895 1809 4965 5).
1850 4897 2065 4953 Talibus

493 4981 655 5034 etiam
703 4997 844 5036 nunc
872 4973 1064 5038 asserit
1105 4983 1388 5039 Dominum
1429 4987 1808 5055 propinquare,
1841 4987 2061 5042 dicens:

493 5068 670 5139 Prope
693 5079 769 5124 est
794 5072 1048 5127 Dominus
1073 5074 1149 5128 Itis
1177 5076 1262 5142 qui
1291 5073 1530 5128 tribulato
1557 5084 1676 5127 sunt
1703 5075 1872 5141 corde,
1896 5087 1945 5130 et
1974 5079 2067 5130 Itu-

497 5160 640 5214 miles
664 5162 846 5231 spiritu
873 5166 1041 5218 salvos
1071 5166 1222 5235 faciet
1247 5163 1416 5234 (Psal.
1439 5179 1623 5231 χχχιιι,
1649 5163 1756 5231 19).
1777 5165 1832 5219 In
1861 5173 2066 5220 tantum

496 5267 625 5308 vero
653 5253 872 5323 prodest
900 5255 1176 5310 tribulatio
1203 5255 1538 5318 Christianis,
1573 5266 1632 5309 ut
1668 5270 1765 5325 per
1797 5257 1932 5311 hanc
1961 5259 2070 5327 spi-

496 5344 630 5400 ritus
674 5353 862 5402 noster
903 5345 1015 5402 Deo
1051 5349 1370 5403 sacriﬁcium
1401 5347 1512 5402 ﬁat.
1543 5346 1811 5418 Scriptum
1839 5364 2070 5420 namque

570 5507 595 5570 β
626 5497 788 5570 ῌόὶιὶ,
821 5496 1001 5570 alite
1026 5515 1231 5568 sperare
1260 5499 1600 5570 iniquitatem.

567 5567 595 5605 ι)
624 5568 809 5630 Basil.,
833 5569 965 5644 sicut
986 5567 1302 5644 ωίιτῗιεερειιηιΔ
1315 5567 1458 5622 nobis
1478 5579 1707 5644 esset,get
1730 5572 1902 5644 omnia
1925 5590 2066 5644 qua:-

495 5655 696 5708 cunque
748 5639 917 5708 fecisti
965 5637 1233 5702 nobis,'tu
1286 5637 1410 5691 bene
1456 5637 1682 5692 nobisin
1729 5657 1844 5694 vero
1866 5637 2068 5708 judicio

500 5707 715 5778 fecist_i.__
750 5776 757 5778 _

573 5789 594 5815 ο
625 5774 781 5844 Editi,
811 5787 860 5832 et
889 5778 1123 5833 timemus
1150 5779 1332 5848 faciem
1361 5788 1529 5846 tuum;
1571 5794 1670 5837 nec
1715 5780 1915 5838 habent
1951 5780 2066 5838 lucc

2168 4636 2502 4691 dcsiderabili
2535 4637 2640 4693 ﬁlio
2671 4638 2906 4704 Douno,
2941 4639 3300 4711 thcnu'rws,
3330 4659 3606 4700 servorum
3647 4646 3754 4704 Dei

2166 4726 2411 4792 famulus,
2445 4728 2496 4781 in
2525 4727 2748 4784 Domino
2776 4729 3018 4785 salutem.

2235 4811 2415 4871 CAPUT
2445 4834 2479 4870 ι.
2515 4816 2639 4880 Quis
2668 4819 2784 4872 vitm
2810 4823 3084 4890 particeps.
3111 4819 3237 4885 Quis
3264 4839 3524 4894 expers.-—
3548 4823 3757 4880 LMul-

2167 4911 2280 4957 tum
2306 4902 2330 4941 ἀ
2357 4906 2618 4960 benedice
2636 4906 2935 4972 Dominum,
2967 4909 3306 4965 dilectissime
3335 4910 3428 4978 ﬁli,
3459 4911 3610 4980 cujus
3629 4927 3760 4980 gra-

2165 4994 2241 5047 tia
2272 4994 2391 5049 talis
2419 5011 2477 5051 es
2503 5035 2518 5060 ,
2551 5005 2607 5049 ut
2637 5013 2755 5052 cum
2784 4998 2857 5052 sis
2884 5006 3043 5054 mtate
3066 4999 3250 5069 junior
3271 5018 3316 5066 ν,
3339 5018 3444 5056 ηοιι
3474 5018 3594 5072 qua:
3617 5015 3759 5060 sunt

2165 5083 2343 5137 carnis
2367 5125 2382 5151 ,
2411 5083 2508 5138 sed
2543 5101 2660 5156 qua:
2695 5095 2817 5141 sunt
2854 5088 3072 5157 spiritus
3119 5092 3493 5161 concupiscas;
3526 5101 3581 5146 et
3621 5090 3763 5151 ﬁdei

2167 5171 2379 5228 fervore
2411 5189 2724 5242 succensus,
2763 5177 2851 5232 illa
2882 5177 3220 5236 laudabiliter
3241 5180 3351 5249 jam
3375 5182 3596 5251 incipias
3625 5199 3763 5237 me-

2168 5262 2356 5328 ditari,
2378 5265 2566 5332 quibus
2589 5283 2692 5320 non
2715 5269 2960 5339 voluptas
2988 5286 3205 5326 carnem
3234 5272 3606 5327 damnabiliter
3643 5289 3764 5326 nu-

2171 5357 2296 5411 triat
2314 5400 2330 5426 ,
2354 5357 2449 5412 sed
2479 5360 2657 5427 agnita
2677 5361 2873 5416 veritas
2910 5353 3144 5417 animum
3189 5364 3498 5433 spiritaliter
3525 5372 3760 5433 pascat;

2177 5511 2361 5570 verba,
2392 5520 2442 5564 et
2449 5515 2772 5634 fquaerimus,
2802 5529 2921 5583 qua:
2951 5517 3198 5586 leguntur
3225 5519 3276 5573 in
3306 5518 3401 5575 Ms.
3433 5519 3576 5576 Corb

2248 5577 2275 5616 δ
2321 5580 2418 5634 MS.
2495 5583 2580 5634 οὐ.
2631 5583 2968 5634 Colbertinus
3011 5588 3171 5634 habet
3226 5588 3457 5634 "ultu-ﬁ-
3494 5590 3576 5634 idp

2248 5577 2423 5660 dlMs,
2449 5577 2580 5636 Cod.
2631 5577 2968 5660 Collier'tinus
3003 5577 3171 5660 liabet
3221 5588 3460 5660 Multum.
3494 5590 3766 5660 idemque

2175 5646 2387 5728 pnelert
2412 5652 2470 5728 in
2487 5653 2721 5728 margine
2743 5652 3000 5728 Antuerp.
3029 5657 3156 5715 edit.
3182 5676 3196 5725 ;
3227 5659 3324 5715 rel.
3355 5646 3499 5727 edd.,
3527 5646 3755 5721 Multis;

2249 5733 2272 5758 ο
2301 5719 2400 5776 Ms.
2431 5719 2825 5790 Colb.,'minor.
