4014 6340
260 373 352 426 561

1666 381 1986 439 EPISTOLA
2022 385 2152 442 Vill.

3392 401 3498 462 352

266 494 428 565 ipsius
449 499 592 550 enim
637 493 836 548 factum
867 492 1214 562 inspiratione
1245 508 1348 546 non
1378 491 1582 557 dubito,
1627 503 1685 547 ut
1713 510 1833 547 cum
1863 497 1908 554 Α
1940 495 2092 565 (forte
2113 496 2297 566 unum)
2324 512 2441 552 esse
2473 498 2657 562 Deum,
2684 516 2966 569 summum,
2998 521 3181 561 verum
3203 517 3257 562 et
3276 509 3492 578 bonum,

257 588 452 644 studiis
480 588 723 641 insistere
752 585 925 638 soleas
947 585 1278 639 saecularium
1300 584 1614 646 litterarum,
1641 600 1781 638 nunc
1805 594 1829 621 ³

255 679 454 735 divinis
484 677 711 747 eloquiis
757 674 1040 744 impendas
1066 674 1311 729 allectum
1345 694 1356 727 :
1391 675 1514 728 illud
1538 676 1718 744 utique
1747 691 1834 728 vo-

265 784 375 824 .ens
405 769 574 837 magis
599 765 1025 835 apprehendere,
1052 781 1156 818 non
1189 764 1326 818 unde
1348 763 1549 818 tumida
1578 764 1834 832 eloquen-

246 859 332 929 tia
362 857 588 911 discitur
611 897 624 918 ,
658 855 750 908 sed
790 855 928 919 unde
974 854 1095 907 vita:
1134 853 1438 923 perennitas
1469 861 1828 921 comparatur.

259 946 512 1017 Quisquis
549 946 690 1000 enim
723 944 878 998 iidem
913 959 1090 997 veram
1122 951 1268 998 tenet
1291 985 1303 1003 ,
1346 943 1508 996 vitam
1547 944 1784 1012 possidet
1816 961 1828 995 :

257 1022 437 1091 Justus
469 1038 605 1090 enim
634 1054 696 1089 ex
723 1037 828 1105 ﬁde
855 1037 972 1103 vivit
998 1034 1172 1106 (Rom.
1207 1053 1242 1102 ι,
1271 1036 1357 1106 17)
1382 1053 1394 1096 ς
1438 1045 1491 1089 et
1521 1036 1758 1104 quisquis
1781 1037 1829 1088 in

260 1127 501 1196 ejusdem
545 1125 665 1178 litlei
697 1112 948 1194 mysterio
974 1125 1118 1194 cupit
1145 1125 1331 1182 instrui
1359 1167 1371 1190 ,
1395 1117 1516 1179 vilic
1555 1127 1832 1181 scientiam

258 1217 530 1271 desiderat
572 1215 824 1287 adipisci:
866 1215 919 1268 in
960 1230 1065 1283 qna
1105 1223 1312 1269 tantum
1362 1217 1584 1284 quisque
1624 1216 1831 1280 crescit,

259 1315 462 1376 quanto
487 1301 655 1370 magis
676 1305 818 1372 quod
841 1319 1022 1357 verum
1053 1312 1107 1358 et
1131 1305 1365 1360 salutare
1388 1313 1491 1371 est,
1524 1306 1696 1360 discit.
1724 1304 1833 1359 lluv

255 1396 337 1468 jus
369 1395 612 1450 scientia:
649 1395 744 1461 qui
768 1391 1003 1447 tenuerit-
1049 1389 1408 1448 indubitanter
1438 1395 1642 1448 initium
1664 1435 1682 1459 ,
1714 1410 1834 1463 per-

257 1489 436 1541 veniet
467 1485 537 1538 ad
564 1477 874 1554 perfec'tum,
899 1493 954 1539 et
981 1485 1069 1553 qui
1094 1498 1197 1537 non
1227 1484 1486 1553 spreverit
1507 1484 1586 1538 lac
1613 1493 1832 1552 aposto-

227 1560 340 1632 ‘lici
370 1577 642 1631 sermonis
681 1573 952 1629 humiliter
979 1575 1222 1644 accipere
1241 1618 1256 1642 ,
1286 1575 1400 1644 ipse
1434 1574 1722 1629 merebitnr
1740 1590 1831 1629 so-

256 1668 346 1721 lidi
373 1655 486 1720 cibi
529 1661 877 1734 perceptione
914 1664 1161 1732 gaudere.
1193 1663 1317 1718 Sive
1346 1673 1525 1718 autem
1545 1665 1664 1732 quis
1693 1664 1831 1717 intra

255 1759 558 1814 Ecclesiam
596 1756 910 1811 catholicam
938 1755 968 1796 ι’
1023 1756 1161 1810 lacte
1210 1756 1496 1821 nutriatur,
1547 1756 1658 1810 sive
1711 1756 1831 1810 cibo

1935 586 2088 640 unius
2116 594 2336 654 natum,
2381 589 2537 644 unius
2564 594 2806 646 essentire
2829 637 2844 661 ,
2878 597 3032 651 unius
3065 601 3496 671 omnipotentiae,

1933 674 2087 728 unius
2109 675 2376 742 bonitatis,
2409 679 2563 734 unius
2588 682 2919 747 :eternitatis,
2943 686 3497 756 uniusimmensitatis;

1934 779 1996 819 ac
2033 765 2109 819 sic
2135 783 2255 820 cum
2282 783 2443 822 unum
2480 769 2642 823 Deum
2673 773 2823 826 audis
2856 771 3094 840 Patrem,
3119 785 3174 831 et
3198 778 3385 834 Filium
3405 822 3418 845 ,
3447 791 3502 836 et

1935 853 2187 922 Spiritum
2241 867 2519 924 sanctum,
2576 876 2736 914 unam
2790 872 3030 918 naturam
3087 881 3307 921 summa:
3362 871 3502 926 illius

1935 941 2206 999 Trinitatis
2242 947 2504 1016 intellige;
2543 959 2595 1004 et
2635 967 2752 1005 cum
2806 952 3122 1010 Trinitatem
3172 937 3350 1024 audis,
3408 960 3503 1014 Pa!

1935 1038 2088 1097 trem,
2122 1043 2176 1088 et
2204 1035 2414 1102 Filium,
2449 1047 2502 1094 et
2530 1038 2783 1108 Spiritum
2813 1053 3073 1108 sanctum,
3108 1054 3216 1102 tres
3243 1063 3502 1117 personas

1935 1122 2088 1177 unius
2141 1139 2360 1179 summac
2406 1127 2546 1184 illius
2573 1129 2859 1187 divinitatis
2897 1147 3144 1199 agnosce.
3185 1135 3316 1192 Tres
3355 1141 3498 1193 enim

1934 1227 2174 1280 personae
2203 1225 2342 1279 sunt,
2374 1215 2530 1272 Pater
2553 1259 2566 1282 ,
2609 1227 2663 1273 et
2685 1219 2864 1284 Filius,
2890 1231 2945 1276 et
2973 1223 3203 1292 Spiritus
3232 1236 3487 1291 sanctus;

1933 1298 2053 1353 ideo
2073 1299 2308 1359 Trinitas
2353 1304 2582 1363 dicitur:
2613 1307 2706 1361 sed
2745 1323 2848 1362 una
2876 1310 3166 1371 substantia
3197 1322 3278 1368 est
3305 1313 3498 1376 Patris.

1933 1397 1986 1442 et
2013 1389 2165 1455 Filii,
2210 1402 2263 1446 et
2293 1392 2520 1463 Spiritus
2548 1401 2744 1459 sancti;
2771 1398 2890 1453 ideo
2939 1400 3050 1469 ipsa
3092 1402 3323 1458 Trinitas
3365 1422 3502 1461 unus

1932 1475 2072 1531 Deus
2112 1481 2372 1534 veraciter
2422 1497 2453 1535 a
2484 1482 2724 1538 ﬁdelibus
2749 1487 3085 1554 praedicatur.

2000 1565 2128 1622 CAP.
2157 1585 2231 1624 ιιι.
2269 1570 2389 1625 Tres
2409 1589 2662 1642 personw,
2693 1591 2794 1630 non
2817 1586 2917 1632 tres
2948 1589 3166 1633 natura.
3199 1579 3500 1650 Equalitas

1928 1657 1985 1712 in
2025 1657 2296 1713 Trinitate.
2341 1661 2626 1732 Scriptura:
2664 1667 2952 1722 testimonia
2995 1669 3128 1737 quod
3169 1668 3395 1724 Trinitas
3435 1673 3502 1724 sit

1930 1763 2062 1800 unus
2093 1747 2248 1803 Deus.
2276 1750 2586 1806 Testimonia
2615 1772 2707 1823 pro
2753 1755 2913 1813 tribas
2957 1759 3186 1824 personis
3232 1777 3500 1830 perperam

254 1856 512 1919 pascatur
530 1849 550 1908 ς’
567 1846 613 1900 si
641 1853 821 1898 tamen
841 1845 1014 1900 acina
1041 1845 1225 1898 matris
1253 1843 1502 1898 Ecclesiae
1525 1860 1632 1898 non
1653 1860 1833 1899 reges.
1866 1851 1907 1908 Β
1937 1838 2266 1906 assignantur
2294 1841 2391 1892 soli
2421 1840 2570 1894 Patri
2600 1843 2662 1895 ab
2684 1843 2954 1901 luereticis.
2985 1843 3032 1896 F
3037 1847 3152 1904 ilius
3181 1863 3374 1916 quoque
3401 1847 3501 1902 Do-

255 1937 420 1998 serit',
455 1935 579 1990 vita:
621 1935 888 2004 particeps
913 1935 1279 2003 permanebit;
1329 1934 1452 2004 quia
1494 1943 1681 1990 tenens
1713 1934 1833 1991 lidc-i

250 2025 557 2094 justitiam,
589 2022 885 2092 possidebit
911 2029 966 2076 et
994 2023 1177 2076 vitam.
1220 2022 1388 2088 Quam
1412 2023 1576 2076 vitam
1609 2038 1708 2078 nec
1747 2024 1836 2080 ille

251 2113 556 2185 possidebit
584 2113 675 2180 qui
720 2119 1001 2181 permanet
1045 2112 1099 2165 in
1130 2110 1435 2186 infidelitate
1457 2151 1473 2176 ,
1507 2127 1606 2166 nec
1634 2112 1725 2168 ille
1745 2113 1834 2182 qui

249 2211 572 2276 perseverat
600 2203 652 2256 in
675 2202 896 2258 crimine
922 2220 934 2253 :
959 2202 1210 2270 quoniam
1240 2211 1464 2272 uterque
1492 2203 1559 2258 de
1583 2203 1689 2262 illis
1717 2219 1835 2260 esse

248 2294 599 2350 convincitur
611 2293 720 2361 qui,
735 2292 1022 2347 secundum
1032 2295 1186 2364 198
1196 2292 1474 2362 Apostoli‘
1493 2297 1832 2363 seMentiam,

249 2384 531 2438 ambulant
565 2384 620 2436 in
644 2385 870 2436 vanitate
896 2399 1074 2437 sensus
1103 2384 1212 2450 sui,
1246 2383 1467 2443 tenebris
1507 2383 1836 2444 obscuratum

253 2475 508 2528 habentes
535 2473 863 2535 intellectum,
889 2473 1098 2526 alienati
1124 2488 1157 2524 a
1182 2473 1286 2528 vita
1302 2471 1328 2512 ο
1359 2471 1456 2529 Dei
1477 2489 1568 2543 per
1593 2475 1838 2544 ignoran-

252 2565 386 2620 tiam
407 2603 424 2629 ,
445 2577 563 2632 qm
589 2569 666 2616 est
690 2562 745 2615 in
769 2561 873 2616 illis
894 2601 911 2627 ,
939 2570 1148 2630 propter
1192 2561 1472 2616 caecitatem
1499 2563 1666 2617 cordis
1694 2563 1835 2630 ipso-

252 2669 369 2712 rum
405 2651 622 2721 (Ephes.
662 2667 748 2716 iv,
782 2650 847 2703 l7
870 2689 890 2715 ,
917 2649 1007 2718 18)
1033 2669 1050 2701 -:
1076 2651 1187 2720 ipsa
1231 2650 1373 2705 enim
1401 2649 1578 2705 cordis
1603 2652 1831 2716 accitas,

252 2751 312 2800 et
341 2743 473 2810 quid
499 2739 684 2799 credat
701 2781 716 2805 ,
739 2748 795 2798 et
820 2739 948 2808 quid
975 2747 1116 2808 agat,
1145 2739 1372 2806 ignorat.

321 2833 456 2886 CAP.
485 2849 542 2886 ιι.
573 2831 807 2888 Donatus
833 2840 1017 2890 contra
1051 2831 1206 2899 ﬁdem
1231 2829 1498 2883 Trinitatis
1521 2839 1741 2887 tentatas
1770 2832 1834 2886 ab

259 2925 488 2983 Arianis.
524 2922 603 2980 Ad
623 2920 1026 2990 respondendum
1049 2920 1112 2973 de
1121 2920 1224 2990 ﬁde
1249 2921 1416 2986 parati
1442 2936 1552 2973 esse
1575 2921 1834 2981 debemus.

259 3017 422 3072 Fides
451 3015 516 3072 S.
552 3015 820 3071 Trinitatis
848 3009 1424 3088 exponitur.—2.Dicis
1453 3011 1632 3080 itaque
1660 3027 1688 3064 a
1718 3011 1836 3081 qui-

263 3107 497 3162 busdam
543 3104 751 3160 Arianis
789 3102 855 3157 de
885 3101 1042 3155 Patre
1079 3109 1133 3154 et
1174 3099 1307 3154 Filio
1337 3100 1663 3172 propositam
1691 3115 1834 3168 qua.

1931 1933 2102 2015 minus
2145 1931 2284 1986 Deus
2313 1934 2514 1987 dicitur.
2549 1932 2674 1998 Quis
2703 1935 2845 1988 debet
2866 1936 2969 1994 dici
2989 1935 3328 1990 Christianus.
3361 1939 3500 1992 Ado-

1935 2023 2128 2077 randus
2156 2031 2231 2078 est
2271 2033 2320 2077 et
2355 2024 2672 2080 Filius—4.
2703 2025 2834 2081 Tres
2877 2027 3056 2095 itaque
3094 2042 3352 2100 personas
3379 2043 3501 2082 esse

1940 2110 2148 2166 Patrem
2175 2155 2190 2180 ,
2219 2122 2273 2168 et
2301 2112 2520 2179 Filium,
2549 2123 2605 2168 et
2627 2113 2883 2184 Spiritum
2912 2123 3183 2180 sanctum,
3214 2115 3502 2170 ostendunt

1935 2205 2098 2274 ipsius
2125 2206 2338 2275 eloquia
2378 2205 2650 2260 Veritatis.
2685 2205 2836 2260 Unde
2884 2205 3132 2262 Salvator
3170 2215 3353 2261 noster
3379 2207 3454 2260 ait
3483 2225 3496 2259 :

1937 2291 2058 2348 Non
2081 2310 2193 2347 sum
2222 2294 2382 2356 salus,
2413 2295 2504 2353 sed
2528 2311 2620 2365 ego
2649 2302 2697 2352 et
2726 2297 2814 2366 qui
2836 2296 2976 2354 misit
3006 2311 3088 2354 me
3139 2293 3296 2349 Pater
3317 2294 3496 2364 (Joan.

1934 2398 2043 2445 vin,
2071 2381 2180 2452 16).
2203 2382 2281 2441 De
2307 2381 2505 2452 Spiritu
2527 2394 2713 2437 sancto
2735 2399 2950 2452 quoque
2973 2383 3101 2438 dicit
3130 2401 3142 2436 :
3175 2382 3288 2454 Ego
3308 2387 3500 2454 rogabo

1935 2472 2179 2535 Patrem,
2228 2482 2278 2526 et
2315 2474 2473 2526 aliam
2499 2474 2814 2541 paracletum
2841 2474 2983 2530 dabit
3029 2474 3194 2537 vobis,
3245 2474 3499 2544 Spiritum

1934 2563 2157 2622 veritatis
2176 2559 2355 2633 (Joan.
2379 2577 2485 2625 xiv,
2520 2562 2602 2626 l6,
2635 2559 2744 2632 l7).
2775 2559 3033 2631 Praecepit
3052 2562 3211 2618 etiam
3237 2561 3498 2632 baptizari

1933 2659 2118 2717 gentes
2163 2652 2216 2704 in
2270 2652 2472 2704 nomine
2497 2649 2672 2705 Patris
2696 2689 2710 2713 ,
2737 2661 2785 2704 et
2813 2649 2939 2703 Filii
2964 2690 2980 2715 ,
3003 2661 3051 2703 et
3077 2650 3304 2720 Spiritus
3331 2650 3500 2710 sancti

1933 2738 2147 2810 (Matth.
2183 2755 2342 2798 χχι-ιιι
2361 2779 2375 2803 ,
2409 2739 2518 2808 l9).
2550 2739 2642 2793 His
2669 2747 2828 2808 atque
2848 2738 3149 2808 hujusmodi
3179 2739 3500 2794 testimoniis

1935 2832 2254 2898 ostenditur,
2278 2817 2490 2890 Patrem
2508 2871 2524 2896 ,
2547 2839 2597 2886 et
2628 2831 2839 2895 Filium,
2871 2839 2924 2885 et
2946 2829 3200 2900 Spiritum
3228 2838 3496 2897 sanctum,

1934 2926 2044 2977 tres
2082 2935 2198 2973 esse
2244 2935 2528 2989 personas,
2559 2919 2654 2973 sed
2676 2934 2782 2979 non
2810 2926 2919 2979 tres
2945 2933 3062 2973 esse
3084 2927 3318 2972 naturas.
3347 2917 3500 2973 Unde

1937 3008 2167 3064 Trinitas
2195 3008 2283 3066 illa
2309 3015 2492 3062 sancta
2521 3008 2677 3076 digne
2698 3006 2935 3061 creditur
2958 3005 2978 3044 τ
3011 3007 3062 3061 in
3088 3008 3329 3076 personis
3347 3049 3362 3073 ,
3390 3013 3503 3061 tres

1936 3111 2116 3156 autem
2144 3102 2275 3157 deos
2329 3100 2457 3168 dici,
2510 3100 2742 3169 Patrem,
2788 3111 2844 3156 et
2887 3102 3097 3168 Filium,
3146 3111 3203 3157 et
3243 3102 3502 3172 Spiritum

261 3196 516 3259 stionem,
547 3195 600 3248 in
621 3208 725 3262 qua
751 3192 965 3246 Patrem
991 3189 1245 3260 majorem
1269 3198 1323 3243 et
1351 3190 1608 3250 minorem
1641 3189 1830 3252 Filium
1861 3205 1906 3268 ρ
1936 3197 2178 3248 sanctum
2202 3229 2218 3255 ,
2259 3206 2366 3246 non
2406 3192 2664 3260 permittit
2691 3192 2866 3250 unitas
2895 3191 3168 3253 naturalis,
3199 3192 3267 3245 Et
3293 3192 3418 3260 quia
3447 3192 3501 3246 in

262 3283 614 3345 asserebant:
649 3288 702 3336 te
732 3295 886 3346 vero,
918 3290 1136 3350 propter
1163 3279 1458 3338 divinarum
1486 3279 1837 3346 ignorantiam

265 3374 595 3435 litterarum,
625 3371 814 3440 quibus
833 3370 1009 3425 minus
1037 3370 1321 3423 instructus
1341 3384 1416 3433 es,
1445 3384 1548 3426 non
1576 3368 1840 3425 invenisse

266 3467 400 3537 quid
423 3467 508 3520 eis
543 3466 596 3519 in
641 3463 1004 3539 defensionem
1025 3475 1165 3520 verte
1187 3460 1304 3515 lidei
1333 3460 1703 3530 responderes.
1728 3460 1840 3516 Hoc

263 3560 324 3618 in
353 3567 408 3612 te
437 3557 616 3625 itaque
637 3556 881 3625 primitus
900 3554 953 3610 in
975 3553 1192 3613 nomine
1216 3552 1419 3608 Domini
1443 3551 1622 3618 laudo,
1643 3552 1766 3620 quia
1794 3553 1841 3606 si

269 3650 374 3704 tibi
402 3664 510 3702 non
534 3646 632 3700 luit
658 3653 804 3700 tanta
829 3643 1183 3714 respondendi
1225 3642 1316 3712 (al.
1347 3641 1714 3710 respondenti)
1763 3643 1840 3697 fa-

271 3737 477 3799 cultas,
505 3735 798 3805 permansit
826 3741 1002 3790 tamen
1031 3733 1083 3786 in
1122 3731 1284 3786 corde
1313 3739 1406 3789 tuo
1434 3730 1669 3786 veritatis
1690 3730 1842 3786 tirssa

275 3829 379 3902 (al.
432 3825 771 3894 ﬁrmissima)
818 3823 1125 3879 credulitas.
1167 3822 1282 3877 Non
1323 3821 1464 3876 enim
1518 3835 1704 3874 omnes
1749 3821 1841 3889 qui

267 3917 475 3973 Christi
513 3916 797 3985 participes
837 3921 992 3979 sunt,
1022 3912 1185 3972 etiam
1212 3909 1583 3979 reSpondendo
1621 3917 1842 3978 possunt

268 4008 556 4062 defensare
582 4006 725 4075 quod
751 4005 1000 4068 credunt;
1031 4003 1124 4059 sed
1152 4003 1312 4057 etiam
1342 4002 1428 4056 illa
1463 4016 1584 4070 pars
1613 4009 1696 4055 est
1717 4017 1841 4070 pro.

268 4099 421 4154 tecto
447 4098 683 4154 victoria:
704 4137 720 4162 ,
761 4105 822 4151 ut
846 4094 1076 4164 quandiu
1106 4095 1226 4164 quis
1250 4108 1500 4149 sermone
1529 4109 1635 4152 non
1664 4101 1842 4162 potest

269 4188 566 4243 defendere
594 4189 888 4252 veritatem,
917 4184 1056 4240 ﬁdeli
1089 4194 1264 4237 tamen
1291 4181 1452 4237 corde
1473 4181 1674 4236 devitet
1699 4197 1843 4237 erro-

267 4295 412 4334 rem.
458 4278 684 4348 Expedit
723 4285 899 4334 autem
939 4282 996 4328 ut
1043 4273 1390 4329 saluberrima
1420 4271 1563 4326 Petri
1611 4272 1842 4340 apostoli

269 4369 437 4424 verba
451 4376 736 4429 sectemur,
768 4363 1122 4434 praecipientis
1163 4369 1220 4415 ut
1257 4361 1422 4416 simus
1449 4361 1618 4429 parati
1647 4377 1843 4430 semper

268 4455 344 4508 ad
370 4453 780 4524 respondendum
805 4453 941 4514 omni
978 4451 1202 4521 poscenti
1233 4465 1324 4508 nos
1352 4449 1602 4506 rationem
1643 4449 1706 4509 de
1736 4449 1842 4520 [ide

1941 3295 2046 3334 una
2077 3289 2262 3340 natura
2295 3292 2318 3327 κ
2341 3281 2617 3339 Trinitatis
2655 3281 2792 3333 nulla
2821 3289 2997 3349 potest
3023 3296 3142 3335 esse
3183 3279 3500 3348 diversitas,

1937 3371 2060 3426 ideo
2099 3372 2152 3428 iu
2193 3373 2362 3428 tribus
2391 3373 2631 3441 personis
2677 3384 2859 3428 manet
2896 3372 3171 3428 inconfusa
3201 3373 3502 3442 proprietas

1936 3469 1991 3520 et
2045 3462 2098 3520 in
2128 3463 2328 3516 unitate
2357 3470 2558 3520 natura:
2597 3469 2783 3527 regnat
2831 3460 3334 3519 incommutabiliter
3371 3460 3500 3515 subv

1938 3551 2202 3604 stantialis
2228 3551 2521 3618 aequalitas.
2545 3549 2668 3609 Ideo
2695 3548 2761 3602 de
2788 3550 2942 3623 199
2969 3548 3100 3606 Filio
3129 3547 3324 3603 dicitur
3355 3565 3367 3599 :
3403 3547 3503 3610 Qui

1938 3655 2052 3696 cum
2091 3641 2146 3692 in
2176 3642 2342 3710 forma
2381 3639 2477 3694 Dei
2522 3648 2682 3703 esset,
2715 3655 2817 3692 non
2846 3640 3083 3708 rapinam
3123 3637 3398 3696 arbitratus
3424 3648 3503 3692 est

1938 3745 2048 3785 esse
2069 3746 2120 3782 se
2149 3728 2394 3798 wqualem
2425 3727 2531 3782 Deo
2557 3728 2772 3797 (Philip.
2807 3743 2862 3795 ιι,
2893 3726 2968 3795 6),
2998 3725 3066 3784 Et
3097 3745 3109 3779 :
3142 3725 3274 3795 Quia
3294 3743 3397 3780 non
3418 3744 3504 3781 so.

1938 3817 2044 3876 lam
2073 3817 2295 3875 solvebat
2332 3816 2638 3884 sabbatum,
2669 3817 2758 3870 sed
2802 3827 2852 3870 et
2893 3817 3102 3874 Patrem
3129 3833 3276 3875 suum
3303 3817 3505 3888 dicebat

1940 3903 2124 3968 Deum,
2149 3905 2389 3976 (aqualem
2403 3921 2458 3965 se
2487 3905 2682 3975 faciens
2707 3904 2814 3962 Deo
2837 3905 3016 3972 (Joan.
3044 3922 3095 3968 v,
3124 3904 3233 3975 18),
3265 3905 3343 3958 Ad
3361 3905 3505 3963 hanc

1939 3995 2295 4064 mqualitatem
2327 4003 2527 4048 natura:
2565 3987 2898 4062 virtutisque,
2930 3994 3090 4048 etiam
3121 3993 3246 4051 illud
3276 3994 3509 4062 pertinet

1941 4085 2082 4160 quod
2129 4084 2240 4154 ipse
2267 4083 2431 4145 Filius
2478 4084 2597 4142 ait:
2651 4081 2784 4146 Quia
2813 4099 3121 4161 quwcunque
3170 4083 3324 4136 Pater
3361 4083 3506 4153 facit,

1942 4174 2050 4226 htec
2075 4173 2255 4232 eadem
2282 4181 2332 4226 et
2361 4170 2405 4224 F
2411 4172 2529 4228 ilius
2556 4172 2792 4233 similiter
2837 4173 2961 4242 facit
2990 4169 3036 4224 δ.
3083 4169 3150 4231 Et
3190 4172 3320 4224 sicut
3347 4170 3510 4225 Pater

1939 4265 2154 4324 suscitat
2194 4270 2418 4320 mortuos
2451 4270 2499 4318 et
2537 4261 2780 4331 riviﬁcat,
2809 4262 2883 4319 sic
2901 4269 2952 4318 et
2975 4259 3142 4317 Filius
3163 4276 3285 4329 quos
3306 4261 3409 4314 vult
3436 4263 3509 4324 vi.

1941 4353 2114 4422 viﬁcat
2146 4351 2333 4420 (Ibid,
2369 4351 2434 4405 l9
2459 4391 2474 4416 ,
2505 4350 2614 4418 21).
2665 4350 2722 4404 ln
2755 4350 2840 4403 illa
2869 4365 2997 4418 ergo
3043 4349 3059 4393 ί
3095 4349 3368 4408 Trinitatis
3411 4366 3508 4404 na-

1942 4449 2060 4495 tura
2085 4482 2099 4505 ,
2130 4443 2208 4501 sic
2236 4450 2406 4503 totum
2443 4457 2604 4502 unum
2633 4447 2742 4503 est,
2776 4449 2834 4500 ut
2866 4441 2998 4498 nihil
3027 4440 3097 4494 ibi
3129 4441 3296 4510 possit
3319 4440 3402 4494 vel
3431 4455 3511 4495 seu

261 4551 323 4597 et
362 4560 452 4613 spe
487 4560 601 4613 aute
627 4543 679 4596 in
709 4543 852 4596 nobis
879 4549 955 4593 est
981 4538 1037 4610 (Ι
1075 4538 1188 4592 Pet.
1217 4553 1291 4604 ιιι,
1323 4537 1432 4604 l5).
1489 4537 1684 4594 Volens
1711 4551 1840 4606 ergo
1869 4565 1920 4623 Β
1943 4533 2119 4623 parari
2161 4532 2244 4585 vel
2274 4532 2432 4623 dividi
2467 4549 2479 4623 ξ
2507 4534 2596 4623 sic
2614 4542 2784 4623 totum
2821 4533 3026 4623 aequale
3055 4539 3164 4598 est,
3193 4539 3258 4623 ut.
3280 4531 3411 4623 nihil
3437 4531 3509 4589 ibi

274 4633 340 4688 sd
367 4631 793 4702 respondendum
819 4629 1053 4700 paratior
1089 4627 1313 4688 inveniri
1335 4663 1350 4692 ,
1375 4625 1513 4694 petis
1544 4633 1600 4680 ut
1647 4634 1837 4687 nostro

263 4730 562 4776 tnstructus
572 4735 819 4775 sermone
828 4733 1086 4792 agnoscas
1097 4714 1540 4785 quemadmodum
1556 4714 1842 4782 haereticis,

264 4810 432 4866 ﬁdem
463 4819 700 4869 nostram
744 4809 1053 4878 impugnare
1081 4805 1406 4868 volentibus,
1440 4802 1631 4861 divinis
1660 4803 1841 4863 valeas

261 4909 508 4956 armatus
522 4901 749 4976 eloquiis
779 4909 804 4941 θ
827 4899 1062 4956 obviare.
1775 4897 1792 4906 ”

341 4991 392 5044 5.
427 4990 654 5046 Proinde
685 4991 810 5054 illud
849 4990 1111 5048 admoneo
1142 4987 1231 5058 (at.
1263 4982 1602 5055 commoneo)
1633 4982 1834 5052 princi,

260 5081 465 5152 paliter
493 5091 676 5144 teneas
702 5100 713 5142 ;
756 5089 996 5140 sanctam
1035 5078 1373 5140 Trinitatem,
1394 5075 1449 5130 id
1479 5084 1576 5140 est,
1601 5075 1836 5142 Patrem,

261 5177 327 5223 et
364 5168 550 5223 Filium
576 5209 592 5236 ,
624 5177 678 5226 et
703 5168 957 5242 Spiritum
995 5177 1240 5226 sanetum
1266 5204 1281 5226 .
1313 5165 1627 5224 naturaliter
1651 5178 1832 5221 verum

341 5321 364 5384 ξ
390 5310 559 5384 abest
577 5324 710 5384 nunc
734 5308 802 5384 ab
823 5307 1020 5384 editis;
1034 5306 1225 5384 legitur
1252 5303 1434 5384 intus".
1465 5299 1622 5354 Colb.

335 5379 362 5418 δ
394 5380 490 5434 Ms.
521 5379 694 5438 Colb.,
725 5379 780 5432 in
809 5386 947 5430 terra
977 5371 1220 5430 Ecclesia
1242 5371 1527 5430 catholicae.

217 5475 227 5482 α
285 5479 288 5481 λ
341 5460 362 5488 ε
395 5448 466 5501 Μ.
491 5449 668 5514 Colb.,
699 5446 829 5500 beati
857 5445 1003 5498 Pauli
1033 5443 1292 5514 apostoli.)
1487 5453 1489 5455 ’

207 5523 229 5563 ε
336 5517 360 5555 δ
393 5505 682 5589 ᾼηιύεξτρί,
714 5533 746 5568 a
773 5518 853 5589 uia
875 5514 1006 5589 litt;
1036 5505 1087 5589 i_n
1130 5511 1367 5589 margine
1395 5524 1526 5589 vero
1558 5505 1830 5589 μεθίει-ια

256 5592 361 5645 sita
391 5587 510 5640 Dei.
545 5581 612 5652 At
640 5601 739 5646 rns.
772 5585 925 5638 Colb.
958 5594 1011 5638 et
1042 5583 1200 5637 Basil.
1245 5581 1441 5634 habent
1471 5594 1501 5630 a
1531 5581 1652 5637 vita,
1678 5581 1829 5644 juxta

256 5672 494 5708 meum
524 5655 766 5708 Aoostoli
796 5663 1018 5707 textum.

256 5672 494 5730 meum
524 5663 766 5722 Apostoli
796 5663 1018 5707 textum.
1328 5717 1339 5728 .
1543 5718 1572 5728 η

333 5739 356 5764 ε
385 5727 484 5780 bis.
515 5723 692 5787 Colb.,
724 5724 809 5776 diu
839 5723 936 5784 hiis
959 5721 1126 5790 valeaos
1155 5727 1366 5790 armatis
1388 5717 1599 5788 cloquns

334 5797 353 5846 ι
379 5796 480 5864 his.
511 5793 663 5847 Colb.
682 5833 696 5856 ,
728 5791 956 5853 Trinitas
983 5792 1076 5844 illa
1096 5787 1337 5848 creditur.

556 5888 818 5954 Ριτιιυι.
869 5881 1032 5952 LXV
1081 5919 1096 5930 ι

259 5955 296 5969 Ἇ..

1942 4619 2113 4688 majus
2141 4628 2230 4674 aut
2259 4619 2434 4673 minus
2464 4620 2477 4669 l
2517 4620 2690 4679 valeat
2719 4621 2960 4678 inveniri.
2985 4619 3146 4674 Istum
3173 4620 3326 4678 nobis
3347 4635 3509 4675 unum

1942 4714 2110 4770 Deum
2159 4711 2294 4766 Novi
2322 4720 2379 4766 et
2411 4711 2620 4766 Veteris
2668 4711 2993 4772 Testamenti
3031 4711 3258 4769 veridica
3287 4711 3518 4790 demon-t

1938 4815 2074 4865 strat
2101 4804 2424 4868 auctoritas;
2448 4803 2514 4858 de
2535 4803 2638 4857 hoc
2658 4803 2796 4857 enim
2819 4818 2925 4857 uno
2960 4803 3068 4856 Deo
3093 4802 3280 4858 beatus
3301 4802 3510 4874 Moyses

1943 4897 2113 4956 dicit:
2163 4893 2330 4958 Audi,
2381 4892 2544 4954 Israel
2573 4909 2590 4946 :
2630 4892 2879 4951 Dominus
2907 4891 3046 4952 Deus
3091 4901 3201 4952 tuus
3244 4891 3381 4946 Deus
3412 4893 3504 4964 (al.

1945 4984 2220 5054 Dominus)
2247 5000 2376 5039 unus
2399 4993 2472 5037 est
2493 5000 2510 5048 ,°
2534 4988 2588 5037 et
2612 5000 2623 5034 2
2655 4981 2929 5038 Dominum
2965 4981 3126 5042 Deum
3153 4991 3297 5043 tuum
3319 4983 3510 5037 adora-

1943 5075 2038 5140 bis,
2095 5085 2143 5129 et
2180 5075 2260 5130 illi
2304 5074 2400 5132 soli
2447 5074 2636 5127 servies
2686 5071 2856 5142 (Deut.
2884 5089 2956 5134 vr,
2992 5071 3067 5140 4).
3095 5070 3160 5128 Ει
3188 5073 3300 5142 ipse
3321 5073 3502 5128 Domi-

1942 5181 2042 5228 nus
2061 5165 2187 5224 dicit
2212 5163 2278 5217 de
2304 5179 2389 5218 se:
2416 5161 2593 5221 Videte
2619 5161 2752 5232 quod
2775 5177 2873 5232 ego
2894 5177 3006 5218 sum
3029 5162 3162 5218 Deus
3181 5160 3204 5199 '-'
3227 5173 3276 5216 et
3302 5179 3401 5216 non
3432 5171 3506 5214 cst

2017 5311 2041 5350 ι
2067 5301 2164 5355 Ms.
2186 5299 2321 5356 Colb
2349 5339 2363 5362 ,
2385 5299 2439 5352 in
2461 5306 2664 5352 natura.

1968 5443 1977 5454 ο
2011 5369 2037 5444 β
2067 5370 2162 5454 his.
2183 5368 2369 5454 golb”
2399 5381 2706 5438 quaecunque
2742 5364 2894 5418 Pater
2923 5365 3066 5437 facit,
3084 5375 3132 5416 et
3165 5365 3330 5416 Filias
3359 5366 3503 5418 simi—

1941 5441 2065 5498 liter
2093 5441 2234 5509 facit.
3115 5477 3120 5482 .

2013 5509 2026 5546 ¹
2063 5509 2226 5578 Abest
2254 5523 2372 5578 ergo
2403 5506 2468 5558 ab
2496 5503 2684 5578 editis;
2715 5504 2906 5578 legitur
2927 5504 2977 5558 in
3001 5520 3104 5558 ms.
3137 5502 3271 5560 Colb

2013 5581 2025 5628 i
2064 5578 2160 5637 Ms,
2187 5575 2340 5629 Colb.
2359 5615 2372 5636 ,
2403 5575 2566 5644 magis
2602 5584 2690 5644 aut
2719 5575 2904 5626 minus.

2011 5647 2031 5683 ι
2059 5646 2226 5708 Editi,
2261 5644 2369 5715 Ego
2398 5641 2510 5697 sum
2537 5643 2675 5697 solus
2721 5653 2768 5696 et
2813 5660 2914 5696 non
2943 5652 3019 5696 est
3045 5643 3179 5696 alius
3210 5641 3347 5703 Deus
3370 5659 3498 5704 om.

1941 5726 2016 5770 ter
2043 5731 2141 5769 me.

3031 5855 3108 5925 12
