4014 6340
562 468 683 526 sua
1598 482 1652 534 s.
1694 476 2052 549 “71.0st
2094 481 2392 539 EPISCOPI
2431 482 2798 546 RUSPENSIS
3697 486 3809 554 sas

580 591 713 641 alius
755 602 938 660 prtl'let'
966 610 1043 645 me
1092 592 1266 662 (Deut.
1296 610 1455 656 χχχιι,
1491 593 1597 647 59).
1630 594 1701 647 De
1731 596 1833 650 hoc
1862 604 1915 650 et
1943 596 2131 651 beatus
2161 603 2208 661 Α
2236 596 2389 663 Quod
2418 615 2538 655 cum
2575 602 2807 657 dixerint
2829 646 2844 671 ,
2869 580 3139 673 nunquam
3184 621 3243 662 se
3267 609 3538 664 audebunt
3563 621 3809 669 asserere

561 677 739 733 .David
785 679 913 735 dicit
955 699 966 732 :
1001 679 1127 744 Quis
1172 682 1303 733 Deus
1336 694 1521 749 prwter
1549 682 1844 750 Dominum,
1889 694 1979 739 aut
2024 689 2134 758 quis
2235 686 2564 746 Christianos
2586 708 2598 744 :
2621 708 2741 747 cum
2759 696 2939 764 utique
2964 694 3345 755 Christianus:
3370 701 3582 758 Christo
3605 720 3804 760 nomen

574 767 714 823 Deus
738 780 922 840 prwter
942 768 1105 823 Deum
1143 782 1371 827 nostrum
1397 771 1565 841 (Psal.
1593 790 1717 838 xvn,
1749 774 1836 845 δὲ)
1860 777 1883 829 ‘t
1910 776 2135 831 Sanctus

572 872 789 926 quoque
815 856 1044 913 Jacobus
1070 860 1343 928 apostolus
1369 902 1383 927 ,
1416 862 1571 915 istum
1602 878 1763 916 unum
1799 863 1963 918 Deum
1996 881 2133 934 pI'J:~

569 947 770 1010 dicatis,
799 948 890 1012 ait,
935 948 1008 1001 Tu
1032 950 1196 1003 credis
1224 953 1343 1020 quia
1364 968 1493 1005 unus
1517 962 1593 1006 est
1625 951 1789 1018 Deus,
1812 954 1940 1009 bene
1964 958 2092 1026 fucis
2113 974 2133 1022 ;

554 1047 615 1091 et
665 1039 925 1093 daunoues
949 1042 1191 1107 credunt,
1250 1052 1300 1096 et
1343 1045 1735 1099 contremiscunt
1766 1044 1902 1118 (Jac.
1933 1063 1989 1109 ιι,
2022 1048 2131 1115 l9).

637 1127 688 1181 5.
703 1128 1089 1184 Verumtamen
1119 1147 1223 1185 non
1255 1133 1558 1200 ignoramus
1587 1134 1687 1189 ista
1716 1136 2013 1190 testimonia
2033 1178 2047 1203 ,
2080 1146 2135 1192 ct

562 1217 605 1269 si
634 1232 737 1286 qua
768 1219 958 1272 similia
988 1221 1040 1273 in
1089 1220 1281 1277 divinis
1307 1231 1331 1259 θ
1364 1223 1704 1292 reperiuntur
1723 1224 1981 1293 eloquiis,
2013 1226 2133 1295 qui-

564 1306 663 1360 bus
707 1323 843 1361 unus
888 1317 946 1362 el.
986 1310 1131 1364 solus
1175 1312 1430 1365 asseritur
1458 1312 1629 1379 Deus,
1662 1328 1766 1367 non
1807 1313 1903 1383 ipsi
1933 1324 2131 1369 sanctte

568 1395 835 1461 Trinitati,
894 1398 987 1451 sed
1020 1399 1109 1451 uni
1138 1407 1342 1453 tantum
1389 1414 1630 1468 personae
1653 1442 1668 1467 ,
1705 1401 1754 1454 id
1784 1409 1866 1456 est
1893 1402 1991 1454 soli
2019 1401 2130 1456 Deo

563 1484 709 1541 Patri
743 1487 792 1552 ι’,
831 1487 896 1543 ab
926 1488 1189 1543 hmreticis
1217 1490 1495 1557 assignari.
1526 1489 1753 1545 Proinde
1774 1491 1982 1545 illorum
2011 1506 2129 1561 quae

562 1580 937 1649 proposuimus
971 1581 1396 1636 testimoniorum
1432 1593 1484 1646 ε,
1519 1582 1567 1635 id
1595 1592 1679 1637 est
1708 1582 1844 1637 illius
1864 1598 1971 1653 quo
1997 1583 2145 1637 dici--

557 1679 683 1723 tur:
712 1670 865 1735 Audi,
903 1668 1067 1723 Israel
1098 1688 1115 1725 :
1151 1670 1401 1726 Dominus
1431 1670 1565 1725 Deus
1587 1681 1701 1726 tuus
1721 1672 1858 1727 Deus
1890 1674 1979 1745 (al.
2013 1673 2094 1727 Do
2122 1710 2128 1716 ρ

555 1758 753 1829 minus)
782 1775 915 1811 unus
942 1769 1057 1822 est;
1104 1768 1158 1813 et
1186 1759 1405 1815 alterius
1428 1762 1445 1822 ,‘
1483 1776 1589 1829 quo
1620 1758 1812 1829 legitur
1849 1761 2125 1816 Dominum

548 1847 723 1903 Deum
751 1857 892 1903 tuum
920 1850 1183 1915 adorabis,
1206 1861 1255 1905 et
1278 1851 1360 1905 illi
1388 1853 1484 1906 soli
1513 1853 1699 1905 servies
1721 1870 1739 1917 ;
1761 1853 1814 1907 in
1843 1861 2121 1922 quantum,

557 1937 677 2005 ipso
706 1937 930 1991 Domino
962 1938 1070 1991 Deo
1096 1937 1359 2002 donante,
1392 1952 1691 2008 possumus,
1724 1940 2122 2008 intelligentiam
2155 1951 2200 2012 Β

551 2028 907 2095 requiramus.
960 2026 1192 2081 Primum
1247 2028 1444 2098 quippe
1497 2044 1594 2083 nos
1631 2029 1989 2085 testimonium
2025 2047 2122 2102 po-

556 2120 725 2175 suisse
768 2120 1105 2175 meminimus
1152 2120 1276 2174 illud
1305 2136 1412 2191 quo
1460 2120 1653 2175 dicitur
1685 2122 1874 2187 :Audi,
1908 2121 2077 2176 Israel
2102 2137 2122 2176 :

549 2207 806 2261 Dominus
830 2206 965 2263 Deus
985 2217 1118 2274 tuus,
1146 2209 1282 2263 Deus
1309 2209 1399 2269 (al.
1433 2208 1704 2281 Dominus)
1727 2227 1857 2264 unus
1879 2220 1972 2265 est.
2006 2210 2122 2266 Hoc

556 2296 735 2364 itaque
764 2296 841 2350 sic
868 2296 1078 2365 utrique
1106 2295 1131 2333 δ
1160 2295 1393 2351 ΔΕιιιξιιιιιι·
1414 2311 1534 2351 esse
1565 2297 1939 2362 ﬁrmissimum,
1974 2307 2031 2352 ut
2053 2299 2120 2353 ab

554 2384 657 2439 hoc
688 2385 991 2441 testimonio
1012 2385 1187 2440 nullus
1203 2382 1479 2440 existimet
1500 2385 1833 2454 aliquatenus
1862 2386 2119 2441 receden-

552 2472 698 2526 dum.

618 2563 674 2615 6.
706 2561 936 2617 Proinde
962 2564 1211 2633 quoniam
1254 2564 1388 2620 duos
1410 2565 1542 2621 deos
1569 2580 1599 2620 a
1630 2564 1870 2620 ﬁdelibus
1896 2567 1998 2619 coli
2044 2581 2122 2621 re-

548 2658 665 2728 gula
681 2660 928 2729 praecepti
944 2659 1102 2728 hujus
1117 2661 1259 2715 nulla
1272 2660 1477 2715 ratione
1490 2661 1748 2731 permittit
1767 2678 1779 2714 :
1794 2669 1886 2715 aut
1905 2658 2116 2715 Patrem

548 2758 600 2802 et
642 2747 829 2803 Filium
853 2750 1075 2805 credant
1106 2766 1265 2805 unum
1297 2750 1610 2804 naturaliter
1640 2748 1832 2817 Deum,
1871 2749 1916 2803 si
1934 2750 2119 2803 volunt

547 2839 659 2892 sine
688 2837 846 2907 hujus
898 2840 1317 2907 transgressione
1360 2839 1603 2894 mandati
1638 2838 1799 2893 unum
1830 2836 1995 2892 Deum
2037 2838 2116 2893 sic

546 2925 741 2985 solere,
774 2937 833 2979 ut
875 2940 974 2981 nec
1018 2925 1231 2981 Patrem
1262 2927 1443 2981 colant
1471 2928 1585 2982 sine
1613 2926 1779 2993 Filio,
1806 2941 1904 2982 nec
1923 2925 2115 2981 Filium

545 3014 657 3069 sine
688 3013 866 3082 Patre;
898 3024 1009 3081 aut,
1035 3018 1157 3086 quia
1171 3016 1310 3070 Deus
1338 3017 1511 3085 major
1531 3024 1585 3070 et
1604 3015 1744 3071 Deus
1756 3016 1953 3084 minor,
1976 3010 2116 3072 Deus

544 3117 678 3157 unus
696 3119 824 3159 esse
857 3121 962 3159 non
991 3113 1215 3174 possunt
1244 3104 1339 3174 (al.
1364 3120 1468 3159 non
1500 3104 1759 3176 possent),
1788 3120 2005 3160 necesse
2033 3113 2115 3161 est

543 3200 618 3254 nt,
649 3200 740 3246 aut
767 3192 981 3247 Patrem
1025 3194 1196 3247 solum
1223 3193 1505 3248 Dominum
1524 3193 1699 3248 Deum
1728 3211 1881 3250 suum
1910 3195 2110 3262 dicant,

2234 780 2533 848 acceperit;
2564 780 2894 840 Christianus
2912 794 3092 842 autem
3123 789 3424 844 nullatenus
3452 805 3570 846 esse
3597 794 3802 861 possit,

2233 869 2471 939 quisquis
2499 871 2667 940 ipsum
2694 873 2962 930 Christum
2995 876 3275 933 Dominum
3304 878 3469 936 Deum
3496 898 3650 937 suum
3679 897 3806 940 esse

2228 970 2338 1014 non
2367 961 2575 1019 dixerit.

2303 1074 2356 1128 8.
2389 1076 2679 1134 Fateantur
2703 1094 2831 1150 ergo
2857 1083 3065 1139 Patrem
3087 1094 3143 1139 et
3171 1086 3361 1142 Filium
3400 1103 3508 1142 non
3537 1086 3678 1143 duos
3703 1088 3803 1143 do-

2232 1165 2409 1221 minos
2435 1168 2564 1222 deos
2610 1178 2655 1235 8,
2686 1172 2777 1226 sed
2812 1189 2973 1228 unum
3015 1176 3295 1232 Dominum
3336 1178 3501 1233 Deum
3529 1196 3684 1234 suum
3709 1221 3727 1246 ,
3755 1181 3801 1235 si

2225 1258 2418 1343 volunt
2447 1261 2724 1316 veritatem
2757 1271 2941 1319 tenere
2969 1265 3107 1331 lidei,
3132 1277 3185 1322 et
3209 1269 3395 1324 nolunt
3423 1272 3648 1326 rebelles
3670 1287 3805 1341 prie-

2224 1350 2399 1419 ceptis
2436 1351 2691 1420 legalibus
2717 1363 2878 1424 atque
2906 1360 3223 1427 evangelicis
3255 1361 3505 1416 inveniri.
3535 1362 3624 1417 Sic
3652 1364 3801 1417 enim

2226 1447 2481 1511 poterunt
2503 1443 2599 1512 (al.
2625 1446 2932 1516 potuerunt)
2962 1455 3015 1501 et
3040 1448 3184 1504 illius
3203 1451 3525 1517 testimonii,
3549 1467 3658 1520 quo
3682 1451 3801 1507 dic-

2228 1540 2339 1585 tum
2368 1540 2449 1585 est
2479 1550 2492 1585 :
2526 1533 2799 1589 Dominum
2827 1535 2991 1590 Deum
3020 1547 3159 1592 tuum
3188 1540 3430 1595 adorabis
3450 1582 3466 1607 ,
3506 1551 3555 1594 et
3580 1541 3660 1594 illi
3698 1542 3800 1596 soli

2226 1624 2439 1687 servies,
2463 1623 2787 1680 intellectum
2829 1628 3030 1697 pariter
3056 1627 3393 1700 olﬁeiumque
3419 1646 3655 1687 servare.
3693 1633 3801 1689 Ne-

2226 1725 2332 1779 que
2360 1713 2500 1766 euim
2528 1714 2773 1783 cuiquam
2800 1714 2879 1771 l'ss
2898 1726 2980 1773 est
3007 1719 3085 1774 sic
3102 1719 3326 1776 adorare
3354 1720 3520 1776 Deum
3546 1719 3797 1786 Patrem,

2227 1814 2285 1859 ut
2312 1806 2475 1861 Deum
2505 1806 2694 1862 Filium
2723 1825 2833 1864 non
2859 1810 3045 1867 adoret
3073 1813 3167 1882 (al.
3198 1812 3435 1881 adores),
3462 1828 3583 1867 cum
3613 1813 3799 1883 utique

2226 1888 2438 1966 de'ipso
2463 1898 2599 1954 Filio
2645 1902 2901 1970 scriptum
2927 1903 2998 1957 sit
3040 1904 3093 1958 in
3131 1902 3546 1959 Deutcronomio
3577 1923 3592 1959 :
3618 1905 3799 1960 Leta-

2224 1988 2383 2063 ιιιὺήῐ
2414 1989 2527 2042 σαινιὶ
2546 2029 2561 2055 ,
2591 1991 2743 2044 simul
2768 2008 2882 2046 cum
2905 2009 2964 2047 eo
2981 2031 2996 2056 ,
3026 2001 3075 2047 et
3102 1993 3317 2048 adorent
3352 2010 3465 2047 eum
3491 2011 3672 2049 omnes
3698 2013 3796 2049 ais-

2223 2079 2325 2149 geli
2346 2079 2464 2135 Dei.
2500 2081 2574 2136 De
2612 2082 2727 2151 ipso
2754 2099 2967 2153 quoque
2985 2085 3172 2140 beatus
3198 2085 3363 2140 David
3390 2086 3532 2141 dicat
3559 2088 3610 2141 in
3640 2087 3793 2142 Psal-

2220 2170 2322 2239 mis
2345 2169 2369 2204 ⁸³
2393 2188 2405 2222 :
2439 2172 2740 2239 Adorabunt
2763 2189 2878 2227 eum
2902 2190 3075 2228 omnes
3097 2190 3237 2247 reges
3266 2182 3439 2243 terrte,
3461 2191 3636 2229 omnes
3663 2192 3793 2247 gen-

2221 2266 2297 2312 tes
2315 2261 2598 2314 servientei
2625 2261 2794 2331 (Psal.
2828 2263 3107 2333 1.331,“).
3152 2240 3172 2245 ⁷
3204 2240 3223 2265 χ

2224 2418 2229 2427 .
2288 2371 2417 2427 ΟΜ».
2445 2389 2514 2428 tv.
2540 2373 2789 2429 Creatura
2809 2392 3127 2448 nequaquam
3154 2379 3442 2434 adoranda.
3483 2378 3791 2434 Idololatra

2217 2465 2477 2517 veritatem
2504 2463 2601 2518 Dei
2621 2475 2934 2521 commutant
2960 2469 3014 2521 in
3054 2470 3390 2523 mendacium.
3418 2498 3489 2509 --
3525 2470 3578 2525 9.
3626 2469 3789 2536 Quod

2219 2556 2313 2625 (al.
2354 2554 2509 2627 quia)
2558 2557 2602 2613 si
2650 2556 2814 2613 Filius
2859 2559 3149 2615 secundum
3199 2553 3533 2617 divinitatem
3577 2561 3593 2599 ί
3645 2576 3787 2616 unus

2218 2642 2358 2701 Deus
2399 2661 2522 2701 cum
2564 2645 2721 2702 Patre
2770 2662 2875 2703 non
2928 2656 3097 2713 esset,
3131 2650 3285 2705 unius
3319 2665 3439 2705 cum
3470 2665 3537 2706 eo
3579 2660 3788 2706 natura

2218 2737 2400 2806 utique
2426 2751 2533 2791 non
2556 2736 2767 2804 luisset;
2791 2747 2847 2794 et
2864 2740 2909 2794 si
2939 2746 3143 2794 naturis
3166 2739 3386 2795 alterius
3414 2748 3559 2796 esset
3577 2779 3594 2804 ,
3626 2755 3786 2795 crea-

2216 2834 2335 2880 tura
2362 2826 2476 2881 sine
2500 2827 2662 2882 dubio
2684 2837 2848 2883 esset.
2882 2826 2940 2884 Si
2968 2839 3148 2885 autem
3175 2838 3417 2886 creatura
3455 2838 3601 2886 esset
3620 2871 3635 2896 ,
3666 2845 3787 2886 ser-

2216 2917 2462 2973 viendum
2504 2919 2553 2973 ei
2589 2928 2894 2974 sanctarum
2935 2920 3326 2992 Scripturarum
3354 2921 3644 2977 auctoritas
3672 2937 3783 2978 non
3822 2956 3829 2967 ι

2208 3006 2434 3076 juberet,
2465 3008 2557 3064 sed
2585 3009 2763 3078 potius
2788 3010 3115 3079 prohiberet.
3149 3010 3205 3064 In
3235 3010 3408 3081 primo
3434 3010 3576 3065 enim
3616 3009 3784 3064 dces-

2213 3096 2318 3166 logi
2353 3098 2606 3153 mandato
2630 3138 2645 3163 ,
2673 3099 2810 3154 sicut
2838 3099 2991 3155 unius
3021 3100 3225 3154 Domini
3255 3099 3345 3153 Dei
3374 3100 3581 3154 cultura
3606 3099 3784 3154 servi-

2214 3199 2403 3259 tusque
2430 3189 2861 3247 manifestissime
2885 3193 3183 3262 prtecipitur
3207 3235 3222 3259 ,
3252 3192 3324 3245 ita
3346 3192 3488 3245 omni
3517 3197 3783 3247 creatura

543 3292 596 3335 rt
621 3282 810 3337 Filium
837 3283 1115 3337 Dominum
1145 3283 1310 3337 Deum
1337 3299 1490 3337 suum
1523 3284 1845 3340 omnimodis
1881 3295 2104 3355 negent;
2134 3308 2178 3369 ο
2212 3281 2453 3336 adoratio
2473 3296 2535 3337 ac
2561 3284 2788 3337 servitus
2813 3297 2842 3336 a
2866 3281 3103 3338 ﬁdelibus
3144 3282 3443 3337 exhibenda
3489 3284 3784 3337 vehemen-

541 3381 631 3427 aut
667 3372 840 3427 solum
884 3372 1075 3427 Filium
1106 3373 1387 3428 Dominum
1419 3374 1585 3428 Deum
1615 3382 1859 3429 asseram
1891 3384 1914 3412 ο
1936 3418 1951 3442 ,
1993 3384 2047 3427 et
2074 3391 2104 3430 a

540 3465 631 3519 Dei
658 3464 834 3519 Patris
859 3466 1066 3519 cultura
1084 3466 1371 3520 recedant.
1419 3464 1524 3521 Sed
1552 3466 1716 3520 Deum
1755 3464 1967 3521 Patrem
1997 3466 2105 3521 Do-

538 3557 737 3610 mimnn
760 3556 926 3611 Deum
954 3572 1108 3612 suum
1138 3571 1333 3625 negare
1360 3572 1465 3611 non
1498 3563 1737 3627 possunt,
1764 3570 1921 3624 quem
1940 3570 2106 3624 usque

537 3648 670 3703 adeo
699 3648 981 3703 Dominum
1022 3648 1185 3703 Deum
1234 3651 1473 3704 omnium
1520 3663 1638 3703 esse
1667 3645 2015 3711 confirmant,
2047 3654 2109 3700 ut

534 3741 690 3794 etiam
720 3742 768 3794 ei
797 3740 1130 3794 divinitatem
1152 3739 1559 3810 Filii,tanqnam
1581 3739 1823 3802 minoris,
1845 3739 1964 3809 jure
1991 3754 2105 3793 ser-

537 3828 721 3882 vitutis
752 3825 771 3864 ί
807 3827 1091 3894 subjugare
1120 3814 1449 3881 contendant
1480 3844 1492 3879 :
1519 3827 1683 3898 200
1718 3825 1907 3879 Filium
1938 3841 2099 3889 vero,

532 3917 569 3970 si
601 3915 883 3969 Dominum
912 3913 1079 3967 Deum
1108 3929 1260 3968 suum
1290 3928 1485 3982 negare
1504 3913 1788 3977 voluerint,
1817 3912 1980 3981 ipsius
2004 3929 2101 3983 pa-

530 4016 692 4056 terna:
731 4002 880 4056 vocis
922 4002 1228 4055 testimonio
1274 4003 1518 4071 protinus
1556 4010 1887 4069 arguuntur;
1916 4016 2013 4070 per
2039 4017 2102 4056 os

529 4092 667 4145 enim
696 4091 970 4160 propheta:
992 4130 1006 4153 ,
1057 4106 1120 4142 ex
1153 4105 1381 4158 persona
1428 4091 1520 4142 Dei
1562 4088 1733 4142 Patris
1772 4088 1965 4143 dicitur
1994 4087 2099 4141 :Et

528 4184 700 4237 domui
727 4181 864 4235 Juda
894 4179 1168 4235 miserebor
1198 4178 1290 4252 (al.
1321 4179 1604 4250 misereor),
1629 4189 1678 4234 et
1706 4180 1913 4235 salvubo
1932 4197 2017 4236 eos
2045 4183 2099 4236 in

522 4264 749 4324 Domino
796 4269 904 4324 Deo
952 4286 1042 4324 suo
1084 4267 1229 4340 (Ose.
1281 4288 1315 4332 ι,
1350 4270 1424 4341 7).
1471 4270 1645 4341 Ipsum
1676 4269 1954 4326 Domimnn
1981 4286 2101 4327 esse

526 4360 689 4415 Deum
746 4368 988 4414 nostrum
1040 4357 1370 4429 Evargvlicm
1416 4374 1630 4429 quoque
1672 4360 1910 4414 veritatis
1950 4376 2099 4414 com-

522 4452 739 4509 mendat
766 4452 1078 4516 auctoritas,
1113 4452 1200 4505 ubi
1224 4452 1364 4507 beati
1387 4451 1607 4506 Thoma:
1627 4451 1856 4521 apostoli
1885 4451 2099 4507 confes-

522 4546 601 4599 s‘io
630 4545 878 4615 pravitati
908 4543 1168 4598 bmrcticm
1192 4558 1407 4612 prorsus
1428 4541 1763 4609 contradicit,
1792 4542 2097 4597 exclaman-

521 4637 588 4690 tis
640 4644 801 4705 atque
852 4633 1122 4689 dicentis:

520 4725 701 4796 (:loan.
726 4741 817 4792 xx,
847 4723 961 4793 ‘28).

446 4806 451 4809 ’
578 4818 642 4871 Ἷ.
680 4815 824 4884 Ergo
864 4831 913 4885 q'
938 4815 1077 4870 ando
1115 4823 1169 4870 ct
1222 4814 1433 4869 Patrem
1475 4815 1752 4868 Dominum
1789 4815 1904 4867 sine
1931 4812 2097 4866 dubio

519 4910 863 4976 Conﬁtentur,
888 4918 939 4963 et
968 4908 1159 4963 Filium
1186 4909 1469 4962 Dominum
1495 4908 1657 4962 Deum
1680 4907 1831 4961 fateri
1854 4908 2088 4975 prophe-

519 5000 618 5051 tica
658 5006 820 5067 atque
850 4997 1154 5066 evangelica
1174 4997 1402 5050 veritate
1433 5006 1721 5063 coguntur,
1754 5007 1843 5050 aut
1875 4996 2086 5050 Patrem

518 5092 570 5138 et
624 5085 812 5139 Filium
837 5127 851 5148 ,
891 5091 1235 5155 personarum
1274 5086 1604 5155 proprietate
1645 5094 1872 5142 servata.
1923 5102 2086 5140 mmm

519 5168 805 5231 Dominum
853 5175 1017 5229 Deum
1063 5177 1377 5230 naturaliter
1410 5177 1628 5241 dicant’,
1655 5184 1747 5230 aut
1771 5175 2087 5232 conﬁtentes

520 5267 687 5320 solum
730 5262 944 5317 Patrem
984 5264 1448 5320 sunm'Dominum
1478 5266 1675 5331 Deum,
1699 5276 2089 5334 consequenter

509 5349 693 5405 dicant
732 5351 920 5406 Filium
951 5368 1050 5407 nec
1096 5352 1377 5409 Dominum
1405 5371 1558 5411 suum
1587 5370 1706 5411 esse
1732 5396 1748 5422 ,
1770 5369 1869 5410 nec
1897 5354 2083 5410 Deum.

592 5513 613 5581 ξ
638 5503 738 5581 bis.
761 5503 939 5581 Cﬁolbq
974 5508 1138 5581 relisi‘
1162 5524 1261 5581 qua
1284 5518 1401 5561 sunt
1427 5504 1634 5563 similia‘
1652 5525 1767 5581 qua:
1794 5511 1847 5564 in
1873 5510 2079 5565 divinis.

593 5571 620 5611 ι’
649 5572 748 5627 διε.
779 5574 956 5639 Colb.,
979 5578 1079 5630 soli
1100 5571 1271 5631 Patri.
1665 5571 1677 5581 ”
1772 5604 1775 5607 λ

595 5654 615 5721 ἐ
645 5642 721 5696 lta
749 5643 1028 5721 ms._Colb.
1060 5646 1128 5700 At
1149 5646 1277 5701 editi
1298 5646 1518 5713 habent,
1539 5649 1742 5703 illorum
1771 5666 1884 5721 qua:
1904 5666 2089 5720 propo-

496 5716 711 5769 ﬂuitmts
745 5715 1056 5769 testimonia.

588 5784 615 5821 ά
646 5780 742 5855 bis.
766 5781 919 5855 Qolb.
953 5793 1007 5855 et
1028 5787 1174 5850 Ant.,
1205 5797 1490 5855 utrumque.

574 5864 616 5892 ~‘
775 5850 953 5907 C0lb..
975 5852 1131 5908 Deum
1158 5848 1303 5909 suum
1332 5848 1588 5909 asserunt.

2210 3373 2406 3427 tissime
2435 3373 2764 3443 prohibetur.
2786 3374 2862 3429 lbi
2890 3375 3029 3429 enim
3049 3374 3241 3430 dicitur
3270 3392 3283 3427 :
3316 3374 3427 3445 Ego
3455 3390 3565 3428 sum
3596 3373 3785 3429 Domi-

2206 3480 2303 3518 nus
2330 3463 2469 3518 Dsus
2491 3466 2624 3530 tuus,
2647 3465 2733 3537 qui
2752 3466 2906 3519 eduxi
2929 3476 2975 3519 te
3001 3467 3063 3519 de
3084 3475 3220 3519 terra
3249 3463 3495 3536 .IEgypti,
3531 3466 3594 3518 de
3620 3464 3782 3518 domo

2205 3554 2458 3607 servitutis
2486 3570 2504 3606 :
2538 3552 2658 3608 Non
2704 3564 2855 3608 erant
2879 3555 2968 3608 tibi
3019 3556 3090 3618 dii
3128 3553 3317 3624 absque
3344 3571 3422 3608 me
3454 3551 3653 3625 (Exod.
3682 3570 3778 3621 xx,

2202 3645 2255 3711 2,
2283 3645 2361 3714 5).
2405 3644 2462 3700 Si
2491 3646 2593 3701 hoc
2628 3647 2834 3701 simula
2854 3645 3006 3701 Patre
3026 3654 3080 3701 et
3104 3646 3237 3701 Filio
3262 3646 3459 3702 dictum
3488 3646 3776 3715 accipitur,

2203 3749 2339 3788 unus
2362 3732 2619 3787 Dominus
2643 3733 2782 3787 Deus
2809 3733 3058 3788 credatur
3100 3732 3256 3788 Pater
3281 3741 3336 3787 et
3363 3731 3525 3786 Filius
3548 3751 3563 3786 :
3600 3733 3698 3787 sed
3729 3734 3777 3789 si

2202 3825 2304 3877 hoc
2324 3830 2417 3876 aut
2444 3821 2603 3877 Pater
2615 3824 2728 3877 sine
2757 3822 2908 3888 Filio,
2931 3822 3149 3877 autsine
3164 3820 3322 3875 Patre
3332 3820 3779 3877 crcditurdixisse

2200 3913 2382 3979 Filius,
2412 3928 2632 3969 necesse
2656 3922 2740 3968 est
2785 3922 2842 3967 ut
2883 3921 2975 3968 aut
3019 3912 3177 3967 Pater
3215 3913 3467 3968 Dominus
3492 3912 3633 3966 Deus
3674 3927 3777 3967 ne-

2200 4009 2386 4068 getur,
2431 4009 2522 4055 aut
2560 4001 2740 4056 Filius.
2789 4001 2864 4055 De
2893 4001 2984 4055 illo
3014 4000 3158 4055 enim
3189 4001 3278 4069 qui
3307 3996 3439 4055 dixit
3470 4017 3484 4052 :
3516 3997 3629 4070 Ego
3655 4016 3775 4054 sum

2198 4091 2450 4146 Dominus
2481 4091 2613 4146 Deus
2629 4102 2761 4155 tuus,
2792 4094 2877 4165 qui
2897 4092 3049 4146 eduxi
3087 4100 3137 4145 te
3170 4091 3234 4144 de
3262 4100 3397 4145 terra
3434 4088 3681 4161 lEgypti,
3713 4091 3776 4143 de

2198 4182 2350 4236 domo
2393 4184 2649 4237 servitutis
2678 4199 2695 4236 :
2726 4182 2850 4237 Non
2901 4188 3049 4238 erunt
3078 4180 3167 4236 tibi
3195 4182 3267 4236 dii
3311 4180 3497 4252 absque
3538 4197 3662 4244 me;
3704 4180 3775 4235 de

2198 4272 2313 4342 ipso
2340 4281 2557 4328 sanctus
2582 4272 2789 4342 Moyses
2815 4274 2916 4326 ait:
2939 4273 3093 4339 Audi,
3119 4271 3318 4326 Israel:
3348 4270 3600 4326 Dominus
3625 4269 3774 4324 Dens

2199 4370 2315 4415 tuus
2335 4360 2473 4415 Deus
2505 4361 2597 4431 (al.
2628 4360 2903 4431 Dominus)
2932 4377 3063 4421 unus
3099 4370 3176 4414 est
3218 4359 3398 4432 (Deut.
3442 4374 3514 4421 vt,
3567 4357 3647 4428 ι).
3706 4358 3774 4414 Et

2195 4453 2319 4522 quia
2368 4453 2459 4523 (al.
2510 4460 2566 4507 et
2621 4453 2785 4523 quod)
2824 4454 2936 4523 ipse
2985 4451 3129 4509 Deus
3173 4452 3275 4508 sibi
3316 4452 3415 4506 soli
3453 4450 3773 4521 praecipiens

2198 4543 2563 4598 tantummodo
2615 4543 2981 4609 serviendum,
3020 4559 3183 4614 seque
3223 4544 3419 4613 jubens
3452 4557 3482 4596 a
3523 4541 3772 4598 ﬁdelibus

1178 4632 1429 4688 Dominus
1484 4650 1643 4695 meus,
1698 4639 1750 4686 et
1786 4631 1924 4687 Deus
1954 4649 2093 4687 meus
2123 4671 2169 4730 υ
2195 4633 2551 4699 adorandum,
2603 4649 2818 4703 prorsus
2859 4633 3131 4688 interdixit
3163 4648 3231 4687 ne
3266 4634 3389 4703 quis
3416 4632 3638 4686 auderet
3665 4632 3770 4701 (al.

2198 4723 2411 4796 audeat)
2452 4731 2749 4778 creaturam
2794 4723 3055 4788 adorare,
3106 4731 3468 4791 creaturreque
3521 4722 3768 4786 servire;

2197 4822 2481 4884 propterea
2537 4816 2694 4885 201
2751 4814 2803 4868 in
2845 4811 2949 4867 line
2998 4813 3137 4867 illius
3178 4813 3337 4883 primi
3370 4811 3668 4880 praecepti,
3699 4811 3770 4865 de

2195 4904 2441 4958 omnibus
2485 4919 2604 4972 qua!
2648 4902 2853 4958 creavit
2902 4889 2972 4957 ita
3022 4902 3302 4971 loquitur:
3347 4899 3469 4956 Non
3515 4900 3769 4953 adorabis

2192 5010 2275 5055 ea,
2304 5010 2395 5047 nec
2417 4995 2601 5046 servies
2638 4995 2711 5047 eis
2740 5009 2757 5046 :
2788 5009 2879 5064 ego
2900 4993 3032 5045 enim
3057 5007 3169 5045 sum
3202 4989 3452 5045 Dominus
3479 4988 3617 5043 Deus
3643 4998 3767 5043 titus

2194 5081 2386 5154 (Exod.
2414 5098 2503 5146 xx,
2536 5080 2608 5149 5).

2262 5172 2349 5228 lt).
2384 5173 2536 5240 Quod
2562 5175 2744 5242 utique
2771 5178 2943 5229 sciens
2962 5173 3148 5227 beatus
3170 5173 3476 5243 Apostolus,
3501 5170 3633 5225 irain
3660 5170 3765 5225 Dei

2191 5264 2405 5319 revelari
2433 5266 2739 5334 pronuntiat
2766 5282 2918 5335 super
2944 5281 3142 5319 omnem
3172 5264 3488 5333 impietatem
3510 5272 3560 5315 et
3584 5262 3762 5333 injus-

2190 5357 2354 5410 titiam
2379 5372 2553 5410 eorum
2574 5357 2659 5428 qui
2686 5364 3117 5411 commutarerunt
3143 5355 3403 5411 ueritatem
3418 5352 3515 5407 Dei
3534 5354 3586 5406 iu
3608 5368 3762 5407 men-

2266 5509 2285 5582 ι
2315 5509 2390 5582 ιω
2411 5526 2520 5582 ιιιε.
2553 5510 2737 5582 Colb.;
2768 5519 2824 5564 at
2851 5510 2978 5564 editi
3008 5500 3235 5577 habent,
3269 5520 3513 5582 tanquam
3541 5486 3764 5565 ηιίηοέίι

2190 5577 2287 5632 Dei
2315 5579 2490 5632 inrita:
2517 5580 2775 5632 serritutis
2793 5619 2810 5646 ,
2829 5588 2921 5632 aut
2948 5583 3120 5637 inrita:
3146 5577 3393 5636 servituti.

2262 5658 2287 5695 ις
2318 5648 2415 5702 Ms.
2444 5648 2623 5709 Culb.,
2647 5664 2746 5702 non
2769 5652 2895 5705 duos
2916 5651 3056 5704 deos.
3128 5706 3131 5709 _

2261 5716 2285 5753 ιι
2305 5716 2512 5838 ὲιιιῦιιε.
2544 5717 2730 5784 Cnlb.;
2761 5728 2816 5771 at
2844 5721 2954 5783 ρει..
2992 5719 3065 5773 De
3086 5721 3196 5789 ipso
3222 5735 3510 5789 quoque...
3540 5722 3594 5774 iu
3616 5715 3763 5790 psal~

2261 5804 2271 5837 ι
2342 5802 2408 5840 m
2437 5827 2448 5838 .
3310 5824 3315 5829 -

2190 5803 2279 5892 moi
2305 5803 2611 5923 mittam,
2639 5857 2964 5924 dignitatem;
2989 5867 3044 5916 at
3072 5857 3219 5924 editi,
3242 5824 3579 5914 dibiuimtm.
