4072 6332
262 464 364 524 5'35

1640 468 1964 526 EPISTOLA
2005 467 2132 523 Vlll.

3409 463 3517 522 365

259 583 485 648 decium,
505 590 552 637 et
575 579 904 635 colueruntet
931 587 1209 633 servierunt
1237 592 1488 638 creatura:
1508 586 1676 654 potius
1691 603 1842 656 quam
1872 590 1915 644 Α
1947 601 2050 638 una
2080 586 2299 649 veritas,
2329 599 2465 639 unus
2489 583 2648 654 202
2678 598 2835 639 verus
2876 583 3046 652 Dens,
3093 599 3201 639 non
3257 581 3520 653 permittit

259 678 498 740 creatori,
523 676 610 748 qui
636 685 712 730 est
741 673 1032 729 benedictus
1061 678 1115 730 in
1137 677 1326 730 stvcula
1352 677 1528 747 (Rom.
1559 695 1595 743 ι,
1622 676 1834 746 18:25).

259 763 556 819 Veritatem
588 763 683 820 Dei
716 774 900 821 tenere
928 774 1011 820 est
1035 782 1200 821 unum
1230 766 1395 822 Deum
1427 767 1638 834 colere;
1692 769 1839 822 veri-

257 864 423 908 tatem
470 854 562 909 Dei
606 872 661 910 ιη
705 856 1041 912 mendacium
1088 867 1404 913 convertere
1463 866 1546 913 est
1582 867 1841 913 creatura:

255 946 484 1000 servire.
516 945 659 1000 Vera
702 947 844 1000 enim
875 947 1063 1015 religio
1094 948 1148 1002 in
1178 949 1332 1004 unius
1373 956 1585 1004 constat
1613 950 1722 1003 veri
1746 949 1840 1004 Dei

254 1036 502 1090 servitio.
525 1035 647 1106 Ipsa
680 1053 912 1107 namque
933 1038 1133 1093 veritas
1155 1055 1290 1093 unus
1311 1047 1392 1093 est
1410 1037 1587 1105 Deus;
1620 1050 1674 1092 et
1702 1039 1842 1093 sicut

254 1136 488 1196 excepta
519 1143 623 1180 una
666 1129 896 1182 veritate
925 1143 1031 1181 non
1071 1137 1149 1181 est
1181 1128 1284 1182 alia
1313 1129 1539 1193 veritas,
1597 1129 1672 1183 sic
1721 1128 1844 1181 abs-

255 1231 361 1282 que
395 1231 501 1268 uno
530 1215 642 1270 Deo
694 1231 823 1270 vero
880 1232 989 1270 non
1019 1225 1101 1270 est
1134 1216 1268 1271 alius
1299 1234 1458 1272 verus
1498 1217 1638 1272 Deus
1673 1237 1686 1270 :
1728 1219 1840 1287 ipsa

253 1305 403 1357 enim
437 1319 544 1356 una
573 1304 775 1358 veritas
805 1313 889 1358 est
918 1305 1232 1358 naturaliter
1261 1322 1365 1360 una
1403 1322 1527 1360 vera
1571 1307 1837 1363 divinitas.

255 1392 319 1446 Et
345 1395 418 1447 ita
451 1411 559 1449 non
590 1404 813 1464 possunt
847 1396 954 1451 duo
995 1397 1104 1450 veri
1142 1397 1214 1450 dii
1256 1399 1516 1454 veraciter
1544 1400 1664 1464 dici,
1701 1401 1843 1456 sicut

257 1487 372 1554 ipsa
407 1502 511 1539 una
546 1488 741 1541 veritas
773 1496 798 1525 ι
828 1489 1144 1544 naturaliter
1175 1506 1280 1543 non
1311 1500 1488 1560 potest
1515 1491 1697 1547 dividi.

327 1578 461 1632 CAP.
488 1595 539 1632 v.
572 1579 845 1648 Scriptura
866 1591 915 1634 et
941 1579 1149 1635 Patrem
1170 1592 1220 1634 et
1242 1581 1290 1633 F
1294 1584 1458 1647 ilium,
1482 1601 1652 1638 verum
1680 1583 1843 1638 Deum

259 1669 534 1737 praedicat.
568 1667 819 1723 Homines
847 1672 1014 1724 sancti
1040 1672 1140 1740 ﬁlii
1167 1671 1268 1725 .Dei
1288 1682 1417 1726 sunt
1446 1690 1550 1727 non
1572 1690 1641 1728 eo
1690 1674 1843 1728 modo

254 1775 357 1826 quo
380 1755 637 1811 Christus.
665 1755 791 1822 Quis
821 1769 1099 1813 commutat
1136 1763 1392 1815 veritatem
1418 1759 1516 1815 Dei
1548 1763 1601 1815 in
1629 1763 1843 1816 utendu-

258 1845 416 1899 cium.
456 1847 593 1914 Quid
619 1849 685 1900 sit
708 1865 772 1901 ea:
815 1849 1163 1918 superioribus
1192 1853 1510 1921 argumentis
1532 1853 1842 1907 concluden-

1942 675 2254 729 servitutem
2283 683 2444 743 atque
2491 675 2753 729 culturam
2795 675 2909 730 veri
2936 675 3034 731 Dei
3079 683 3342 731 creatum
3388 688 3521 728 con-

1937 763 2088 833 jungi
2115 775 2161 818 8.
2189 763 2325 818 Vera
2356 779 2570 833 quoque
2600 765 2807 832 religio,
2840 772 3068 836 excepto
3096 781 3202 819 uno
3229 779 3355 819 vero
3385 763 3518 829 Deo,

1942 855 2073 908 nulli
2103 854 2205 909 deo
2235 856 2363 909 sinit
2398 855 2619 911 cultura:
2647 873 2710 911 ac
2736 857 3008 912 servitutis
3057 856 3373 926 obsequium
3402 871 3433 910 a
3461 855 3522 909 ii-

1941 944 2150 1000 delibus
2181 945 2438 999 exhiberi.

2016 1033 2150 1087 CAP.
2189 1050 2256 1087 vt.
2286 1032 2447 1086 Nulla
2477 1042 2712 1086 creatura
2737 1043 2810 1087 est
2836 1034 3042 1096 veritas,
3074 1033 3164 1086 sed
3191 1049 3326 1086 vero.
3353 1030 3523 1085 Filius

1942 1130 1993 1181 in
2016 1145 2113 1198 quo
2145 1127 2294 1181 Patri
2323 1128 2555 1197 wqualis.
2592 1126 2654 1180 In
2686 1144 2782 1198 quo
2812 1129 2999 1181 minor.
3033 1125 3237 1196 Duplex
3282 1126 3524 1179 nativitas

1943 1211 2155 1284 Christi,
2186 1227 2379 1271 (eterna
2403 1228 2450 1270 et
2475 1218 2788 1286 temporalis.
2819 1248 2884 1258 ——
2906 1217 3090 1273 Omnis
3129 1225 3307 1271 autem
3331 1223 3518 1270 natura

1943 1326 2060 1377 qua:
2087 1309 2260 1362 minor
2282 1317 2365 1363 est
2393 1316 2581 1362 natura
2608 1309 2706 1363 Dei
2757 1308 2953 1376 Patris,
2988 1309 3102 1363 sine
3130 1308 3294 1364 dubio
3343 1316 3524 1362 creata

1945 1409 2132 1454 natura
2183 1408 2265 1454 est
2285 1397 2336 1452 ιι.
2388 1399 2524 1466 Quid
2555 1407 2639 1454 est
2693 1412 2873 1453 autem
2929 1409 3108 1466 creata
3167 1408 3392 1463 natura,
3425 1397 3524 1451 nisi

1942 1492 2225 1545 creatura?
2253 1489 2436 1544 Omnis
2466 1506 2629 1560 porro
2658 1499 2904 1545 creatura
2936 1489 2948 1526 ί
2987 1491 3240 1560 quoniam
3283 1504 3418 1558 opus
3445 1494 3526 1543 est

1942 1583 2317 1644 veritatis,_est
2362 1582 2576 1650 quidem
2608 1591 2852 1636 creatura
2907 1597 3058 1645 vera,
3103 1596 3207 1633 non
3238 1587 3416 1633 tamen
3444 1585 3526 1632 est

1943 1674 2157 1727 veritas.
2193 1673 2320 1727 Sola
2350 1673 2491 1726 enim
2515 1672 2617 1742 .(al.
2667 1672 2868 1736 autem‘)
2899 1671 3225 1724 naturaliter
3251 1677 3335 1724 est
3380 1669 3526 1723 veri-

1945 1771 2046 1826 tas,
2079 1778 2195 1832 quae
2226 1761 2538 1814 naturaliter
2566 1769 2649 1814 est
2667 1776 2793 1814 vera
2824 1760 3092 1813 divinitas.
3127 1759 3204 1812 llli
3231 1774 3359 1828 ergo
3389 1757 3525 1812 veri-

1948 1862 2110 1906 tatem
2151 1852 2244 1906 Dei
2273 1867 2392 1905 non
2424 1858 2760 1905 commutant
2784 1850 2839 1902 in
2869 1849 3226 1912 mendacium,
3251 1847 3344 1902 sed
3388 1863 3527 1902 vera:

259 1937 404 1990 dum.
429 1969 502 1978 —
529 1937 615 1992 11.
638 1937 847 1994 'Sancta
878 1955 1006 1996 vero
1037 1939 1330 2011 Scriptura,
1355 1959 1474 2011 qua:
1501 1945 1655 1999 nobis
1684 1962 1845 2000 unum
1878 1942 1925 2001 Β
1955 1944 2072 1997 Iidei
2097 1951 2283 1997 tenent
2311 1942 2544 1996 salutare
2575 1939 2909 2010 mysterium,
2939 1939 3028 2007 qui
3061 1953 3159 1993 nec
3203 1937 3376 1992 solum
3426 1938 3527 1990 Pa-

261 2029 549 2083 Dominum
580 2029 747 2084 Deum
777 2033 1042 2087 veraciter
1061 2032 1453 2102 salubriterque
1469 2036 1842 2106 commendat,

260 2121 402 2176 sicut
458 2121 669 2174 Patrem
720 2137 903 2176 verum
936 2123 1143 2188 Deum,
1195 2126 1272 2178 sic
1307 2133 1376 2181 .et
1419 2125 1613 2180 Filium
1659 2142 1846 2182 verum

263 2207 433 2264 Deum
461 2208 702 2264 ﬁdelibus
731 2213 938 2266 cunctis
968 2214 1220 2268 insinuat.
1251 2214 1326 2268 De
1356 2213 1515 2270 Patre
1545 2217 1744 2288 quippe
1765 2217 1848 2271 di-

259 2299 337 2353 cit
363 2300 554 2353 beatus
587 2298 782 2356 Paulus
803 2303 1099 2371 apostOlus,
1125 2303 1696 2362 Thessalonicensibus
1719 2307 1850 2362 scri-

259 2389 397 2442 bens
431 2409 443 2441 :
471 2388 713 2443 Conversi
734 2392 854 2444 estis
885 2391 954 2444 ad
980 2391 1257 2446 Dominum
1286 2410 1317 2445 a
1339 2394 1632 2470 simulacris
1664 2394 1713 2463 δ,
1738 2414 1850 2450 ser-

256 2485 370 2536 vire
399 2481 512 2535 Deo
553 2484 661 2536 vivo
707 2492 756 2536 et
804 2500 956 2548 vero;
985 2495 1034 2537 et
1063 2495 1364 2555 exspectare
1392 2485 1438 2538 F
1443 2487 1586 2540 ilium
1632 2488 1741 2557 ejus
1787 2488 1850 2540 de

255 2575 428 2637 cortis,
462 2590 610 2643 quem
653 2575 919 2628 suscitavit
971 2592 1003 2628 α
1047 2579 1262 2629 mortuis
1309 2575 1505 2640 Jesum,
1537 2579 1622 2648 qui
1665 2579 1851 2648 eripuit

263 2679 362 2718 nos
418 2661 484 2714 a'b
525 2665 606 2716 ira
654 2671 868 2717 ventura
920 2663 976 2734 (I
1007 2664 1186 2718 Thess.
1234 2683 1268 2728 ι,
1304 2665 1355 2731 9,
1408 2665 1516 2738 l0).
1562 2667 1660 2722 llic
1699 2667 1854 2723 Jesus

260 2752 519 2807 Christus
549 2770 657 2808 non
702 2755 779 2809 sic
809 2763 890 2810 est
905 2754 1007 2809 Dei
1039 2756 1211 2810 Patris
1259 2756 1416 2818 titius,
1441 2757 1581 2811 sicut
1628 2775 1728 2812 nos
1756 2774 1852 2813 su-

267 2859 390 2897 mus
423 2861 436 2894 :
464 2844 554 2898 ille
585 2855 665 2898 est
690 2845 833 2901 enim
858 2845 1124 2915 proprius,
1155 2861 1256 2901 nos
1303 2846 1596 2917 redempti;
1629 2849 1853 2903 ille-na-

264 2944 377 3001 tus,
410 2951 513 2990 nos
541 2935 702 3002 facti;
739 2937 826 2991 ille
854 2951 1031 3001 verus,
1064 2953 1164 2991 nos
1196 2937 1452 3008 adeptivi.
1499 2937 1596 2992 lile
1652 2947 1852 3007 autem,

268 3029 364 3098 qui
401 3025 563 3084 verus
592 3038 673 3084 est
708 3027 865 3095 ﬁlius,
900 3029 1013 3098 ipse
1052 3029 1214 3083 etiam
1258 3044 1418 3084 verus
1446 3037 1529 3083 est
1561 3029 1719 3094 Deus,
1748 3046 1854 3084 non

274 3119 574 3188 adoptione
604 3127 910 3187 generatus,
941 3119 1033 3174 sed
1057 3118 1125 3173 de
1152 3116 1310 3172 Patre
1330 3118 1648 3172 naturaliter
1673 3125 1852 3174 natus.

263 3208 327 3262 In
360 3224 473 3277 quo
503 3223 632 3262 vero
673 3208 786 3263 Deo
811 3224 1048 3279 veroque
1068 3208 1226 3272 Filio,
1258 3207 1381 3264 ideo
1412 3217 1494 3264 est
1545 3225 1671 3264 vera
1714 3208 1854 3262 divi-

1947 2047 2108 2102 trem,
2135 2053 2234 2092 nec
2263 2036 2434 2091 solum
2451 2035 2667 2100 Filium,
2693 2034 2785 2088 sed
2808 2033 2963 2088 simul
2997 2031 3208 2086 Patrem
3232 2039 3287 2085 et
3316 2030 3528 2094 Filium,

1949 2144 2111 2182 unum
2142 2127 2425 2181 Dominum
2481 2126 2648 2178 Deum
2694 2139 2848 2178 suum
2899 2123 3054 2177 corde
3093 2121 3320 2176 credunt
3351 2121 3417 2173 ad
3453 2121 3531 2183 iu-

1947 2219 2160 2283 stitiam,
2203 2226 2252 2269 et
2293 2233 2383 2269 ore
2429 2213 2754 2269 conﬁtentur
2781 2213 2848 2266 ad
2875 2213 3094 2267 salutem
3125 2210 3297 2280 (Rom.
3335 2227 3386 2275 ιι,
3416 2204 3528 2280 10).

1951 2309 2087 2375 Quia
2135 2323 2242 2363 non
2269 2309 2447 2362 solum
2495 2307 2654 2360 Pater
2683 2307 2842 2366 Deus,
2876 2304 2968 2359 sed
2997 2304 3156 2358 etiam
3196 2302 3359 2356 Filius
3390 2301 3530 2358 Deus

1951 2398 2268 2453 naturaliter
2286 2405 2372 2451 est
2397 2411 2560 2450 verax
2603 2395 2764 2458 Deus,
2801 2394 3001 2448 veritas
3022 2393 3181 2456 Deus,
3214 2406 3533 2461 permanens

1952 2475 2073 2540 cum
2097 2484 2257 2538 Patre
2280 2483 2596 2537 naturaliter
2627 2499 2762 2536 unus
2795 2497 2977 2547 verax,
3008 2497 3147 2534 unus
3192 2494 3372 2543 verus,
3397 2493 3531 2537 una:

1953 2590 2058 2644 que
2093 2575 2291 2628 veritas
2325 2591 2336 2624 :
2368 2573 2491 2641 quia
2549 2570 2686 2624 duos
2714 2571 2843 2625 deos
2871 2569 3015 2624 credi
3047 2567 3264 2623 vel-dici
3314 2567 3532 2626 omnino

1955 2666 2202 2738 prohibet
2230 2680 2335 2719 una
2369 2664 2581 2724 veritas,
2613 2677 2733 2730 qum
2762 2661 2874 2715 sola
2906 2676 3031 2715 vera
3067 2651 3156 2713 est
3184 2658 3454 2712 divinitas.

2028 2757 2113 2810 15.
2141 2755 2369 2810 Proinde
2400 2755 2538 2807 Deus
2587 2751 2750 2808 Filius
2788 2750 3081 2806 secundum
3111 2748 3348 2802 divinam
3379 2756 3533 2802 natu-

1956 2865 2070 2906 ram
2102 2866 2206 2904 non
2231 2855 2314 2903 est
2343 2847 2517 2900 minor
2544 2845 2721 2908 Patre,
2751 2843 2845 2900 sed
2870 2841 3089 2913 mqualis
3116 2850 3197 2896 est
3225 2838 3386 2904 Patri,
3410 2839 3531 2908 quia

1958 2943 2122 3002 Filius
2145 2943 2215 2994 ita
2243 2955 2402 2994 verus
2453 2937 2593 2992 Deus
2622 2937 2835 3001 dicitur,
2878 2943 2937 2989 ut
2984 2933 3144 2989 Pater
3173 2933 3314 2988 Deus
3358 2931 3535 2986 verior

1959 3010 2065 3086 non
2095 3031 2331 3094 dicatur;
2366 3029 2417 3081 in
2466 3027 2575 3083 Deo
2599 3026 2740 3081 enim
2789 3039 2920 3078 vero
2963 3022 3090 3077 nihil
3119 3021 3297 3077 minus
3351 3019 3538 3074 existi-

1959 3125 2093 3180 mari
2123 3123 2250 3178 sinit
2275 3122 2386 3190 ipsa
2418 3119 2660 3174 veritatis
2682 3116 2902 3186 agnitio.
2935 3115 3224 3170 Permanet
3273 3113 3456 3180 itaque
3487 3111 3538 3164 in

1961 3217 2118 3270 Patre
2139 3224 2193 3270 et
2215 3213 2350 3268 Filio
2375 3211 2689 3267 naturaliter
2718 3223 2822 3263 una
2853 3222 2994 3262 verae
3031 3204 3330 3260 divinitatis
3356 3217 3540 3271 mqua-

263 3301 444 3362 nitas,
469 3300 592 3367 quia
613 3301 871 3354 naturalis
911 3309 993 3355 est
1022 3301 1096 3354 illi
1126 3301 1191 3354 de
1221 3299 1379 3356 Patre
1404 3301 1673 3355 nativitas.
1727 3301 1857 3357 Pro-
1883 3298 1928 3359 C
1962 3309 2102 3372 litas,
2136 3314 2191 3361 et
2221 3320 2324 3359 una
2350 3300 2800 3358 incommutabilis
2829 3314 2891 3354 ac
2911 3297 3237 3368 sempiterna
3265 3295 3541 3364 maiestas.

264 3399 400 3460 pter
427 3389 573 3459 quod
594 3405 715 3444 eum
750 3401 770 3429 ε
804 3406 988 3445 verum
1019 3391 1192 3445 Patris
1221 3391 1435 3456 Filium,
1457 3408 1642 3446 verum
1669 3392 1853 3454 Deum,

266 3481 554 3550 vitamque
583 3490 860 3545 attentam,
889 3483 1076 3536 beatus
1125 3482 1358 3537 Joannes
1409 3484 1460 3536 in
1491 3482 1728 3552 Epistola
1761 3499 1857 3538 sua

268 3570 584 3638 prol'ttetur,
610 3569 791 3627 dicens
831 3589 844 3624 :
883 3572 1087 3625 Scimus
1133 3574 1252 3644 quia
1300 3571 1470 3626 Filius
1498 3572 1596 3626 Dei
1635 3573 1788 3637 venit,
1811 3581 1860 3626 et

267 3660 419 3713 dedit
463 3660 611 3714 nobis
658 3662 992 3727 intellectum,
1021 3673 1077 3716 ut
1123 3665 1346 3717 sciamus
1377 3680 1566 3728 verum,
1598 3673 1646 3716 et
1700 3665 1859 3718 simus

268 3757 325 3802 tu
359 3765 481 3803 vero
511 3747 650 3802 Filio
697 3751 808 3820 ejus
835 3749 960 3804 Jesu
991 3743 1220 3806 Christo.
1274 3750 1377 3805 llic
1420 3762 1496 3806 est
1525 3768 1668 3806 verus
1700 3750 1858 3816 Deus,

269 3855 317 3897 et
339 3846 450 3897 vita
482 3855 677 3898 (eterna
728 3845 780 3913 (Ι
809 3845 969 3900 Joan.
997 3864 1048 3910 v,
1076 3846 1188 3918 20).
1221 3848 1420 3902 Verum
1487 3848 1668 3916 itaque
1695 3847 1859 3901 Deum

269 3937 484 4000 calere,
518 3951 752 4005 veroque
783 3937 893 3992 Deo
922 3939 1145 4000 servire.
1172 3954 1280 3993 non
1311 3947 1393 3992 est
1435 3939 1619 4008 utique
1667 3938 1862 3990 verita-

272 4035 388 4080 tem
424 4026 520 4080 Dei
546 4027 598 4080 in
628 4027 964 4083 mendacium
987 4038 1342 4084 commutare.
1377 4028 1470 4083 Ille
1513 4038 1690 4084 autem
1718 4030 1859 4083 veri-

274 4117 452 4162 tatem
476 4107 569 4162 Dei
597 4119 892 4163 commutat
915 4111 968 4163 in
997 4111 1365 4177 mendacium,
1391 4112 1482 4181 qui
1504 4111 1614 4165 Deo
1641 4127 1748 4165 non
1775 4127 1865 4165 ve-

272 4215 340 4252 ro
371 4199 652 4253 existimat
699 4201 1038 4255 serviendum
1067 4201 1128 4266 ἀς
1161 4202 1251 4256 ille
1293 4211 1475 4257 autem
1528 4201 1698 4257 Deum
1753 4219 1864 4258 non

272 4304 468 4343 verum
499 4289 650 4356 colit,
678 4299 735 4345 et
763 4291 872 4346 Deo
904 4308 1011 4346 non
1034 4308 1164 4348 vero
1193 4295 1360 4347 servit
1389 4303 1445 4359 °,
1467 4295 1557 4362 qui
1605 4303 1867 4350 creaturae

271 4378 551 4442 servierit,
581 4389 990 4452 creaturamque
1012 4383 1241 4437 coluerit
1273 4401 1285 4435 :
1319 4384 1443 4454 quia
1467 4385 1555 4439 ubi
1589 4385 1727 4439 Deus
1757 4401 1864 4439 non

273 4483 445 4524 verus
473 4470 688 4535 colitur,
721 4480 779 4525 et
809 4473 917 4528 Deo
941 4489 1047 4529 non
1069 4490 1198 4530 vero
1220 4475 1450 4529 servitur
1483 4474 1526 4540 τ,
1559 4475 1628 4529 ibi
1655 4475 1752 4530 Dei
1776 4492 1867 4530 ve-

271 4560 414 4613 ritas
438 4560 490 4613 in
524 4559 858 4616 mendacium
885 4572 1268 4618 commutatur.

1962 3398 2051 3456 Sic
2076 3405 2254 3450 autem
2281 3394 2472 3448 Filium
2503 3391 2646 3444 Patri
2668 3388 2928 3457 mqualem
2975 3386 3242 3440 veraciter
3289 3383 3538 3446 dicimus,

1962 3497 2022 3544 ut
2053 3487 2214 3542 etiam
2246 3484 2511 3539 minorem
2557 3480 2819 3534 veraciter
2863 3491 2970 3529 non
3017 3489 3295 3543 negemus.
3331 3471 3539 3526 Scimus

1961 3579 2104 3634 enim
2132 3578 2298 3630 Deum
2322 3573 2511 3628 Filium
2536 3579 2715 3624 natum
2742 3566 2809 3620 de
2855 3575 3042 3618 natura
3072 3564 3165 3617 Dei
3199 3562 3394 3628 Patris,
3447 3575 3539 3612 na-

1961 3679 2072 3724 tum
2095 3669 2255 3722 etiam
2286 3665 2354 3719 de
2376 3671 2566 3717 natura
2598 3657 2828 3725 Virginis
2858 3654 3062 3719 matris,
3092 3669 3156 3708 ac
3186 3667 3281 3723 per
3323 3651 3423 3704 hoc
3451 3662 3541 3702 ve-

1962 3775 2077 3814 rum
2102 3759 2269 3812 Deum
2291 3755 2356 3809 de
2385 3751 2611 3806 veritate
2638 3756 2875 3818 paterna:
2899 3754 3130 3812 naturzc,
3159 3757 3342 3796 verum
3367 3738 3544 3794 homi-

1962 3866 2082 3906 nem
2105 3850 2171 3905 de
2190 3847 2416 3902 veritate
2465 3849 2724 3897 maternae
2752 3836 3068 3894 substantia:
3099 3853 3110 3887 :
3146 3849 3308 3904 quem
3351 3831 3543 3885 divini-

1962 3944 2088 3998 tatis
2116 3940 2388 3997 :eternitas
2419 3933 2656 3990 ostendit
2676 3932 2792 3986 sine
2821 3929 2972 3985 initio
3000 3935 3208 3986 natum.
3242 3932 3296 3978 et
3337 3931 3544 3992 tempo~

1962 4019 2091 4090 ralis
2120 4030 2391 4099 susceptio
2419 4025 2598 4082 carnis
2638 4023 2798 4076 docet
2827 4022 2944 4075 sine
2999 4018 3163 4072 dubio
3192 4015 3543 4069 minoratum.

1971 4122 2215 4195 Equalis
2241 4126 2328 4175 est
2354 4117 2523 4173 Filius
2544 4113 2716 4178 Patri,
2740 4119 2794 4166 et
2818 4110 2994 4164 minor
3015 4116 3100 4161 est
3129 4106 3293 4161 Filius
3343 4102 3504 4159 Patre
3532 4120 3545 4156 :

1964 4214 2186 4285 aequalis
2235 4225 2362 4265 vera
2414 4206 2726 4270 divinitate,
2775 4203 2950 4256 minor
3003 4215 3130 4286 vera
3191 4197 3547 4254 humanitate.

1967 4303 2235 4374 Equalis,
2259 4301 2383 4370 quia
2414 4297 2481 4351 In
2501 4296 2759 4366 principio
2787 4302 2901 4346 erat
2940 4289 3182 4353 Verbum,
3225 4299 3274 4344 et
3326 4287 3550 4342 Verbum

1967 4406 2078 4450 erat
2117 4391 2256 4463 apud
2301 4389 2483 4454 Deum,
2515 4397 2563 4440 et
2593 4384 2729 4438 Deus
2779 4392 2890 4436 erat
2942 4379 3165 4434 Verbum
3185 4378 3366 4446 (Joau.
3396 4394 3434 4445 ι,
3463 4378 3550 4446 1);

1970 4488 2144 4541 minor
2191 4491 2393 4544 autem,
2421 4479 2545 4548 quia
2603 4475 2822 4529 Verbum
2853 4489 2974 4526 caro
3023 4473 3217 4542 factum
3246 4478 3346 4534 est,
3376 4478 3424 4521 et
3455 4469 3548 4520 ha-

1971 4577 2150 4631 bitavit
2195 4575 2249 4628 in
2302 4569 2447 4624 nobis
2499 4567 2686 4637 (lbid.,
2725 4566 2834 4632 M).
2871 4563 3135 4632 Equalis,
3164 4559 3288 4629 quia
3339 4575 3453 4613 eum
3502 4560 3549 4612 in

346 4659 439 4712 19..
469 4658 734 4725 Quoniam
763 4677 912 4730 ergo,
943 4672 998 4718 et
1024 4664 1190 4720 Deum
1212 4665 1427 4722 Patrem
1457 4665 1623 4722 Deum
1647 4682 1853 4734 verum,
1898 4645 1948 4704 D
1981 4670 2147 4740 {arma
2175 4663 2268 4716 Dei
2296 4667 2450 4725 esset,
2481 4675 2581 4712 non
2622 4656 2862 4726 rapinam
2911 4653 3192 4706 arbitratus
3245 4660 3320 4705 est
3347 4665 3458 4740 esse
3502 4665 3549 4700 se

273 4760 329 4805 et
359 4751 536 4805 Deum
594 4751 785 4826 Filium
833 4754 996 4810 Deum
1029 4773 1233 4820 verum,
1266 4759 1564 4814 cmlestium
1617 4759 1859 4828 eloquio-

272 4857 398 4896 rum
449 4846 799 4900 attestatione
856 4848 1260 4914 cognoscimus;
1311 4857 1403 4902 aut
1465 4864 1628 4902 unum
1676 4863 1862 4903 verum

277 4931 456 4987 Deum
490 4935 808 4990 naturaliter
849 4935 1060 5012 Patrem
1091 4947 1145 4993 et
1173 4938 1362 4992 Filium
1413 4954 1534 4994 cum
1573 4938 1868 4993 catholicis

276 5031 558 5087 asseram,
591 5033 684 5078 aut
711 5025 846 5080 duos
869 5042 1027 5083 veros
1050 5028 1181 5083 deos
1211 5045 1240 5081 a
1270 5043 1326 5082 se
1357 5029 1482 5090 coli,
1515 5037 1702 5084 contra
1726 5029 1868 5084 veri-

277 5121 458 5165 tatem
508 5124 708 5169 sancta:
757 5114 877 5172 ﬁdei
930 5119 1138 5183 dicant;
1173 5128 1268 5173 aut
1321 5129 1584 5174 creatura:
1636 5121 1869 5176 cultores

274 5205 496 5274 seipsos
520 5204 759 5274 proﬁteri
781 5224 890 5262 non
920 5217 1180 5274 metuant,
1217 5218 1274 5264 ut
1301 5210 1580 5264 veritatem
1612 5210 1706 5264 Dei
1733 5227 1792 5264 se
1815 5211 1866 5266 in

276 5296 638 5376 mendacium.
684 5310 1041 5356 commutasse
1072 5301 1181 5372 ipsa
1209 5317 1391 5378 rerum
1442 5302 1871 5356 manifestatione

276 5400 640 5456 cognoscant.
667 5390 782 5447 Una
811 5394 1011 5462 quippe
1041 5395 1236 5449 veritas
1261 5394 1418 5448 unius
1446 5394 1555 5447 veri
1603 5392 1728 5458 Dei,
1765 5393 1870 5446 imo

361 5539 386 5562 "
423 5525 522 5581 Ms.
555 5527 731 5592 Colb.,
760 5546 862 5582 una
887 5547 1003 5582 vera
1033 5530 1237 5583 veritas.

358 5596 388 5635 "
427 5596 548 5663 "5.,
579 5597 644 5652 ab
673 5600 906 5652 omnibus
928 5600 1236 5652 simulacris.

363 5681 390 5738 ς
417 5665 542 5738 ML.
569 5667 790 5738 Propter
817 5686 930 5722 eum
948 5711 962 5732 ,
987 5680 1094 5723 etc.

361 5737 389 5775 ⁴
425 5737 502 5808 Ms
537 5777 548 5801 ,
577 5740 662 5808 qni
682 5737 801 5793 vero
825 5739 934 5792 Deo
963 5756 1064 5792 non
1090 5739 1663 5794 mstimatserviendum.

368 5819 391 5845 ⁸
428 5806 550 5867 Mm.
592 5806 770 5862 Deum
812 5826 981 5864 rerum
1035 5825 1138 5863 non
1169 5809 1404 5870 retinet
1456 5808 1564 5863 Deo
1616 5825 1730 5862 vero
1775 5822 1875 5859 non

276 5879 472 5937 servit.
700 5917 708 5926 .
1601 5889 1604 5892 ’

375 5949 394 5989 ί
425 5947 549 6015 Πε.,
579 5957 627 6000 et
661 5947 765 6003 Deo
788 5965 902 6003 rem
933 5967 1032 6007 non
1054 5949 1285 6003 servitur.

1983 4739 2228 4830 aequalem
2259 4751 2367 4806 Deo
2415 4749 2632 4820 (Philip.
2659 4762 2714 4808 ιι,
2741 4743 2826 4813 6);
2863 4743 3037 4797 ιιιίηοι·
3080 4749 3279 4804 autem,
3303 4739 3433 4830 quia
3478 4755 3532 4830 se

1975 4825 2241 4915 mctipsum
2261 4839 2570 4903 exinanivit,
2594 4839 2817 4907 formam
2837 4833 2968 4887 servi
2983 4833 3242 4901 accipiens
3268 4828 3452 4896 ,lbid.,
3480 4825 3554 4897 Ἰ).

1979 4935 2224 5007 Ᾱείιιιίιιίε
2253 4941 2336 4988 est
2365 4930 2509 4985 Patri
2539 4927 2724 4986 Filius,
2756 4926 2878 4996 quia
2924 4923 2990 4976 de
3023 4920 3265 5000 Domino
3294 4929 3450 4973 natus
3477 4927 3552 4971 est

1975 5029 2261 5092 Dominus;
2294 5025 2467 5078 minor
2494 5030 2575 5076 est
2595 5029 2774 5074 autem
2797 5017 2956 5070 Patre
2989 5014 3184 5079 Filius,
3212 5014 3334 5083 quia
3363 5012 3433 5066 de
3463 5029 3548 5066 ano

1976 5120 2097 5176 cilla
2123 5117 2294 5173 factus
2325 5124 2407 5169 est
2433 5128 2622 5167 servus
2687 5108 2814 5163 lnde
2855 5115 2936 5160 est
2965 5105 3108 5174 quod
3133 5105 3262 5160 dicit
3294 5123 3304 5155 :
3334 5101 3411 5157 De
3448 5121 3538 5158 ven

1979 5223 2054 5266 tre
2075 5210 2255 5264 matris
2300 5222 2446 5270 mete,
2480 5203 2617 5256 Deus
2662 5216 2799 5254 meus
2844 5217 2897 5252 es
2954 5208 3002 5249 tu
3055 5195 3225 5267 (Psal.
3276 5212 3387 5262 xxi,
3448 5194 3534 5262 ll)

1979 5301 2046 5356 Et
2069 5301 2260 5355 iterum
2293 5315 2304 5348 :
2332 5296 2375 5348 0
2403 5295 2638 5354 Domine,
2655 5309 2746 5360 ego
2769 5305 2941 5342 servus
2968 5297 3101 5351 tuus,
3124 5298 3171 5341 et
3195 5287 3335 5357 ﬁlius
3357 5284 3550 5340 ancilla

1982 5402 2082 5444 tua:
2130 5388 2300 5459 (Psal.
2337 5402 2457 5447 ων,
2491 5381 2566 5452 6).
2599 5379 2842 5449 JEqualis
2888 5387 2970 5433 est
3025 5375 3172 5430 Patri
3221 5374 3402 5436 Filius,
3435 5376 3554 5443 quia

2053 5534 2076 5571 Β
2109 5523 2204 5578 Ms.
2239 5520 2502 5576 Culturam
2543 5520 2650 5572 reri
2682 5517 2777 5571 Det
2831 5525 3080 5570 creatura:
3107 5512 3384 5584 conjungi;
3408 5511 3554 5577 editi,

1982 5594 2090 5664 Deo
2117 5602 2513 5664 creatura'quc.__
2661 5660 2727 5664 η
2871 5658 2881 5664 _
2949 5635 2956 5642 -
3247 5655 3256 5664 .
3328 5655 3356 5664 Α.

2056 5663 2079 5700 ’J
2111 5664 2291 5726 Basil.,
2324 5652 2450 5716 nulli
2479 5659 2585 5714 Deo
2625 5660 2749 5712 sinit
2795 5658 3014 5726 cultura:
3039 5671 3099 5708 ac
3128 5655 3383 5708 servitutis
3411 5652 3568 5724 οὐδε-⁴

1985 5734 2154 5802 quium
2184 5725 2282 5786 nisi
2307 5734 2392 5801 qui
2415 5741 2600 5784 natura
2630 5728 2885 5802 Deusest.
2921 5725 3020 5791 Qui
3063 5735 3233 5778 autem
3271 5741 3374 5777 non
3413 5734 3490 5776 est
3531 5739 3555 5776 ε

1984 5798 2168 5856 natura
2201 5803 2296 5856 Dei
2321 5798 2529 5863 Patris,
2559 5803 2671 5853 sine
2697 5798 2848 5852 dubio
2879 5807 3052 5872 creata
3068 5806 3259 5872 ruitura
3285 5803 3406 5872 est._

2064 5885 2074 5908 ι
2108 5874 2254 5934 Αηι..
2289 5874 2453 5926 omnis
2476 5881 2644 5924 autem
2668 5879 2923 5922 creatura.
2958 5866 3054 5920 Ms.
3088 5863 3239 5920 Colb.
3267 5863 3433 5918 omnis
3463 5874 3554 5915 tus-

1989 5953 2083 5997 ιειιι
2113 5954 2317 6006 ησειινα.
