4072 6332
532 451 631 508 33⁸2

1559 454 1610 504 S.
1657 447 2015 504 FULGENTII
2055 448 2356 504 EPISCOPI
2382 449 2754 504 ‘llUSPENSIS

3661 449 3778 504 36$

530 569 717 622 Omnia
741 583 832 636 per
860 571 1023 636 ipsum
1053 568 1192 636 [arta
1241 575 1382 632 sunt,
1408 575 1456 619 et
1481 582 1590 620 stne
1637 574 1748 635 ipso
1797 567 1987 636 factum
2018 573 2094 616 est
2121 571 2164 626 Α
2196 581 2356 633 super
2403 569 2578 618 omnia
2618 564 2760 619 Deus
2807 564 3114 616 benedictus
3167 562 3218 615 in
3264 561 3476 616 saacula.
3530 559 3608 616 De
3648 562 3767 630 ipso

529 658 658 712 nihil
680 656 858 726 (loan.
895 674 932 722 ι,
959 657 1044 726 5);
1070 657 1245 710 minor
1271 666 1351 711 est
1379 665 1553 711 autem
1580 655 1736 711 Patre
1767 657 1943 720 Filius,
1967 658 2090 721 quia

527 750 692 818 [actus
721 755 888 800 estea:
927 747 1156 812 muliere,
1185 749 1352 818 factus
1398 746 1489 800 sub
1518 748 1625 819 lege
1648 745 1788 818 (Gal.
1814 763 1883 809 tv,
1916 746 1992 815 ὦ).
2026 745 2092 797 Et

527 837 647 890 ideo
674 836 810 890 sicut
833 835 1097 890 veraciter
1124 835 1220 890 Dei
1267 835 1431 892 Filius
1457 836 1568 891 Deo
1620 835 1764 890 Patri
1793 844 2090 890 coaeternus

523 926 849 995 agnoscitur,
879 925 957 981 sic
983 927 1245 982 veraciter
1273 935 1444 982 matre
1493 927 1758 998 posterior
1803 926 2086 980 invenitur.

588 1017 678 1070 14.
714 1015 948 1071 Primam
995 1020 1192 1090 quippe
1237 1022 1567 1076 nativitatem
1609 1021 1731 1075 Filii
1789 1020 2091 1074 nullatenus

522 1109 794 1176 prtecessit
849 1111 1119 1166 aeternitas
1160 1109 1358 1180 Patris,
1389 1112 1542 1181 cujus
1593 1119 1768 1166 tamen
1798 1110 2090 1166 secundam

525 1200 860 1257 nativitatem
883 1202 1488 1272 praecessit-temporalis
1510 1201 1758 1256 nativitas
1783 1202 1940 1273 203
1971 1217 2088 1254 ma-

523 1291 635 1344 tris.
662 1290 720 1346 ln
749 1291 840 1347 illa
883 1293 1080 1363 quippe
1130 1301 1317 1362 natura
1346 1292 1440 1346 Dei
1470 1291 1659 1356 Patris,
1691 1307 1810 1360 qua:
1832 1305 1950 1345 esse
1980 1306 2086 1344 non

520 1380 702 1448 cmpit,
728 1381 795 1436 de
813 1390 1018 1437 teterno
1044 1381 1201 1436 Patre
1229 1390 1530 1436 comternus
1557 1388 1639 1435 est
1667 1379 1830 1434 Filius
1876 1380 2089 1433 inenar-

521 1467 762 1523 rabiliter
780 1478 968 1534 natus;
1002 1470 1053 1523 in
1083 1478 1274 1523 natura
1305 1469 1553 1538 Virginis,
1595 1484 1713 1538 quae
1761 1483 1878 1524 esse
1924 1469 2088 1538 carpit

516 1569 585 1610 ex
625 1564 887 1628 tempore,
925 1557 993 1614 de
1048 1559 1326 1628 temporali
1380 1567 1550 1612 matre
1599 1558 1963 1628 temporaliter
2005 1564 2087 1612 est

516 1644 659 1699 idem
684 1646 848 1702 Filius
902 1648 1316 1706 misericorditer
1343 1657 1644 1716 generatus.
1689 1647 1746 1701 ιιι
1794 1661 1856 1702 ea
1905 1649 2086 1718 itaque

511 1745 709 1792 natura
737 1738 831 1792 Dei
860 1738 1024 1793 Filius
1043 1739 1262 1808 aequalis
1289 1746 1371 1793 est
1398 1737 1560 1804 Patri,
1592 1739 1644 1792 in
1669 1753 1770 1807 qua
1798 1747 1921 1793 ante
1970 1755 2081 1792 om-

497 1825 605 1879 .nia
633 1835 930 1881 coaeternus
958 1835 1040 1882 est
1093 1826 1265 1894 Patri;
1295 1836 1349 1882 et
1376 1829 1427 1882 in
1473 1843 1534 1882 ea
1564 1837 1751 1882 natura
1800 1837 1882 1883 est
1922 1829 2086 1883 Filius

2196 658 2335 709 enim
2387 671 2494 709 uno
2532 654 2744 709 Christo
2793 654 2883 708 Dei
2931 653 3068 706 Filio
3104 652 3294 707 beatus
3315 652 3601 722 Apostolus
3646 655 3762 705 ait:

2197 743 2422 809 Quorum
2451 754 2654 814 patres,
2696 753 2741 797 et
2771 761 2834 796 ex
2863 743 3039 814 quibus
3071 741 3304 796 Christus
3344 742 3620 795 secundum
3647 759 3763 795 car-

2194 853 2307 889 nem
2331 877 2345 900 ,
2378 837 2464 906 qui
2491 845 2566 890 est
2591 853 2741 906 super
2767 835 2939 889 omnia
2979 833 3116 888 Deus
3146 833 3438 888 benedictus
3466 835 3519 887 in
3548 835 3760 887 sacut'a.

2197 925 2426 980 Proinde
2457 942 2578 980 vera
2611 926 2741 980 lides
2764 966 2778 989 ,
2823 941 2941 994 quae
2988 925 3041 979 in
3072 939 3177 978 uno
3221 922 3521 992 eodemque
3549 923 3763 978 Christo

2194 1019 2469 1086 utriusque
2493 1017 2663 1072 credit
2707 1026 2761 1072 et
2791 1015 3076 1071 conlitetur
3121 1016 3432 1070 substantia:
3459 1012 3762 1079 veritatem,

2193 1123 2355 1162 unum
2385 1108 2736 1178 eumdemque
2761 1107 3031 1162 Christum
3072 1106 3166 1159 Dei
3197 1105 3386 1159 Filium
3411 1145 3429 1170 ,
3477 1114 3532 1159 et
3569 1121 3764 1160 secun-

2190 1197 2314 1252 dum
2345 1199 2620 1252 veritatem
2651 1199 2824 1252 carnis
2859 1197 3057 1252 factum
3090 1195 3342 1265 przcdicat
3371 1196 3631 1250 minorem
3657 1235 3673 1258 ,
3705 1204 3763 1249 et

2190 1289 2482 1344 secundum
2513 1291 2792 1343 veritatem
2835 1287 3130 1342 divinitatis
3166 1286 3277 1342 Deo
3307 1285 3450 1340 Patri
3493 1287 3661 1341 credit
3705 1297 3764 1341 et

2190 1377 2476 1432 conlitetur
2514 1378 2792 1445 :cqualetn.
2833 1377 3031 1446 Sicque
3079 1376 3343 1430 veraciter
3387 1392 3549 1431 unum
3592 1376 3758 1430 Deum

2188 1483 2309 1522 cum
2337 1467 2494 1522 Patre
2524 1469 2711 1522 Filium
2741 1485 2860 1521 vera
2895 1467 3026 1522 ﬁdes
3055 1467 3261 1532 adorat,
3292 1481 3408 1534 qua:
3433 1467 3511 1521 sic
3531 1468 3620 1520 uni
3652 1467 3761 1520 Deo

2190 1558 2341 1612 novit
2387 1573 2414 1610 a
2443 1557 2704 1612 creaturis
2733 1558 2982 1611 onmibus
3025 1556 3363 1611 serviendum
3387 1595 3403 1621 ,
3452 1565 3511 1610 ut
3552 1558 3763 1610 noverit

2187 1657 2446 1703 creatum
2469 1662 2574 1701 non
2601 1646 2784 1701 deberi
2814 1647 3003 1700 divinae
3035 1656 3056 1685 ο
3089 1646 3360 1701 servitutis
3387 1645 3723 1714 obsequium.

2257 1737 2415 1808 204
2438 1734 2565 1789 CAP.
2599 1753 2706 1790 vm.
2744 1735 2968 1804 Spiritus
2997 1744 3203 1788 sanctus
3232 1751 3334 1788 non
3377 1743 3637 1798 creatura,
3670 1734 3764 1786 sed

2186 1823 2385 1883 creator
2412 1839 2506 1882 est.
2542 1829 2766 1900 Spiritus
2807 1839 3012 1882 sanctus
3041 1838 3115 1882 est
3139 1845 3284 1882 verus
3304 1827 3462 1882 Deus.
3497 1826 3761 1897 Templum

498 1914 678 1970 rPatre
703 1916 900 1983 minor,
932 1917 983 1971 in
1010 1933 1112 1987 qua
1159 1926 1241 1972 est
1268 1927 1321 1972 et
1369 1927 1539 1972 matre
1585 1917 1868 1988 posterior.
1923 1916 1980 1972 In
2023 1933 2087 1973 ea
2118 1929 2162 1988 Β
2191 1920 2415 1991 Spiritus
2455 1923 2620 1974 sancti
2664 1938 2841 1974 sumus
2871 1921 2998 1973 sicut
3030 1919 3204 1973 Patris
3235 1930 3282 1974 et
3325 1918 3475 1973 Filii.
3536 1918 3763 1988 Spiritus

497 2015 712 2060 natura
741 2005 885 2062 Patri
925 2008 1145 2078 aequalis
1173 2017 1254 2063 est
1283 2009 1464 2073 Filius,
1498 2009 1552 2063 in
1603 2024 1706 2077 qua
1753 2017 1965 2064 creator
2007 2018 2092 2064 est
2187 2022 2400 2065 sanctus
2429 2011 2638 2083 aqualis
2667 2019 2741 2064 est
2773 2010 2880 2064 Deo
2915 2009 3062 2064 Patri
3091 2020 3138 2064 et
3169 2009 3328 2064 Filio.
3375 2041 3446 2052 ——
3500 2010 3584 2063 17.
3636 2009 3766 2064 lado

519 2097 858 2164 angelorum;
884 2099 934 2152 in
957 2113 1019 2153 ea
1051 2107 1239 2153 natura
1262 2097 1419 2154 Patre
1440 2099 1615 2152 minor
1633 2107 1714 2152 est
1734 2097 1876 2153 idem
1903 2098 2085 2164 Filius,
2191 2109 2311 2167 est,
2359 2101 2502 2169 quod
2529 2101 2690 2155 etiam
2725 2092 2978 2170 Spiritum
3026 2109 3264 2155 sanctum
3306 2109 3603 2155 creatorem
3632 2115 3762 2154 vera

517 2189 572 2242 in
601 2204 705 2258 qua
729 2189 1057 2260 Redemptor
1081 2199 1163 2246 est
1187 2191 1481 2245 hominum.
1513 2189 1570 2243 In
1594 2205 1658 2244 ea
1706 2198 1897 2244 natura
1945 2189 2089 2244 Patri
2192 2188 2321 2245 fides
2349 2191 2558 2256 asserit,
2608 2207 2713 2245 non
2741 2199 3062 2260 creaturam.
3105 2189 3387 2256 Quomodo
3434 2190 3575 2244 enim
3605 2205 3763 2244 crea-

517 2279 736 2347 rqualis
755 2288 836 2333 est
862 2279 1048 2347 Filius,
1080 2279 1130 2334 in
1155 2295 1260 2348 qua
1290 2279 1356 2334 ab
1378 2279 1529 2333 initio
1553 2286 1810 2334 creatura:
1837 2279 2089 2332 adoratur
2189 2289 2276 2334 tor
2295 2295 2413 2334 esse
2435 2289 2677 2347 negetur,
2706 2295 2734 2333 a
2759 2295 2864 2348 quo
2888 2279 3092 2333 lit-mata
3115 2279 3372 2334 cmlorum
3394 2279 3562 2332 virtus
3581 2287 3761 2332 osten-

518 2376 572 2421 et
593 2367 840 2422 laudatur
867 2369 936 2424 ab
964 2369 1187 2437 angelis.
1217 2367 1274 2423 In
1302 2383 1364 2424 ea
1387 2377 1574 2423 natura
1600 2367 1766 2422 Filius
1813 2369 1986 2423 minor
2005 2377 2089 2423 est
2186 2369 2360 2436 ditur,
2408 2370 2620 2423 dicente
2668 2368 2832 2423 David
2864 2387 2876 2422 :
2936 2368 3101 2423 Verbo
3150 2367 3362 2423 Domini
3407 2368 3518 2421 caeli
3555 2369 3762 2437 ﬁrmati

479 2497 487 2502 .
516 2454 674 2512 Patre
705 2457 758 2510 in
779 2474 882 2528 qua
912 2466 994 2511 est
1020 2458 1317 2513 minoratus
1344 2458 1502 2527 paulo
1529 2457 1702 2512 minus
1727 2458 1791 2510 ab
1814 2457 2014 2524 angelis
2035 2467 2081 2510 ⁸.

585 2545 712 2600 Car.
745 2562 834 2601 vn.
867 2546 1150 2601 Minoratio
1189 2549 1240 2600 in
1284 2547 1487 2601 Christo
1525 2546 1596 2600 ad
1635 2556 1874 2600 naturam
1903 2547 2084 2600 huma-

477 2657 486 2670 θ
509 2653 721 2690 manant
749 2637 986 2704 pertinet.
1007 2666 1080 2678 --
1112 2636 1196 2691 l5.
1224 2636 1530 2706 Apostolica
1552 2637 1750 2706 quippe
1796 2638 2083 2691 auctoritas

512 2727 674 2797 hujus
703 2727 1073 2783 minorationis
1109 2744 1216 2782 non
1245 2728 1450 2783 destitit
1489 2727 1857 2782 demonstrare
1886 2738 2084 2799 myste-

516 2817 652 2870 rium
675 2857 694 2884 ,
741 2817 921 2872 dicens
946 2859 962 2884 ,
1010 2815 1143 2870 Eum
1173 2825 1360 2882 autem,
1387 2816 1474 2887 qui
1501 2815 1699 2869 modico
1728 2833 1877 2888 quam
1907 2818 2081 2888 angeli

516 2911 799 2962 minoratus
827 2918 921 2972 est,
955 2909 1180 2961 videmus
1205 2907 1378 2962 Jesum
1398 2918 1606 2979 propter
1629 2911 1916 2980 passionem
1941 2928 2080 2964 mor-

513 2998 582 3049 tis
629 2998 797 3067 gloria
842 3008 891 3051 et
937 2999 1130 3052 honore
1159 3009 1455 3052 coronatum
1486 2999 1670 3069 (Hebr.
1702 3017 1766 3066 It,
1798 2999 1872 3069 9).
1913 3001 2083 3071 Supe-

484 3089 626 3144 ~rius
652 3097 828 3143 autem
856 3088 1006 3157 cujus
1033 3097 1234 3143 natura:
1269 3091 1335 3143 sit
1365 3091 1476 3144 hmc
1504 3091 1818 3158 assignanda
1851 3092 2084 3145 minora-

484 3203 490 3224 τ
514 3179 609 3244 tio,
628 3179 903 3234 evidenter
919 3187 1189 3234 ostensum
1211 3189 1312 3246 est,
1336 3181 1547 3249 quando
1572 3182 1695 3234 illud
1723 3183 2079 3235 testimonium

514 3270 787 3342 propheta:
814 3271 1077 3341 prolatum
1106 3280 1206 3337 est,
1256 3287 1364 3342 quo
1412 3272 1639 3326 dicitur:
1679 3272 1921 3337 Domine,
1955 3273 2077 3344 quid
2101 3288 2150 3349 ρ

486 3372 589 3417 »εει
619 3364 770 3418 homo
791 3402 807 3428 ,
838 3363 973 3434 quod
1001 3381 1194 3418 memor
1237 3381 1292 3417 es
1331 3365 1440 3435 ejus
1467 3381 1486 3431 ;
1536 3374 1622 3417 aut
1668 3366 1805 3434 [ilius
1835 3365 2072 3426 hominis,

489 3458 752 3527 quoniam
776 3457 951 3510 uisitas
979 3458 1136 3510 eum?
1183 3457 1235 3511 Μ
1245 3459 1460 3512 inorasti
1493 3476 1606 3512 eum
1635 3461 1788 3530 paulo
1818 3461 1984 3512 minus
2011 3458 2074 3511 ab

488 3546 708 3617 angelis
739 3544 908 3616 (Psal.
939 3561 1050 3609 vui,
1083 3544 1156 3615 5).
1190 3547 1283 3601 Dei
1307 3563 1434 3616 ergo
1455 3547 1618 3602 Filius
1641 3561 1763 3603 ante
1785 3550 2079 3618 susceptio-

510 3652 631 3691 nem
660 3638 857 3706 carnis,
887 3655 999 3691 cum
1025 3640 1077 3692 in
1103 3641 1270 3711 forma
1297 3638 1392 3694 Dei
1421 3650 1571 3704 esset,
1599 3658 1700 3694 non
1728 3642 1961 3710 rapinam
1991 3658 2079 3692 ar-

490 3727 722 3781 bitratus
745 3721 820 3782 est
848 3745 958 3782 esse
984 3745 1039 3782 se
1066 3730 1309 3799 (equa/em
1344 3729 1450 3783 Deo
1483 3730 1696 3800 (Philip.
1730 3748 1793 3796 ιι,
1825 3730 1878 3799 6)
1906 3773 1919 3794 ,
1953 3731 2074 3800 quia

493 3821 560 3874 'in
591 3821 677 3874 illa
710 3821 878 3874 forma
902 3820 1002 3873 .Dei
1029 3861 1044 3885 ,
1079 3820 1239 3874 Filius
1266 3823 1485 3890 mqualis
1515 3831 1597 3877 est
1625 3821 1767 3877 Patri
1794 3841 1806 3886 ;
1857 3823 1999 3892 quod
2030 3823 2074 3879 si

497 3911 681 3964 minor
699 3919 864 3976 esset,
898 3910 950 3963 in
981 3909 1170 3964 eadem
1210 3911 1377 3966 forma
1408 3913 1502 3966 Dei
1532 3930 1637 3967 non
1657 3908 1845 3968 esset:
1898 3913 1989 3966 sel
2021 3912 2073 3966 in

507 3999 673 4052 lorma
703 3996 798 4052 Dei
823 3997 1012 4052 Filium
1042 4014 1159 4054 esse
1185 4001 1477 4069 apostolica
1502 4010 1733 4056 testatur
1761 4002 2072 4056 auctoritas.

505 4086 627 4142 Ideo
651 4101 778 4156 ergo
805 4089 1062 4158 :cqualem
1105 4089 1214 4144 Deo
1243 4106 1380 4156 esse,
1423 4107 1528 4145 non
1559 4091 1632 4145 illi
1662 4093 1846 4161 rapina
1878 4092 2068 4157 fuerat,

504 4177 597 4232 sed
628 4185 816 4231 natura
846 4195 860 4242 ;
913 4179 1035 4248 quia
1089 4179 1141 4233 in
1171 4178 1342 4234 forma
1372 4182 1482 4235 veri
1514 4182 1608 4234 Dei
1650 4191 1755 4235 non
1787 4182 1885 4235 nisi
1912 4197 2072 4236 verus

491 4281 622 4320 esse
651 4267 826 4336 potuit
853 4267 1029 4332 Deus,
1081 4277 1136 4324 et
1164 4269 1356 4324 divinat
1398 4269 1582 4324 farinae
1624 4271 1799 4324 unitas
1845 4271 1959 4340 ipsa
1989 4281 2074 4326 est

502 4358 712 4416 deitatis
741 4360 897 4415 unius
926 4359 954 4398 δ
985 4362 1241 4416 naturalis
1268 4362 1561 4430 mqualitas.
1606 4360 1704 4415 Ubi
1734 4377 1861 4434 ergo
1888 4362 2071 4417 format

501 4449 676 4504 unitas
720 4449 773 4504 in
803 4459 990 4505 natura
1021 4459 1175 4515 erat,
1222 4451 1497 4521 arqualitas
1543 4452 1726 4521 rapina
1777 4469 1882 4506 non
1931 4461 2066 4506 erat.

499 4537 765 4593 Naturalis
782 4547 964 4593 autem
996 4538 1289 4592 divinitatis
1315 4540 1620 4609 mqualitas,
1671 4557 1788 4610 qua:
1817 4541 1866 4594 in
1897 4539 2066 4595 forma

481 4627 590 4681 Dei
621 4636 760 4698 erat,
790 4629 987 4681 auferri
1015 4628 1128 4681 Deo
1155 4644 1284 4682 vero
1311 4644 1418 4682 non
1442 4639 1673 4698 poterat.

557 4720 652 4773 16.
684 4719 822 4774 lude
849 4727 931 4774 est
973 4718 1137 4788 quod,
1166 4719 1400 4774 retinens
1426 4720 1706 4774 veritatem
1751 4720 2059 4784 divinitatis.

474 4825 551 4868 tet
578 4815 856 4870 veritatem
879 4813 1147 4882 accipiens
1178 4813 1388 4878 carnis,
1435 4828 1575 4866 unus
1605 4813 1852 4881 idemque
1881 4812 1975 4867 Dei
2009 4821 2066 4867 et

489 4903 726 4958 hominis
759 4903 910 4958 .tilius
933 4943 947 4967 ,
996 4911 1050 4957 et
1080 4901 1237 4956 Patre
1267 4901 1436 4957 factus
1463 4910 1545 4956 est
1569 4904 1749 4956 minor
1772 4946 1787 4969 ,
1835 4910 1889 4956 et
1917 4901 2062 4956 Patri

492 4996 788 5064 permansit
807 4994 1042 5064 aequalis.
1083 4993 1206 5048 Ideo
1237 5001 1522 5061 utrumque
1552 4994 1812 5047 veraciter
1837 4987 2063 5062 ipsa've-

494 5086 622 5139 ritas
650 5085 784 5140 dixit
807 5104 819 5138 :
852 5095 905 5140 et
930 5105 942 5138 :
978 5085 1136 5138 Pater
1164 5085 1333 5153 major
1359 5099 1437 5136 nte
1454 5092 1536 5135 est
1562 5081 1738 5155 (Joan.
1775 5099 1862 5136 χειν
1883 5124 1897 5148 ,
1929 5083 2018 5153 28)
2047 5103 2060 5148 ;

491 5189 546 5235 et
572 5199 584 5233 :
635 5179 750 5253 Ego
791 5190 839 5234 et
869 5180 1028 5235 Pater
1055 5198 1212 5235 unum
1248 5197 1427 5234 sumus
1457 5177 1632 5242 (Joan.
1663 5195 1695 5232 ιι
1719 5220 1733 5244 ,
1767 5177 1875 5247 50).
1925 5175 2065 5232 Vere

490 5287 621 5342 ergo
651 5271 763 5327 Deo
797 5272 953 5326 Patre
979 5272 1154 5326 minor
1181 5281 1262 5327 est
1288 5271 1560 5337 Christus,
1591 5271 1714 5340 quia
1749 5270 2065 5324 naturaliter

489 5377 554 5414 es
587 5363 825 5432 patribus
854 5371 936 5418 est
964 5363 1250 5417 secundum
1282 5378 1537 5428 carnem;
1584 5369 1638 5416 et
1668 5376 1792 5416 vere
1823 5361 1928 5415 Deo
1958 5360 2060 5414 Pa-

486 5453 557 5507 tri
604 5454 824 5523 :equalis
874 5463 955 5510 est
984 5453 1124 5509 idem
1153 5454 1430 5519 Christus,
1481 5454 1604 5512 auia
1646 5454 1956 5508 naturaliter
1975 5461 2062 5507 est

559 5643 584 5672 ⁸
617 5633 820 5692 Locum
852 5636 993 5688 hunc
1022 5633 1206 5700 nugari
1237 5648 1316 5684 sm
1347 5647 1498 5699 parte
1529 5635 1771 5686 tnuttlttm
1796 5633 2053 5696 Tuneditts

487 5705 820 5759 restituimus
849 5720 914 5757 ex
943 5703 1063 5758 end.
1097 5719 1194 5755 ms.
1228 5701 1380 5755 Colb.
1409 5701 1497 5755 Sic
1525 5704 1667 5756 enim
1695 5702 1974 5768 legebatur
2005 5701 2054 5753 in

488 5774 678 5833 editis:
716 5772 779 5827 In
801 5791 860 5826 ea
887 5781 1074 5825 natura
1104 5772 1265 5824 Patre
1303 5771 1470 5823 mittar
1512 5781 1584 5824 est
1615 5767 1769 5824 izlent
1793 5767 1960 5824 Filius
2003 5772 2058 5822 in

489 5861 586 5913 qua
609 5845 671 5894 ab
693 5844 838 5895 initio
866 5851 1101 5913 creatura
1122 5843 1379 5913 adoratur
1399 5850 1443 5892 et
1474 5843 1716 5893 laudatur
1743 5841 1804 5893 ult
1831 5841 2059 5911 angelis:

493 5910 696 5967 reliu-ta
726 5927 854 5965 vero
885 5910 1062 5963 omnia
1087 5911 1327 5962 aberant.
1907 5910 1912 5911 '
1989 5929 1993 5932 -

2096 4633 2602 4713 Ddenmnstraret,
2666 4629 2923 4682 continuo
2962 4626 3232 4694 snbjuuxit
3277 4644 3289 4676 :

2184 2468 2350 2521 sunt,
2393 2471 2441 2512 et
2471 2460 2668 2530 Spiritu
2701 2461 2805 2513 oris
2834 2460 2943 2530 ejus
2972 2461 3138 2512 omnis
3183 2461 3340 2512 t'irtus
3371 2474 3546 2512 eorum
3581 2456 3756 2527 (PsaL

2187 2566 2362 2614 usu,
2393 2550 2469 2620 6).
2523 2549 2589 2603 Et
2619 2551 2724 2604 alio
2754 2551 2910 2604 loco:
2963 2549 3179 2604 Emittes
3211 2549 3625 2619 Spiritumstuum
3650 2589 3665 2613 ,
3709 2557 3758 2600 et

2180 2639 2490 2692 creabantur
2513 2639 2682 2709 (Psal.
2703 2639 2939 2706 cnt,30).
2964 2639 3188 2694 Creator
3202 2639 3500 2708 quippeest
3513 2638 3757 2692 omnium

2184 2745 2390 2794 rerum,
2419 2732 2508 2799 qui
2535 2730 2707 2785 factor
2741 2738 2824 2784 est
2859 2731 3153 2784 hominum.
3199 2731 3270 2784 De
3299 2745 3405 2798 quo
3433 2730 3625 2784 beatus
3649 2727 3757 2783 Job

2183 2820 2347 2875 dicit:
2384 2821 2607 2891 Spiritus
2655 2823 2855 2875 divinus
2897 2823 2982 2886 qui
3031 2821 3149 2892 fecit
3175 2839 3255 2874 me
3284 2821 3421 2892 (Job.
3456 2837 3639 2882 χχχιιι,
3673 2821 3753 2889 .5).

2183 2909 2411 2980 Spiritus
2434 2926 2561 2980 ergo
2589 2921 2824 2976 sanctus,
2857 2912 2992 2965 sicut
3027 2911 3202 2966 omnia
3229 2911 3446 2975 creavit,
3474 2912 3550 2965 sic
3572 2911 3755 2965 omnia

2182 3000 2356 3068 replet
2384 3000 2689 3053 immensus.
2726 2999 2795 3052 Et
2821 3000 2945 3068 quia
2978 3000 3268 3053 immensus
3297 2999 3466 3069 replet
3495 2997 3519 3035 ἀ
3539 3040 3553 3065 ,
3597 3007 3754 3057 natu—

2183 3090 2365 3144 raliter
2385 3097 2475 3143 est
2497 3105 2654 3144 verus
2683 3089 2838 3144 Dens.
2870 3089 3138 3158 Scriptum
3167 3097 3248 3143 est
3271 3089 3412 3142 enim
3441 3106 3454 3140 :
3483 3088 3606 3157 quia
3630 3087 3754 3157 Spi-

2184 3179 2313 3230 ritus
2357 3177 2566 3230 Domini
2612 3178 2822 3248 replevit
2865 3179 3037 3232 orbem
3088 3188 3340 3232 terrarum
3382 3177 3534 3248 (Sap.
3569 3194 3624 3243 ι,
3677 3179 3756 3244 7).

2183 3266 2314 3319 Nam
2349 3276 2409 3319 et
2436 3267 2625 3321 beatus
2657 3267 2817 3320 David
2860 3268 3053 3336 ubique
3089 3283 3207 3321 esse
3241 3266 3498 3336 Spiritum
3537 3266 3630 3320 Dei
3677 3277 3759 3320 te-

2179 3367 2370 3422 statur,
2404 3359 2584 3413 dicens
2607 3359 2674 3413 de
2703 3373 2767 3413 eo
2796 3376 2809 3410 :
2843 3360 2954 3423 Quo
2984 3359 3066 3412 ibo
3090 3376 3121 3410 a
3143 3359 3325 3427 spiritu
3355 3366 3459 3420 tuo,
3493 3366 3580 3410 aut
3607 3373 3640 3409 α
3668 3359 3760 3427 fa-

2177 3452 2253 3502 cie
2282 3460 2368 3502 tua
2394 3467 2489 3519 quo
2521 3450 2718 3520 fugiam
2741 3448 2907 3518 (Psal.
2938 3463 3190 3512 cxxxvtu,
3223 3446 3274 3517 7)
3301 3448 3323 3500 ?
3351 3445 3632 3512 Quomodo
3661 3461 3759 3498 au-

2179 3549 2286 3594 tem
2333 3548 2527 3613 negant
2573 3539 2754 3592 Ariani
2801 3539 2966 3593 Deum
3014 3554 3133 3593 esse
3171 3537 3435 3607 Spiritum
3483 3545 3756 3601 sanctum,

2177 3645 2296 3684 cum
2323 3632 2392 3684 ita
2423 3632 2588 3685 simus
2615 3631 2869 3700 templum
2899 3629 3130 3699 Spiritus
3158 3628 3358 3691 sancti,
3398 3628 3534 3681 sicut
3565 3641 3762 3680 sumus

2179 3721 2434 3789 templum
2486 3719 2658 3774 Patris
2716 3728 2769 3774 et
2827 3719 2988 3773 Filii?
3038 3719 3328 3788 Apostolus
3377 3717 3521 3770 enim
3568 3716 3749 3770 dicit:

2179 3810 2404 3865 Nescitis
2431 3814 2549 3882 quia
2568 3812 2803 3879 templum
2822 3810 2918 3863 Dei
2939 3812 3080 3874 estis,
3112 3819 3159 3861 et
3181 3808 3407 3878 Spiritus
3434 3805 3528 3860 Dei
3550 3806 3763 3858 habitas

2176 3905 2231 3956 in
2263 3903 2398 3957 t'obis
2423 3905 2446 3956 Ρ
2477 3903 2538 3957 Si
2565 3905 2677 3971 quis
2706 3913 2873 3954 autent
2897 3901 3140 3970 templum
3174 3899 3266 3952 Dei
3297 3899 3558 3952 violaverit
3578 3936 3597 3960 ,
3641 3897 3765 3950 dis-

2175 3995 2353 4066 perdet
2395 3995 2539 4048 illum
2580 3992 2738 4046 Deus.
2784 3992 3046 4061 Templum
3093 3991 3224 4043 enim
3257 3988 3353 4041 Det
3385 3995 3622 4073 sapctum
3649 3995 3761 4050 est,

2173 4087 2310 4158 quod
2335 4087 2456 4139 estis
2484 4101 2570 4137 vos
2602 4082 2653 4153 (1
2683 4083 2802 4136 Cor.
2834 4098 2908 4146 tu,
2943 4081 3048 4151 l6).
3087 4081 3175 4135 Sic
3198 4089 3376 4133 autem
3394 4094 3497 4134 nos
3518 4078 3767 4148 Aposto-

2175 4177 2256 4229 lus
2285 4175 2476 4228 asserit
2501 4188 2619 4228 esso
2663 4173 2916 4241 templum
2949 4171 3039 4224 Dei
3069 4213 3084 4235 ,
3127 4178 3184 4223 ut
3223 4171 3275 4223 in
3301 4170 3490 4223 eadem
3519 4168 3763 4238 epistola

2174 4266 2429 4336 templum
2462 4280 2559 4318 nos
2582 4264 2725 4318 dicat
2753 4264 2912 4317 etiam
2933 4261 3164 4331 Spiritus
3183 4260 3373 4314 sancti.
3408 4258 3542 4312 Dicit
3563 4259 3714 4312 enim
3747 4275 3760 4309 :

2173 4357 2398 4410 Nescitis
2424 4357 2541 4427 quia
2567 4352 2792 4406 ntembra
2810 4361 2974 4404 vestra
3000 4351 3238 4419 templum
3263 4356 3381 4401 sunt
3418 4349 3502 4416 qui
3529 4349 3582 4399 in
3606 4346 3767 4399 vobis

2174 4448 2370 4503 habitat
2400 4446 2625 4516 Spiritus
2657 4445 2849 4508 sancti,
2895 4459 3043 4513 quem
3081 4443 3276 4494 habetis
3323 4457 3354 4492 (ι
3401 4438 3506 4491 Deo
3539 4435 3591 4509 (I
3621 4435 3760 4490 Cor.

2172 4560 2252 4604 γι,
2288 4539 2423 4609 19)?
2475 4539 2538 4591 Et
2565 4546 2624 4590 ιιι
2655 4537 2824 4606 ipsum
2855 4535 3110 4605 Spiritum
3147 4542 3390 4587 sanctum
3424 4531 3588 4582 Deum
3630 4545 3769 4584 esse

3345 4621 3655 4689 lilori/icate
3705 4629 3766 4672 et

2172 4734 2374 4794 portate
2404 4722 2565 4774 Deum
2597 4722 2648 4772 in
2671 4735 2881 4782 corpore
2907 4726 3068 4770 vestro
3097 4713 3282 4785 (Ibid.,
3311 4711 3419 4783 ‘20).

2246 4814 2328 4867 l8.
2363 4811 2604 4880 Equalis
2623 4817 2704 4864 est
2727 4823 2854 4876 ergo
2871 4806 3014 4860 Patri
3037 4815 3090 4859 et
3111 4805 3243 4859 Filio
3257 4803 3486 4872 Spiritus
3506 4807 3768 4862 sanctus,

2170 4909 2291 4978 quia
2319 4915 2530 4960 creator
2551 4912 2632 4959 est
2653 4903 2887 4956 omnium
2911 4915 3108 4964 rerum,
3139 4898 3276 4955 sicut
3303 4895 3460 4948 Pater
3481 4901 3534 4946 et
3557 4890 3770 4946 Filius.

2172 4997 2416 5065 IEqualis
2462 5002 2544 5048 est
2577 4993 2714 5045 latri
2761 4999 2815 5045 et
2863 4989 2995 5043 Filio
3037 4987 3266 5056 Spiritus
3317 4993 3573 5047 sanctus,
3623 4983 3776 5049 quia

2171 5087 2348 5141 omnia
2390 5084 2897 5154 replct‘itnmensus
2939 5090 2962 5116 θ
2987 5120 3002 5143 ,
3069 5079 3208 5131 sicut
3245 5074 3404 5128 Pater
3451 5081 3502 5126 et
3557 5070 3778 5126 Filius-

2172 5178 2416 5247 )Equalis
2459 5184 2542 5230 est
2588 5173 2728 5228 Patri
2770 5180 2824 5225 et
2868 5170 3000 5224 Filio
3043 5168 3272 5237 Spiritus
3307 5173 3564 5226 sanctus,
3616 5163 3770 5230 quia

2171 5270 2408 5324 omnium
2447 5265 2678 5320 ﬁdelium
2711 5263 2944 5317 membra
2977 5276 3140 5314 unum
3165 5258 3419 5327 templum
3453 5254 3616 5308 habet
3653 5253 3782 5308 sic~

2171 5355 2227 5414 ut
2255 5339 2417 5412 Pater
2452 5366 2506 5410 et
2549 5355 2731 5409 Filius.
2773 5352 2900 5417 Quis
2929 5359 3106 5405 autem
3137 5363 3331 5417 negare
3364 5346 3559 5400 audeat
3585 5359 3783 5397 unam

2166 5467 2287 5505 esse.
2317 5450 2648 5503 divinitatem
2680 5442 2852 5496 Patris
2877 5484 2889 5505 ,
2934 5450 2988 5496 ct
3017 5441 3131 5495 Filii
3157 5481 3174 5510 ,
3213 5449 3267 5494 et
3292 5438 3520 5508 Spiritus
3551 5433 3784 5500 sancti,

2229 5628 2256 5668 δ
2286 5629 2444 5691 ΕιΙίιί,
2473 5628 2754 5681 divinitatis
2783 5625 2956 5694 hujus.

2235 5710 2256 5736 ε
3067 5690 3261 5757 legitur
3300 5695 3482 5740 autem
3525 5686 3584 5738 in
3654 5702 3792 5745 ms.

2157 5769 2317 5822 Coll).

2237 5838 2261 5875 ἀ
2297 5839 2432 5890 [illiti
2453 5879 2466 5899 ,
2501 5847 2549 5889 et
2569 5837 2688 5906 quia
2715 5835 2887 5888 omnia
2906 5833 3117 5906 repleta
3281 5899 3289 5906 Α
3526 5895 3532 5900 λ

2246 5921 2265 5942 ⁸
2295 5909 2373 5962 .lta
2407 5925 2504 5962 ms.
2541 5899 2691 5960 (ἔξω).
2721 5922 2734 5958 :
2775 5917 2828 5958 at
2857 5899 3004 5967 editi,
3033 5902 3152 5970 quia
3182 5899 3658 5967 νεριενωιιιιιιιιιυη.
