4072 6332
295 475 382 534 569

1660 465 1984 521 EPISTULA
2025 467 2151 522 VIII.

3414 477 3460 529 ‘5
3495 479 3523 526 ξ)

297 599 401 641 tum
430 595 658 652 corpora
706 579 940 635 ﬁdelium
967 618 982 643 ,
1033 594 1152 647 qua:
1189 578 1426 633 membra
1471 584 1595 631 sunt
1633 575 1848 639 Christi,
1882 577 2302 646 Apersonarum
2333 595 2595 647 asserere,
2621 580 2874 637 Arianum
2903 583 3213 637 limi-uicum
3243 583 3532 638 δίιιριιιιιιῑ-

297 673 393 744 ipsa
423 673 679 742 templum
701 671 808 726 sint
836 669 1065 740 Spiritus
1092 669 1297 724 sancti?

350 770 479 825 Cu.
512 786 586 824 ιχ.
635 767 908 823 Conclusio
938 768 1001 821 de
1029 767 1301 820 Trinitate.
1338 765 1401 819 In
1432 764 1593 819 tribus
1625 760 1858 834 personis

293 876 385 916 non
413 871 490 914 est
517 860 788 912 diversitas
824 858 1010 912 divina:
1049 866 1267 910 naturw.
1312 855 1603 926 Baptismus
1633 872 1735 909 non
1763 872 1855 909 va-

294 955 352 1006 let
381 953 485 1006 nisi
511 953 562 1004 in
590 952 796 1004 nomine
826 950 1100 1004 Trinitatis
1129 949 1362 1002 collatus.
1397 980 1466 990 —
1505 948 1592 1001 19.
1625 948 1859 1002 Trinitas

293 1054 366 1100 est
399 1045 581 1112 itaque
610 1058 748 1097 unus
785 1043 932 1098 solus
961 1049 1177 1097 creator
1225 1042 1461 1095 omnium
1493 1056 1668 1095 rerum
1696 1039 1876 1104 Dens,

293 1134 522 1190 Trinitas
559 1143 641 1189 est
682 1149 819 1188 unus
841 1133 988 1188 solus
1031 1132 1322 1186 immensus
1352 1130 1667 1185 naturaliter
1693 1129 1854 1184 Deus.

294 1228 362 1282 Ad
393 1227 554 1296 hujus
585 1225 868 1294 imaginem
899 1223 1176 1277 Trinitatis
1218 1223 1380 1277 homo
1411 1220 1580 1276 factus
1610 1220 1858 1298 agnosci-

292 1327 386 1383 tur,
422 1319 478 1372 in
527 1317 680 1385 cuius
715 1315 935 1370 nomine
982 1313 1285 1384 baptizatus
1333 1313 1509 1367 denuo
1552 1319 1857 1365 renovatur.

203 1459 208 1464 .
293 1410 550 1481 Baptizari
578 1418 756 1462 autem
797 1415 982 1475 gentes
1010 1407 1063 1458 in
1089 1406 1293 1459 nomine
1327 1403 1522 1468 Patris,
1557 1413 1606 1456 et
1633 1401 1779 1464 Filii,
1813 1411 1861 1455 et

293 1502 515 1572 Spiritus
541 1499 710 1552 sancti
737 1495 949 1567 (Matth.
979 1511 1172 1561 xxvm,
1210 1494 1298 1563 l9)
1326 1534 1339 1557 ,
1395 1491 1643 1547 Salvator
1680 1501 1864 1546 noster
1889 1561 1894 1566 _

294 1590 523 1656 edocuit,
553 1595 614 1641 ut
641 1588 780 1642 sicut
809 1585 1084 1639 Trinitatis
1113 1599 1277 1654 Opere
1302 1583 1510 1638 initium
1539 1582 1871 1637 conditionis-

293 1681 609 1750 tocepimus,
641 1679 720 1734 sic
744 1678 798 1731 in
826 1676 1039 1731 nomine
1065 1673 1336 1728 Trinitatis
1354 1713 1369 1738 ,
1397 1673 1588 1727 divinae
1617 1672 1864 1741 adoptio-

292 1773 362 1827 nis
389 1770 620 1840 gratiam
650 1781 983 1822 sumeremus
1011 1775 1056 1819 η.
1101 1763 1249 1819 Unus
1273 1771 1355 1818 est
1383 1777 1514 1831 ergo
1540 1777 1698 1817 verus
1726 1760 1865 1817 Deus

294 1858 466 1930 Pater,
490 1869 547 1917 et
569 1861 753 1924 Filius,
796 1867 851 1914 et
876 1857 1106 1928 Spiritus
1130 1866 1364 1917 sanctus,
1401 1855 1492 1924 qui
1523 1853 1867 1925 omnipoten-

1959 670 2160 724 tatioue
2206 670 2457 740 intelligo.
2505 672 2698 728 Verum
2741 683 2824 730 est
2866 675 3008 728 enim
3056 674 3200 743 quod
3241 673 3532 728 Sabellam

1959 775 2119 814 unam
2170 771 2414 816 naturam
2444 761 2635 829 Patris,
2688 773 2742 819 et
2781 764 2916 830 Filii,
2959 772 3014 820 et
3060 763 3303 834 Spiritus
3339 769 3532 828 sancti,

1959 850 2180 904 credunt
2206 869 2219 916 ;
2253 852 2347 906 sed
2389 853 2576 907 falsum
2604 863 2687 908 est
2713 851 2856 925 quod
2885 863 2994 910 tres
3015 871 3272 925 personas
3290 871 3407 911 esse
3429 872 3532 910 non

1959 943 2202 999 credunt.
2243 945 2437 1000 Verum
2467 956 2548 1001 est
2574 948 2735 1002 etiam
2755 947 2897 1017 quod
2928 949 3108 1004 Ariani
3140 957 3247 1004 tres
3276 966 3535 1020 personas

1961 1030 2152 1097 Patris,
2186 1043 2238 1088 et
2266 1034 2402 1102 Filii,
2434 1046 2486 1090 et
2509 1037 2737 1107 Spiritus
2758 1042 2947 1109 sancti,
2980 1040 3202 1108 dicunt;
3232 1041 3325 1096 sed
3346 1040 3538 1095 falsmn

1961 1129 2043 1176 est
2067 1124 2210 1190 quod
2240 1126 2458 1180 istarum
2493 1129 2649 1182 trium
2674 1145 3023 1199 personarum
3049 1141 3155 1186 tres
3176 1141 3392 1188 naturas
3412 1149 3539 1204 per-

1962 1214 2187 1270 suadere
2233 1219 2582 1274 contendunt.
2634 1219 2893 1278 Perverse
2942 1225 3122 1294 itaque
3152 1225 3336 1281 Ariani
3381 1237 3545 1282 natu-

1963 1322 2077 1359 ram
2107 1307 2384 1365 Trinitatis
2413 1311 2683 1379 dividunt,
2728 1323 2784 1370 et
2810 1317 3383 1386 personasSabelliani
3409 1335 3570 1374 con»-

1965 1397 2226 1471 fu‘ndunt;
2278 1417 2399 1454 cum
2429 1401 2500 1456 ita
2530 1402 2600 1456 sit
2628 1419 2732 1458 una
2765 1415 2954 1460 natura
2992 1406 3183 1471 Patris,
3217 1417 3270 1463 et
3297 1407 3438 1476 Filii,
3488 1419 3560 1462 et'

1965 1487 2195 1557 Spiritus
2237 1492 2448 1555 sancti,
2501 1501 2557 1546 ut
2585 1508 2691 1548 non
2716 1496 2788 1550 sit
2817 1513 2922 1550 una
2951 1513 3219 1567 personas;
3271 1499 3396 1569 quia
3437 1499 3540 1551 alia

1965 1589 2047 1636 est
2069 1597 2296 1652 persona
2327 1581 2519 1650 Patris,
2552 1587 2654 1640 alia
2684 1586 2820 1653 Filii,
2852 1589 2956 1644 alia
2984 1589 3213 1658 Spiritus
3242 1589 3436 1645 sancti.

2038 1679 2166 1736 CAP.
2198 1699 2307 1738 xui.
2341 1683 2504 1739 Error
2530 1684 3047 1743 Macedoniaitarum.
3079 1722 3149 1732 ——
3176 1689 3263 1743 22.
3297 1688 3353 1743 Si
3382 1703 3554 1758 quem

1968 1786 2096 1826 vero
2126 1773 2352 1837 videris,
2385 1775 2558 1830 Patris
2583 1777 2801 1852 quidem
2833 1786 2887 1832 et
2917 1778 3034 1833 Filii
3093 1795 3252 1834 unam
3301 1778 3544 1834 conﬁteri

1970 1870 2234 1930 naturam,
2265 1864 2358 1919 sed
2384 1865 2615 1936 Spiritus
2651 1869 2830 1924 sancti
2853 1869 3076 1924 alteram
3108 1871 3400 1940 prmdicare
3420 1870 3544 1924 sub-

295 1955 492 2010 lissima
518 1953 760 2009 bonitate
802 1959 949 2005 creat
983 1948 1230 2004 homines
1255 1986 1269 2010 ,
1303 1955 1355 2001 et
1383 1947 1615 2014 gratuita
1644 1945 1865 2000 misera-
1899 1943 1942 2003 Β
1969 1955 2219 2010 stantiam
2245 1998 2268 2024 τ
2292 1963 2350 2010 ιιι
2369 1959 2626 2026 aequalem
2657 1959 2878 2030 quidem.
2903 1961 3048 2016 diem
3068 1961 3212 2018 patri
3238 1962 3447 2026 Filium,
3494 1970 3548 2018 ει

295 2046 426 2099 lioue
444 2043 704 2114 justilicat
724 2047 1053 2110 peccatores.
1085 2036 1285 2091 Practer
1303 2030 1446 2090 hunc
1465 2051 1626 2089 unum
1647 2033 1676 2072 δ
1699 2033 1866 2088 Deum

295 2149 470 2190 rerum
498 2133 676 2188 nullus
705 2141 786 2185 est
814 2130 972 2192 Deus,
1007 2129 1131 2197 quia
1170 2127 1294 2182 dum
1332 2125 1460 2180 dicit
1487 2143 1500 2179 :
1542 2124 1722 2179 Videte
1749 2125 1870 2195 quia

297 2243 373 2297 rgo
397 2241 515 2278 sum
539 2222 697 2286 Deus,
729 2232 777 2276 et
806 2237 909 2275 non
930 2229 1006 2273 est
1035 2220 1168 2272 alius
1191 2227 1376 2288 praeter
1397 2233 1475 2270 me
1501 2215 1676 2286 (Deut.
1703 2220 1867 2280 nx",

296 2314 398 2387 b9),
444 2315 607 2370 docet
636 2330 734 2368 nos
773 2323 828 2367 et
850 2311 1104 2367 admonet
1133 2325 1294 2378 grave
1325 2323 1443 2364 esse
1471 2317 1752 2377 peccatum
1777 2348 1790 2372 ,
1824 2307 1869 2361 si

199 2464 214 2480 ,
296 2407 406 2477 quis
454 2413 607 2460 extra
637 2419 798 2458 unum
832 2403 996 2456 Deum
1027 2401 1186 2454 alium
1225 2399 1410 2454 credat
1442 2407 1487 2449 ο.
1532 2397 1706 2451 Alium
1753 2397 1868 2450 sine

295 2496 456 2551 dubio
500 2493 671 2549 credit
718 2491 960 2561 quisquis
989 2491 1042 2544 in
1085 2487 1266 2551 Patre,
1319 2496 1371 2541 et
1401 2486 1555 2550 Filio,
1587 2493 1641 2539 et
1668 2483 1871 2553 Spiritu

295 2593 482 2641 sancto
509 2626 524 2651 ,
553 2583 920 2638 diversitatem
964 2579 1258 2635 divinitatis
1285 2576 1593 2641 existimat;
1634 2571 1752 2629 cum
1785 2574 1873 2628 ille

295 2676 454 2739 Deus,
478 2675 571 2743 qui
599 2673 746 2728 solus
769 2673 932 2726 habet
959 2685 1142 2724 veram
1170 2668 1524 2730 divinitatem,
1555 2665 1762 2719 colendi
1794 2664 1872 2717 al-

294 2766 457 2820 terius
487 2763 575 2818 dei
606 2762 910 2816 nullatenus
952 2761 1112 2831 295
1154 2758 1355 2812 tribuat
1397 2755 1743 2816 facultatem;
1778 2768 1876 2807 nec

295 2852 338 2909 in
363 2833 707 2911 sacramen‘to
747 2849 1132 2919 redemptionis
1159 2848 1402 2902 humana:
1437 2844 1505 2898 sit
1534 2843 1872 2911 aliquatenus

293 2943 652 3001 nominandus
677 2983 691 3006 ,
743 2940 984 3011 quisquis
1013 2940 1079 2993 ab
1107 2926 1265 2992 unius
1293 2935 1406 2989 veri
1434 2934 1528 2987 Dei
1567 2935 1755 2986 natura
1788 2932 1874 2986 in-

293 3038 509 3094 venitur
557 3042 866 3088 extraneus.
907 3030 1216 3101 Mysterium
1267 3033 1446 3079 autem
1494 3021 1878 3092 redemptionis

291 3126 542 3180 humana:
572 3123 714 3176 nulla
753 3121 964 3176 ratione
1002 3117 1308 3189 perﬁcitur,
1336 3115 1381 3168 si
1413 3115 1464 3168 in
1494 3112 1762 3182 baptismo
1790 3111 1877 3166 vel

289 3213 428 3282 Filii,
461 3214 549 3268 vel
573 3211 803 3282 Spiritus
831 3209 1023 3271 sancti,
1054 3205 1368 3262 vocabulum
1398 3201 1761 3257 subtrahatur.

355 3314 492 3369 CAP.
527 3328 580 3366 ι.
624 3309 910 3364 Excusatio
937 3305 1219 3378 brevitatis.
1250 3335 1322 3346 --
1369 3285 1434 3354 l9
1465 3299 1560 3355 bis.
1612 3297 1878 3363 Proinde,
1901 3300 1949 3363 ς

291 3403 550 3472 quoniam
571 3397 879 3470 epistolaris
900 3396 1090 3450 modus
1103 3404 1408 3449 sermonem
1426 3398 1620 3444 nostra:
1641 3385 1883 3456 disputa-

291 3494 455 3549 tionis
479 3507 586 3546 non
608 3489 868 3561 permittit
891 3481 1446 3549 extendi,dilectionis
1469 3488 1573 3533 tua:
1587 3475 1879 3548 primordia

291 3598 396 3642 non
421 3592 551 3640 sunt
574 3581 821 3638 lectionis
843 3578 1150 3650 prolixitate
1176 3573 1472 3642 fatiganda,
1498 3572 1593 3626 sed
1615 3568 1881 3624 brevitate

291 3677 480 3747 potius
515 3671 802 3728 excitanda
828 3712 844 3738 ,
893 3678 951 3723 ut
976 3668 1103 3722 dum
1138 3667 1302 3720 breve
1331 3679 1466 3734 Opus
1491 3657 1883 3715 delectabiliter

289 3765 453 3836 legis,
487 3764 556 3819 ad
586 3763 846 3834 prolixam
892 3759 1174 3815 lectionem
1205 3755 1480 3808 ardentius
1511 3749 1893 3806 inﬂammeris-

291 3855 473 3913 Pauca
502 3871 622 3926 qua:
650 3855 893 3909 dicturus
916 3867 1055 3916 sum,
1087 3850 1293 3902 intente
1325 3845 1459 3926 lege,
1491 3840 1781 3912 prudenter
1805 3839 1883 3892 in-

290 3951 479 4020 tellige
503 3991 516 4015 ,
568 3957 624 4004 et
647 3947 1013 4002 indubitanter
1043 3952 1207 3997 tene:
1259 3955 1335 3994 ex
1368 3937 1561 4008 quibus
1604 3932 1786 3988 valeas
1828 3933 1881 3986 in

293 4042 602 4098 assertione
632 4038 754 4092 ﬁdei
786 4021 815 4091 a
845 4036 993 4090 falcis
1020 4049 1146 4089 vera
1168 4032 1494 4091 discernere,
1538 4035 1594 4080 ct
1622 4025 1884 4079 Christia-

289 4147 418 4188 nam
455 4131 636 4197 tidem,
671 4129 836 4199 ipsius
855 4123 1231 4181 illuminatoris
1258 4120 1427 4176 nostri
1451 4118 1726 4188 juvamine
1757 4114 1890 4170 reti-

289 4244 425 4285 nere
457 4226 485 4263 ἀ
496 4269 509 4281 .
853 4276 861 4284 .

355 4329 498 4384 CAP.
537 4342 607 4381 ιι.
641 4324 706 4378 1η
737 4323 778 4377 Τ
782 4324 991 4377 rinitate
1014 4336 1147 4373 uitus
1182 4316 1348 4380 Deus,
1397 4329 1502 4367 una
1532 4319 1739 4364 natura.
1789 4305 1886 4359 Er-

283 4433 376 4477 ror
404 4419 856 4476 Sabellianorum.
882 4412 1068 4465 --€0.
1098 4407 1247 4464 Unus
1267 4407 1410 4461 Deus
1438 4411 1523 4459 est
1551 4408 1739 4458 sancta
1769 4396 1886 4451 Tri-

284 4513 462 4578 nitas,
498 4508 677 4572 Pater,
705 4515 760 4561 et
787 4505 971 4566 Filius,
1003 4509 1056 4557 et
1095 4499 1327 4570 Spiritus
1365 4501 1602 4550 sanctus.
1649 4487 1764 4544 Una
1805 4494 1887 4578 est

281 4576 454 4656 enim?
490 4596 684 4665 Patris,
711 4605 766 4650 et
792 4594 941 4661 Filii,
960 4599 1015 4647 et
1040 4589 1272 4660 Spiritus
1299 4585 1490 4650 sancti,
1526 4590 1738 4644 natura,
1785 4576 1881 4632 sed

1971 2045 2144 2100 solum
2175 2047 2434 2102 minorem
2463 2059 2666 2105 asserat
2695 2051 2950 2122 Spiritum
2982 2063 3257 2122 sanctum,
3305 2053 3411 2109 iste
3440 2070 3546 2108 non

1974 2144 2123 2192 tenet
2143 2139 2421 2195 catholicae
2449 2138 2569 2196 fidei
2598 2143 2878 2198 veritatem
2899 2185 2915 2209 ,
2945 2145 3040 2200 sed
3067 2162 3096 2199 a
3127 2145 3549 2204 Macedonicum

1974 2236 2084 2282 tum
2114 2228 2348 2299 perﬁdia:
2390 2241 2628 2288 sectatur
2655 2250 2893 2290 errorem
2918 2246 2986 2289 θ..
3010 2235 3242 2292 Proinde
3280 2238 3404 2307 quia
3442 2254 3558 2293 non-

1973 2331 2056 2377 est
2083 2324 2376 2381 catholicus
2398 2325 2756 2394 Christianus,
2785 2329 2879 2384 sed
2909 2330 3322 2388 Macedonianus
3343 2333 3550 2388 haereti-

1974 2428 2068 2468 cus
2096 2422 2197 2482 est,
2227 2415 2294 2470 ab
2323 2405 2569 2473 omnibus
2595 2427 2678 2474 est
2700 2419 2943 2476 ﬁdelibus
2966 2422 3316 2493 respuendas.

2043 2518 2172 2574 Car.
2204 2535 2313 2574 xlv.
2344 2519 2425 2574 De
2450 2522 2658 2576 veritate
2685 2523 2926 2579 humana:
2948 2533 3150 2581 naturae
3173 2529 3226 2580 in
3251 2528 3470 2582 Christo.
3487 2558 3550 2573 -ς

1973 2609 2062 2662 ‘23.
2093 2609 2245 2666 Nunc
2272 2627 2440 2680 pauca
2465 2613 2532 2668 de
2560 2615 2817 2684 mysterio
2844 2616 3133 2672 Dominicze
3163 2617 3552 2673 lncarnationis

1976 2699 2215 2754 adverte.
2257 2699 2501 2757 Christus
2529 2704 2672 2757 enim
2701 2705 2798 2760 Dei
2827 2705 2990 2762 Filius
3008 2747 3022 2771 ,
3066 2709 3157 2777 qui
3184 2709 3417 2778 scipsum
3452 2709 3550 2763 Ve-

1963 2793 2188 2847 -titatem
2210 2793 2526 2863 proﬁtetur,
2578 2796 2718 2852 sicut
2743 2814 2904 2854 verus
2929 2807 3013 2854 est
3037 2800 3180 2855 Deus
3206 2843 3220 2867 ,
3271 2801 3351 2860 sic
3395 2817 3552 2860 verna

1977 2893 2060 2939 est
2084 2885 2246 2941 homo
2271 2903 2282 2939 :
2325 2886 2377 2942 in
2405 2903 2515 2956 quo
2537 2889 2675 2944 sicut
2698 2899 2782 2946 est
2808 2891 3082 2961 plenitudo
3109 2895 3301 2949 divinae
3329 2903 3554 2960 naturae.

1978 2973 2050 3028 ita
2080 2984 2161 3029 est
2182 2984 2239 3030 et
2266 2977 2540 3045 plenitudo
2567 2979 2812 3035 humana:
2838 2983 3150 3039 substantiae
3179 2984 3217 3037 τ.
3253 2984 3394 3040 Inest
3413 2985 3562 3042 enim

1977 3062 2056 3117 illi
2086 3065 2344 3118 naturalis
2372 3067 2570 3122 veritas
2598 3067 2914 3135 divinitatis,
2943 3073 3202 3127 naturalis
3222 3073 3419 3127 veritas
3443 3075 3560 3126 ani-

1979 3172 2078 3210 mm
2101 3158 2398 3222 rationalis,
2415 3168 2472 3214 et
2498 3161 2757 3216 naturalis
2785 3163 2982 3217 veritas
3006 3165 3185 3219 carnis
3209 3182 3221 3217 :
3254 3180 3316 3219 ac
3337 3181 3434 3236 per
3456 3165 3571 3221 hoe-

1980 3249 2242 3302 naturalis
2273 3249 2528 3306 divinitas
2549 3255 2849 3308 communis
2869 3256 3054 3310 estilli
3078 3273 3199 3311 cum
3234 3235 3390 3312 Patre
3415 3235 3429 3310 ξ
3459 3273 3558 3311 na—

1981 3339 2170 3393 turalis
2191 3355 2318 3394 vero
2346 3341 2648 3398 humanitas
2673 3346 2973 3424 communis
2993 3348 3176 3402 estilli
3198 3363 3320 3403 cum
3345 3349 3566 3420 Virgins.
3593 3387 3596 3390 .

1982 3441 2174 3488 matre.

2053 3531 2180 3587 CAP.
2209 3550 2295 3588 xv.
2353 3535 2585 3590 Heresis
2625 3536 3054 3594 Manichaeorum.
3087 3573 3156 3582 —
3203 3540 3291 3595 Ξῖ.
3343 3539 3398 3595 Si
3442 3542 3560 3610 quis

1983 3633 2110 3689 ergo
2138 3623 2214 3678 sic
2244 3624 2297 3680 in
2325 3625 2540 3680 Christo
2568 3635 2748 3681 veram
2787 3629 3117 3684 divinitatem
3151 3631 3406 3700 praedicat
3432 3670 3447 3695 ,
3501 3641 3586 3687 ut.

1983 3712 2098 3782 ejus
2126 3729 2308 3768 veram
2337 3730 2556 3770 carnem
2589 3732 2785 3786 negare
2813 3719 3123 3783 contendat,
3153 3736 3258 3774 non
3291 3729 3376 3775 est
3397 3719 3560 3775 Chri-

1983 3805 2186 3860 stianus
2223 3807 2558 3874 catholicus,
2594 3809 2688 3863 sed
2719 3811 2880 3882 206
2912 3810 3196 3867 haereticus
3217 3811 3566 3872 Manichmus.

1985 3913 2106 3952 cum
2155 3899 2268 3968 ipse
2315 3897 2558 3954 Christus
2604 3901 2882 3972 discipulis
2928 3902 3298 3959 dubitantibus
3326 3905 3565 3960 dixerit:

1988 3985 2210 4058 Palpate
2254 3997 2303 4043 et
2344 3989 2524 4053 videte,
2574 3993 2698 4062 quia
2726 3994 2940 4063 spiritus
2985 4011 3194 4050 carnem
3232 4005 3280 4049 et
3309 4013 3432 4050 ossa
3461 4015 3597 4052 non.

1986 4078 2156 4145 habet,
2177 4082 2308 4134 sicut
2328 4099 2409 4136 me
2437 4083 2623 4137 videtis
2642 4085 2829 4139 habere
2860 4080 3013 4157 (Lac.
3032 4101 3190 4153 xxiv,
3224 4087 3339 4159 '59).

2057 4193 2185 4248 CAP.
2219 4211 2326 4249 xvt.
2362 4194 2526 4250 Error
2555 4195 3010 4254 P/Iotinianorum.
3057 4199 3290 4255 Christus
3315 4201 3563 4256 mediator
3589 4229 3596 4236 ν

1988 4286 2246 4341 hominum
2274 4281 2484 4358 promer
2511 4297 2713 4344 natura:
2733 4293 2998 4346 utriusaue
3021 4294 3354 4348 consortium.
3381 4327 3450 4336 —
3476 4293 3568 4349 25.
3590 4342 3600 4347 _

1988 4377 2218 4432 Rursum
2258 4379 2304 4434 si
2339 4380 2459 4451 quis
2506 4379 2559 4434 in
2584 4379 2800 4436 Christo
2850 4383 2927 4436 sic
2975 4383 3257 4437 veritatem
3313 4383 3566 4452 praedicat

1987 4469 2177 4523 anima:
2201 4477 2257 4525 et
2284 4471 2460 4526 carnis
2485 4514 2520 4540 ,.
2551 4481 2608 4531 ut
2654 4474 2934 4527 veritatem
2965 4473 3019 4527 in
3062 4490 3130 4529 eo
3162 4475 3294 4529 nolit
3324 4477 3566 4546 accipere
3596 4513 3600 4516 η

1988 4560 2225 4627 deitatis,
2267 4557 2316 4614 id
2349 4571 2451 4626 est,
2495 4564 2584 4632 qui
2615 4563 2692 4618 sic
2721 4564 2853 4619 dicit
2882 4564 3153 4620 Christum
3183 4565 3477 4633 hominem,
3511 4576 3568 4624 ut

285 4642 542 4747 ito-riuum
574 4642 822 4760 persona.
864 4642 1106 4741 Proinder
1124 4691 1182 4737 ut
1211 4687 1420 4735 retenta
1446 4642 1672 4732 veritate
1710 4642 1880 4742 possis
1909 4683 1961 4743 D
1989 4651 2154 4760 Remi)
2186 4662 2380 4760 μιεὲθῆ
2433 4671 2544 4759 ηοιξ
2587 4664 2670 4710 εει
2691 4655 3047 4760 Λοὶιΐίδῑίειηυε
3109 4657 3431 4724 catholicus,
3469 4642 3569 4714 sed

277 4783 563 4846 refellere,
593 4775 679 4834 vel
707 4787 856 4836 certe
884 4789 1139 4847 respuerc
1168 4773 1452 4826 falsitatem
1470 4810 1503 4833 ,.
1524 4766 1568 4820 si
1611 4780 1770 4834 quem
1803 4762 1881 4816 vi-

278 4873 435 4928 deris
467 4873 541 4926 ita
573 4869 765 4932 Patris,
795 4876 849 4923 et
874 4866 1010 4931 Filii,
1043 4873 1098 4920 et
1124 4857 1546 4933 Spiritussancli
1566 4870 1725 4909 unam
1752 4869 1900 4907 con-

275 4963 429 5018 titeri
483 4968 730 5014 naturam
755 4999 770 5024 ,
821 4965 880 5012 ut
921 4957 1054 5011 velit
1101 4968 1261 5008 unam
1303 4962 1543 5005 asserere
1569 4959 1883 5016 personam,

278 5054 399 5108 noli
433 5051 800 5106 Christianum
831 5047 1157 5103 catholicum
1195 5051 1405 5113 putare,
1445 5039 1538 5095 sed
1569 5037 1882 5094 lno-reticulo

270 5144 661 5200 Sabellianum
691 5155 940 5209 agnosce.

351 5247 496 5301 CAP.
530 5262 621 5299 Ill.
655 5242 820 5297 Error
849 5242 1184 5294 Arianorum.
1215 5235 1502 5290 Sabellinni
1532 5229 1792 5285 etAriaui
1827 5227 1881 5280 in

265 5354 376 5408 quo
408 5335 714 5406 recipiendi,
745 5335 797 5386 in
827 5348 929 5404 quo
951 5327 1240 5394 respuendi.
1272 5357 1344 5367 —
1363 5323 1452 5378 2|.
1486 5321 1540 5408 Si
1569 5335 1727 5390 quem
1753 5333 1882 5373 vero

267 5407 525 5481 audieris
557 5427 628 5479 ita
655 5433 765 5479 tres
787 5435 1067 5494 personas,
1101 5417 1299 5483 Patris,
1328 5424 1385 5470 et
1408 5407 1552 5479 Filii,
1573 5421 1629 5466 et
1651 5409 1882 5480 Spiritus

261 5517 460 5571 sancti
485 5558 499 5582 ,
553 5515 739 5570 dicere
761 5556 776 5581 ,
828 5522 886 5568 ut
914 5509 1046 5566 velit
1077 5517 1186 5565 tres
1214 5514 1434 5561 naturas
1463 5505 1690 5559 istarum
1721 5500 1880 5554 trium

350 5704 382 5732 ⁸·
421 5692 498 5747 Ita
528 5707 629 5746 ms.
661 5691 846 5755 Colb.;
883 5698 940 5744 at
963 5688 1110 5750 editi,
1143 5686 1312 5757 gratia
1343 5683 1445 5756 frui
1475 5695 1804 5736 mereremur.

342 5765 375 5803 δ
411 5763 543 5828 Ms.,
584 5762 780 5816 lrwler
809 5763 942 5815 hunc
968 5759 1133 5812 Deum
1165 5773 1355 5812 rerum.

349 5845 376 5872 ε
415 5831 541 5895 Ms,
577 5829 640 5884 In
664 5831 882 5885 alterum
910 5828 1106 5883 credat.

342 5905 375 5943 ⁴
413 5901 520 5960 Ms.
578 5900 640 5956 In
671 5902 877 5956 nomine
908 5909 1036 5953 tene.

1987 4746 2338 4802 Photinianus
2360 4748 2665 4802 haereticus.
2688 4748 2933 4813 Christus
2953 4750 3096 4804 enim
3119 4747 3569 4818 quemadmodum

1984 4835 2273 4917 secundum
2303 4852 2485 4891 veram
2512 4836 2844 4900 divinitatem
2877 4837 3015 4893 Deus
3045 4846 3259 4893 creator
3289 4847 3370 4892 est
3400 4837 3570 4892 homi-

1989 4943 2144 4992 num,
2176 4928 2247 4981 ita
2275 4927 2572 4983 secundum
2603 4943 2786 4983 veram
2817 4945 3035 4984 carnem
3067 4929 3336 4984 mediator
3365 4937 3447 4982 est
3477 4928 3571 4985 Dei

1991 5031 2046 5076 et
2070 5023 2372 5077 hominum.
2410 5023 2678 5078 Mediator
2703 5025 2853 5078 enim
2878 5023 3182 5078 nullatenus
3212 5032 3386 5088 esset,
3411 5025 3454 5078 si
3489 5024 3572 5077 vel

1991 5130 2114 5169 cum
2145 5111 2306 5169 Patre
2332 5114 2626 5186 divinitatis
2654 5123 2899 5168 naturam
2924 5155 2938 5178 ,
2985 5104 3076 5168 vel
3118 5130 3238 5169 cum
3270 5114 3572 5168 hominibus

1991 5224 2328 5264 communem
2357 5209 2536 5264 carnis
2565 5217 2619 5262 ct
2647 5208 2839 5261 anima:
2869 5206 3225 5262 substantiam
3268 5222 3386 5263 non
3401 5206 3571 5262 babe-

1992 5309 2092 5356 ret.
2133 5301 2191 5355 In
2221 5317 2287 5356 eo
2315 5309 2495 5356 autem
2528 5317 2684 5356 verus
2713 5300 2978 5354 mediator
3002 5306 3087 5355 est
3113 5299 3388 5354 hominum
3414 5299 3571 5353 homo

1979 5395 2238 5451 Christus
2264 5394 2446 5461 Jesus,
2484 5395 2535 5448 in
2561 5409 2669 5462 quo
2693 5401 2748 5446 et
2776 5391 2848 5447 dc
2874 5391 3036 5446 Patre
3064 5390 3290 5446 formam
3318 5388 3411 5445 Dei
3457 5390 3569 5462 (pri

1989 5507 2275 5562 quamnos
2294 5490 2548 5550 salvarct)
2583 5487 2898 5544 naturaliter
2926 5486 3134 5551 habuit,
3169 5493 3225 5542 et
3253 5501 3322 5540 ex
3351 5487 3568 5555 Vrgine

2060 5683 2081 5710 ε
2110 5673 2202 5727 Sic
2221 5687 2352 5735 ms.;
2378 5679 2432 5725 at
2454 5671 2602 5736 editi,
2620 5671 2716 5725 sed
2732 5670 3124 5725 Macedoniam:
3142 5669 3380 5741 perﬁdia.-
3403 5679 3561 5721 secta.

1988 5758 2068 5798 ιιιΓ
2091 5759 2336 5797 errorem.
3231 5775 3238 5780 -

2061 5814 2077 5851 ί
2115 5813 2240 5895 ills“
2272 5811 2334 5895 In
2361 5831 2458 5895 quo
2481 5813 2610 5895 sit-nt
2657 5809 2922 5895 plenitudo
2969 5810 3208 5868 humana:
3242 5809 3562 5866 substante}:

1987 5887 2058 5941 sic
2081 5884 2345 5951 plenitudo
2368 5883 2416 5938 in
2441 5901 2498 5939 eo
2527 5893 2602 5939 est
2636 5883 2837 5937 divinet.
