4014 6340
533 453 630 512 371

1479 460 1532 513 s.
1575 457 1996 518 suosunus
2033 451 2400 526 EPISCOPUS
2439 467 2820 530 RUSPENSIS.

3670 494 3776 550 5η

533 573 760 624 tormam
783 571 920 624 servi
949 572 1129 666 _(quam
1161 567 1393 666 iiLiiohis
1421 569 1672 666 sals-ureti
1703 571 1923 666 accepit.
1956 571 2101 627 Nun-
2129 581 2174 636 Α
2204 593 2360 646 posse
2388 591 2652 639 naturam.
2673 585 2788 655 ipse
2815 588 3012 658 quippe
3038 605 3174 645 unus
3194 599 3274 645 est
3294 591 3552 662 Christus,
3573 605 3640 651 de
3659 613 3767 666 quo

533 674 694 728 quam
739 667 918 713 autem
949 658 1110 710 homo
1139 672 1166 709 a
1199 656 1308 711 Deo
1337 657 1562 724 gratiam
1597 658 1781 712 salutis
1810 661 2094 730 acciperet,

532 752 576 805 si
608 753 658 805 in
688 766 791 805 una
821 764 1042 820 persona
1073 746 1268 802 Christi
1298 747 1486 801 divimc
1514 747 1867 820 humanmque
1897 761 2097 807 natura:

531 840 834 893 communio
863 852 967 891 non
997 845 1238 890 maneret
1267 846 1311 890 ι.

601 930 728 982 CAP.
759 942 882 981 xm.
916 925 1046 979 Dure
1095 935 1297 980 naturte
1335 927 1387 980 in
1434 944 1540 980 una
1571 925 1764 982 Christi
1799 928 2094 983 mediatoris

529 1033 767 1088 persona.
819 1015 948 1069 Dure
989 1016 1041 1068 in
1085 1015 1286 1069 Christo
1329 1024 1529 1070 natura
1576 1034 1668 1070 nec
1711 1016 2096 1089 confunduntur

531 1125 625 1162 nec
655 1108 781 1160 duas
810 1123 1060 1178 personas
1089 1116 1423 1162 cmtsttluunt.
1457 1108 1754 1179 Eutychetis
1784 1120 1832 1163 et
1864 1108 2095 1165 Nestorii

525 1197 778 1250 contrarii
801 1211 1018 1251 errores.
1047 1229 1117 1238 —
1159 1197 1245 1250 26.
1281 1197 1490 1252 Veritas
1537 1214 1663 1267 ergo
1713 1199 1908 1254 Christi
1956 1201 2095 1255 sicut

492 1292 494 1294 ’
527 1290 687 1344 habet
715 1289 994 1343 veritatem
1045 1289 1339 1360 naturalem
1369 1289 1660 1343 divinitatis
1703 1307 1769 1345 ex
1806 1290 1982 1354 Patre,
2016 1292 2092 1345 sic

527 1380 685 1433 habet
714 1379 1010 1432 naturalem
1057 1379 1339 1433 veritatem
1385 1380 1730 1435 humanitatis
1759 1397 1825 1435 ex
1851 1381 2087 1449 Virgine.

526 1472 664 1536 Deus
692 1475 834 1526 enim
864 1473 1164 1540 unigenitus
1191 1472 1434 1540 dignatus
1463 1481 1544 1526 est
1593 1474 1645 1526 in
1677 1482 1827 1527 utero
1859 1473 2089 1540 Virginis

523 1563 636 1617 ﬁeri
661 1563 903 1616 humana:
946 1563 1118 1616 carnis
1156 1563 1447 1630 animmque
1498 1572 1795 1632 susceptor,
1852 1572 1909 1616 ut
1948 1572 2091 1618 esset

522 1653 769 1706 humana:
799 1653 974 1706 carnis
1016 1652 1312 1720 anima-que
1359 1653 1627 1706 salvator.
1655 1651 1771 1720 ipse
1822 1651 1980 1717 unus,
2034 1652 2085 1705 in

519 1759 627 1811 quo
667 1752 748 1798 est
793 1745 1022 1812 gemina,
1075 1745 1462 1814 inseparabilis,
1521 1746 2012 1814 inconl’usibilisque
2058 1745 2085 1783 δ

518 1843 729 1904 natura,
777 1844 832 1890 et
884 1837 1156 1905 utriusque
1203 1846 1310 1890 nat:
1333 1853 1405 1890 ne
1446 1853 1546 1890 una
1574 1852 1840 1906 persona:
1898 1838 1952 1890 in
1979 1852 2084 1905 quo

2202 672 2328 726 illud
2349 675 2491 741 quod
2511 675 2618 743 jam
2641 679 2885 746 superius
2907 680 3137 748 positum
3164 682 3417 748 esl,dicit
3439 685 3766 754 Apostolus:

2200 760 2424 825 Quorum
2452 775 2650 837 patres,
2677 779 2726 821 et
2763 785 2826 822 ex
2853 770 3033 841 quibus
3069 770 3306 825 Christus
3345 776 3622 829 secundum
3649 793 3768 830 sar-

2198 871 2340 922 nem,
2368 859 2452 926 qui
2479 869 2554 911 est
2582 875 2736 926 super
2779 861 2952 913 omnia
2986 859 3123 914 Deus
3153 860 3442 917 benedictus
3481 866 3535 917 in
3573 867 3768 921 swcula

2200 946 2380 1016 (Rom.
2415 966 2487 1012 is,
2511 949 2588 1017 5).
2624 947 2722 1004 Ubi
2753 959 2808 1006 et
2835 967 2993 1006 unam
3038 950 3236 1007 Christi
3265 970 3569 1023 personam,
3591 965 3647 1009 et
3673 971 3766 1024 ge-

2197 1037 2392 1090 minam
2418 1047 2679 1101 naturam,
2707 1041 2897 1108 plenus
2927 1041 3126 1112 Spiritu
3152 1052 3337 1097 sancto
3355 1043 3765 1100 demonstravit.

2180 1113 2386 1182 ’Dicens
2410 1131 2608 1197 quippe
2642 1147 2654 1181 :
2687 1124 2771 1183 Ea:
2787 1131 2964 1202 quibus
2985 1132 3219 1186 Christus
3236 1135 3509 1188 secundum
3532 1151 3766 1203 carnem,

2194 1217 2278 1287 qui
2308 1227 2382 1270 est
2406 1235 2558 1288 super
2587 1220 2762 1272 omnia
2789 1221 3163 1274 benedictusvin
3192 1223 3400 1287 swcula,
3430 1223 3570 1277 sicut
3587 1223 3683 1276 Dei
3708 1237 3767 1281 et

2193 1308 2370 1362 carnis
2392 1309 2608 1362 nomine
2635 1310 2910 1364 veritatem
2935 1318 3136 1365 natura:
3165 1313 3440 1386 utriusque
3465 1311 3766 1367 indubitan-

2195 1409 2274 1453 ter
2301 1401 2559 1467 ostendit,
2587 1401 2665 1455 sic
2691 1402 2746 1454 in
2769 1419 2874 1456 uno
2896 1403 3090 1458 Christi
3128 1404 3342 1457 nomine
3383 1420 3540 1457 unam
3571 1420 3766 1473 perso-

2191 1508 2313 1544 nam
2337 1492 2629 1548 divinitatis
2661 1501 2821 1561 atque
2869 1495 3212 1549 humanitatis
3254 1495 3484 1549 edocuit.
3516 1495 3766 1548 Christus

2190 1584 2351 1645 enim,
2375 1585 2464 1651 qui
2496 1593 2578 1638 est
2608 1601 2671 1638 ea:
2697 1585 2926 1654 patribus
2954 1587 3227 1640 secundum
3257 1603 3483 1650 carnem,
3526 1587 3640 1655 ipse
3684 1595 3766 1640 est

2188 1690 2340 1740 super
2365 1675 2540 1726 omnia
2569 1674 2707 1727 Deus
2735 1675 3026 1728 benedictus
3055 1676 3107 1729 in
3138 1677 3346 1729 swcula.
3378 1676 3491 1729 Non
3531 1676 3773 1729 coul’un-r

2188 1764 2331 1818 ditur
2360 1771 2550 1818 natura
2576 1781 2736 1833 quam
2760 1765 2852 1819 Dei
2881 1765 3043 1819 Filius
3070 1766 3232 1820 habet
3250 1781 3316 1820 ex
3349 1765 3522 1829 Patre,
3549 1781 3670 1819 cum
3693 1781 3762 1818 ea

2190 1863 2379 1908 natura
2409 1869 2570 1928 quam
2599 1853 2742 1907 idem
2771 1855 2912 1908 Deus
2941 1856 3165 1924 sumpsit
3195 1870 3258 1908 ex
3281 1854 3501 1922 virgine.
3527 1853 3632 1908 Sed
3657 1870 3762 1908 nec

488 1933 491 1935 '
517 1927 602 1980 alii
633 1926 738 1980 duo
765 1943 948 1981 rursus
971 1927 1225 1988 haeretici,
1252 1926 1466 1982 sibimet
1481 1927 1744 1981 contraria
1771 1927 2080 1991 sentientes,
2119 1941 2158 1997 Β
2187 1946 2372 2000 habui,
2397 1926 2638 2000 Christus
2677 1946 2808 2000 duas
2836 1946 3118 2014 aliqua,“
3148 1944 3432 2015 personas,
3459 1945 3582 2014 quia
3615 1944 3760 1999 idem

515 2017 754 2071 diversos
781 2031 996 2070 errores
1024 2017 1262 2070 intulisse
1292 2015 1721 2086 (al.,institnisse)
1751 2029 2083 2082 cognoscun-

515 2112 620 2170 tur,
649 2104 922 2158 Nestorius
947 2104 1151 2159 scilicet
1179 2113 1232 2158 et
1256 2103 1538 2176 Eutyches.
1566 2105 1838 2159 Nestorius
1859 2105 2077 2173 quippe,

513 2193 632 2262 quia
662 2193 793 2246 duas
823 2194 874 2246 in
903 2192 1116 2247 Christo
1147 2196 1397 2262 cognovit
1425 2210 1542 2249 esse
1570 2204 1816 2261 naturas,
1858 2203 2080 2249 conatus

513 2292 592 2337 est
619 2283 752 2338 duas
783 2284 834 2338 in
865 2300 932 2338 eo
962 2285 1251 2355 praedicare
1282 2301 1555 2356 personas,
1589 2297 1643 2340 et
1666 2288 1737 2340 ita
1767 2302 1860 2341 cor
1882 2287 2080 2340 habens

486 2375 755 2428 'l'alsitatis
797 2375 1124 2429 obscuritate
1173 2383 1448 2440 carentum,
1482 2372 1598 2428 lidei
1627 2363 1940 2428 Christiamc
1973 2388 2076 2426 non

511 2467 768 2520 dubitavit
812 2481 922 2520 sua:
964 2465 1196 2536 perﬁdim
1255 2467 1462 2520 sociare
1521 2466 1869 2520 mendacium.
1923 2464 2079 2520 Fides

509 2557 650 2610 enim
679 2572 804 2610 vera
847 2557 990 2611 sicut
1030 2557 1083 2610 in
1113 2556 1324 2610 Christo
1374 2557 1507 2610 duas
1554 2564 1770 2608 naturas
1817 2554 2078 2608 veraciter

508 2646 784 2716 praedicat,
825 2646 901 2700 sic
929 2647 1060 2700 duas
1105 2646 1159 2698 in
1187 2662 1253 2700 eo
1281 2661 1541 2714 personas
1581 2645 1798 2697 omnino
1826 2644 2072 2711 denegat.

507 2737 773 2809 Eutyches
801 2754 932 2792 vero
955 2745 1102 2792 recte
1131 2739 1353 2792 credens
1380 2753 1538 2790 unam
1570 2737 1618 2790 in
1650 2737 1861 2790 Christo
1892 2752 2076 2806 perso~

506 2844 647 2894 nam,
680 2844 930 2899 perverse
959 2829 1101 2883 visus
1131 2837 1214 2882 est
1243 2844 1402 2882 unam
1431 2829 1483 2881 in
1513 2843 1578 2882 eo
1605 2828 1896 2897 pnndicarc
1922 2835 2076 2881 uatu-

477 2973 484 2984 ,
505 2934 636 2984 ram,
659 2935 780 2974 cum
805 2934 927 2974 vera
952 2918 1080 2973 lides
1102 2918 1258 2972 simul
1285 2919 1337 2972 in
1360 2919 1570 2973 Christo
1596 2919 1674 2973 sic
1693 2919 2075 2988 proprietatem

478 3018 708 3074 natura:
739 3008 1365 3076 utriusque,cognoscat,
1404 3016 1462 3062 ut
1489 3023 1649 3063 unam
1680 3023 1960 3077 personam
1991 3006 2073 3060 dio

504 3098 740 3154 vinitatis
769 3107 930 3168 atque
961 3098 1307 3152 humanitatis
1337 3098 1623 3165 intelligat.

572 3189 700 3242 CAP.
731 3203 876 3241 xvm.
927 3187 1206 3242 Sabellius.
1236 3187 1412 3241 Arius.
1453 3185 1652 3240 Manes.
1706 3183 1972 3237 Photinus.
2005 3213 2074 3225 --

2186 2034 2325 2089 Deus
2355 2035 2680 2102 unigenitus,
2705 2043 2759 2088 et
2805 2034 3097 2089 secundum
3127 2033 3458 2087 divinitatem
3486 2041 3643 2086 natus
3671 2039 3758 2086 est

2183 2122 2250 2176 de
2273 2122 2450 2183 Patre.
2477 2130 2530 2177 et
2560 2123 2851 2178 secundum
2875 2137 3089 2176 carnem
3117 2121 3382 2191 processit
3408 2136 3476 2174 ex
3507 2117 3749 2187 Virgine.

2183 2211 2250 2266 Et
2272 2213 2362 2280 qui
2393 2212 2623 2267 Verbum
2654 2212 2793 2266 Deus
2821 2220 2973 2266 natus
3001 2219 3083 2265 est
3107 2212 3173 2266 de
3195 2211 3322 2274 Deo,
3349 2210 3486 2264 idem
3517 2207 3758 2262 Verbum

2166 2291 2309 2358 'caro
2333 2303 2530 2357 factum
2555 2313 2798 2374 tanquam
2825 2320 3040 2372 sponsus
3062 2303 3305 2373 processit
3329 2302 3390 2354 de
3413 2301 3640 2353 thalamo
3660 2316 3758 2353 suo

2185 2392 2355 2462 (Psal.
2380 2411 2528 2460 xvtu,
2549 2393 2623 2463 6).
2647 2393 2763 2463 ipse
2785 2410 2940 2458 unus,
2965 2393 3073 2462 qui,
3099 2401 3310 2447 servata
3335 2391 3608 2458 utriusque
3633 2405 3758 2458 pro-

2182 2485 2409 2553 prietate
2434 2494 2657 2546 naturae,
2686 2493 2739 2538 et
2760 2486 3035 2553 cruciﬁxus
3056 2493 3130 2538 est
3152 2501 3214 2537 ea:
3244 2484 3570 2552 infirmitate,
3594 2489 3650 2534 ct
3680 2481 3756 2533 ri-

2180 2576 2248 2628 t'it
2277 2591 2340 2627 ea:
2367 2576 2548 2628 virtute
2574 2574 2694 2628 Dei.

2252 2660 2380 2715 Car.
2409 2679 2496 2714 xx.
2529 2662 2798 2716 Conclusio
2821 2662 2939 2715 libri
2965 2663 3240 2716 exhortans
3270 2663 3338 2714 ad
3359 2662 3549 2731 scripta
3581 2661 3762 2714 Sane-

2181 2763 2346 2806 torum
2371 2753 2700 2823 perlegenda.
2724 2786 2796 2794 —
2814 2751 2901 2805 ‘29.
2937 2751 3058 2806 Harc
3086 2753 3200 2815 tibi,
3232 2752 3501 2806 cariSsime
3532 2749 3623 2813 ﬁli,
3653 2765 3756 2819 pro

2183 2851 2271 2896 tuo
2301 2831 2486 2895 sancto
2515 2842 2780 2896 desiderio
2809 2851 2864 2896 et
2903 2841 3188 2896 dilectione
3223 2841 3508 2906 transmisi,
3533 2856 3599 2894 ex
3629 2841 3754 2909 qui—

2179 2932 2276 2986 bus
2309 2933 2401 2987 tibi
2430 2932 2642 3002 quidem
2663 2936 2963 3002 prtcbeatur
2993 2933 3354 2987 instructionis
3370 2940 3574 3000 gustus,
3606 2943 3662 2985 et
3685 2947 3755 2988 ex

2181 3026 2284 3080 hoc
2310 3034 2466 3093 gustu
2497 3034 2706 3094 crescat
2744 3025 2796 3078 in
2823 3034 2873 3078 te
2899 3024 3202 3093 prolixior-is
3235 3023 3474 3078 lectionis
3501 3021 3751 3086 allectus,

2180 3125 2235 3169 ut
2258 3124 2406 3169 tanto
2430 3116 2596 3183 magis
2620 3117 2790 3184 possis
2819 3115 2929 3169 Deo
2950 3115 3232 3182 adiuvante
3253 3112 3757 3183 prolicere,quanlo

2179 3206 2471 3259 studiosius
2489 3205 2716 3274 cmperis
2727 3213 3032 3258 sanctorum
3052 3203 3267 3256 Patrum
3293 3202 3430 3258 dicta
3446 3202 3752 3269 requirere,

502 3271 767 3336 27.'l}uus
814 3280 1012 3350 quippe
1041 3278 1282 3333 Christus
1315 3285 1421 3342 est,
1452 3277 1541 3358 qui
1574 3275 1636 3329 ln
1668 3276 1918 3345 principio
1963 3284 2074 3328 erat

2184 3295 2392 3348 iuventa
2421 3271 2748 3363 frequentius
2777 3303 2936 3362 atque
2965 3293 3231 3346 attentius
3254 3306 3558 3345 recensere.
3593 3287 3753 3342 Unde

509 3371 751 3437 Verbum,
783 3381 832 3426 et
887 3370 1103 3424 Verbum
1148 3378 1260 3422 erat
1303 3351 1678 3438 apudDeum,
1708 3374 1758 3419 et
1798 3364 1938 3417 Deus
1965 3373 2077 3418 erat

507 3460 751 3515 Verbum.
783 3460 886 3526 Qui
914 3461 1076 3514 etiam
1117 3458 1337 3512 Verbum
1367 3474 1486 3511 caro
1516 3459 1708 3527 factum
1737 3465 1830 3519 est,
1863 3465 1910 3507 et
1931 3453 2076 3508 habi-

500 3555 624 3608 tavit
650 3554 706 3607 in
747 3551 917 3607 nobis.
952 3550 1087 3606 Hinc
1115 3550 1451 3605 Sabellianus
1491 3549 1744 3612 vincitur,
1775 3547 1897 3615 quia
1929 3547 1980 3599 in
2009 3545 2074 3599 eo

500 3642 641 3712 quod
679 3639 896 3695 Verbum
919 3649 1030 3694 erat
1045 3639 1198 3710 apud
1219 3639 1408 3704 Deum,
1434 3637 1732 3694 ostenditur
1752 3637 1855 3690 alia
1878 3636 2070 3703 Patris,

499 3733 603 3787 alia
633 3731 751 3786 Filii
790 3747 909 3786 esse
947 3746 1202 3802 persona.
1243 3730 1378 3785 llinc
1407 3730 1566 3784 etiam
1597 3730 1826 3782 Arianus
1853 3742 2074 3796 supera-

499 3833 604 3888 tur,
651 3823 776 3893 quia
821 3823 875 3875 in
903 3837 969 3876 eo
997 3820 1140 3889 quod
1173 3819 1308 3873 Deus
1341 3827 1448 3873 erat
1487 3818 1728 3882 Verbum,
1776 3817 2073 3871 ostenditur

498 3928 602 3968 una
622 3928 740 3968 esse
757 3910 928 3964 Patris
943 3909 1166 3977 Filiique
1186 3917 1394 3962 natura.
1421 3907 1497 3960 Ad
1518 3906 1897 3961 ostendendam
1918 3905 2072 3975 quip-

499 4019 565 4072 pe
611 4001 996 4072 proprietatem
1047 4014 1292 4069 persona:
1337 3999 1478 4053 valet
1524 3999 1666 4068 quod
1713 3998 1860 4052 solus
1907 3997 2072 4050 Filius

441 4079 444 4081 Δ
499 4093 731 4146 Verbum
760 4089 992 4155 dicitur;
1025 4089 1091 4143 ad
1119 4088 1502 4144 ostendendam
1531 4102 1658 4141 vero
1689 4086 1843 4142 unius
1868 4093 2070 4139 natum

499 4181 927 4235 communionem
957 4181 1220 4249 pertinet,
1250 4178 1392 4248 quod
1418 4179 1556 4233 sicut
1593 4178 1731 4232 Deus
1759 4177 1918 4231 Pater
1939 4177 2071 4231 dici-

498 4281 604 4335 tur,
652 4271 730 4324 sic
757 4269 917 4324 etiam
948 4269 1112 4324 Filius
1155 4269 1296 4324 Deus
1345 4275 1698 4338 nuncupatur.
1744 4266 1877 4322 Hinc
1905 4267 2066 4322 etiam

498 4373 552 4419 et
576 4362 899 4418 Manichmus
924 4362 1083 4417 simul
1111 4361 1485 4428 confunditur,
1515 4370 1569 4416 et
1595 4359 1855 4415 Photinus
1873 4399 1889 4424 ,
1922 4360 1975 4412 in
2003 4373 2069 4413 eo

496 4457 641 4527 quod
669 4456 864 4512 dicitur
889 4474 902 4510 :
935 4455 1004 4510 Et
1031 4455 1234 4510 verbum
1261 4472 1382 4509 caro
1411 4458 1604 4526 factum
1633 4463 1729 4508 est.
1759 4453 1816 4508 In
1848 4454 2066 4508 nomine

497 4548 695 4618 quippe
722 4547 880 4602 Verbi
906 4547 1156 4602 divinitas
1202 4561 1327 4600 vera
1356 4546 1697 4614 cognoscitur
1721 4585 1738 4611 ,
1784 4553 1839 4599 et
1886 4545 1940 4598 in
1970 4559 2067 4598 no-

2182 3383 2297 3445 tihi,
2321 3382 2430 3436 Deo
2453 3381 2758 3450 adjuvante,
2785 3381 2952 3449 gratia
2973 3381 3207 3436 scientia:
3229 3379 3481 3448 plenioris
3501 3377 3755 3443 accedat,

2178 3487 2282 3540 qua
2321 3470 2493 3540 possis
2517 3485 2622 3523 non
2655 3471 2826 3523 solum
2872 3485 3049 3523 veram
3081 3470 3310 3523 retinere
3350 3465 3526 3528 ﬁdem,
3556 3481 3751 3519 verum

2176 3563 2336 3616 etiam
2365 3560 2736 3614 haereticorum
2757 3558 3086 3613 mortiferam
3105 3558 3420 3612 convincere
3438 3555 3750 3619 falsitatem,

2175 3651 2398 3708 credens
2450 3657 2502 3705 et
2551 3648 2772 3704 ﬁrmiter
2800 3651 3054 3715 retinens,
3087 3664 3242 3701 unam
3287 3654 3529 3700 naturam
3559 3653 3614 3698 et
3636 3652 3753 3698 tres

2174 3759 2432 3814 personas
2460 3743 2511 3796 in
2543 3741 2810 3795 Trinitate
2851 3741 2978 3801 Deo,
3006 3749 3060 3794 et
3090 3753 3246 3796 unam
3272 3751 3555 3807 personam
3584 3735 3752 3788 duas-

2173 3851 2277 3903 que
2305 3843 2526 3890 naturas
2576 3834 2627 3888 in
2659 3833 2930 3902 unigenito
2978 3833 3072 3886 Dei
3102 3831 3235 3885 Filio
3283 3829 3508 3885 Domino
3555 3834 3756 3882 nostro

2171 3925 2294 3980 Jesu
2316 3926 2545 3981 Christo.

2623 4039 2785 4108 πε
2824 4033 3151 4090 EPlSTOLA
3192 4031 3279 4086 ιχ.

2180 4151 2354 4204 Victor
2380 4149 2685 4220 Fulggntio,
2703 4149 2865 4220 ipsius
2893 4161 3064 4220 preces
3093 4143 3246 4220 enica
3271 4142 3534 4220 ﬂagitans.
3559 4147 3609 4191 et
3638 4153 3750 4191 δεῖν

2275 4211 2786 4274 ηιοηειηῬαειίάὶὀιὶ
2832 4211 3016 4268 Ariani
3045 4211 3381 4283 refellendum
3409 4211 3634 4262 mittens.

2240 4338 2465 4392 Domino
2519 4332 2830 4388 beatissimo
2891 4336 2947 4383 et
3009 4302 3318 4397 apostolicis
3381 4321 3585 4377 meritis
3646 4335 3746 4375 co-

2165 4427 2464 4496 aequando,
2508 4430 2692 4479 sancto
2722 4420 2860 4491 patri
2888 4419 3194 4474 Fucenmro
3232 4415 3484 4486 episcopo
3513 4411 3743 4465 Vuzron.

2240 4540 2290 4592 l.
2323 4537 2644 4592 Desiderattc
2671 4535 2748 4588 rei
2775 4533 3029 4587 divinitus
3063 4530 3375 4584 attributum
3406 4535 3614 4594 tempus
3642 4523 3743 4577 ad-

499 4615 645 4694 mine
670 4639 848 4693 carnis
881 4654 1006 4693 vera
1044 4637 1347 4692 humanitas
1391 4636 1694 4691 invenitur:
1743 4643 1800 4689 ut
1825 4633 2068 4690 Christus
2097 4670 2143 4728 υ
2169 4630 2333 4691 venit,
2367 4642 2480 4697 quo
2521 4633 2703 4679 nostra
2756 4624 2946 4693 petitio
2973 4621 3230 4676 sortiatur
3275 4617 3546 4728 ell'ectu‘t'n.I
3584 4615 3749 4671 Nefas

496 4728 662 4784 Filius
691 4729 803 4794 Dei,
836 4736 891 4783 et
915 4743 1072 4783 verus
1099 4727 1262 4793 Deus,
1293 4735 1350 4782 et
1375 4741 1533 4781 verus
1560 4726 1747 4792 homo,
1790 4725 1840 4778 in
1873 4724 2069 4778 utrius-

495 4836 600 4891 que
633 4821 866 4876 nominis
906 4820 1065 4891 207
1114 4819 1342 4874 naturali
1391 4819 1616 4874 veritate
1667 4825 2064 4886 cognoscatur;

495 4929 558 4968 ac
585 4913 679 4977 sic,
711 4927 810 4967 nec
833 4911 1154 4966 Manichacus
1182 4911 1234 4965 in
1265 4925 1330 4966 eo
1352 4910 1534 4964 falsam
1559 4908 1849 4980 pragdicare
1874 4906 2070 4960 audeat

494 5017 734 5067 carnem,
790 5017 891 5057 nec
922 4999 1184 5056 Photinus
1208 5000 1259 5054 ei
1290 4999 1588 5054 naturalem
1631 4998 1803 5051 valeat
1833 4995 2070 5049 adimere

493 5091 767 5146 deitatem.

564 5180 694 5236 CAP.
723 5197 830 5235 xxx.
867 5179 1141 5236 Nestorius
1166 5191 1216 5235 et
1241 5177 1500 5250 Eutyches
1540 5195 1605 5231 ea:
1627 5175 1876 5245 Apostolo
1915 5174 2070 5244 refel-

496 5274 688 5327 luntur.
724 5269 1023 5344 lnconfusw
1050 5279 1348 5327 manserunt
1370 5271 1485 5324 dum
1506 5271 1557 5323 in
1583 5283 1685 5322 uno
1714 5266 1914 5320 Christo
1944 5265 2064 5317 sub-

493 5364 721 5430 stantia,
751 5380 844 5417 nec
873 5379 1092 5432 persona
1140 5363 1400 5434 geminata
1450 5369 1542 5415 est.
1584 5357 1759 5411 -28.
1791 5356 2068 5410 Nestorius

495 5458 692 5528 quippe
713 5463 768 5512 et
790 5455 1057 5526 Eutychos
1073 5455 1380 5522 apostolicis
1399 5453 1786 5509 convincuntur
1805 5449 2031 5518 eloquiis
2050 5465 2062 5501 :

499 5550 605 5613 ille,
620 5557 678 5603 ut
699 5554 955 5616 agnoscat
976 5561 1133 5600 unam
1157 5545 1354 5598 Christi
1375 5542 1632 5612 geminari
1653 5554 1940 5611 personam
1961 5553 2069 5592 non

499 5652 674 5706 posse,
705 5638 827 5700 iste,
854 5645 911 5689 ut
937 5635 1148 5691 noverit
1176 5633 1373 5688 Christi
1395 5634 1658 5701 geminam
1680 5628 1936 5686 confundi
1963 5644 2068 5683 non

575 5817 598 5844 ⁸
626 5807 748 5871 Ms.,
781 5807 838 5864 Si
871 5809 924 5862 in
954 5825 1058 5861 una
1081 5824 1298 5875 persona
1339 5805 1568 5860 Christus
1591 5805 1776 5858 divina:
1793 5803 2062 5855 humana:-

495 5895 527 5951 q
547 5895 592 5930 te
621 5887 821 5932 natura:
846 5879 1088 5934 continuo
1117 5895 1216 5932 non
1253 5887 1499 5930 utaneret.

2169 4723 2309 4778 enim
2354 4721 2524 4775 fuerat
2549 4729 2608 4772 ut
2634 4719 2678 4772 is
2717 4717 2805 4786 qui
2851 4716 2916 4769 ad
2946 4711 3373 4784 respondendum
3394 4707 3598 4764 callida:
3625 4722 3749 4759 ma«

2169 4811 2462 4868 chinationi
2493 4807 2874 4865 beatitudinem
2904 4814 3050 4860 tuam
3095 4803 3404 4870 frequenter
3431 4800 3543 4868 ipse
3570 4797 3748 4866 petie~

2171 4918 2303 4966 ram,
2335 4901 2602 4956 dill'errem
2633 4897 2934 4960 volentem;
2967 4893 3109 4963 quod
3155 4890 3294 4961 apud
3332 4887 3744 4944 honestissimos

2170 5009 2347 5049 mores
2367 4990 2644 5046 mendacio
2676 4989 2988 5058 plerumque
3011 4985 3298 5054 deputatur
3325 4977 3578 5048 quidquid
3599 4976 3748 5031 diﬁc.

2169 5084 2341 5139 rendo
2368 5080 2716 5151 promittitur.
2746 5077 2850 5132 Sed
2896 5077 2997 5130 hoc
3049 5075 3185 5129 sicut
3239 5071 3515 5132 nobiscum
3560 5073 3745 5120 vestra

2173 5171 2447 5228 beatitudo
2476 5169 2664 5223 melius
2704 5167 3040 5236 recognoscit
3058 5204 3073 5225 ν
3101 5179 3207 5218 non
3236 5162 3514 5216 voluntate
3541 5155 3744 5210 factum

2173 5270 2273 5325 est,
2299 5259 2392 5317 sed
2413 5261 2643 5330 spatium
2664 5258 2939 5327 regionum
2959 5255 3285 5309 diversarum
3301 5247 3744 5319 impedimentum

2173 5355 2468 5418 detulerat;
2499 5352 2692 5421 quibus
2720 5351 2824 5404 huc
2842 5357 3000 5417 atque
3023 5346 3144 5399 illuc
3173 5345 3438 5400 incassum
3465 5337 3745 5398 ducimur;

2175 5446 2263 5499 ubi
2293 5444 2438 5498 nulla
2467 5441 2652 5496 salutis
2679 5447 2891 5494 internae
2919 5437 3040 5491 vita:
3088 5435 3287 5489 utilitas
3330 5430 3612 5486 invenitur.
3647 5424 3745 5482 sed

2171 5537 2351 5606 potius
2375 5535 2442 5589 ab
2472 5533 2582 5602 ipsa
2611 5532 2798 5587 futura:
2826 5529 2947 5582 vita:
2967 5528 3193 5582 utilitate
3219 5521 3563 5594 exquirenda,
3589 5532 3748 5572 mens

2171 5626 2397 5680 diversis
2424 5621 2858 5693 occupationibus
2885 5627 3167 5682 avocatur;
3202 5626 3257 5670 ut
3283 5629 3403 5669 cum
3431 5621 3640 5682 tempus
3661 5613 3744 5663 est

2244 5799 2267 5838 ι’
2294 5801 2470 5865 Antc.,
2506 5793 2835 5852 inconscissib
2859 5795 2920 5848 lc.
