4014 6340
251 423 349 480 57$

1455 416 1763 500 VICTORIS
1800 414 2142 479 EPISTOL'A,
2186 411 2271 466 IX.

3413 409 3486 462 τὸ

233 545 496 600 .diab0liei
525 543 736 598 timoris
774 540 1025 596 instinctu
1051 579 1064 606 ,
1093 536 1289 606 aliquid
1327 536 1470 605 quod
1497 537 1564 591 ad
1591 536 1814 590 salutem
1846 539 1894 595 Α
1921 529 2300 585 venerabilium
2345 525 2727 580 monachorum
2771 523 3063 592 spiritalem
3091 523 3283 586 vitam,
3328 531 3383 575 et
3411 537 3487 577 se-

245 645 503 692 :cternam
552 632 816 704 proﬁciat,
847 631 1070 701 quisque
1114 636 1354 683 nostrum
1392 625 1610 680 minime
1657 639 1816 693 agere

251 727 606 797 permittatur.

318 833 371 886 ἓ.
403 833 680 886 Induimur
721 831 866 886 enim
921 826 1144 882 diversis
1173 823 1551 894 cupiditatibus
1580 838 1640 875 ac
1669 820 1814 874 desi-

248 925 411 980 deriis
435 924 595 991 hujus
622 922 822 984 mundi,
854 935 972 988 quae
996 919 1171 973 subito
1200 926 1454 983 tanquam
1486 912 1660 965 fumus
1693 926 1817 964 eva-
1853 932 1860 940 -

249 1030 369 1068 ueste
381 1022 498 1078 unt,
511 1021 564 1066 et
587 1010 950 1065 insatiabiliter
964 1006 1306 1062 saecularibus
1327 1004 1589 1058 illecebris
1607 1002 1682 1055 sic
1703 1017 1821 1054 nos-

246 1111 329 1154 tra
357 1101 592 1155 deservit
619 1098 844 1154 intentio
863 1138 880 1166 ,
905 1104 964 1150 ut
988 1105 1236 1164 tanquam
1265 1094 1310 1147 si
1339 1091 1740 1146 immutabiliter
1765 1089 1819 1142 in

248 1195 356 1248 hoc
405 1190 608 1245 mundo
633 1189 873 1243 vivamus
894 1228 910 1254 ,
935 1186 1012 1241 sic
1063 1185 1131 1239 de
1158 1184 1332 1237 lutura
1378 1181 1697 1244 mternitate,
1731 1185 1822 1232 aut

250 1283 392 1344 vitat,
425 1285 521 1333 aut
547 1276 734 1331 mortis
771 1274 1026 1344 periculo,
1056 1271 1198 1342 quod
1227 1270 1473 1338 utrinque
1499 1268 1591 1337 (al.
1619 1274 1822 1319 utrum-

249 1371 377 1440 que)
408 1377 515 1434 est,
547 1367 764 1421 minime
791 1364 1086 1434 cogitemus
1115 1377 1138 1417 ε.
1161 1361 1254 1415 sed
1282 1361 1386 1414 hoc
1424 1367 1632 1412 tantum
1679 1364 1824 1411 sata-

251 1461 448 1528 gimus,
478 1455 621 1526 quod
644 1455 696 1508 in
725 1452 972 1524 praesenti
993 1449 1364 1518 cognoscimus
1393 1448 1589 1502 nostris
1617 1445 1824 1500 deside-

256 1557 349 1609 riis
406 1552 733 1606 adfuturum.
762 1546 1186 1614 Quantacunque
1213 1544 1355 1597 enim
1403 1541 1604 1595 utilitas
1631 1547 1824 1594 nostra:

255 1640 522 1697 voluntati
551 1643 824 1693 accrescat
843 1649 1030 1704 parum
1063 1647 1180 1688 esse
1206 1640 1455 1701 putamus
1479 1672 1494 1698 ,
1533 1627 1823 1684 secundum

251 1709 397 1787 illam
432 1731 491 1784 Β.
535 1727 787 1800 Cypriani
815 1725 1134 1781 sententiam
1167 1742 1180 1776 :
1213 1721 1351 1786 Quid
1388 1722 1530 1774 aliud
1553 1723 1609 1775 in
1637 1720 1824 1774 mundo

253 1841 405 1895 quam
457 1837 630 1893 pugna
676 1818 917 1871 adversus
950 1812 1210 1867 diabolum
1253 1811 1476 1881 quotidie
1502 1809 1733 1880 geritur?
1760 1805 1826 1860 Et

256 1891 416 1983 paulo
590 1907 830 1975 sequitur
854 1922 868 1957 :
895 1902 954 1957 Si
981 1901 1203 1954 avaritia
1235 1908 1497 1969 prostrata
1521 1906 1616 1959 est,
1645 1913 1825 1950 ρεταιν-
1862 1891 1901 1948 Β

257 2005 328 2072 git
350 2000 542 2064 libido;
573 1998 618 2051 si
646 1995 801 2049 libido
824 2006 1118 2059 compressa
1145 1999 1241 2052 est,
1273 1987 1493 2042 succedit
1522 1988 1758 2050 ambitio;
1781 1986 1824 2039 si

257 2090 472 2144 ambitio
507 2095 794 2155 contempta
821 2093 917 2147 est,
946 2083 1031 2135 ira
1064 2087 1353 2149 exasperat,
1378 2079 1530 2146 inﬂat
1551 2076 1788 2146 superbia
1807 2117 1821 2142 ,

258 2177 537 2232 vinolentia
561 2175 772 2238 inritat,
804 2171 998 2224 invidia
1038 2168 1368 2222 concordiam
1401 2166 1616 2236 rumpit,
1648 2166 1826 2218 amici-

259 2271 389 2322 tiam
410 2267 548 2320 zelus
576 2262 829 2318 abscindit
859 2259 997 2334 (Lib.
1030 2259 1094 2312 de
1139 2257 1476 2322 Mortalitate,
1509 2256 1662 2327 paulo
1713 2265 1826 2326 post

261 2356 509 2427 initium),
529 2363 635 2408 etc.
659 2349 948 2406 Pervidens
966 2348 1047 2402 vir
1072 2346 1392 2401 venerabilis
1411 2346 1572 2399 tantis
1596 2345 1826 2399 animam

265 2447 461 2502 inimici
487 2444 682 2515 jaculis
719 2440 958 2510 quotidie
1001 2437 1271 2492 vulnerari
1298 2453 1312 2489 :
1342 2435 1480 2489 unde
1509 2450 1616 2489 non
1659 2435 1830 2489 virtus

269 2537 507 2608 pr0pria,
531 2533 623 2589 sed
645 2531 758 2586 sola
782 2530 961 2590 divina
988 2527 1189 2598 poterit
1214 2540 1405 2581 eruere
1442 2524 1827 2579 misericordia.

334 2651 389 2704 3.
428 2648 722 2718 Propterea
751 2641 1164 2714 lacrymabiliter
1190 2654 1493 2701 exoramus,
1518 2649 1576 2691 ut
1605 2653 1701 2707 pro
1730 2651 1830 2692 no-

270 2739 347 2797 bis
373 2757 493 2798 cum
533 2739 782 2795 omnibus
837 2736 940 2790 illis
967 2750 1103 2804 quos
1152 2733 1380 2787 Domino
1425 2731 1717 2800 acquisisti,
1770 2746 1834 2786 ac

269 2831 550 2888 mundanis
563 2827 898 2899 squaloribus
918 2833 1097 2881 erutos
1118 2823 1182 2877 ad
1205 2822 1494 2894 spiritalem
1517 2822 1678 2875 vitam
1701 2836 1833 2875 eon—

271 2926 399 2980 verti
428 2922 623 2986 fecisti,
656 2920 770 2988 ejus
790 2919 1045 2990 pietatem
1074 2929 1302 2970 exorare
1330 2913 1580 2982 digneris,
1604 2921 1662 2966 ut
1682 2911 1835 2966 nobis

272 3011 652 3068 misericordia:
674 3024 787 3064 sua:
814 3009 991 3062 lumen
1013 3004 1282 3069 ostendat,
1315 3013 1374 3060 ut
1401 3020 1508 3058 non
1529 3011 1702 3058 sumat
1728 3003 1839 3055 vin-

271 3105 462 3160 dictam
489 3101 556 3156 de
578 3099 810 3171 peccatis
832 3097 1044 3160 nostris,
1077 3104 1137 3150 ut
1175 3096 1226 3149 in
1256 3094 1463 3150 delictis
1507 3095 1703 3149 nostris
1729 3110 1837 3149 non

271 3194 586 3259 moriamur,
615 3198 674 3244 ut
699 3203 958 3244 exuamur
987 3202 1016 3240 a
1057 3185 1262 3253 laqueis
1287 3193 1342 3239 et
1364 3185 1710 3254 compedibus
1735 3185 1837 3238 ini-

272 3284 415 3348 mici,
438 3291 499 3337 ut
519 3297 623 3336 non
653 3295 710 3334 se
731 3279 959 3348 gaudeat
993 3277 1232 3331 lucrasse
1259 3277 1512 3344 animam,
1542 3291 1702 3344 quam
1729 3276 1837 3330 Do—

270 3376 447 3429 minus
475 3386 575 3425 suo
601 3369 858 3438 sanguine
883 3365 1129 3421 redemit.
1160 3363 1265 3419 Sed
1287 3364 1391 3419 hoc
1411 3364 1715 3418 enixissime
1740 3365 1840 3418 ob-

269 3475 576 3526 secramus,
605 3467 663 3512 ut
691 3465 927 3512 nostram
977 3454 1420 3524 supplicationem
1469 3453 1573 3507 tuis
1597 3454 1843 3522 precibus

271 3552 449 3624 iustis,
478 3558 798 3616 nostrosque
821 3547 1051 3614 gemitus
1071 3545 1178 3599 tuis
1205 3545 1402 3600 sanctis
1430 3544 1638 3610 lletibus
1658 3544 1845 3613 adjun-

269 3661 385 3714 gas,
411 3643 572 3714 209
597 3650 656 3695 ut
684 3652 986 3693 mereamur
1013 3636 1204 3691 vestris
1249 3635 1719 3689 intercessionibus
1765 3633 1841 3687 fu-

270 3741 405 3786 tura:
425 3732 547 3786 vitae
566 3726 858 3783 subsidium
886 3733 1185 3794 reportare,
1203 3723 1371 3794 utqui
1391 3722 1625 3792 peccatis
1648 3722 1844 3776 mortui

270 3839 474 3888 sumus,
507 3820 698 3875 vestris
725 3817 923 3872 sanctis
952 3815 1280 3870 orationibus
1325 3827 1687 3880 resurgamus.
1735 3812 1846 3866 Ali-

271 3923 354 3968 ter
372 3914 518 3967 enim
545 3909 768 3963 Elisazus
797 3907 1056 3977 propheta
1087 3905 1342 3958 suscitare
1363 3919 1468 3957 non
1489 3909 1670 3971 posset
1697 3902 1848 3955 cada-

271 4016 367 4056 ver
396 4000 662 4059 exanime,
697 3996 820 4062 nisi,
845 3994 1141 4049 reframatis
1168 3993 1528 4048 membrorum
1550 3992 1844 4046 lineamen-

271 4095 360 4157 tis,
383 4091 474 4146 illo
493 4105 551 4145 se
579 4087 793 4157 corpori
822 4084 1022 4156 faceret
1042 4084 1296 4154 :equalem
1329 4082 1382 4145 (Ι
1395 4083 1435 4136 γ
1463 4082 1589 4154 Reg.
1617 4083 1752 4146 tv,5,
1769 4081 1843 4154 4).

272 4183 558 4239 Minoravit
580 4195 640 4236 se
669 4178 941 4249 paululum
971 4175 1301 4244 magnitudo,
1330 4183 1387 4229 ut
1414 4189 1534 4230 cum
1574 4173 1848 4229 osculatur

271 4283 564 4335 mortuum,
600 4270 960 4339 implastraret
987 4268 1239 4330 animam,
1273 4274 1324 4320 et
1346 4265 1594 4320 redderet
1623 4280 1847 4335 puerum

271 4365 471 4418 vivum.
498 4360 649 4416 Unus
675 4374 733 4414 se
757 4357 970 4424 sternit,
996 4364 1050 4409 et
1077 4355 1183 4410 duo
1211 4362 1570 4424 consurgunt;
1595 4363 1650 4409 et
1671 4355 1847 4409 subito

271 4452 513 4507 redditur
560 4447 846 4504 incolumis
873 4445 1148 4514 genitrici,
1178 4445 1266 4514 qui
1299 4445 1474 4499 alieno
1520 4445 1710 4513 spiritu
1757 4460 1847 4498 re-

271 4542 423 4595 vixit.
457 4539 524 4593 Et
544 4553 644 4606 ego
670 4538 740 4591 ita
769 4536 982 4591 conlido
1009 4544 1188 4589 vestro
1233 4535 1524 4589 intercessu
1559 4549 1648 4587 me
1671 4535 1845 4586 vivum

272 4631 526 4686 Ecclesia:
552 4629 710 4683 matri
739 4627 966 4691 restitui,
987 4626 1082 4695 qui
1111 4626 1297 4681 videor
1333 4626 1677 4695 gravantibus
1721 4640 1846 4694 pec-
1877 4615 1925 4675 D

273 4725 410 4778 catis
433 4723 623 4776 mortis
650 4721 836 4775 aculeo
862 4717 1110 4773 detineri.
1135 4717 1260 4773 Scio
1284 4719 1424 4772 enim
1446 4717 1589 4788 quod
1619 4719 1671 4772 in
1696 4718 1851 4786 juve-

269 4815 366 4867 nili
391 4818 550 4866 ietate
569 4811 715 4875 vitm,
741 4817 865 4862 ante
909 4823 1076 4862 annos
1103 4809 1362 4878 plurimos
1405 4809 1632 4862 salutem
1660 4808 1850 4863 anima:

269 4908 472 4956 nostrtc
494 4898 790 4968 quaesieris,
823 4897 1212 4966 Dominamque
1242 4914 1308 4952 ex
1344 4898 1444 4952 hac
1473 4913 1531 4952 re
1559 4899 1850 4968 saepissime

267 4990 654 5061 postulaveris,
695 4996 753 5042 ut
789 5002 874 5042 me
896 5003 925 5042 a
950 4989 1331 5043 tentationibus
1352 4989 1507 5058 hujus
1536 4990 1658 5044 vita:
1697 5006 1850 5045 erue-

267 5089 374 5134 ret.
411 5078 476 5133 Et
504 5078 630 5148 quia
661 5077 836 5132 adhuc
862 5086 1206 5148 peccatorum
1251 5080 1392 5133 mole
1419 5079 1703 5150 depressus
1730 5097 1846 5136 me-

265 5171 378 5226 reri
405 5188 512 5226 non
538 5172 711 5242 potui,
741 5171 844 5227 hoc
864 5172 1142 5241 deprecor,
1174 5179 1230 5225 ut
1251 5172 1477 5227 assiduis
1500 5175 1846 5244 supplicatio-

270 5267 430 5321 nibus
457 5283 556 5337 pro
579 5267 730 5323 nobis
751 5268 1031 5323 Dominum
1062 5285 1288 5325 exorare
1334 5269 1564 5337 digneris
1588 5311 1602 5336 ,
1631 5279 1688 5324 ut
1716 5287 1849 5340 quo-

259 5355 406 5412 libet
429 5357 616 5412 ordine
645 5358 730 5412 vel
759 5365 1001 5428 tempore
1049 5360 1366 5414 delictorum
1416 5368 1720 5414 nostrorum
1752 5375 1846 5413 ve-

269 5448 416 5501 niam
446 5456 784 5531 assequatur.

339 5559 394 5614 4.
429 5559 496 5613 Et
523 5576 591 5615 ne
619 5569 802 5616 nostra
835 5552 1024 5616 ﬂebilis
1068 5577 1132 5616 ac
1170 5562 1420 5617 diuturna
1447 5561 1619 5617 oratio
1661 5569 1849 5616 vestra:

264 5650 612 5720 paternitatis
653 5651 899 5706 sensibus
929 5649 1194 5708 fastidium
1223 5659 1476 5720 generet,
1517 5649 1644 5704 illud
1695 5650 1849 5704 nobis

267 5742 460 5794 iterum
496 5740 872 5810 postulandum
914 5750 1033 5810 est,
1066 5750 1125 5796 ut
1172 5744 1614 5812 promissionibus
1656 5743 1849 5798 vestris

264 5832 412 5889 celer
450 5841 706 5903 sequatur
736 5831 989 5900 effectus;
1020 5849 1081 5890 ac
1128 5834 1358 5904 maligno
1389 5835 1536 5906 operi
1568 5834 1732 5901 illius,
1755 5836 1844 5904 qui

1913 621 2147 676 cundum
2177 617 2430 672 saxulum
2469 615 2621 683 quasi
2663 615 2972 667 vilissimam
2997 653 3012 679 ,
3054 612 3326 667 fastidiose
3351 629 3488 666 cou-

1914 720 2160 764 temnens
2178 745 2194 770 .
2237 722 2405 776 usque
2431 706 2498 759 ad
2527 704 2716 759 cedros
2745 703 2928 757 Libani
2959 701 3178 757 evolans
3207 717 3265 756 se
3296 717 3486 770 perve-

1916 801 2059 853 nisse
2085 797 2363 864 gloriatur,
2379 793 2532 862 cujus
2550 808 2770 860 nomen,
2799 793 2900 845 nisi
2925 791 3096 854 fallor,
3125 806 3225 859 per
3246 791 3489 844 ordinem

1915 887 2203 940 verborum
2231 884 2504 952 superiore
2536 897 2691 936 versu
2723 880 3022 936 evidentius
3045 877 3234 932 videor
3265 893 3490 947 expres-

1917 975 2070 1039 sisse,
2118 971 2271 1041 cujus
2302 979 2583 1026 tractatum
2628 970 2828 1034 direxi,
2859 969 2948 1037 qui
2995 968 3341 1022 emendicatis
3371 968 3492 1021 hinc

1918 1062 2044 1118 inde
2076 1060 2438 1124 sermonibus,
2466 1060 2749 1114 adversum
2777 1067 2977 1114 rectam
3007 1057 3161 1112 tidem
3185 1066 3241 1111 et
3277 1057 3490 1111 catholi.

1919 1167 2039 1209 eam
2062 1151 2344 1207 veritatem
2390 1151 2535 1205 visus
2563 1159 2642 1204 est
2673 1149 2988 1212 oblatrasse,
3018 1156 3072 1202 et
3097 1147 3490 1202 llomousianos

1922 1243 2081 1315 (quos
2106 1257 2204 1296 nos
2231 1256 2349 1296 esse
2377 1241 2684 1310 appellavit)
2717 1247 2772 1293 et
2799 1239 3102 1293 Donatistas
3129 1237 3491 1306 objectionum

1920 1350 2136 1392 suarum
2161 1334 2355 1402 jaculis
2395 1332 2549 1402 quasi
2579 1333 2882 1394 vulnerans,
2914 1331 3012 1384 sibi
3033 1329 3492 1399 .postea.catlioli-.

1922 1440 2040 1482 cam
2080 1423 2405 1489 vindicavit,
2453 1423 2590 1477 sicut
2628 1437 2694 1476 ex
2739 1421 2967 1475 lectione
2995 1420 3280 1488 diligenter
3316 1426 3492 1473 vestra

1923 1516 2218 1587 paternitas
2261 1514 2523 1570 advertet.
2567 1512 2742 1578 Quare
2773 1512 3001 1580 petimus
3031 1519 3106 1564 ut.
3130 1509 3207 1564 de.
3240 1507 3492 1563 mellilluu

1924 1616 2118 1670 vestrte
2164 1605 2502 1676 paternitatis
2548 1604 2693 1660 fonte
2743 1604 2894 1658 istius
2935 1603 3142 1657 vanitas
3187 1601 3489 1663 refellatur.

1919 1696 2266 1764 auctorisque
2293 1694 2410 1762 ejus
2438 1693 2722 1762 serpentis,
2757 1693 2906 1759 cujus
2933 1693 3056 1756 iste,
3084 1691 3221 1746 mala
3250 1691 3490 1759 gramina

1927 1793 2149 1854 pastus,
2195 1785 2478 1852 quemdam
2507 1783 2654 1837 velut
2698 1797 2892 1836 novum
2939 1797 3176 1836 errorem
3222 1782 3368 1836 visus
3413 1788 3493 1834 est

1923 1875 2236 1944 pullulasse,
2270 1874 2409 1928 adsit
2448 1875 2715 1929 luculenta
2760 1874 3060 1943 responsio,
3107 1883 3163 1927 et
3201 1873 3374 1927 omnis
3400 1880 3494 1925 ad-

1929 1978 2118 2019 versus
2145 1962 2311 2018 Deum
2345 1964 2646 2031 excogitata
2691 1963 2924 2032 nequitia
2969 1961 3368 2031 comprimatur,
3427 1977 3495 2014 ne

1925 2052 2132 2122 aliquid
2158 2059 2360 2108 rectum
2389 2052 2643 2108 adversus
2687 2053 2950 2120 dogmatis
2980 2051 3135 2105 tidem
3175 2051 3265 2120 qui
3311 2051 3520 2119 legunt.

1923 2157 2054 2202 eum
2079 2141 2276 2197 dixisse
2303 2150 2568 2212 reputent.
2609 2141 2982 2197 Confundatur
3003 2142 3205 2210 antiqui
3233 2140 3497 2210 serpentis

1930 2219 2146 2309 astutia,
2188 2233 2313 2300 q'uia
2341 2233 2442 2288 sibi
2468 2231 2602 2288 tales
2628 2233 3003 2302 prazdicatores
3030 2232 3252 2286 diversis
3281 2231 3498 2285 seditio-

1929 2337 2057 2386 num
2079 2335 2142 2376 ac
2161 2322 2494 2390 voluptatum
2525 2322 2787 2390 illecebris
2815 2321 3149 2390 aggregavit;
3179 2321 3400 2388 ejusque
3420 2321 3498 2373 vi-

1931 2428 2148 2484 peream
2168 2427 2596 2482 venenosamquc
2618 2413 2890 2467 trisulcein
2915 2413 3145 2481 linguam
3176 2412 3279 2466 tuis
3299 2411 3498 2464 sanctis

1930 2501 2371 2570 responsionibus
2395 2501 2608 2570 dissipa.
2641 2500 2741 2566 Qui
2772 2517 2878 2554 non
2911 2501 3173 2567 doctoris,
3199 2501 3290 2555 sed
3321 2501 3499 2568 potius

1932 2589 2224 2644 adulatoris
2267 2588 2319 2641 id
2363 2589 2617 2658 temporis
2655 2586 2833 2644 oﬂicio
2874 2588 3193 2655 fungebatur
3234 2585 3495 2640 falsitatis.

1933 2678 2304 2734 Commentum
2327 2679 2470 2747 quod
2491 2680 2599 2734 suis
2623 2681 2851 2749 posteris
2873 2680 3172 2748 dereliquit,
3205 2687 3258 2733 te
3277 2695 3500 2749 respou-

1935 2767 2099 2822 dente
2138 2783 2323 2822 eorum
2353 2767 2618 2822 mentibus
2647 2777 2960 2832 evanescat,
2991 2782 3099 2836 quo
3129 2768 3381 2822 adversus
3411 2767 3501 2820 Dei

1935 2859 2246 2930 mysterium
2267 2858 2436 2913 voluit
2464 2859 2715 2912 militare.
2747 2857 3035 2926 Propterea
3069 2871 3318 2926 rogamus
3354 2865 3412 2910 ut
3450 2858 3534 2910 in.

1936 2947 2038 3003 hac
2065 2956 2240 3017 parte,
2273 2947 2497 3002 Domino
2536 2947 2843 3016 adjuvante,
2874 2947 3028 3000 bona:
3057 2946 3207 3000 famte
3233 2947 3538 3011 meritum,.

1937 3050 1992 3096 et
2019 3040 2330 3110 prazclarum
2358 3039 2608 3094 omnibus
2648 3038 2906 3093 extendas
2945 3038 3234 3106 ingenium.
3283 3036 3348 3089 Et
3375 3051 3502 3105 quo-

1933 3129 2084 3196 niam
2105 3143 2338 3199 praisens
2367 3136 2528 3184 aestus
2565 3127 2739 3196 aliqua
2769 3127 3004 3182 recentia
3031 3127 3224 3195 quaerit
3245 3168 3261 3191 ,
3305 3126 3512 3180 deside~

1865 3259 1910 3319 Ο
1939 3217 2078 3274 rium
2107 3218 2302 3273 mentis
2329 3216 2589 3273 audacter
2615 3217 2874 3287 expressi,
2922 3219 3154 3286 antiquae
3183 3217 3506 3272 familiarita-

1942 3307 2010 3362 tis
2037 3307 2264 3362 caritate
2294 3322 2601 3378 possessus;
2632 3316 2687 3361 et
2722 3307 2861 3362 sicut
2888 3323 2998 3376 pra:
3021 3308 3228 3362 caeteris
3257 3307 3507 3362 sacerdo-

1944 3397 2086 3451 tibus
2108 3397 2376 3452 mentibus
2404 3408 2460 3452 et
2485 3397 2655 3452 oculis
2684 3397 3001 3452 intuentium
3024 3397 3208 3465 fulges,
3241 3398 3312 3450 ita
3337 3406 3391 3451 te
3416 3413 3508 3451 cu-

1858 3524 1861 3528 .
1940 3487 2116 3555 pimus
2156 3486 2464 3555 frequenter
2492 3485 2792 3541 ﬂorulentis
2819 3487 3090 3554 opusculis
3135 3485 3509 3553 fulgentiorem

1942 3583 1997 3628 et
2026 3573 2181 3628 nobis
2209 3582 2264 3627 et
2290 3573 2536 3628 omnibus
2563 3575 2811 3642 gentibus
2838 3589 3146 3644 apparere..

2015 3661 2065 3716 5.
2101 3661 2214 3717 Hoc
2251 3662 2341 3732 pio
2369 3661 2537 3718 fretus
2569 3679 2754 3737 amore
2781 3664 3024 3721 indocilis
3068 3680 3244 3720 rerum
3273 3666 3459 3735 scripsi
3495 3685 3515 3718 :-

1943 3757 2142 3812 Sitiens
2169 3772 2290 3813 cum
2319 3758 2485 3814 nimio
2512 3758 2703 3814 ardore
2731 3759 2799 3814 ad
2821 3758 3024 3815 fontem
3053 3760 3255 3831 peritia:
3296 3775 3359 3815 ac
3378 3761 3508 3814 doc-

1948 3849 2098 3902 trina:
2143 3863 2266 3904 cum
2314 3850 2517 3904 rustico
2565 3865 2688 3905 meo
2732 3851 2946 3919 eloquio
2992 3851 3171 3906 alacer
3215 3851 3510 3906 accucurrit

1948 3936 2099 3993 Unde
2142 3947 2378 3994 nostram
2403 3938 2546 3995 sitim
2583 3949 2639 3993 et
2667 3941 2985 4009 imperitiam
3026 3941 3212 3996 satiari
3249 3941 3512 4010 cupimus,

1947 4037 2006 4083 ut
2041 4044 2147 4084 non
2175 4029 2348 4084 solum
2375 4028 2568 4084 futura:
2591 4032 2712 4086 vita:
2745 4033 3046 4100 praemium,
3085 4034 3225 4090 sicut
3263 4034 3316 4088 in
3345 4033 3515 4103 prima

1945 4119 2121 4188 fronte
2165 4121 2405 4190 epistola:
2440 4130 2738 4177 vestrarum
2768 4123 3070 4178 orationum
3115 4124 3275 4195 210
3327 4123 3518 4180 solatia

1947 4210 2263 4278 conquisivi,
2298 4226 2508 4267 merear
2534 4212 2786 4281 adipisci,
2817 4229 2997 4268 verum
3021 4215 3183 4268 etiam
3222 4214 3346 4269 huic
3367 4214 3519 4284 operi

1949 4297 2002 4351 in
2045 4298 2293 4354 omnibus
2337 4299 2667 4354 satisfactum
2711 4301 2872 4356 fuisse
2908 4302 3276 4370 gaudeamus:
3310 4311 3369 4358 ut
3411 4319 3517 4358 non

1949 4387 2122 4441 solum
2165 4403 2266 4442 nos
2289 4429 2304 4453 ,
2353 4389 2447 4445 sed
2487 4398 2542 4443 et
2583 4391 2758 4444 omnis
2794 4405 3176 4446 conservorum
3216 4401 3518 4449 nostrorum

1952 4475 2180 4530 filiorum
2223 4486 2522 4533 vestrorum
2553 4479 2890 4547 religiositas,
2923 4480 3013 4547 qui
3044 4480 3096 4533 in
3126 4486 3181 4534 te
3209 4481 3298 4548 pio
3328 4479 3519 4537 atl'ectu

1949 4565 2274 4634 dependent,
2295 4575 2350 4621 et
2379 4569 2482 4622 hoc
2495 4570 2563 4622 de
2591 4577 2645 4622 te
2675 4568 2952 4624 nobiscum
2981 4577 3315 4639 exspectant,
3342 4568 3520 4624 divino

1950 4655 2158 4709 muneri
2173 4671 2294 4710 cum
2315 4657 2393 4711 eis
2408 4656 2634 4711 referam
2657 4657 2769 4729 [αη.
2786 4656 3038 4728 referat?)
3049 4659 3264 4727 gratias.
3293 4658 3371 4712 Et.
3383 4660 3522 4727 peti-

1949 4759 2068 4798 mus
2085 4752 2142 4796 ut
2162 4753 2358 4798 nostra:
2373 4746 2658 4799 rusticitati
2682 4747 2945 4814 ignoscas,
2958 4750 3052 4817 qui
3071 4749 3250 4804 utbazc
3270 4748 3522 4805 auderem

1951 4839 2066 4908 ipse
2075 4836 2296 4906 jussisti.
2326 4837 2391 4892 Et
2412 4839 2537 4892 licet
2555 4853 2654 4893 nos
2675 4847 2767 4892 aut
2789 4840 3000 4906 exigua,
3023 4847 3114 4893 aut
3132 4841 3273 4894 nulla
3288 4840 3522 4900 doctoris

1952 4932 2178 4986 scicntia
2228 4931 2454 4998 imbuit,
2500 4932 2706 4988 accedit
2733 4933 2894 4988 etiam
2944 4943 3000 4988 ut
3047 4934 3089 4988 si
3120 4935 3320 5003 aliquid
3364 4936 3522 4992 cordo

1949 5030 2274 5094 conceptum
2307 5025 2694 5090 retineremus,
2737 5025 2855 5080 aliis
2884 5028 3321 5096 occupationibus
3349 5029 3522 5098 impli-

1949 5114 2082 5180 cati,
2102 5129 2262 5168 usum.
2277 5131 2412 5184 pene
2438 5113 2609 5170 Latini
2631 5117 2897 5171 sermonis
2915 5119 3209 5184 amisimus,
3231 5121 3521 5174 secundum

1950 5202 2079 5258 illud
2099 5202 2318 5269 dictum,

2077 5313 2282 5362 Pectora
2306 5321 2465 5362 nostra
2488 5313 2608 5361 duas
2632 5325 2726 5361 non
2748 5314 3048 5364 admittentia
3067 5325 3223 5364 curas.

1952 5415 2056 5470 Sed
2084 5431 2179 5471 ora
2213 5424 2271 5470 ut
2296 5415 2552 5470 Dominus
2576 5423 2799 5485 praestet-
2817 5426 2871 5472 et
2899 5417 3055 5472 faciat
3081 5419 3224 5488 quod
3251 5419 3515 5475 volumus.

1951 5506 2202 5562 Guberna
2248 5521 2377 5574 ergo
2407 5515 2461 5560 et
2489 5521 2688 5560 exorna
2727 5506 2983 5562 famulum
3011 5524 3168 5577 quem
3200 5510 3432 5578 nutristi,
3463 5520 3516 5565 et

1952 5605 2143 5667 praesta
2185 5595 2496 5651 doctrinam-
2511 5611 2668 5666 quam
2711 5595 3039 5665 frequentius
3077 5597 3322 5652 docuisti.
3355 5595 3514 5655 Oran:

1943 5686 2058 5746 tem
2085 5708 2183 5761 pro
2225 5692 2378 5746 nobis
2425 5691 2806 5746 beatitudinem
2839 5700 2980 5745 tuam
3023 5693 3271 5747 divinitas
3318 5704 3514 5752 αξιοι-ηδ

1951 5784 2236 5849 custodiat,
2265 5782 2403 5852 quod
2433 5792 2695 5854 optamus,
2729 5783 2940 5837 domine
2970 5783 3140 5841 Pater.
