4072 6332
500 409 608 474 875

820 515 1049 581 SERMO
1088 521 1460 579 FASTlDlOSl
1502 521 1750 576 ABIANI.

510 653 518 658 τ
574 616 828 681 Dicimus,
853 615 1248 686 prudentissimi
1275 613 1484 677 fratres,
1509 613 1652 680 quod
1675 620 1870 666 nostra:
1891 611 2077 678 digna-

503 717 594 762 tur
621 707 895 776 pusillitati
924 707 1174 760 divinitas
1203 705 1402 772 largiri.
1436 703 1576 757 Deus
1599 702 1816 770 justiti-ae
1844 710 1927 755 est
1952 718 2079 756 aue-

507 807 593 851 tor
621 805 676 852 et
703 797 843 859 vitm,
887 797 994 850 imo
1034 797 1149 865 ipse
1172 795 1381 864 justitia
1429 799 1611 846 nostra
1643 800 1696 846 et
1727 793 1832 845 vita
1871 799 2073 844 nostra.

507 891 614 944 Nec
642 891 707 943 ad
737 899 1014 959 peccatum
1057 889 1181 945 fecit
1211 889 1481 943 hominem
1508 924 1522 951 ,
1573 902 1673 942 nec
1720 886 1788 940 ad
1818 893 2076 952 mortem;

507 980 783 1048 Scriptura
813 979 1046 1044 dicente,
1082 979 1217 1033 Deus
1249 987 1463 1032 mortem
1506 995 1607 1032 non
1645 980 1783 1048 fecit,
1814 995 1906 1031 nec
1931 978 2073 1030 Ιιειαο

510 1069 685 1122 ειη-’ξπ
728 1071 1014 1140 perditione
1051 1072 1275 1124 vivorum
1317 1067 1472 1140 (Sap.
1526 1087 1564 1138 t,
1597 1069 1708 1141 15).
1740 1068 1875 1135 Quid
1914 1071 2080 1136 ergo?

507 1176 654 1214 mors
683 1161 881 1215 accidit
911 1162 1141 1226 homini,
1186 1176 1343 1229 quem
1375 1161 1575 1216 fecerat
1603 1160 1762 1215 Dens.
1795 1160 1910 1214 Non
1938 1159 2080 1213 enim

507 1249 700 1302 dicitur
725 1249 994 1304 Creatoris
1015 1289 1030 1317 ,
1069 1250 1164 1305 sed
1198 1249 1396 1304 diaboli
1425 1249 1746 1319 deceptoris.
1792 1248 2081 1318 PoStquam

507 1340 669 1406 igitur
697 1355 728 1392 a
757 1340 973 1394 diabolo
1003 1343 1264 1409 deceptus
1291 1348 1372 1394 est
1411 1341 1592 1405 homo,
1625 1341 1712 1408 qui
1746 1340 1930 1395 volens
1957 1339 2084 1395 fecit

509 1427 862 1496 iniquitatem,
893 1428 1091 1483 invitus
1120 1429 1340 1483 incurrit
1370 1429 1421 1481 in
1453 1436 1681 1482 mortem
1715 1446 1726 1480 :
1758 1429 2078 1498 pracvarica-

511 1527 594 1569 tus
620 1525 704 1570 est
745 1517 940 1584 injuste
961 1558 976 1582 ,
1019 1527 1073 1572 et
1101 1518 1317 1586 punitus
1341 1529 1422 1572 est
1445 1517 1604 1585 juste.
1640 1517 1778 1571 Deus
1804 1532 1934 1572 vero
1962 1531 2082 1571 eum

511 1606 623 1658 haec
669 1604 893 1659 vidisset
920 1607 1025 1660 duo
1067 1607 1119 1660 in
1161 1607 1419 1672 homine,
1463 1606 1673 1676 culpam
1718 1613 1773 1662 et
1819 1615 2079 1672 mortem;

512 1709 669 1746 unam
699 1708 859 1762 quam
890 1695 1028 1750 male
1056 1694 1273 1762 fecerat,
1299 1696 1522 1751 alteram
1549 1711 1706 1766 quam
1731 1697 1874 1766 juste
1903 1704 2086 1767 pertu-

511 1782 645 1835 lerat
671 1799 685 1847 ;
716 1799 837 1836 cum
869 1783 950 1837 his
977 1784 1181 1839 duabus
1211 1785 1552 1840 validissimis
1577 1787 1784 1842 catenis
1813 1787 1975 1841 homo
2005 1796 2084 1841 te-

1428 411 1484 465 S.
1526 409 1956 465 FULGENTIUS
1992 408 2356 465 EPISCOPUS
2397 407 2779 464 BL’SPENSIS.

3651 404 3752 460 376

2104 541 2145 588 Α
2178 521 2455 575 Dominum
2482 523 2625 576 illum
2671 532 2719 575 et
2759 520 3017 574 Christum
3045 518 3186 573 Deus
3214 520 3334 590 fecit
3359 561 3375 586 ,
3420 521 3556 574 hunc
3582 520 3758 574 Iesum
3819 513 3829 517 ’

2177 629 2329 683 quem
2351 630 2436 667 ros
2452 613 2780 682 cruciﬁxistts
2805 612 2939 681 (Act.
2974 627 3031 675 tl,
3053 609 3166 681 56).
3193 610 3482 668 Salomone
3506 615 3669 668 etiam
3691 631 3757 670 ex

2176 715 2404 769 persona
2435 701 2629 755 Christi
2672 701 2817 770 prius
2844 701 3186 756 declarante:
3218 702 3349 756 Ante
3387 701 3587 758 secuta
3635 709 3757 775 [un-

2178 790 2316 843 (lavit
2362 808 2441 842 me
2471 791 2650 860 (Prov.
2685 808 2795 858 vui,
2824 791 2940 860 25).
2969 790 3108 847 Ecce
3135 792 3351 858 factum,
3383 804 3625 850 creatum
3679 807 3759 850 at-

2178 894 2283 946 que
2337 881 2614 933 fundatum
2644 881 2920 951 Scriptura
2952 888 3179 936 testatur
3204 898 3363 951 quem
3413 885 3488 939 ita
3537 887 3762 942 credere

2177 971 2420 1038 sacrilegi
2448 971 2802 1025 detestantur.
2833 971 2965 1042 item
2995 972 3404 1041 inseparabilem
3431 980 3593 1044 atque
3617 978 3756 1032 indi-

2178 1061 2412 1122 viduam,
2446 1071 2504 1114 ut
2531 1064 2774 1130 superius
2793 1061 2994 1118 dictum
3023 1070 3126 1126 est,
3152 1074 3397 1119 asserunt
3420 1065 3758 1123 Trinitatem.

2181 1148 2248 1202 Et
2270 1150 2315 1203 si
2329 1150 2512 1211 Filius,
2537 1150 2603 1204 de
2619 1166 2726 1218 quo
2749 1152 3076 1220 evangelista
3095 1152 3495 1215 dicitherbum
3517 1173 3639 1210 caro
3654 1160 3764 1227 [ac-

2181 1246 2287 1290 tum
2310 1247 2422 1305 est,
2456 1246 2503 1290 et
2533 1238 2776 1293 habitauit
2803 1241 2858 1292 in
2889 1239 3036 1294 nobis
3093 1241 3272 1312 (Joan.
3302 1259 3346 1308 ι,
3373 1243 3483 1313 M),
3512 1247 3762 1316 obeelata

2181 1325 2448 1395 paulisper
2498 1325 2790 1382 divinitatis
2849 1329 3088 1397 potentia
3135 1329 3428 1386 thalamum
3473 1319 3763 1401 virginalis

2181 1414 2317 1466 uteri
2339 1413 2482 1467 solus
2505 1414 2773 1482 ingressus
2801 1423 2902 1482 est,
2924 1416 3287 1486 proculdubio
3299 1428 3579 1489 separatus
3608 1439 3638 1475 a
3668 1424 3766 1477 Pa-

2185 1510 2264 1556 tre
2291 1513 2348 1557 et
2366 1503 2566 1573 Spiritu
2585 1514 2772 1560 sancto
2794 1514 2896 1561 est.
2914 1505 3018 1561 Sed
3045 1509 3112 1562 ab
3135 1524 3241 1566 uno
3262 1510 3565 1569 nullatenus
3587 1515 3765 1582 potuit

2184 1595 2416 1648 Trinitas
2444 1597 2702 1665 separari,
2731 1611 2890 1665 quam
2928 1607 3140 1653 constat
3180 1602 3398 1656 omnino
3435 1619 3543 1657 non
3573 1605 3764 1670 dividi,

2183 1688 2476 1742 secundum
2506 1690 2741 1758 ipsorttm
2788 1692 3188 1756 absurditateru.
3220 1693 3360 1762 Ergo
3391 1696 3767 1755 tota'l‘rinitas

2185 1791 2403 1831 carnem
2431 1780 2739 1848 assumpsit,
2767 1789 2879 1835 tota
2921 1781 3155 1838 Trinitas
3198 1787 3502 1854 passionum
3544 1788 3766 1856 injurias

512 1871 740 1926 nebatur
769 1873 1018 1939 innexus,
1048 1876 1302 1945 praecepit
1331 1885 1390 1930 ut
1417 1891 1633 1931 carnem
1662 1877 1959 1946 susciperet
1985 1877 2084 1932 Do-
2115 1885 2161 1944 Β
2187 1874 2372 1938 sensit,
2406 1882 2516 1928 tota
2557 1872 2787 1928 Trinitas
2813 1877 2869 1928 in
2897 1876 3144 1944 sepulcro
3167 1877 3352 1946 jacuit,
3380 1888 3490 1934 tota
3533 1874 3766 1936 Trinitas

513 1961 688 2014 minus
711 1959 973 2026 Christus,
1019 1978 1124 2016 non
1157 1963 1207 2016 in
1236 1978 1339 2031 qua
1381 1971 1633 2032 peccator
1671 1963 1882 2018 debitor
1911 1964 2079 2028 fieret,

513 2050 606 2105 sed
639 2051 692 2104 in
722 2065 826 2119 qua
855 2052 970 2106 sine
999 2054 1205 2122 peccati
1232 2053 1414 2108 debito
1466 2062 1695 2108 mortem
1725 2055 1957 2110 indebite
1984 2073 2084 2126 pro

512 2140 846 2195 debitoribus
872 2142 1180 2196 sustineret.
1225 2143 1341 2197 Non
1384 2152 1442 2196 ut
1468 2143 1564 2198 Dei
1599 2144 1763 2200 Filius
1792 2146 2086 2215 iniquitatis

512 2232 726 2287 vinculo
772 2231 1053 2302 ligaretur,
1079 2234 1172 2288 sed
1202 2241 1260 2288 ut
1298 2233 1462 2289 homo
1500 2243 1754 2304 peccator
1792 2236 2087 2306 iniquitatis

516 2321 728 2376 vinculo
769 2322 1088 2377 solveretur.
1123 2321 1237 2377 Hoc
1284 2330 1368 2378 est
1414 2323 1557 2392 quod
1587 2323 1877 2392 Apostolus
1920 2325 2084 2393 dicit,

524 2411 574 2463 Μ
587 2429 775 2482 agnum
804 2414 1008 2482 pietatis
1030 2423 1436 2481 sacramentum,
1459 2414 1596 2485 quod
1613 2416 1998 2485 manifestatum
2013 2426 2090 2470 est

514 2502 566 2554 iu
601 2489 778 2569 carne,
812 2504 1156 2573 justi/iculum
1186 2512 1260 2556 est
1286 2505 1339 2556 in
1365 2505 1568 2573 spiritu,
1598 2505 1840 2574 apparuit
1867 2505 2087 2575 angelis,

515 2592 852 2659 prwdicatum
889 2592 1198 2662 gentilibus,
1239 2593 1488 2646 creditum
1517 2603 1592 2646 est
1634 2594 1686 2645 in
1728 2588 1826 2646 hoc
1864 2594 2086 2659 mundo,

513 2690 835 2750 assumptum
863 2692 941 2734 est
967 2684 1021 2735 in
1050 2683 1220 2752 gloria
1263 2682 1317 2752 (Ι
1351 2683 1481 2736 Tim.
1515 2699 1570 2736 ιιι
1596 2725 1610 2750 ,
1654 2683 1764 2752 16);
1795 2682 1858 2736 Et
1882 2699 2087 2749 revera,

515 2771 809 2826 doctissimi
837 2770 1144 2838 Christiani,
1177 2788 1296 2841 qua:
1324 2775 1495 2843 major
1529 2774 1705 2842 potuit
1750 2789 1868 2828 esse
1897 2775 2086 2844 pietas,

515 2879 676 2932 quant
707 2872 764 2917 ut
791 2879 890 2933 pro
917 2864 1221 2918 carnalibus
1257 2864 1560 2919 hominibus
1601 2863 1695 2919 Dei
1745 2864 1942 2934 Filius,
1992 2881 2090 2935 pa-

518 2963 672 3008 terno
695 2969 892 3024 parens
920 2956 1165 3024 imperio,
1198 2955 1484 3008 humanam
1515 2970 1731 3010 carnem
1772 2957 2091 3026 susciperet,

516 3053 572 3098 et
592 3045 700 3097 vita
729 3053 958 3100 mortem
983 3061 1082 3114 pro
1105 3045 1420 3100 mortalibus
1447 3047 1775 3101 sustineret?
1801 3054 1857 3101 et
1886 3047 1975 3102 ille
2001 3047 2093 3116 qui

517 3142 644 3188 ante
670 3135 863 3190 sarcula
891 3135 1130 3190 nascitur
1157 3135 1408 3190 fundatus
1449 3152 1478 3190 a
1514 3137 1689 3202 Patre,
1729 3138 1780 3191 in
1803 3139 2092 3194 novissimo

2185 1962 2386 2017 inferos
2413 1965 2735 2033 penetravit,
2759 1973 2869 2019 tota
2913 1965 3144 2021 Trinitas
3173 1969 3328 2022 tertia
3357 1969 3444 2024 die
3476 1985 3505 2023 a
3529 1973 3769 2040 mortuis

2183 2051 2496 2117 resurrexit,
2530 2060 2640 2106 tota
2691 2051 2922 2107 Trinitas
2950 2054 3349 2123 quadragesima
3377 2057 3466 2113 die
3517 2059 3568 2112 in
3599 2060 3770 2116 caelos

2187 2140 2464 2197 ascendit?
2494 2140 2561 2195 Et
2588 2141 2656 2196 ad
2684 2142 2836 2212 cujus
2864 2143 3142 2199 dexteram
3180 2153 3290 2206 tota
3323 2146 3555 2203 Trinitas
3577 2151 3772 2206 sedet?

2186 2231 2274 2286 vel
2295 2248 2455 2302 quem
2503 2232 2757 2304 Spiritum
2796 2235 2884 2290 die
2912 2234 3263 2292 Pentecostes
3309 2245 3417 2294 tota
3448 2238 3684 2296 Trinitas
3713 2243 3770 2298 in

2187 2326 2462 2396 apostolos
2484 2325 2658 2381 misit?
2679 2334 2771 2380 aut
2799 2327 2884 2381 cui
2912 2327 3024 2382 Deo
3046 2335 3160 2384 tota
3182 2327 3415 2386 Trinitas
3435 2331 3486 2386 in
3515 2332 3655 2388 ccelo
3681 2333 3771 2388 di-

2187 2432 2311 2473 cere
2339 2419 2550 2488 potuit:
2580 2417 2742 2485 Deus,
2768 2417 2904 2472 Deus
2935 2434 3092 2484 meus,
3125 2436 3282 2490 quare
3331 2421 3644 2493 dereliquisti
3692 2442 3773 2478 me

2189 2505 2360 2576 (Paul.
2395 2523 2522 2569 χχιι,
2550 2507 2628 2576 l)?
2655 2507 2736 2561 vel
2765 2509 2849 2562 cui
2881 2507 3024 2562 Patri
3057 2518 3166 2563 tota
3189 2510 3418 2573 Trinitas
3441 2522 3515 2566 ait
3539 2531 3550 2566 ε
3590 2514 3773 2580 Pater,

2187 2599 2241 2652 in
2270 2615 2450 2652 manus
2491 2611 2603 2652 tuas
2631 2601 2928 2653 commendo
2975 2601 3211 2668 spiritum
3240 2619 3404 2656 meum
3435 2602 3583 2675 (Luc.
3618 2621 3774 2675 xxiii,

2189 2689 2306 2761 46),
2352 2691 2396 2745 si
2441 2699 2682 2760 possunt,
2733 2691 2962 2758 edicant.
2994 2691 3151 2756 Quod
3189 2693 3232 2746 si
3264 2693 3441 2748 dicere
3473 2705 3777 2764 nequeunt,

2191 2780 2291 2849 ipsi
2318 2796 2376 2835 se
2404 2781 2634 2850 propriis
2649 2781 2838 2850 jaculis
2867 2783 3152 2851 perimunt,
3175 2785 3265 2852 qui
3290 2783 3604 2842 Trinitatem
3635 2789 3773 2844 inse-

2190 2871 2483 2940 parabilem
2505 2886 2625 2926 esse
2649 2873 2997 2927 contendunt.
3015 2872 3312 2929 Donatiana
3341 2877 3538 2946 qttippe
3563 2881 3776 2935 vanitas

2191 2975 2298 3015 non
2321 2962 2547 3016 attendit
2572 2962 2641 3016 ob
2669 2961 2772 3016 hoc
2800 2963 3051 3017 collatum
3074 2964 3379 3022 hominibus
3404 2968 3656 3038 baptismi
3687 2971 3778 3026 be«

2191 3051 2463 3118 nelieium,
2496 3061 2554 3108 ut
2580 3054 2671 3123 qui
2697 3055 3027 3120 originaliter
3046 3055 3236 3112 alienis
3262 3068 3552 3126 gravantur
3574 3061 3779 3117 errori-

2191 3143 2309 3207 bus,
2327 3144 2510 3213 gratia:
2523 3144 2788 3200 medentis
2805 3146 3004 3200 auxilio
3019 3146 3259 3212 relevati,
3275 3149 3491 3220 propria
3521 3150 3782 3222 deinceps

517 3233 760 3294 tempore
805 3236 1120 3282 nasceretur
1158 3243 1224 3282 ex
1266 3228 1521 3296 Virgine?
1551 3229 1639 3283 iile
1666 3230 1757 3298 qui
1797 3229 1890 3283 dat
1931 3229 2091 3283 vitam
2116 3246 2163 3308 ς
2194 3232 2562 3288 tantummodo
2588 3233 2919 3302 bajularent;
2959 3250 3063 3290 nec
3091 3239 3400 3292 communio
3426 3243 3781 3310 sacramenti,

517 3314 718 3368 mundo
741 3314 950 3383 jaceret
997 3324 1241 3371 mortuus
1271 3317 1323 3370 in
1370 3317 1662 3387 sepulcro?
1705 3317 1930 3383 Quantis
1966 3331 2094 3384 ergo

517 3423 660 3462 nunc
686 3405 988 3462 deflendam
1017 3415 1102 3463 est
1141 3409 1413 3480 lacrymis,
1459 3410 1544 3464 vel
1567 3418 1767 3478 quanta
1795 3409 1976 3464 cordis
2014 3410 2095 3463 af-

516 3499 752 3554 ﬂictione
799 3499 1108 3567 lugendum,
1138 3500 1280 3568 quod
1315 3501 1555 3569 plerique
1594 3515 1735 3554 nunc
1783 3515 1953 3569 usque
1992 3499 2094 3554 du-

517 3590 738 3644 rissimte
766 3589 1146 3645 obstinationis
1193 3589 1381 3644 nolunt
1427 3591 1786 3658 pervicaciam
1825 3589 2096 3658 deserere,

517 3679 637 3733 dum
689 3679 1044 3748 assumptioni
1093 3680 1266 3732 noxia:
1313 3679 1600 3733 indiscrete
1646 3674 1868 3748 cupiunt
1908 3678 2094 3732 desen

518 3772 649 3825 vire.
683 3770 784 3836 Qui
825 3786 946 3825 cum
978 3770 1305 3824 salutaribus
1347 3785 1682 3838 nequaquam
1727 3769 1975 3824 remediis
2004 3784 2097 3824 ac-

515 3848 817 3932 quiescant,
836 3859 920 3914 vel
935 3861 1287 3914 correctionis
1310 3861 1640 3915 voluntatem
1658 3859 1934 3928 abjiciunt,
1961 3860 2098 3913 vita-

516 3951 656 4008 libus
677 3952 833 4005 dictis
855 3959 1106 4020 tanquam
1121 3951 1530 4006 medicinalibus
1551 3950 1888 4005 ferramentis
1910 3965 2098 4005 manus

517 4042 817 4098 contrarias
845 4051 1200 4111 opponentes,
1246 4043 1370 4097 inde
1397 4058 1456 4097 se
1483 4042 1784 4106 vulnerant,
1818 4039 1958 4094 unde
1997 4055 2095 4095 cu-

517 4136 622 4190 rari
651 4136 970 4203 debuerant,
996 4150 1058 4189 ac
1078 4136 1183 4188 vim
1210 4135 1532 4205 spiritalium
1557 4132 1972 4188 medicaminum
1994 4132 2096 4187 sibi

517 4231 676 4298 211
708 4227 760 4280 in
799 4227 1130 4291 contrarium
1168 4235 1389 4282 vertunt
1417 4262 1429 4279 .
1487 4224 1612 4279 inde
1642 4224 1953 4278 vulneribus
1981 4223 2099 4278 suis

518 4327 715 4386 augent
747 4316 1086 4387 putredinem
1150 4317 1290 4371 unde
1319 4316 1530 4384 assequi
1571 4320 1861 4385 potuerant
1888 4314 2094 4368 sanita-

517 4416 648 4463 tem.
684 4407 972 4477 Bipartitus
1015 4420 1247 4476 namque
1283 4406 1488 4475 pridem
1541 4420 1694 4460 error
1740 4402 1972 4472 irrepsit,
2006 4404 2097 4481 qui

518 4500 781 4555 hactenus
804 4499 1134 4570 perditorum
1158 4499 1363 4553 animas
1387 4497 1644 4561 vinciens,
1665 4496 1730 4550 ad
1756 4494 2094 4567 quaerendam

2194 3321 2289 3376 sed
2316 3337 2612 3377 consensus
2635 3323 2918 3378 damnaret
2939 3339 3368 3395 unumquemque
3383 3329 3608 3396 peccati.
3629 3329 3782 3396 Quo-

2194 3411 2335 3464 niam
2374 3412 2514 3467 sicut
2548 3421 2767 3482 peccata
2796 3422 3079 3482 parentum
3110 3414 3403 3470 iu'tertiam
3444 3428 3498 3472 et
3525 3429 3781 3487 quartam

2195 3502 2596 3569 generationem
2635 3503 2713 3556 ait
2758 3518 2817 3557 se
2863 3503 3118 3559 Dominus
3141 3505 3634 3577 redditurum,quia
3662 3518 3782 3564 ter-

2193 3607 2321 3646 rena
2345 3592 2681 3659 carnalisque
2702 3592 2952 3646 nativitas
2967 3593 3209 3661 originali
3231 3594 3424 3649 delicto
3448 3604 3783 3652 monstratur

2195 3682 2425 3736 obnoxia
2464 3699 2476 3734 :
2527 3682 2603 3736 sic
2631 3682 2735 3737 alio
2765 3682 2903 3748 loco,
2933 3683 3087 3738 sicuti
3121 3684 3353 3737 animam
3398 3687 3584 3755 patris,
3617 3688 3692 3741 ita
3724 3699 3784 3744 et

2196 3773 2426 3825 animam
2459 3771 2550 3826 lilii
2579 3788 2728 3827 suam
2759 3787 2876 3828 esse
2909 3781 3152 3839 testatur,
3187 3783 3242 3828 ut
3257 3778 3487 3830 secunda
3510 3779 3782 3836 caelestis-

2195 3879 2300 3932 que
2338 3864 2587 3934 nativitas
2636 3864 2826 3918 alienis
2873 3865 3107 3933 peccatis
3158 3876 3514 3934 cognoscatur
3560 3871 3786 3938 penitus

2197 3953 2459 4007 absoluta.
2509 3953 2700 4008 Statim
2755 3969 2985 4022 namque
3029 3953 3226 4008 infert:
3272 3955 3461 4010 Anima
3513 3975 3629 4028 quae
3655 3977 3786 4029 pec-

2197 4047 2400 4111 caverit,
2424 4047 2537 4116 ipsa
2560 4047 2805 4099 morietur
2829 4044 3043 4117 (Ezecli.
3067 4061 3215 4109 xvnt,
3241 4046 3352 4118 20).
3381 4047 3475 4101 Cui
3503 4051 3788 4105 sententia:

2195 4133 2499 4190 Salomonis
2518 4135 2743 4190 monitio
2767 4135 3028 4203 concinit,
3055 4151 3153 4192 nec
3175 4137 3402 4191 alterum
3428 4137 3647 4191 alterius
3667 4153 3789 4206 gra.

2200 4223 2310 4277 vari
2340 4224 2576 4292 peccatis
2605 4225 2865 4279 ostendit:
2898 4223 3028 4288 Fili,
3050 4226 3314 4294 inquiens,
3343 4227 3388 4280 si
3415 4226 3572 4282 bonus
3599 4231 3790 4298 fueris,

2199 4314 2287 4367 tibi
2332 4323 2378 4368 et
2408 4315 2656 4385 proximis
2686 4316 2786 4368 tuis
2816 4331 2834 4369 :
2882 4317 2927 4368 si
2956 4325 3128 4368 autent
3161 4317 3328 4370 malus
3368 4319 3609 4382 evaseris,
3640 4319 3792 4377 solus

2199 4405 2403 4460 Imuries
2455 4405 2595 4458 mata
2644 4404 2825 4476 (Prov.
2857 4422 2929 4472 rx,
2967 4404 3076 4473 l2).
3128 4405 3314 4474 Itaque
3343 4407 3608 4461 catholica
3651 4408 3792 4464 ﬁdes

2202 4495 2612 4564 uniuscujusque
2635 4496 2831 4550 erroris
2859 4503 3125 4566 praerupta
3152 4495 3436 4563 refugiens,
3452 4512 3533 4562 ac,
3555 4497 3794 4554 Domino

517 4592 796 4646 veritatem
825 4591 1031 4659 spirare
1079 4605 1188 4643 non
1229 4589 1374 4643 sinit.
1410 4587 1785 4644 Homousianis
1813 4588 2099 4642 asserenti-
2126 4606 2178 4664 D
2202 4586 2509 4652 reducente,
2550 4585 2690 4637 viam
2734 4583 2939 4638 itineris
2983 4583 3219 4640 cmlestis
3270 4583 3558 4655 incedens,
3603 4585 3794 4642 sobria

517 4681 616 4735 bus
637 4681 1048 4751 inseparabilem
1076 4688 1237 4749 atque
1280 4679 1606 4734 individuam
1638 4676 1975 4744 Trinitatem,
2001 4695 2100 4734 nec

519 4771 666 4827 Patri
696 4769 886 4827 Filium
925 4770 1090 4828 fuisse
1121 4773 1406 4840 minorem,
1431 4788 1528 4827 nec
1558 4771 1769 4827 Patrem
1801 4773 2093 4840 ingenitum

519 4861 636 4915 Filii
665 4863 748 4917 sui
773 4877 892 4917 esse
918 4861 1211 4925 factorem;
1244 4863 1536 4918 Donatistis
1565 4864 1727 4917 ctiam
1759 4862 2096 4931 praedicanti-

520 4949 618 5002 lms
646 4951 1026 5005 communione
1055 4949 1316 5005 malorum
1343 4952 1513 5004 bonos
1535 4950 1718 5020 pollui,
1744 4949 1868 5004 dum
1898 4959 2098 5004 sancta!

520 5037 811 5106 Scriptura:
856 5053 1046 5094 munus
1077 5039 1340 5094 medelam
1370 5039 1556 5091 salutis
1593 5037 1780 5106 procul
1817 5034 2092 5105 ahjiciunt.

521 5123 666 5179 Inter
689 5140 826 5193 quos
868 5136 1056 5181 sancta
1087 5136 1259 5182 mater
1292 5125 1530 5181 Ecclesia
1553 5125 1816 5180 catholica
1847 5126 2097 5181 Davidico

523 5233 797 5273 murmure
828 5219 1065 5273 noscitur
1097 5215 1405 5286 decantare,
1431 5221 1569 5274 sicut
1601 5220 1651 5273 in
1680 5218 1930 5289 praesenti
1957 5218 2098 5274 ccci-

521 5308 698 5362 nimus
719 5307 960 5378 psalmo:
993 5307 1232 5373 Domine,
1265 5309 1427 5364 deduc
1457 5327 1535 5364 me
1556 5309 1608 5363 tn
1634 5319 1721 5363 tua
1744 5309 1947 5381 justitia
1976 5327 2100 5380 pro-

522 5409 636 5468 pter
664 5402 900 5456 inimicos
930 5419 1068 5456 meos
1102 5402 1275 5469 (Psal.
1302 5420 1353 5470 v,
1381 5405 1458 5471 9).
1483 5398 1540 5458 ln
1573 5412 1659 5458 tua
1691 5403 1832 5458 enim
1862 5401 2103 5458 deducor

523 5491 750 5558 iustitia,
783 5492 909 5548 dum
940 5502 994 5548 te
1023 5495 1446 5563 omnipotentem
1477 5495 1668 5562 Deum,
1696 5495 1990 5565 ingenitum
2017 5500 2100 5548 at-

525 5592 631 5644 que
678 5579 996 5650 increatum,
1037 5583 1126 5638 lilii
1157 5585 1232 5638 ttii
1282 5585 1491 5639 Domini
1539 5584 1665 5641 lesu
1714 5586 1910 5641 Christi
1940 5585 2103 5641 credo

527 5665 807 5733 factorem,
824 5670 1028 5726 Joanne
1047 5672 1281 5742 Baptista
1311 5682 1543 5730 testante
1569 5694 1580 5728 :
1603 5676 1729 5730 Post
1752 5693 1832 5730 me
1859 5677 1991 5730 venit
2018 5675 2105 5746 qui

529 5767 649 5810 ante
677 5775 756 5812 me
784 5764 948 5832 factus
983 5773 1058 5818 est
1100 5763 1278 5835 (Joan.
1313 5783 1349 5828 t,
1405 5765 1512 5835 ll).
1565 5766 1633 5820 Et
1671 5765 1830 5820 Petro
1857 5765 2104 5834 apostolo

529 5847 854 5907 prmdicante
876 5867 940 5906 ac
957 5853 1195 5908 dicente:
1223 5855 1360 5910 Sciet
1381 5858 1545 5910 omnis
1574 5856 1751 5910 domus
1777 5855 1944 5910 Israel
1986 5856 2105 5924 quia

2200 4675 2514 4730 credulitate
2549 4678 2706 4746 212
2750 4673 3044 4728 decantans
3069 4673 3184 4727 ait:
3217 4672 3458 4738 Domine,
3504 4674 3668 4728 deduc
3703 4693 3793 4730 me

2198 4767 2250 4818 in
2285 4775 2369 4817 tua
2391 4765 2595 4835 justitia
2624 4772 2835 4835 propter
2863 4762 3100 4817 inimicos
3130 4779 3267 4816 meos
3297 4762 3467 4833 (Psal.
3493 4779 3548 4831 v,
3578 4763 3657 4834 9).
3693 4763 3797 4818 At<

2200 4870 2305 4924 que
2336 4854 2458 4909 inde
2481 4870 2510 4907 a
2541 4853 2701 4909 Patre
2746 4868 2843 4925 pcr
2870 4852 3062 4906 Filium
3087 4851 3344 4921 Spiritum
3365 4861 3609 4908 sanctum
3632 4851 3798 4924 ﬂagi-

2203 4956 2339 5013 tans,
2372 4948 2578 5002 itineris
2603 4945 2940 5011 rectitudine,
2981 4944 3131 5014 cujus
3160 4945 3395 5028 gratuito
3418 4961 3641 5001 munere
3665 4960 3800 5016 gra-

2206 5037 2384 5090 diendi
2415 5035 2604 5106 adepta
2633 5045 2714 5092 est
2741 5036 3066 5101 facultatem,
3100 5035 3257 5090 sicuti
3288 5035 3513 5090 necdum
3541 5036 3801 5106 baptiza-

2209 5135 2313 5193 tos,
2338 5141 2443 5180 non
2471 5125 2640 5180 solum
2671 5126 2920 5196 propriis,
2943 5140 3127 5179 verum
3148 5124 3310 5180 etiam
3342 5125 3531 5180 alienis
3555 5129 3803 5196 peccatis

2209 5217 2402 5272 fatetur
2450 5217 2730 5282 obnoxios,
2781 5233 2916 5288 quos
2960 5217 3012 5270 in
3060 5216 3429 5285 iniquitatibus
3469 5217 3619 5272 novit
3675 5234 3804 5274 esse

2207 5318 2516 5380 czmeeptos,
2562 5310 2632 5363 ita
2661 5310 2966 5378 genitaliter
3010 5311 3151 5364 lotos
3181 5309 3340 5364 latice
3369 5309 3669 5384 iniquitatis
3701 5313 3797 5366 in-

2209 5399 2429 5453 demnes
2459 5399 2649 5457 asserit
2684 5398 2889 5465 alienae,
2924 5399 2967 5453 si
2993 5398 3284 5452 voluntatis
3305 5413 3550 5452 assensus
3568 5413 3685 5469 non
3719 5408 3807 5455 te-

2209 5498 2398 5543 neatur
2422 5489 2475 5543 in
2504 5489 2744 5542 crimine.
2775 5487 3032 5559 Quotquot
3059 5488 3195 5547 enim
3222 5471 3558 5539 crediderunt
3576 5488 3630 5540 in
3653 5505 3804 5553 eum,

2209 5581 2283 5633 ait
2310 5578 2542 5633 Joannes
2564 5577 2909 5645 evangelista,
2937 5577 3077 5631 dedit
3104 5577 3178 5630 eis
3205 5583 3506 5640 potestatem
3529 5575 3670 5646 filios
3696 5577 3805 5631 Dei

2207 5669 2353 5737 ﬁeri;
2377 5669 2456 5721 his
2480 5668 2566 5739 qui
2585 5666 2798 5720 credunt
2816 5668 2870 5719 in
2891 5666 3096 5721 nomine
3117 5665 3248 5734 ejus,
3270 5666 3355 5736 qui
3379 5681 3480 5718 non
3504 5681 3567 5718 ea:
3591 5668 3812 5737 sangni.

2207 5758 2385 5825 nibus,
2422 5775 2580 5830 neque
2617 5774 2684 5812 ea:
2729 5757 2986 5812 voluntate
3027 5746 3416 5823 carnispneqne
3445 5773 3511 5809 ex
3536 5757 3812 5815 voluntate

2207 5854 2322 5922 viri,
2350 5851 2438 5907 sed
2478 5869 2540 5907 ra:
2571 5850 2675 5906 Deo
2705 5851 2814 5906 nati
2837 5861 2954 5906 sunt
2985 5850 3159 5924 (Joan.
3189 5867 3224 5919 i,
3254 5846 3360 5919 16).
3391 5846 3541 5903 Sicut
3567 5862 3699 5918 ergo
3730 5862 3812 5913 ex
