4014 6340
247 406 365 464 ’ΒἼἹ

1311 401 1654 456 FERRANDI
1693 399 1958 456 nucem
1997 397 2347 466 EPISTULA,
2387 393 2476 452 xx.

3393 399 3499 455 378

277 519 538 571 voluntate
563 514 738 570 carnis
759 521 919 584 atque
951 527 1016 566 ex
1042 511 1315 566 voluntate
1340 513 1438 566 viri
1461 513 1634 567 exorti
1651 513 1822 566 aliena
1855 521 1895 573 Α
1929 512 2178 565 animalia
2201 525 2318 577 qua:
2339 511 2572 580 cymiees
2595 507 3142 576 nuncupanturmeus
3165 523 3270 564 non
3293 509 3494 575 fecerit,

268 608 482 661 trahunt
508 611 748 673 peccata,
772 601 1012 671 quamvis
1047 601 1280 655 nondum
1320 602 1552 657 habeant
1580 603 1824 671 pr0pria:

267 698 338 748 ita
363 711 430 748 ex
451 693 562 747 Deo
589 692 717 755 nati,
741 691 783 744 si
808 689 1038 759 propria:
1063 689 1350 744 voluntatis
1371 691 1422 743 in
1446 692 1524 743 eis
1543 691 1698 758 culpa
1724 705 1828 742 non

263 786 438 848 fuerit,
473 782 614 837 nulla
649 788 998 850 asperguntur
1050 779 1235 833 alienae
1291 779 1586 847 iniquitatis
1614 777 1821 846 injuria.

261 874 525 940 Quoniam
573 873 710 925 sicut
755 871 924 938 prima
953 869 1203 922 nativitas
1232 867 1442 922 edendo
1491 867 1664 920 infixit
1688 865 1828 934 quod

261 981 488 1019 nascens
523 978 629 1016 non
670 961 812 1025 fecit,
861 961 934 1014 ita
960 959 1193 1013 secunda
1223 958 1404 1011 abluto
1430 957 1675 1024 originali
1706 971 1830 1025 pec-

257 1062 382 1107 cato
403 1052 674 1113 nativitas,
701 1050 752 1102 in
789 1049 903 1104 sola
930 1049 1162 1116 positum
1193 1047 1417 1114 imputat
1436 1046 1709 1099 voluntate
1736 1044 1830 1099 de-

257 1141 466 1195 lictum.
492 1139 548 1193 In
579 1140 679 1193 hac
710 1138 867 1206 igitur
892 1144 1048 1205 parte
1076 1152 1106 1189 a
1135 1136 1288 1189 malis
1315 1135 1640 1202 sequestrari
1669 1134 1830 1188 debe-

256 1247 396 1296 mus,
453 1231 506 1284 in
532 1244 637 1298 qua
669 1227 928 1297 primitias
982 1227 1199 1294 spiritus
1237 1225 1494 1278 habentes
1533 1223 1829 1293 consepulti

255 1320 473 1378 Christo
502 1322 554 1374 in
585 1319 852 1388 baptismo
881 1315 1289 1370 resurreximus.
1317 1314 1373 1368 lu
1403 1329 1508 1380 quo
1539 1315 1699 1368 etiam
1729 1328 1824 1367 ve-

257 1424 428 1468 terem
455 1408 850 1477 hominem,qui
871 1406 1234 1474 corrumpitur
1253 1407 1540 1460 secundum
1562 1404 1828 1460 desideria

260 1503 481 1567 erroris,
514 1501 682 1571 gratia
703 1499 799 1553 Dei
830 1497 1188 1566 praeveniente
1217 1503 1273 1549 et
1292 1495 1582 1550 comitante
1610 1493 1826 1562 deponi.

258 1609 392 1657 mus,
425 1601 487 1645 ut
534 1605 730 1644 novum
781 1588 1070 1652 hominem,
1116 1586 1210 1654 qui
1257 1585 1547 1640 secundum
1576 1583 1745 1637 Deum
1777 1583 1830 1637 in

259 1681 458 1750 iustitia
515 1686 570 1732 et
612 1679 664 1730 in
691 1677 972 1731 sanctitate
999 1675 1238 1730 caritatis
1265 1680 1477 1728 creatus
1502 1681 1603 1737 est,
1639 1672 1827 1727 indua-

261 1791 373 1829 mus
396 1791 409 1825 :
445 1772 548 1826 Per
581 1771 880 1823 Dominum.

829 1874 1156 1930 EPISTULA
1193 1873 1258 1927 X.

878 1989 1082 2056 ropom’t
1131 1987 1262 2038 duas
1315 1983 1640 2056 qua’stiones,
1669 1999 1825 2035 unam

262 1996 460 2051 Scariia
518 1989 792 2062 Fulgentio

860 2059 938 2111 itii
957 2057 1074 2123 Dei,
1097 2056 1310 2110 alteram
1333 2056 1396 2108 de
1421 2055 1593 2107 vilium
1624 2056 1824 2106 anima-

326 2067 386 2118 ἀι
415 2061 783 2117 lncarnatione

330 2137 449 2188 lium
480 2141 712 2185 auctore.

329 2244 547 2298 Domino
567 2248 752 2296 sancto
773 2254 838 2293 ac
865 2237 1192 2298 beatissimo,
1220 2242 1276 2290 et
1303 2234 1613 2304 apostolicis
1661 2235 1824 2288 meri-

253 2338 325 2390 tis
364 2330 709 2400 coaequando,
757 2326 894 2398 patri
946 2325 1247 2380 FULGENTIO
1295 2325 1551 2394 episcopo
1596 2322 1824 2378 famulus

257 2436 378 2480 tuus
401 2423 650 2477 Scamu.

327 2515 372 2570 l.
407 2512 777 2581 lmperitorum
823 2507 1081 2562 desideria
1109 2506 1445 2576 paternitatis
1471 2511 1664 2558 vestra!
1685 2504 1820 2558 mul-

250 2615 362 2658 tum
386 2602 690 2658 desiderant
703 2598 995 2672 peritiam;
1026 2597 1147 2665 quia
1177 2595 1436 2663 scriptum
1462 2603 1543 2648 est
1568 2611 1580 2646 :
1614 2593 1823 2663 Inquire

249 2706 438 2767 patrem
462 2703 622 2756 tuum,
655 2698 700 2744 et
733 2685 1057 2741 annuutiabit
1088 2683 1208 2749 tibi;
1240 2686 1465 2738 seniores
1495 2692 1625 2748 tuos,
1657 2694 1705 2736 et
1731 2684 1823 2737 do-

251 2788 424 2842 relnnu
455 2797 500 2839 te
533 2783 710 2855 (Deut.
753 2796 921 2843 xxx",
953 2780 1039 2848 7);
1071 2786 1126 2833 et
1164 2779 1288 2846 quia
1334 2778 1478 2846 quod
1523 2779 1822 2846 intelligere

249 2895 350 2933 non
381 2893 682 2948 possumus,
714 2863 1012 2928 sanctitatis
1058 2878 1162 2924 tua:
1201 2868 1446 2923 doctrina
1475 2885 1634 2923 nosse
1674 2869 1818 2924 desi-

249 2967 540 3110 negligi;
569 3053 635 3106 ad
665 3064 902 3105 mensam
946 3045 1234 3103 Christiani
1266 3043 1514 3101 Ecclesire
1543 3044 1818 3104 catholica!

249 3147 339 3200 lilii
366 3146 444 3200 tui
461 3141 651 3198 Eventi
673 3141 739 3196 de
749 3139 842 3194 Dei
868 3137 1240 3192 lncarnatione
1259 3135 1460 3190 locutio
1485 3145 1816 3200 nasceretur,

1932 597 2026 652 sed
2057 605 2177 667 post
2195 597 2545 664 dejectionem
2569 598 2740 663 angeli
2769 597 2908 652 illius
2929 597 3127 666 indigni
3147 597 3361 663 diaboli,
3386 599 3498 655 haec

1929 688 2106 741 omnia
2130 687 2196 740 ab
2224 688 2340 755 ipso
2366 687 2578 740 diabolo
2605 686 2741 740 facta
2772 695 2926 750 sunt;
2953 695 3007 740 et
3046 689 3171 740 dum
3200 687 3500 742 diceremus

1929 780 2053 848 quia
2081 778 2262 832 omnia
2311 778 2450 831 Deus
2507 777 2714 843 fecerit,
2745 784 2799 831 et
2828 778 2941 832 hmc
2967 779 3107 832 bona
3149 778 3301 832 valde
3321 820 3336 845 ,
3367 778 3501 831 dixit

1927 868 2072 935 quod
2096 867 2432 922 sanctitatem
2457 875 2600 920 tuam
2645 876 2700 920 et
2722 867 2788 922 de
2820 868 2924 922 hoc
2961 867 3277 922 deberemus
3299 884 3499 923 consu-

1930 957 2058 1019 lere,
2094 965 2152 1008 ut
2181 955 2296 1024 ipse
2321 955 2384 1012 de
2413 955 2514 1009 hoc
2563 957 2808 1009 satislieri
2835 956 3022 1022 jubeas
3047 973 3059 1008 :
3088 957 3142 1009 Si
3173 965 3296 1009 ante
3326 964 3501 1012 trans-

1925 1047 2251 1113 gressionem
2281 1046 2492 1114 quando
2521 1047 2660 1100 Deus
2689 1047 2866 1101 omnia
2893 1047 3033 1114 fecit,
3065 1055 3190 1101 tunc
3212 1048 3313 1100 ista
3355 1048 3496 1102 facta

1927 1143 2070 1198 sunt,
2097 1150 2164 1187 an
2206 1145 2328 1203 post
2373 1137 2846 1202 transgreSsionem
2877 1137 3021 1191 Adm.
3066 1137 3168 1190 Ora
3197 1154 3294 1206 pro
3324 1139 3496 1202 nobis,

1927 1227 2142 1281 domine
2168 1235 2350 1280 sancte
2371 1243 2435 1281 ac
2462 1227 2764 1280 beatissime
2795 1236 2948 1295 pater

2495 1312 2820 1370 EPISTOLA
2839 1316 2929 1370 x1.
2990 1303 2992 1308 ’

1927 1403 2230 1478 Ferraudas
2259 1405 2506 1478 diaconus
2530 1405 2802 1478 Fulgentio
2833 1410 3068 1476 proponit
3099 1408 3229 1460 duas
3257 1412 3496 1478 maestio-

1999 1491 2107 1546 nes,
2140 1475 2200 1546 de
2229 1475 2393 1526 salute
2419 1475 2681 1544 (Ethiopis
2712 1479 3077 1540 calechumeni,
3110 1475 3356 1546 baptismi
3382 1495 3495 1532 cum

1992 1545 2112 1618 jam.
2147 1545 2204 1618 vi
2236 1545 2396 1618 morbi
2442 1554 2571 1618 esset
2600 1548 2780 1598 mentis
2809 1547 2994 1615 impos,
3024 1563 3084 1598 ac
3113 1545 3214 1599 non
3257 1557 3494 1618 percepta

1997 1613 2308 1666 euclmristiu
2336 1616 2540 1667 mortui.

1997 1702 2226 1757 Domino
2272 1704 2584 1758 beatissimo
2612 1713 2806 1760 etcum
2836 1706 2981 1760 omni
3011 1707 3356 1767 veneratione
3376 1723 3494 1760 sus-

1929 1792 2175 1861 cipiendo
2206 1793 2342 1861 patri
2383 1792 2687 1849 Fuwss'no
2739 1796 2993 1864 episcopo
3023 1795 3338 1851 Fenaannus
3381 1797 3494 1850 dia-

1862 1889 1905 1948 Β
1932 1897 2098 1936 conus
2128 1883 2178 1935 in
2205 1883 2429 1936 Domino
2460 1884 2704 1940 salutem.

2000 1971 2050 2024 l.
2085 1970 2187 2036 Qui
2217 1972 2444 2026 terrenis
2483 1972 2719 2039 indigent
2745 1974 3106 2039 facultatibus,
3137 1989 3238 2028 nec
3263 1973 3495 2030 diuturni

1925 2063 2104 2133 operis
2127 2065 2442 2117 continuato
2464 2063 2666 2129 labore,
2695 2063 2780 2117 vel
2807 2065 3044 2119 honesta:
3064 2065 3194 2119 artis
3218 2064 3493 2132 industria,

1923 2155 2036 2208 sive
2065 2153 2284 2209 forsitan
2314 2155 2536 2209 honesta
2578 2155 2940 2222 negotiatione
2966 2165 3288 2224 pascuntur,
3321 2156 3496 2211 solent

1923 2253 2049 2299 ante
2076 2245 2300 2299 divitum
2329 2245 2490 2309 fores,
2522 2251 2803 2314 postquam
2823 2244 3197 2300 verecundiam
3216 2245 3384 2300 fames
3405 2260 3496 2299 ex-

1922 2336 2160 2401 cluserit,
2182 2336 2510 2403 suspirantes
2536 2336 2733 2390 victum
2760 2335 3009 2404 precibus
3037 2350 3309 2402 quaerere;
3337 2335 3483 2387 viro-

1923 2440 2039 2479 rum
2085 2440 2301 2494 quoque
2347 2424 2603 2478 nobilium
2644 2425 3084 2478 clementissimas
3123 2439 3279 2477 aures
3335 2424 3494 2492 etiam

1923 2515 2226 2582 importuna
2257 2514 2543 2580 aliquando
2566 2513 2825 2582 petitione
2855 2514 3067 2583 pulsare
3093 2531 3105 2564 :
3141 2521 3334 2565 norunt
3355 2514 3503 2566 enim.

1921 2603 2347 2657 mendicantibus
2377 2619 2480 2656 non
2534 2603 2788 2672 prodesse
2829 2603 3062 2656 silentia.
3105 2601 3217 2669 Ego
3245 2601 3493 2675 verolqui

1921 2695 2122 2762 ingenii
2153 2696 2404 2763 pauperis
2445 2696 2632 2748 laboro
2661 2695 2905 2763 penuria,
2929 2708 3104 2761 neque
3133 2675 3312 2746 multis
3341 2693 3493 2746 obla-

1922 2786 2188 2838 trantibus
2217 2787 2360 2839 curis
2400 2785 2610 2852 operari
2633 2785 2812 2839 cibum
2862 2785 3139 2854 sapientia:
3183 2784 3493 2852 quotidiana

1921 2875 2115 2928 divinae
2144 2875 2388 2928 lectionis
2419 2874 2766 2928 meditatione
2790 2875 3102 2944 permittor;
3133 2874 3308 2927 minus
3331 2874 3493 2946 etiam

1919 2965 2216 3033 pnevalens
2247 2966 2398 3027 meis,
2433 2964 2482 3016 id
2512 2973 2593 3017 est
2617 2965 3037 3034 disputationum
3075 2965 3186 3019 sive
3215 2966 3494 3033 cogitatio-

1922 3070 2050 3108 num
2104 3070 2343 3109 mearum
2368 3057 2567 3109 viribus
2623 3056 2941 3124 investigare
2991 3055 3172 3118 dubia,
3206 3056 3496 3125 explanare

1920 3143 2172 3210 obscura,
2201 3145 2441 3198 dividere
2469 3161 2531 3200 ac
2554 3143 2778 3201 deﬁnire
2805 3146 3092 3212 contraria,
3118 3147 3274 3216 pulso
3295 3148 3496 3203 crebris

247 3247 376 3290 unus
399 3250 468 3288 ex
489 3232 644 3287 nobis
669 3233 771 3284 hoc
799 3231 866 3284 de
887 3229 999 3298 ipsa
1021 3226 1398 3280 incarnatione
1416 3217 1666 3285 asseruit,
1691 3240 1820 3294 quo-
1844 3239 1891 3302 (ς
1920 3234 2204 3301 gemitibus
2250 3235 2316 3286 ad
2371 3235 2608 3290 caelestis
2655 3234 3040 3305 patrisfamilim
3068 3237 3231 3307 214
3252 3236 3492 3305 januam.

247 3327 384 3378 niam
407 3339 514 3378 non
544 3321 685 3376 Deus
714 3320 892 3381 Pater,
917 3316 1010 3372 sed
1031 3317 1172 3370 Deus
1187 3310 1349 3368 Filius
1375 3329 1591 3368 carnem
1615 3313 1814 3380 induit;

246 3425 293 3468 et
315 3414 454 3468 alius
481 3413 616 3466 dixit
641 3429 654 3462 :
685 3409 803 3479 Ipse
834 3408 974 3461 Deus
995 3405 1090 3474 qui
1119 3420 1256 3458 unus
1284 3412 1368 3457 est
1413 3404 1466 3456 in
1498 3404 1667 3457 tribus
1694 3401 1816 3470 dig-

244 3513 398 3557 natus
442 3511 525 3556 est
562 3515 781 3555 carnem
807 3510 1101 3559 assumere,
1134 3502 1193 3548 ut
1229 3500 1470 3548 nostram
1503 3493 1813 3548 servitutem

244 3611 341 3665 qua
372 3609 470 3662 per
498 3590 974 3658 transgressionem
1017 3587 1184 3655 patris
1225 3585 1396 3638 nostri
1429 3584 1557 3637 Adae
1595 3583 1814 3650 obligati

242 3671 628 3744 detinebamur,
655 3679 723 3732 ad
745 3679 1045 3740 libertatem
1074 3676 1412 3745 perduceret.

303 3774 356 3827 5.
386 3772 456 3825 Et
482 3774 617 3825 scire
646 3769 886 3838 cupimus
907 3768 950 3821 si
981 3768 1092 3836 ipse
1127 3766 1267 3820 Deus
1289 3764 1446 3819 Pater
1484 3764 1816 3820 descenderit

238 3873 289 3918 et
341 3877 562 3918 carnem
617 3858 992 3927 assumpserit;
1023 3872 1110 3921 an,
1150 3856 1266 3924 ipso
1317 3855 1606 3920 residente,
1642 3853 1813 3908 Verbo

239 3953 570 4009 mandaverit
619 3951 762 4020 quod
814 3962 1028 4004 carnem
1084 3945 1473 4016 assumpserit?
1499 3945 1632 4000 cum'
1673 3944 1812 3998 scia-

238 4060 349 4098 mus
400 4043 654 4110 quoniam
702 4039 932 4094 Verbum
979 4052 1109 4091 caro
1137 4035 1333 4090 factum
1363 4043 1464 4098 est,
1498 4041 1556 4087 ut
1579 4034 1693 4102 ipse
1724 4034 1815 4086 ha-

238 4134 437 4188 bitaret
458 4132 510 4185 in
541 4130 710 4194 nobis,
733 4127 828 4184 sed
851 4128 990 4181 inter
1013 4126 1262 4186 Verbum,
1287 4123 1431 4192 quod
1461 4123 1602 4177 Deus
1631 4131 1733 4187 est,
1757 4135 1813 4177 et

238 4222 473 4287 Patrem,
498 4222 588 4290 qui
613 4220 750 4274 Deus
769 4226 871 4284 est,
897 4232 999 4272 una
1024 4226 1371 4284 utrorumque
1403 4215 1558 4284 213
1586 4213 1810 4268 descen-

234 4315 307 4368 dit
367 4314 442 4368 ad
473 4312 788 4367 induendum
818 4325 1034 4365 carnem
1063 4308 1347 4377 majestas,
1396 4308 1520 4376 quia
1549 4307 1806 4374 legimus:

235 4407 332 4460 Hic
362 4414 446 4461 est
476 4405 616 4458 Deus
652 4414 840 4467 noster,
873 4414 922 4456 et
950 4419 1053 4455 non
1083 4401 1412 4454 a’utmnbitm
1465 4400 1596 4453 alius
1623 4399 1809 4471 absque

235 4500 348 4562 illo;
377 4507 496 4567 post
521 4499 626 4550 lucc
651 4497 704 4550 in
734 4498 882 4549 terris
903 4497 1036 4550 visus
1061 4504 1158 4560 est,
1181 4502 1229 4548 et
1251 4510 1364 4547 cum
1384 4494 1672 4547 hominibus
1694 4510 1810 4546 con-

1919 3321 2024 3376 Sed
2055 3322 2143 3376 ubi
2198 3338 2384 3376 rursus
2440 3315 2736 3391 indignum,
2767 3325 2852 3378 cui
2909 3333 3017 3379 tam
3071 3327 3180 3381 cito
3226 3328 3494 3397 aperiatur

1917 3411 2061 3478 quod
2085 3411 2227 3477 volo,
2258 3413 2632 3480 memetipsum
2654 3414 2944 3478 convinco,
2982 3423 3109 3469 tunc
3140 3431 3236 3471 eos
3265 3432 3402 3485 quos
3429 3420 3492 3474 de

1918 3499 2117 3554 intimis
2145 3503 2286 3569 regis
2313 3502 2542 3556 cubiculi
2574 3503 2939 3570 penetralibus
2983 3505 3253 3573 accepisse
3278 3506 3490 3576 dispen-

1915 3589 2134 3642 sandam
2185 3589 2384 3644 domini
2432 3591 2534 3644 mei
2578 3593 2858 3660 pecuniam
2885 3592 3074 3658 video,
3110 3609 3240 3649 voce
3267 3598 3490 3665 supplici

1913 3671 2196 3747 deprecor,
2227 3688 2288 3733 ut
2308 3681 2593 3748 dignentur
2620 3679 2814 3735 famem
2846 3690 3085 3736 nostram
3118 3685 3342 3740 modicis
3382 3689 3488 3741 sal-

1917 3777 2022 3822 tem
2068 3771 2368 3840 sumptibus
2396 3772 2678 3824 consolari.
2712 3771 2950 3838 Quorum
2979 3773 3103 3841 quia
3127 3790 3263 3828 unus
3291 3791 3356 3830 ex
3387 3793 3488 3831 nu-

1914 3876 2062 3916 mero
2093 3862 2415 3916 talentorum
2446 3863 2540 3916 tibi
2589 3864 2915 3917 creditorum
2960 3866 3314 3934 multiplicare
3345 3867 3486 3924 lucra

1912 3949 2184 4003 desideras
2204 3991 2220 4017 ,
2250 3959 2304 4004 et
2332 3951 2565 4005 caelestis
2593 3953 2781 4006 scribte
2811 3953 3252 4022 pretiosissimam
3281 3968 3488 4024 marga-

1911 4041 2088 4105 ritam,
2117 4056 2277 4108 quam
2299 4041 2842 4097 distractisomnibus
2869 4039 2986 4111 qiim
3023 4044 3221 4099 habeas
3247 4047 3486 4114 negotia.

1912 4139 1996 4185 tor
2014 4131 2354 4186 fidelissimus
2382 4133 2724 4202 comparasti,
2743 4135 3065 4203 generaliter
3085 4137 3483 4205 acquirendam.

1912 4223 2302 4290 possidendam,
2337 4223 2732 4293 perfruendam,
2761 4226 2880 4287 sine
2937 4227 3131 4280 invidia
3179 4227 3486 4283 tabescente

1909 4312 2296 4376 communicas;
2319 4312 2515 4382 profer,
2531 4314 2775 4374 obsecro,
2797 4313 2863 4367 de
2879 4315 3129 4368 thesauro
3141 4322 3252 4381 tuo,
3272 4317 3485 4383 dispen~

1908 4410 2057 4456 sator
2084 4404 2316 4470 egregie,
2349 4418 2488 4456 nova
2527 4403 2684 4456 simul
2715 4411 2771 4456 et
2791 4412 3001 4470 vetera,
3023 4405 3217 4471 quibus
3247 4405 3485 4472 indigen-

1909 4500 2016 4545 tem
2063 4491 2378 4560 locupletes,
2421 4493 2744 4548 esurientem
2797 4508 3021 4561 pascas,
3056 4493 3358 4561 imperitum
3387 4494 3482 4547 do-

233 4595 465 4639 senatus
486 4594 559 4639 est
583 4584 826 4655 (Baruch.
847 4584 1045 4652 111,36).
1065 4582 1131 4636 Et
1151 4597 1269 4637 cum
1287 4583 1426 4636 istud
1443 4582 1802 4636 testimonium
1838 4599 1881 4656 ι)
1906 4596 2050 4647 ceas,
2078 4581 2339 4635 dubitanti
2359 4584 2486 4649 quid
2506 4591 2762 4650 sequatur
2787 4583 3054 4637 ostendas.

230 4677 281 4729 in
309 4675 551 4730 medium
580 4674 966 4744 prolerremus,
999 4675 1102 4728 hoe
1139 4674 1299 4728 etiam
1340 4673 1426 4727 ille
1464 4688 1493 4727 e
1531 4673 1807 4728 contrario

229 4762 448 4819 locutus
474 4774 589 4818 est:
623 4746 695 4818 De
723 4763 859 4817 Filio
890 4764 993 4819 hoc
1022 4764 1176 4829 dixit,
1220 4780 1329 4818 non
1377 4763 1445 4817 de
1475 4764 1582 4818 Deo
1611 4762 1802 4828 Patre;

227 4867 279 4908 et
302 4871 409 4924 ego
443 4856 506 4908 ad
536 4871 766 4923 priesens
795 4856 1007 4910 locutus
1029 4841 1146 4910 sum
1181 4875 1192 4908 ς
1229 4855 1385 4922 Quod
1413 4856 1570 4909 simul
1601 4855 1804 4924 pariter

229 4946 569 5013 ignoremus,
607 4947 673 5001 ad
723 4947 894 5001 sancti
929 4948 1098 5016 patris
1137 4945 1396 5014 Fulgentii
1424 4947 1679 5017 episcopi,
1716 4947 1803 5001 cui

229 5032 368 5088 Deus
401 5044 560 5088 tantae
607 5037 816 5090 virtutis
866 5037 1146 5090 scientiam
1175 5035 1379 5090 donare
1419 5038 1665 5104 dignatus
1693 5045 1800 5105 est,

227 5138 506 5179 recursum
555 5125 828 5192 faciamus,
859 5128 950 5196 qui
980 5134 1178 5181 nostra:
1216 5127 1496 5195 imperitia:
1525 5143 1622 5197 per
1648 5136 1800 5197 pate-

227 5211 512 5270 l‘actioncm
528 5218 824 5271 divinarum
837 5218 1232 5287 Scripturarum
1255 5218 1413 5287 plano
1431 5233 1682 5272 sermone
1700 5219 1803 5272 iter

225 5303 490 5356 ostendat.
547 5303 697 5359 Unde
745 5320 831 5358 me
881 5307 984 5358 tuis
1029 5305 1412 5359 co:.mendans
1465 5304 1803 5361 orationibus

224 5397 443 5456 sanctis,
476 5403 599 5464 peto
649 5412 743 5466 per
788 5397 936 5451 illum
985 5398 1074 5467 qui
1117 5399 1455 5452 sanctitatem
1483 5405 1627 5452 tuam
1652 5406 1801 5454 tanta

223 5485 394 5548 gratia
426 5487 741 5551 muneravit,
765 5494 823 5541 ut
842 5487 1032 5554 jubeas
1060 5504 1157 5543 nos
1192 5496 1250 5542 ut
1281 5488 1453 5543 bonus
1480 5497 1633 5558 pater
1675 5505 1796 5558 qua:

224 5571 533 5643 ignoramus
562 5576 820 5644 imbuere,
843 5587 898 5631 et
937 5577 1005 5633 de
1033 5571 1132 5634 illo
1147 5579 1293 5634 fonte
1322 5579 1460 5634 unde
1482 5596 1671 5636 omnes
1698 5583 1792 5637 aui

222 5663 412 5717 sitiunt
439 5665 712 5734 replentur
740 5667 985 5724 inundes.

286 5753 341 5807 4.
376 5753 443 5806 Et
471 5755 613 5810 [inita
641 5757 942 5822 locutione,
993 5759 1129 5814 alius
1175 5775 1206 5815 e
1245 5762 1399 5816 nobis
1444 5761 1580 5816 dixit
1605 5804 1618 5822 .
1645 5763 1789 5832 quod

221 5860 458 5912 muscas,
498 5849 700 5918 pulices
727 5857 780 5906 et
806 5851 1138 5923 scorpiones,
1173 5853 1256 5908 vel
1311 5853 1353 5908 si
1401 5869 1516 5922 qua?
1569 5852 1792 5910 faciliora

1978 4670 2032 4724 2.
2066 4671 2320 4740 Religiosi
2350 4672 2628 4740 cujusdam
2655 4675 2752 4728 viri
2801 4674 3028 4728 famulus
3069 4680 3228 4727 mtate
3273 4673 3480 4728 adoles-

1908 4779 2054 4829 cens,
2085 4763 2268 4818 colore
2294 4763 2566 4832 zEtbiops,
2593 4779 2659 4817 ex
2690 4765 2888 4818 ultimis
2909 4765 3071 4819 credo
3100 4765 3339 4818 barbara:
3366 4781 3480 4832 pro-

1909 4857 2097 4910 vincize
2125 4855 2386 4924 partibus,
2417 4856 2507 4909 ubi
2540 4855 2682 4909 sicco
2709 4856 2837 4908 solis
2868 4856 3006 4924 ignei
3036 4855 3216 4907 calore
3263 4853 3479 4908 fuscan-

1909 4956 2010 5012 tur,
2035 4945 2311 5011 adductus,
2343 4946 2591 5000 salutaris
2616 4945 2812 4999 lavacri
2843 4944 3069 4998 necdum
3091 4944 3263 4998 fuerat
3293 4961 3478 5014 asper-

1907 5037 2030 5102 gine
2054 5036 2360 5101 mundatus,
2383 5044 2476 5090 aut
2504 5037 2735 5089 micante
2765 5035 2960 5088 Christi
2984 5034 3154 5100 gratia
3176 5033 3476 5088 dealbatus.

1907 5127 2006 5182 llic
2024 5141 2152 5194 ergo
2179 5126 2516 5181 dominorum
2545 5125 2778 5179 fidelium
2809 5125 3099 5193 diligentia,
3125 5127 3477 5179 sacramentis

1907 5219 2283 5274 ecclesiasticis
2325 5216 2675 5281 imbuendus,
2707 5216 2772 5269 ad
2802 5213 3086 5269 ecclesiam
3134 5215 3387 5279 traditur;
3420 5214 3474 5268 ﬁt

1905 5328 1972 5367 ex
1995 5325 2142 5365 more
2162 5310 2602 5368 catechumenus;
2633 5315 2752 5376 post
2777 5306 3106 5373 aliquantum
3129 5303 3474 5360 nihilominus

1907 5403 2163 5472 temporis
2211 5402 2602 5471 propinquante
2651 5399 2989 5472 solemnitate
3047 5396 3279 5465 paschali
3334 5395 3472 5449 inter

1902 5470 2271 5563 competentes
2315 5470 2572 5555 olfertur,
2603 5470 2876 5551 scribitur,
2910 5487 3189 5544 eruditur;
3223 5487 3469 5540 universa

1897 5598 2110 5653 quoque
2137 5583 2406 5652 religionis
2430 5582 2708 5637 catholica:
2759 5578 3062 5635 veneranda
3095 5579 3348 5649 mysteria
3374 5593 3470 5632 co-

1893 5688 2154 5742 gnoscens
2172 5683 2331 5742 atque
2353 5673 2668 5743 percipiens,
2692 5671 2962 5727 celebrato
2981 5668 3295 5724 solemniter
3313 5685 3468 5722 scru-

1895 5763 2048 5825 tinio.
2079 5779 2174 5831 per
2195 5764 2553 5818 exorcismum
2603 5771 2787 5818 contra
2819 5760 3091 5816 diabolum
3131 5760 3464 5823 vindicatur;

1895 5855 1978 5909 cui
2006 5869 2064 5909 se
2097 5855 2399 5910 renuntiare
2447 5862 2776 5921 constanter,
2809 5852 2948 5909 sicut
2993 5849 3082 5934 hic
3131 5848 3463 5914 consuetudo
