4072 6332
501 402 605 460 579

1532 398 1590 454 S.
1627 391 1987 453 FULGENTII
2024 390 2326 451 EPISCOPI
2367 385 2734 453 RUSPENSIS

3657 394 3769 452 53"

501 518 780 592 pascebat,
807 518 1081 574 auditurus
1110 517 1422 589 Symbolum
1446 515 1743 588 proﬁtetur.
1781 515 1898 585 ipsa
1922 516 2069 570 inSu-
2104 517 2154 575 Α
2177 514 2325 579 verbi
2354 492 2488 569 liber
2513 515 2633 569 sita
2664 514 2821 584 culpa
2851 512 3212 583 negligentiae,
3244 528 3351 567 non
3382 520 3440 567 ut
3461 512 3550 568 ille
3578 520 3756 570 osten-

502 612 602 681 per
626 608 801 664 sancti
817 607 1056 680 Symboli
1080 607 1245 662 verba
1271 606 1587 661 memoriter
1614 606 1666 660 in
1696 611 1987 675 conspectu
2013 604 2078 656 ti-

503 699 638 754 delis
657 699 845 769 populi
881 697 1025 751 clara
1078 710 1208 751 voce
1253 696 1623 765 pronuntians,
1652 696 1809 766 piam-
1840 695 2081 764 regulam

503 786 785 842 dominica:
813 785 1076 840 orationis
1127 786 1355 855 accepit.
1411 785 1686 854 Simulque
1726 785 1835 854 jam
1864 794 1920 840 et
1956 785 2084 855 quid

503 877 770 944 crederet,
800 883 856 930 et
877 876 1009 945 quid
1061 885 1246 931 oraret
1299 877 1621 945 intelligens,
1655 877 1831 931 futuro
1876 877 2082 947 baptis-

424 994 439 1001 —
494 967 631 1021 amati
664 966 972 1047 parabatur,
998 982 1119 1022 cum
1149 966 1326 1022 subito
1351 967 1600 1022 violentis
1631 967 1898 1022 invaditur
1918 966 2082 1022 febri-

503 1052 622 1121 bus,
643 1062 700 1109 et
726 1064 1001 1110 crescente
1026 1056 1210 1110 lethali
1231 1056 1539 1111 inﬁrmitate
1569 1057 1832 1112 turbatur.
1856 1055 2084 1111 Persua—

502 1143 573 1198 sit
597 1144 801 1199 dierum
828 1145 1082 1210 brevitas,
1113 1154 1172 1199 ut
1192 1145 1260 1200 ad
1279 1145 1480 1202 fontem
1499 1161 1620 1201 cum
1637 1146 1845 1202 caeteris
1864 1146 2086 1201 abluen-

503 1232 605 1288 dus
631 1233 959 1298 ditlerretur,
987 1237 1101 1291 sive
1128 1237 1306 1307 potius
1328 1244 1653 1292 servaretur.
1672 1236 1739 1290 Et
1756 1236 1886 1307 quid
1913 1237 2083 1307 pluri-

504 1340 605 1381 nus
632 1327 920 1384 immorer?
950 1328 1092 1382 Hora
1126 1338 1378 1399 exoptata
1432 1330 1639 1385 cunctis
1679 1330 2004 1393 advenerat,
2031 1330 2083 1383 in

502 1429 606 1483 qua
639 1417 867 1486 populus
914 1418 1303 1487 a'cquisitionis,
1338 1417 1684 1489 Redemptori
1714 1434 1812 1474 suo
1835 1434 1931 1488 per
1952 1418 2088 1487 bap-

504 1506 719 1561 tismum
748 1509 1110 1577 consepultus,
1153 1510 1316 1563 vitam
1340 1518 1581 1565 veterem
1629 1518 1873 1581 poneret,
1905 1520 1961 1565 et
1988 1526 2088 1565 no-

502 1608 624 1650 vam
665 1598 1080 1652 resurrectionis
1104 1597 1262 1653 ﬁdem
1286 1599 1571 1654 innovatus
1595 1588 1909 1655 assumeret.
1938 1598 2087 1654 Tunc

500 1686 594 1752 ille
638 1687 690 1742 in
741 1695 984 1744 extremo
1032 1689 1201 1744 halitu
1259 1691 1601 1756 constitutus,
1634 1691 1751 1745 sine
1778 1706 1938 1757 voce,
1970 1691 2086 1746 sine

502 1785 674 1845 motu,
699 1779 816 1834 sine
856 1795 1038 1846 sensu,
1066 1781 1198 1845 nihil
1223 1782 1409 1837 valens
1435 1782 1704 1838 sacerdoti
1731 1783 2084 1852 interroganti

2181 605 2340 660 datur
2364 621 2592 661 consors
2612 606 2987 676 particepsque
3002 603 3242 675 iustitia.
3268 603 3517 670 Maxime,
3547 605 3674 676 quia
3696 605 3767 659 li-

2183 676 2272 750 cet
2317 695 2517 750 multos
2564 695 2619 749 in
2670 695 2771 749 hac
2820 709 2880 750 re
2909 694 3115 749 moveri
3142 692 3376 757 videam,
3409 708 3551 764 saepe
3579 701 3767 749 tamen

2185 786 2304 858 plus
2325 788 2442 857 ipse
2461 802 2833 852 commoveor;
2858 787 3112 841 haesitans
3136 786 3308 857 qualis
3336 785 3529 840 debeat
3579 786 3772 841 haberi

2184 878 2451 932 sententia
2500 877 2567 931 de
2615 878 2699 932 his
2745 877 2858 947 qui,
2906 877 3125 932 etiamsi
3146 876 3383 944 legitime
3409 891 3540 932 sana
3587 885 3772 931 mente

2184 966 2542 1036 baptizantur,
2570 968 2931 1037 praeveniente
2951 967 3189 1021 velocius
3217 975 3411 1031 morte,
3434 960 3652 1021 carnem
3664 965 3771 1022 Do-

2187 1060 2317 1115 mini
2347 1059 2672 1114 manducare
2725 1067 2781 1114 et
2808 1059 3120 1127 sanguinem
3147 1058 3265 1127 ejus
3311 1059 3497 1114 bibere
3541 1076 3647 1113 non
3694 1058 3773 1111 si-

2187 1139 2409 1205 nuntur.
2439 1150 2575 1205 Nota
2602 1150 2800 1219 quippe
2829 1157 2953 1204 sunt
2982 1148 3228 1203 ﬁdelibus
3255 1147 3551 1204 Salvatoris
3605 1148 3772 1203 verba

2186 1239 2413 1295 dicentis
2440 1259 2452 1294 :
2485 1239 2609 1294 Nisi
2635 1241 3069 1294 manducaueritis
3092 1256 3300 1294 carnem
3343 1239 3467 1294 Filii
3523 1240 3771 1305 hominis,

2184 1342 2234 1385 et
2255 1330 2482 1385 biberitis
2513 1333 2624 1402 ejus
2653 1331 2979 1401 sanguinem,
3004 1346 3105 1384 non
3139 1328 3386 1385 habebitis
3416 1332 3571 1384 vitam
3600 1332 3652 1383 in
3679 1346 3770 1383 uo-

2187 1420 2264 1477 bis
2296 1422 2477 1493 (Joau.
2507 1439 2579 1489 v1,
2604 1421 2717 1491 54).
2754 1419 2905 1474 Unde
2959 1420 3211 1489 petimus,
3263 1427 3323 1472 ut
3369 1419 3623 1474 velociori
3681 1434 3771 1474 re-

2188 1512 2479 1583 sponsione
2506 1527 2607 1567 nos
2636 1513 2907 1566 instruas:
2938 1518 3114 1565 utrum
3138 1516 3349 1575 noceat,
3380 1518 3637 1579 quantum
3668 1523 3775 1563 uo-

2187 1611 2327 1670 ceat,
2376 1618 2444 1658 an
2493 1603 2716 1657 omnino
2757 1601 2891 1656 nihil
2920 1608 3131 1663 noceat,
3164 1600 3209 1654 si
3236 1599 3358 1668 quis
3384 1599 3690 1669 baptizatus
3717 1598 3774 1651 in

2193 1697 2416 1751 nomine
2446 1701 2647 1750 sancta:
2696 1692 2977 1748 Trinitatis
3005 1706 3159 1748 sacro
3182 1691 3303 1746 cibo
3338 1698 3578 1761 potaque
3628 1688 3774 1744 frau-

2187 1786 2363 1843 detur.
2412 1785 2584 1841 Simul
2633 1783 2700 1839 ad
2749 1792 2976 1854 utraque
3003 1781 3332 1851 respondere
3362 1779 3631 1863 dignatus,
3654 1794 3774 1848 qua:

501 1869 849 1937 respondere,
877 1868 1231 1925 deferentium
1262 1872 1506 1927 manibus
1526 1881 1878 1943 apportatur;
1909 1882 1964 1927 et
1983 1889 2081 1942 pro
2113 1888 2157 1947 Β
2184 1875 2601 1945 praesumptione
2622 1871 3255 1941 caritatisinterroganda
3279 1870 3774 1940 credimus,etqua2

502 1972 573 2012 co
621 1957 776 2014 nobis
816 1959 970 2029 quasi
1021 1975 1123 2030 pro
1177 1959 1378 2016 infante
1406 1962 1874 2031 respondentibus,
1903 1970 2084 2017 mente

500 2049 912 2106 absentissimus
966 2054 1176 2123 accepit
1232 2053 1581 2122 baptismum,
1622 2069 1784 2123 quem
1829 2070 1889 2109 se
1930 2070 2084 2110 acce-

501 2139 663 2210 pisse,
693 2148 817 2209 post
838 2141 1111 2211 paululum
1141 2151 1405 2211 mortuus,
1436 2143 1489 2196 iu
1510 2143 1611 2199 hac
1640 2144 1908 2214 praesenti,
1934 2136 2083 2199 arbi-

501 2237 632 2296 tror,
663 2232 769 2285 vita
796 2233 1041 2287 nescivit.

568 2320 625 2374 5.
672 2320 864 2387 Quzeso
895 2338 1038 2378 nunc
1066 2332 1244 2378 utrum
1276 2324 1406 2379 nihil
1435 2324 1502 2379 ad
1545 2333 1805 2381 mteruam
1851 2324 2086 2380 beatitu-

474 2410 681 2487 _diuem
735 2413 1171 2482 consequendam
1231 2431 1336 2469 vox
1388 2415 1565 2471 ablata
1618 2415 1883 2470 nocuerit.
1917 2414 2086 2471 Valde

501 2504 642 2559 enim
666 2505 830 2560 timeo
859 2514 1239 2576 nepropterea
1281 2507 1559 2573 Dominus,
1584 2508 1671 2563 cui
1700 2508 1879 2562 omnia
1910 2508 2086 2576 possi-

500 2591 628 2650 bilia
674 2603 821 2662 sunt,
861 2595 1168 2651 facultatem
1224 2598 1475 2668 loquendi
1528 2599 1911 2667 denegaverit,
1940 2596 2086 2668 quod

499 2700 623 2740 eum
651 2683 914 2742 beneﬁcio
934 2689 1184 2742 secundae
1201 2689 1496 2743 nativitatis
1504 2688 1767 2758 judicavit
1786 2689 2079 2757 indignum.

501 2776 786 2844 Quomodo
810 2794 1041 2849 namque
1081 2781 1319 2850 potuerit
1363 2790 1494 2836 tetas
1522 2782 1611 2834 illa
1641 2781 1866 2835 rationis
1913 2796 2086 2850 capax

500 2868 676 2923 aliena
705 2867 1045 2924 confessione
1075 2870 1311 2939 purgari,
1347 2886 1455 2925 nou
1483 2870 1660 2924 video.
1710 2868 1898 2924 Nonne
1938 2870 2085 2924 solos

500 2958 754 3027 parvulos
782 2959 885 3013 rite
912 2960 1179 3014 credimus
1201 2959 1540 3015 oﬁ'erentium
1573 2959 1675 3014 ﬁde
1703 2959 1917 3023 salvari,
1949 2972 2084 3026 quot

502 3048 752 3115 originali
799 3055 1002 3102 tantum
1066 3049 1312 3103 novimus
1367 3048 1651 3117 iniquitate
1698 3048 1988 3103 damnari?
2025 3047 2085 3103 ld

502 3147 698 3207 agente
717 3137 893 3193 divina
919 3139 1127 3208 justitia
1155 3140 1306 3195 miris
1335 3140 1525 3204 modis,
1580 3149 1640 3193 ut
1684 3139 2083 3209 quodammodo

2188 1963 2369 2019 multis
2400 1963 2682 2019 utilissima
2712 1963 2828 2019 fore
2847 1961 3201 2032 suggerimus.
3234 1960 3381 2017 Deus
3394 1968 3582 2015 noster
3602 1968 3775 2030 pater-

2185 2055 2412 2110 nitatem
2432 2066 2667 2109 vestram
2708 2053 2777 2108 ad
2798 2052 3210 2108 aediﬁcationem
3234 2059 3472 2107 nostram
3497 2050 3777 2106 custodire

2186 2144 2451 2215 dignetur,
2479 2143 2700 2199 domine
2726 2143 2800 2198 mi
2831 2156 3047 2212 semper
3069 2149 3240 2211 pater.

2648 2275 2812 2347 εις
2840 2270 3169 2328 EPISTOLA
3196 2269 3310 2328 xu.

2189 2385 2492 2459 Fulgentius
2517 2385 2563 2439 F
2567 2387 2791 2459 errando
2820 2385 3149 2459 respondens
3166 2383 3235 2436 ad
3262 2385 3554 2459 propositas
3604 2401 3775 2455 quaes-

2438 2458 2598 2510 tiones
2622 2456 2685 2508 de
2706 2456 2873 2509 salute
2903 2453 3175 2524 )Ethiopis
3208 2453 3518 2507 moribundi.

2260 2567 2485 2622 Domino
2518 2560 2884 2621 venerabiliet
2910 2566 2963 2618 in
2990 2563 3185 2625 Christi
3231 2564 3454 2619 caritate
3487 2565 3781 2635 plurimum

2188 2658 2550 2722 desiderabili,
2585 2667 2774 2713 sancto
2821 2657 2971 2712 fratri
3018 2664 3074 2711 et
3123 2655 3455 2711 condiacono
3488 2657 3781 2715 Faunum

2187 2748 2546 2811 FULGENTIUS,
2570 2762 2846 2802 servorum
2870 2746 3066 2800 Christi
3090 2745 3339 2806 famulus,
3364 2746 3665 2803 inDomiuo
3687 2765 3791 2804 sa-t

2190 2839 2379 2894 lutem.

2258 2949 2439 3005 Curur
2469 2950 2632 3003 t.—l.
2663 2949 2905 3013 Gaudeo,
2939 2958 3124 3005 sancte
3148 2952 3333 3019 frater,
3356 2951 3501 3021 quod
3531 2952 3585 3007 iu
3606 2953 3796 3019 corde:

2188 3048 2281 3094 tuo
2310 3038 2521 3093 ﬂamma
2547 3040 2806 3107 caritatis,
2836 3055 2955 3108 quin
2980 3056 3076 3110 per
3089 3039 3357 3121 Spiritum
3380 3050 3623 3096 sanctum
3671 3042 3785 3097 dif-

2188 3128 2445 3196 funditur,
2470 3131 2643 3198 gratia
2673 3130 2900 3185 subinde
2918 3139 3198 3187 crescente
3226 3132 3458 3186 nutritur
3482 3151 3496 3185 :
3523 3147 3645 3202 qua:
3701 3132 3788 3188 fa-

503 3230 596 3287 ubi
624 3230 849 3285 minime
868 3231 1103 3302 propria,
1127 3231 1181 3286 id
1209 3240 1294 3287 est
1320 3231 1544 3287 actualis
1565 3232 1767 3286 malitia
1792 3232 2079 3300 reperitur,
2113 3262 2158 3324 ε
2187 3224 2262 3324 cit.
2291 3224 2355 3324 in_
2376 3224 2473 3324 .his
2500 3238 2620 3324 qua:
2648 3223 2898 3324 videntur
2926 3224 3207 3324 plerisque
3226 3223 3388 3280 dubia
3422 3224 3787 3324 manifest-mn

503 3321 608 3384 rite
639 3336 742 3376 nec
791 3322 1008 3393 propria
1034 3322 1284 3379 voluntas
1312 3321 1648 3392 requiratur;
1676 3322 1770 3376 sed
1800 3338 1897 3392 per
1917 3322 2083 3377 abim-

502 3410 739 3465 dantiam
779 3409 970 3480 gratiae
1008 3410 1190 3479 detur,
1221 3411 1341 3466 aliis
1368 3410 1731 3476 credentibus,
1763 3412 1927 3477 salus,
1967 3412 2087 3482 qui-

502 3499 621 3566 bus,
653 3501 774 3557 aliis
804 3501 1171 3573 peccantibus,
1219 3509 1404 3557 reatus
1458 3501 1723 3571 ascriptus
1773 3509 1876 3556 est.
1909 3501 1978 3555 At
2005 3502 2091 3557 hic

502 3592 725 3664 proprio
750 3592 967 3649 vivebat
984 3593 1209 3649 arbitrio
1242 3611 1256 3646 :
1289 3608 1452 3663 super
1480 3593 1610 3648 illud
1653 3593 1800 3664 quod
1825 3592 1893 3648 de
1912 3595 2088 3649 radice

502 3689 742 3737 traxerat
784 3682 956 3741 multa
991 3681 1112 3738 sine
1149 3682 1314 3737 dubio
1358 3682 1485 3737 vitia
1525 3682 1751 3752 propria
1799 3669 2092 3760 cupiditate

502 3779 868 3839 contraxerat,
894 3771 1250 3843 plurimorum
1289 3780 1634 3843 peccatorum
1663 3776 1824 3848 215
1863 3773 2091 3827 vinculis

502 3863 792 3933 obligatus,
824 3871 881 3919 et
912 3879 1021 3919 non
1051 3865 1153 3919 nisi
1192 3865 1499 3920 voluntaria
1527 3867 1848 3921 credulitate
1876 3866 2090 3921 salvan.

504 3955 625 4021 dus,
652 3969 817 4024 quam
864 3955 919 4009 in
949 3954 1043 4010 illo
1084 3955 1475 4027 redemptionis
1519 3956 1640 4012 loco
1683 3956 1957 4022 confiteri,
1991 3971 2090 4013 nec

505 4044 694 4110 voluit,
724 4060 825 4101 nec
850 4045 1050 4113 valuit;
1080 4047 1194 4116 'qui
1224 4047 1355 4102 nihil
1406 4048 1673 4113 sentiens,
1705 4048 1842 4103 velle
1868 4049 2103 4104 omnino

506 4134 711 4204 aliquid
753 4151 862 4192 non
902 4136 1090 4191 valuit.
1123 4136 1205 4191 Au
1259 4137 1503 4194 fortassis
1552 4138 1775 4194 scientis
1820 4139 2089 4209 prmterita

506 4224 775 4281 confessio
805 4226 1177 4285 remissionem
1225 4237 1571 4298 peccatorum
1598 4228 1792 4282 meruit
1819 4228 1983 4282 etiam
2005 4244 2093 4283 ne-

506 4314 737 4371 scienti?
757 4312 866 4372 Sed
895 4315 1003 4372 hoc
1031 4315 1213 4372 dicere
1236 4317 1445 4381 dubito,
1478 4333 1545 4372 ne
1574 4317 1694 4386 quis
1723 4316 1852 4371 mihi
1882 4317 2091 4371 veraci-

506 4411 593 4474 ter
614 4402 758 4460 dicat
782 4422 796 4458 :
826 4404 968 4476 Ergo
988 4406 1170 4462 salvus
1188 4415 1351 4469 esset,
1382 4408 1427 4461 si
1457 4423 1556 4461 nec
1577 4406 1645 4460 ad
1676 4407 1845 4475 ipsam
1876 4407 2092 4462 tinctio-

507 4511 629 4551 nem
645 4497 889 4567 corporis
902 4498 1265 4567 pervenisset;
1291 4498 1573 4566 quoniam,
1602 4496 1744 4552 sicut
1765 4497 1981 4564 asseris,
2005 4514 2094 4553 ex-

2193 3313 2392 3383 aliquid
2423 3313 2493 3369 de
2522 3314 2717 3371 litteris
2736 3328 3059 3383 agnoscere;
3084 3329 3153 3370 ne
3176 3315 3303 3370 dum
3333 3315 3658 3383 amb'guitas
3680 3318 3788 3372 har-

2190 3406 2351 3462 betur
2372 3407 2426 3461 iu
2455 3407 2571 3475 ipso
2593 3414 2936 3461 sacramento
2957 3406 3164 3472 salutis,
3195 3413 3417 3475 putetur
3443 3407 3496 3459 in
3544 3422 3789 3463 vacuum

2192 3497 2534 3552 credentibus
2552 3497 2668 3552 dari
2689 3497 2857 3566 gratia
2887 3496 3197 3553 Salvatoris.

2264 3587 2315 3641 2.
2360 3587 2502 3643 Dicis
2538 3586 2738 3655 itaque,
2762 3586 2904 3655 quod
2926 3587 3154 3657 religiosi
3182 3586 3451 3656 cujusdam
3471 3588 3565 3640 viri
3607 3590 3790 3657 fama»

2194 3680 2292 3743 lus,
2326 3689 2478 3734 wtute
2502 3680 2821 3742 adolescens,
2848 3680 3021 3733 colore
3041 3676 3314 3749 Ethiops,
3346 3680 3674 3734 dominorum
3722 3681 3791 3752 β.

2194 3770 2383 3827 delium
2405 3770 2677 3841 diligentia
2704 3771 3045 3824 sacramentis
3068 3769 3430 3825 ecclesiasticis
3449 3769 3792 3835 imbuendus,

2195 3865 2349 3935 fuerit
2376 3864 2446 3916 ad
2465 3864 2731 3916 ecclesiam
2759 3863 3003 3929 traditus,
3042 3871 3093 3915 et
3113 3877 3178 3915 ex
3207 3878 3349 3915 more
3374 3861 3784 3917 catechumenus

2195 3959 2383 4027 factus.
2415 3954 2543 4009 Post
2570 3954 2892 4026 aliquantum
2921 3953 3255 4007 nihilominus
3286 3962 3505 4022 tempus,
3554 3955 3795 4022 propin.-

2193 4055 2381 4116 quante
2409 4046 2734 4099 solemnitate
2760 4043 3013 4114 paschali,
3030 4046 3168 4098 inter
3185 4052 3526 4114 competentes
3553 4042 3795 4113 oblatus,

2192 4138 2430 4207 scriptus,
2446 4138 2698 4205 eruditus,
2719 4136 2954 4190 universa
2974 4153 3168 4209 quoque
3189 4136 3454 4208 religionis
3469 4136 3797 4192 Christiana:

2193 4227 2484 4280 veneranda
2512 4227 2755 4296 mysteria
2780 4242 3090 4296 cognoscam
3120 4235 3271 4298 atque
3299 4227 3610 4297 percipiens,
3640 4230 3798 4282 cele-

2194 4316 2341 4371 brato
2364 4318 2576 4370 solemni
2597 4318 2866 4382 scrutinio,
2890 4333 2983 4385 per
3011 4318 3353 4371 exorcismum
3379 4327 3558 4371 contra
3592 4317 3802 4373 diabo-

2193 4410 2298 4463 lum
2350 4411 2504 4478 {uerit
2547 4409 2868 4473 vindicatus;
2917 4409 2998 4460 cui
3036 4425 3092 4461 se
3132 4408 3431 4462 renuntiare
3457 4416 3799 4470 constanter,

2194 4500 2324 4553 sicut
2354 4497 2605 4553 Ecclesia:
2633 4496 3109 4570 [Carthagineusis,
3135 4497 3187 4551 in
3215 4512 3319 4567 qua
3345 4496 3477 4566 jam,
3508 4496 3621 4551 Deo
3650 4514 3797 4567 pro-

506 4586 758 4658 piatioms
779 4587 1029 4642 meritum
1052 4601 1150 4656 per
1170 4586 1426 4658 mysteria
1458 4592 1726 4651 transacta
1757 4596 2048 4644 meruerat.
2125 4632 2173 4692 υ
2199 4588 2350 4657 pitio,
2369 4586 2627 4643 diaconus
2649 4584 3214 4657 militas],consuetudo
3234 4586 3493 4657 poscebat,
3513 4588 3807 4646 auditurus

526 4718 533 4723 .
576 4675 631 4730 4.
671 4674 974 4739 Postremo,
1002 4691 1099 4731 cur
1121 4676 1413 4731 nonetiam
1456 4682 1699 4734 mortuos
1744 4677 2096 4749 baptizentus,

496 4783 646 4847 quos
670 4783 828 4824 sacro
853 4766 1179 4839 baptismate
1216 4770 1496 4839 repentina
1518 4785 1662 4840 saepe
1681 4786 1828 4826 mors
1857 4771 2092 4836 abstulit,

508 4859 605 4914 sed
649 4874 837 4915 eorum
887 4866 1067 4914 tamen
1090 4859 1361 4928 voluntas,
1394 4851 1675 4930 ﬁdelisqde
1721 4860 1938 4916 devotio
1966 4868 2096 4916 nota

509 4950 759 5007 omnibus
810 4950 947 5006 fuit?
998 4950 1095 5006 Cui
1137 4952 1264 5007 talia
1310 4952 1656 5022 respOndcnti
1703 4953 1749 5007 si
1775 4967 2097 5008 consensum

510 5043 751 5113 prmbere
777 5047 1078 5107 tentavero,
1103 5057 1296 5112 magna
1318 5042 1461 5097 illico
1480 5046 1723 5111 sequitur
1762 5042 2094 5107 absurditas;

514 5141 575 5186 ut
591 5140 827 5202 putetur,
859 5132 964 5187 illis
994 5141 1201 5188 tantum
1232 5133 1499 5205 mysteriis
1520 5131 1911 5188 sufﬁcientibus
1931 5141 1985 5187 et
2011 5147 2098 5187 sa-

512 5222 676 5278 lutem
699 5223 909 5294 plenam
931 5222 1354 5290 conferentibus,
1379 5239 1571 5294 aquam
1591 5224 1754 5278 fontis
1776 5223 1961 5278 aeterni
1991 5238 2098 5279 non

513 5314 905 5370 renasciturum
932 5317 1226 5387 suscipere,
1253 5316 1348 5372 sed
1376 5324 1643 5371 renatum.
1674 5315 1843 5371 Video
1893 5316 1944 5369 in
1997 5317 2100 5371 hoc

514 5408 739 5464 articulo
760 5412 923 5480 posse
946 5410 1196 5465 usitatam
1215 5424 1482 5465 canonum
1502 5409 1732 5479 proponi
1750 5408 2094 5475 sententiam,

516 5508 636 5571 qua:
657 5501 897 5557 inllnnos
909 5501 1084 5571 jubet,
1111 5500 1155 5556 si
1178 5515 1277 5569 pro
1302 5514 1361 5554 se
1383 5499 1711 5570 respondere
1731 5515 1840 5555 non
1862 5500 2095 5566 valeant,

515 5589 611 5645 sed
636 5594 823 5645 eurum
852 5590 1116 5645 voluntati
1137 5589 1502 5645 testimonium
1522 5590 1605 5648 sui
1624 5592 1843 5661 proprio
1865 5590 2104 5661 periculo

517 5681 768 5744 dixerint,
801 5682 1081 5751 baptizari.
1114 5679 1225 5737 Sub
1244 5679 1353 5752 qua
1382 5679 1693 5737 deﬁnitione
1737 5682 1906 5751 magis
1954 5680 2101 5736 arbi-

519 5782 635 5827 tror
661 5774 786 5842 quid
820 5772 1053 5830 Ecclesia
1081 5775 1257 5831 facere
1307 5775 1502 5830 debeat
1550 5775 1888 5845 imperatum,
1943 5789 2104 5844 quam

519 5861 648 5935 quid
679 5864 765 5919 ille
798 5865 1053 5934 percipiat
1086 5863 1395 5922 indicatum.
1439 5865 1697 5921 Videlicet
1754 5872 1812 5920 ut
1862 5864 2105 5921 minister

2202 4678 2501 4750 Symbolum
2533 4680 2686 4751 fuerit
2725 4679 3007 4751 professus.
3039 4677 3161 4732 lam
3189 4681 3401 4751 insuper
3426 4681 3594 4734 sancti
3624 4679 3807 4755 Synt-

2200 4770 2303 4824 boli
2343 4768 2495 4824 verba
2522 4770 2816 4823 memoriter
2850 4771 2905 4822 in
2931 4776 3204 4839 conspectu
3230 4769 3398 4838 ﬁdelis
3428 4770 3603 4839 populi
3634 4773 3808 4825 clara

2199 4878 2318 4918 voce
2360 4860 2723 4933 pronuntians,
2770 4860 2906 4929 pium
2951 4860 3180 4930 regulam
3218 4859 3494 4914 dominica
3531 4861 3817 4916 orationis

2199 4954 2414 5023 accepit.
2445 4949 2490 5014 ρ
2514 4950 2546 5002 .i
2568 4951 2722 5003 simul
2729 4952 2864 5021 jam,
2898 4957 2945 5002 et
2972 4949 3097 5020 quid
3115 4949 3366 5017 crederet,
3388 4949 3588 5021 etquid
3615 4962 3814 5005 oraret

2198 5044 2509 5112 intelligens,
2553 5040 3071 5112 futurO'baptismati
3119 5041 3422 5110 parabatur.
3457 5039 3623 5105 Quem
3660 5043 3816 5097 dicis

2204 5138 2438 5193 violentis
2460 5134 2684 5207 febribus
2705 5136 2958 5199 invasam,
2984 5143 3032 5187 et
3060 5142 3319 5187 crescente
3346 5132 3526 5187 lethat'i
3562 5133 3818 5203 inﬁrmi~

2206 5235 2311 5280 tate
2340 5225 2613 5279 turbatum.
2650 5225 2849 5296 Adjicis
2877 5235 3045 5279 autem
3072 5225 3210 5293 quod
3248 5225 3560 5293 persuaserit
3586 5224 3819 5279 dierum

2204 5318 2425 5372 brevitas
2473 5327 2531 5370 ut
2555 5317 2624 5369 ad
2646 5319 2837 5389 fontem
2872 5332 2984 5368 cum
3010 5314 3209 5368 steteris
3237 5313 3518 5367 abluendus
3547 5312 3820 5381 (ὕπερ-ηε»

2206 5415 2306 5469 tur,
2336 5407 2442 5461 sive
2467 5408 2638 5477 potius
2666 5414 2973 5460 senioretur.
3001 5403 3145 5458 Dicis
3173 5419 3369 5474 quoque
3392 5404 3668 5456 advenisse
3702 5407 3820 5460 ho-

2205 5482 2317 5553 ram
2358 5507 2653 5570 emptatam
2702 5498 2917 5558 cunctis,
2960 5496 3013 5549 in
3057 5511 3157 5566 qua
3193 5494 3410 5565 populus
3434 5495 3823 5565 acquisitionis

2211 5588 2537 5660 Redemptori
2564 5607 2656 5646 suo
2676 5608 2767 5660 per
2795 5582 3102 5661 baptismum
3122 5589 3448 5659 consepultus
3476 5588 3633 5643 vitam
3656 5600 3822 5645 rete.
3906 5607 3913 5612 '

2206 5699 2313 5737 rem
2333 5683 2628 5753 deponeret,
2654 5692 2702 5736 et
2722 5698 2905 5736 noram
2925 5680 3313 5735 resurrectionis
3336 5676 3493 5750 ﬁdem
3515 5680 3825 5737 innovatus

2207 5782 2505 5827 assumeret.
2542 5771 2685 5826 Tunc
2714 5771 2822 5839 ille,
2845 5778 2901 5824 ut
2930 5764 3027 5834 ais,
3055 5771 3109 5824 in
3132 5778 3360 5823 extremo
3390 5768 3555 5821 halitu
3593 5774 3824 5824 consti-

2208 5873 2364 5931 tutus,
2417 5866 2528 5921 sine
2567 5882 2702 5926 voce.
2753 5866 2864 5921 sine
2901 5871 3059 5928 motu,
3108 5865 3219 5918 sine
3250 5879 3420 5930 sensu,
3454 5861 3586 5916 nihil
3616 5863 3831 5922 calens
