4072 6332
258 390 352 446 534
1636 396 1840 455 El’lSTt

1940 401 1966 453 ι
2004 394 2118 456 ιιιι.

267 499 517 556 sacerdoti
537 496 877 574 interroganti
896 508 1218 575 respondere,
1240 507 1577 578 deferendum
1597 511 1833 564 manibus
1862 517 1908 575 Α
1936 514 2160 580 guinem,
2186 526 2287 564 non
2306 509 2558 563 habebitis
2581 511 2741 564 vitam
2758 510 2813 563 in
2835 509 2973 564 vobis
3003 509 3184 582 (Joan.
3212 524 3287 576 νι,
3324 511 3438 581 54).
3478 532 3499 567 ι

266 602 583 677 apportatur,
614 604 663 647 et
688 613 783 665 pro
802 614 862 651 eo
884 597 1044 665 vobis,
1071 602 1221 671 quasi
1246 619 1341 672 pro
1364 604 1582 675 infante,
1614 619 1832 674 respon-

266 683 517 752 dentibus,
537 697 708 740 mente
724 688 1109 745 absentissimus
1124 694 1318 764 accepit
1332 694 1668 764 baptismum;
1689 713 1833 768 quem

265 791 317 828 se
345 776 621 846 accepisse,
652 787 768 847 post
793 779 1057 849 paululum
1082 792 1329 848 mortuus,
1359 785 1414 837 in
1442 784 1540 838 hac
1574 787 1833 855 prementi,

263 872 510 933 quantum
538 863 828 931 arbitraris,
858 866 964 920 vita
982 870 1210 923 nescivit.

330 954 462 1009 CAP.
509 971 566 1010 ιι.
624 957 773 1010 -—'5.
826 956 938 1013 Hac
984 958 1163 1026 itaque
1217 960 1523 1015 narratione
1568 961 1834 1030 completa

261 1046 455 1102 deinde
478 1048 693 1116 quarris,
708 1058 878 1102 atrum
895 1051 943 1104 ei
967 1051 1096 1104 nihil
1109 1050 1179 1104 ad
1198 1060 1449 1106 teternam
1469 1052 1835 1108 beatitudinem

263 1140 675 1211 consequendam
709 1158 806 1194 vox
832 1143 1006 1195 ablata
1032 1144 1285 1198 nocuerit.
1314 1147 1470 1215 217
1503 1144 1666 1200 Valde
1694 1146 1836 1200 enim

262 1238 317 1285 te
345 1232 537 1286 timere
571 1233 802 1298 testaris,
822 1249 898 1287 ne
928 1242 1201 1304 propterea
1228 1234 1384 1299 Deus,
1416 1237 1498 1289 cui
1519 1238 1694 1290 omnia
1720 1253 1839 1307 pos-

262 1323 436 1377 sibilia
459 1334 602 1391 sunt,
626 1326 923 1395 facultatem
943 1326 1184 1397 loquendi
1209 1325 1555 1397 denegaverit,
1572 1328 1705 1399 quod
1724 1344 1839 1381 eam

263 1414 512 1485 beneﬁcio
542 1417 783 1470 secunda:
802 1418 1084 1471 nativitatis
1102 1418 1353 1488 judicarit
1389 1418 1674 1487 indignum.
1701 1418 1839 1472 Dicis

262 1520 480 1574 quoque
511 1513 565 1561 te
617 1521 725 1561 non
755 1506 940 1568 videre
979 1508 1251 1577 quomodo
1298 1507 1535 1577 potuerit
1582 1517 1708 1561 tetas
1748 1506 1839 1560 illa

263 1599 484 1652 rationis
513 1614 681 1669 capas;
706 1599 879 1651 aliena
899 1601 1221 1667 confessione
1245 1600 1477 1668 purgari,
1509 1615 1567 1652 eo
1596 1597 1731 1665 quod
1740 1614 1843 1651 ,ευ-

264 1691 340 1744 los
383 1691 629 1761 parvulos
667 1701 801 1745 recte
846 1692 1111 1744 credamus
1140 1690 1463 1758 offerentium
1499 1690 1603 1758 ﬁde
1628 1689 1839 1753 salvari,

263 1795 386 1851 quos
415 1780 662 1850 originali
701 1789 899 1834 tantum
924 1782 1157 1834 novimus
1182 1780 1452 1849 iniquitate
1479 1779 1719 1832 damnari
1739 1794 1757 1831 :
1788 1778 1841 1830 id

1936 600 2137 654 Deinde
2164 600 2303 669 petis
2332 607 2390 653 ut
2426 599 2682 653 velociori
2720 600 3072 668 responsione
3098 617 3195 655 vos
3222 601 3502 666 instruam,

1933 700 2106 744 utrum
2133 698 2332 755 noceat,
2376 700 2623 761 quantum
2668 700 2868 756 noceat,
2904 707 2970 745 an
3001 694 3211 747 omnino
3239 694 3367 746 nihil
3407 711 3505 749 no-

1934 791 2066 847 ceat,
2107 782 2151 834 si
2176 783 2288 853 quis
2317 782 2603 850 baptizatus
2642 783 2694 835 in
2724 784 2930 835 nomine
2956 791 3153 836 sanctae
3194 781 3464 837 Trinitatis
3486 823 3502 850 ,

1936 890 2083 927 sacro
2128 873 2239 927 cibo
2269 883 2488 944 potaque
2530 875 2817 945 fraudetur.
2851 874 3113 940 Quoniam
3144 875 3303 943 igitur
3345 876 3505 932 simul

1937 960 2003 1013 ad
2035 969 2260 1030 utraque
2288 977 2388 1016 nos
2425 960 2751 1031 respondere
2780 963 2974 1018 Caritas
3012 962 3259 1031 imperat,
3288 963 3505 1031 dignum

1937 1059 2019 1105 est
2066 1060 2123 1105 ut
2171 1052 2453 1122 imperanti
2501 1052 2711 1106 caritati
2755 1053 2952 1107 caritas
2996 1053 3225 1108 libenter
3269 1055 3504 1129 obediat.

1937 1139 2224 1211 Speramus
2272 1151 2451 1197 autem
2494 1144 2748 1211 quoniam
2779 1143 2847 1197 ad
2890 1145 3054 1215 218
3095 1145 3507 1214 persolvendtnn

1937 1229 2173 1285 debitum
2224 1229 2467 1285 caritatis
2505 1231 2644 1284 illius
2680 1231 2849 1299 gratia
2898 1231 3086 1286 adesse
3114 1231 3435 1300 dignabitur,
3475 1246 3507 1286 a

1938 1334 2046 1388 quo
2077 1322 2189 1389 ipsa
2215 1321 2410 1375 caritas
2439 1320 2746 1389 inspiratur.

2008 1432 2139 1486 CAP.
2167 1449 2241 1487 ιιι.
2258 1433 2392 1485 —6.
2417 1431 2668 1486 Primittn'.
2691 1432 2870 1499 itaque
2896 1430 3203 1485 meminisse
3223 1447 3324 1487 nos
3342 1447 3507 1502 opor-

1941 1529 2018 1576 tet
2055 1522 2196 1576 illius
2221 1522 2498 1576 sententia:
2526 1537 2685 1591 quam
2714 1520 3037 1588 generaliter
3064 1520 3130 1574 ad
3172 1520 3390 1574 humani
3418 1536 3509 1576 sa-

1941 1613 2105 1665 lutem
2164 1612 2378 1680 generis
2438 1611 2796 1681 promulgavit
2851 1611 3082 1679 gratuita
3138 1611 3509 1668 benevolentia

1943 1700 2255 1754 Salvatoris.
2288 1700 2434 1753 Illam
2464 1716 2627 1768 porro
2657 1716 2799 1754 nunc
2823 1699 2944 1754 dico
2984 1701 3305 1754 sententiam
3350 1715 3510 1769 quam

1943 1788 2339 1859 ipscoDominus
2369 1798 2517 1843 tanto
2547 1790 2785 1844 tenacius
2820 1789 2988 1843 voluit
3018 1789 3216 1843 nostris
3243 1790 3510 1845 mentibus

264 1878 448 1940 agente
472 1869 858 1939 divinajustilia
887 1870 1036 1922 miris
1059 1868 1253 1935 modis,
1277 1876 1334 1921 ut
1354 1867 1727 1937 quodammodo
1756 1864 1840 1919 ubi

1942 1878 2221 1945 inluerere,
2246 1892 2503 1949 quantum
2526 1896 2644 1935 eam
2673 1881 2877 1936 cunctis
2896 1881 3175 1951 prmceptis
3203 1882 3311 1935 suis
3332 1890 3512 1951 poste-

265 1959 476 2011 minime
504 1958 736 2029 propria,
767 1959 821 2011 id
848 1966 925 2012 est
952 1958 1193 2022 actualis,
1225 1956 1423 2010 malitia
1454 1957 1725 2026 reperitur,
1750 1973 1842 2010 nec

264 2048 479 2119 propria
492 2048 725 2101 voluntas
741 2048 1048 2117 requiratur,
1061 2046 1151 2100 sed
1160 2063 1251 2117 per
1265 2045 1639 2100 abundantiam
1658 2049 1842 2116 gratia:

265 2140 430 2204 detur,
449 2140 568 2193 aliis
589 2139 928 2205 credentibus,
949 2138 1122 2205 salus,
1136 2136 1334 2208 quibus,
1356 2136 1472 2190 aliis
1493 2135 1836 2206 peccantibus,

265 2242 439 2285 reatus
470 2230 761 2299 adscriptas
790 2238 887 2282 est.
916 2227 1017 2282 Hic
1040 2228 1518 2292 autem,utasseris,
1538 2226 1746 2296 proprio
1771 2226 1844 2279 vi-

265 2321 410 2376 vebat
454 2319 707 2374 arbitrio:
734 2336 886 2389 super
911 2319 1042 2373 illud
1087 2318 1222 2390 quod
1270 2319 1333 2371 de
1376 2317 1549 2371 radice
1587 2325 1837 2383 traxerat,

263 2396 428 2465 multa
463 2412 577 2467 sine
616 2409 770 2464 dubio
798 2411 918 2463 vitia
953 2410 1164 2479 propria
1190 2408 1468 2478 cupiditate
1491 2415 1840 2473 contraxerat,

264 2504 602 2573 plurimorum
630 2511 954 2573 peccatorum
987 2501 1200 2554 vinculis
1239 2499 1517 2570 obligatas,
1540 2507 1589 2551 et
1612 2514 1713 2551 non
1740 2497 1841 2551 nisi

262 2596 556 2653 voluntaria
583 2593 885 2648 credulitate
910 2591 1205 2654 solvendus,
1234 2606 1386 2661 quam
1421 2589 1473 2642 in
1495 2588 1585 2642 illo
1610 2587 1842 2656 redemp-

263 2686 421 2740 tionis
468 2685 579 2738 loco
620 2683 854 2752 conﬁteri
902 2697 993 2734 nec
1040 2679 1218 2744 voluit,
1265 2695 1360 2732 nec
1389 2678 1566 2744 valuit,
1597 2677 1683 2747 qui
1711 2675 1841 2737 nihil

261 2776 488 2829 sentiens
509 2772 631 2826 velle
651 2772 857 2826 omnino
879 2769 1072 2841 aliquid
1092 2785 1193 2823 non
1226 2767 1404 2822 ualuit.

327 2886 390 2940 4.
424 2885 519 2941 llis
556 2883 733 2941 verbis
762 2882 866 2939 tuis
894 2881 996 2955 alia
1035 2880 1136 2934 sub
1168 2879 1359 2933 timore
1396 2877 1839 2944 interrogationis

259 2976 500 3047 opponis
522 2972 731 3040 dicens,
761 2990 777 3023 ι
812 2971 893 3023 Αη
928 2970 1164 3041 fortassis
1189 2967 1398 3021 scientis
1423 2966 1686 3036 prteterita
1716 2981 1839 3018 con-

259 3067 421 3138 fessio
445 3063 798 3117 remissionem
825 3067 1150 3129 peccatorum
1172 3057 1354 3110 meruit
1376 3056 1531 3107 etiam
1559 3054 1839 3107 nescienti?

259 3158 403 3221 Hoc,
430 3154 621 3225 inquis,
652 3152 822 3206 dicere
847 3147 1022 3204 dubito
1051 3164 1069 3201 :
1100 3163 1163 3200 ne
1191 3146 1302 3217 quis
1330 3145 1457 3198 mihi
1484 3144 1729 3203 veraciter
1757 3143 1838 3196 di-

1943 1973 2087 2029 riore
2114 1973 2365 2043 dignatus
2394 1984 2475 2029 est
2504 1982 2744 2044 tempore
2772 1973 3131 2043 promulgare.
3166 1971 3295 2028 Post
3329 1964 3511 2027 resur-

1942 2063 2237 2118 rcctionem
2278 2063 2539 2132 siquidem
2569 2077 2799 2132 corpore
2842 2076 3161 2116 ascensurus
3202 2060 3255 2114 in
3294 2061 3509 2125 omium,

1940 2153 2041 2208 ‘sed
2082 2169 2203 2208 cum
2234 2155 2345 2209 suis
2374 2155 2427 2208 in
2461 2161 2600 2207 terra
2635 2153 2912 2207 divinitate
2941 2166 3242 2215 mansurus,
3274 2150 3403 2206 bzcc'
3428 2152 3511 2205 in-

1941 2245 2156 2300 venitur
2181 2245 2293 2300 suis
2337 2244 2536 2299 dixisse
2565 2244 2837 2314 discipitlis
2876 2261 2890 2296 :
2928 2242 3126 2296 Euntes
3169 2242 3225 2295 in
3269 2243 3511 2296 mundum

1941 2340 2239 2391 universum
2259 2338 2535 2408 prwdicate
2559 2336 2895 2406 Evangelium
2921 2339 3058 2390 omni
3087 2346 3375 2390 creaturas:
3413 2332 3514 2397 Qui

1945 2428 2238 2492 crediderit,
2278 2436 2327 2480 et
2365 2426 2654 2496 baptizatus
2684 2428 2875 2496 fuerit,
2916 2427 3088 2479 salvus
3119 2428 3247 2489 erit;
3276 2426 3361 2497 qui
3398 2441 3511 2478 vero

1943 2536 2044 2573 non
2087 2519 2380 2581 crediderit,
2407 2515 2828 2572 condemnabitar
2868 2515 3056 2587 (Marc.
3094 2531 3200 2580 xw,
3234 2514 3344 2583 15).
3369 2498 3511 2567 Bene

1942 2610 2029 2664 hic
2059 2609 2312 2663 Dominus
2350 2622 2471 2662 eum
2496 2607 2585 2675 qui
2613 2601 2896 2663 crediderit
2923 2614 2977 2659 et
3004 2605 3303 2675 baptizatus
3354 2603 3510 2657 fuerit

1942 2700 2134 2755 salvari
2164 2698 2444 2769 praulixit,
2472 2712 2577 2751 non
2607 2696 2916 2751 credentem
2941 2703 3119 2749 autem
3149 2693 3510 2747 damnandum

1940 2791 2057 2845 sine
2085 2789 2416 2843 dubitatione
2448 2786 2781 2865 monstravit.
2813 2785 2870 2840 ιιι
2897 2800 3002 2839 non
3033 2784 3286 2840 credente
3313 2783 3510 2853 quippe

1941 2880 2083 2935 nulla
2115 2880 2211 2933 fuit
2239 2879 2399 2932 luturi
2425 2878 2560 2933 ratio
2587 2875 2825 2932 facienda
2860 2875 3213 2944 baptismatis.
3245 2872 3347 2940 Qui
3368 2873 3511 2929 enim

1940 2983 2047 3027 non
2083 2970 2383 3034 crediderit,
2425 2969 2537 3023 sive
2563 2969 2881 3037 baptizetur,
2911 2967 3022 3022 sive
3052 2981 3159 3019 non
3188 2964 3509 3033 baptizetur,

1939 3062 2055 3118 sine
2074 3061 2409 3116 dubitatione
2433 3058 2793 3114 damnabitur.

2012 3176 2063 3228 ’1.
2089 3173 2201 3228 Hac
2221 3181 2398 3227 autem
2424 3169 2707 3233 sententia,
2732 3184 2835 3238 qua
2858 3166 3115 3221 Dominus
3139 3158 3327 3219 statuit
3350 3171 3513 3231 atque

256 3257 349 3303 tu
371 3246 547 3317 :Ergo
568 3244 738 3298 suum
765 3240 981 3303 “seu”
1008 3254 1100 3292 nec
1123 3236 1191 3289 ad
1217 3237 1382 3306 ipsum
1407 3234 1701 3287 [inmanem
1730 3248 1840 3325 coi-
1865 3239 1914 3302 ο
1942 3260 2179 3321 deﬁnivit
2198 3277 2409 3318 omnem
2432 3276 2537 3315 non
2559 3234 2865 3313 credentem
2893 3255 3217 3325 sempiterna
3239 3253 3515 3324 punitione

253 3341 411 3410 poris
439 3336 781 3409 pervenisset;
811 3331 1082 3402 quoniam,
1122 3329 1252 3387 sicut
1290 3326 1502 3389 asseris,
1530 3323 1840 3394 expiationis

256 3429 506 3484 meritum
538 3442 629 3496 per
654 3424 898 3494 mysteria
942 3427 1207 3473 transacta
1242 3423 1516 3469 meruerat.
1547 3412 1838 3475 Postremo,

252 3538 350 3576 cur
364 3536 474 3587 non
489 3518 648 3572 etiam
660 3521 886 3570 mortuos
896 3511 1359 3580 baptizemus,quos
1377 3521 1525 3559 sacro
1537 3503 1844 3573 baptismate

253 3613 352 3687 [Γ.
372 3606 705 3682 baptismati]
717 3605 981 3685 repentina
1001 3617 1136 3672 stepe
1155 3615 1294 3654 mors
1319 3596 1548 3658 abstulit,
1564 3594 1652 3649 sed
1663 3608 1842 3687 eorum

253 3682 438 3759 iansen
458 3701 693 3755 uoluntas
708 3682 973 3768 fidelique
993 3691 1192 3746 devotio
1213 3698 1336 3743 nota
1348 3685 1581 3742 omnibus
1597 3685 1694 3755 fuit
1709 3682 1845 3736 ?Ad-

250 3797 382 3866 iicis
410 3791 625 3857 dein.le,
646 3787 791 3859 quod
815 3787 864 3841 si
891 3785 1019 3839 talia
1049 3781 1681 3853 respondenticonsensam
1700 3790 1840 3845 prte~

251 3886 385 3940 bere
411 3880 705 3945 tentaveris,
734 3892 926 3948 magna
945 3874 1084 3929 illico
1118 3878 1407 3943 sequeretur
1434 3867 1749 3927 absurditas,
1789 3873 1843 3918 ut

250 3985 470 4048 putetur
491 3974 598 4027 illis
628 3980 827 4024 tantum
851 3966 1110 4037 mysferiis
1140 3960 1525 4033 suﬂieientibus,
1550 3967 1598 4014 et
1622 3957 1843 4012 salutem

250 4067 619 4139 plenissimam
658 4058 1069 4133 conferentibus,
1110 4072 1297 4128 aquam
1337 4054 1498 4123 fontis
1525 4052 1705 4107 (ειενηὶ
1734 4066 1839 4104 non

248 4161 642 4217 renasciturum
667 4155 943 4224 suscipere,
973 4149 1063 4205 sed
1084 4157 1339 4203 renatum.

320 4275 385 4329 5.
421 4271 725 4333 Postremo,
764 4281 833 4321 ne
866 4263 992 4334 quid
1022 4244 1440 4330 vigilantissimn
1472 4253 1844 4323 intelligentia:

244 4379 361 4422 tua:
418 4358 873 4426 sollicitudinique
898 4354 1148 4425 piissima:
1171 4351 1346 4405 minus
1374 4347 1655 4418 quaesitum
1684 4351 1842 4414 puta-

245 4467 434 4517 retur,
472 4449 721 4522 adiungis
750 4448 804 4503 in
832 4448 936 4501 hoc
966 4442 1192 4499 articulo
1221 4456 1370 4511 posse
1398 4439 1646 4491 usitatam
1687 4450 1846 4487 cano.

242 4564 381 4603 nam
416 4530 635 4616 proponi
655 4538 978 4597 sententiam,
1009 4547 1125 4603 qua:
1150 4530 1384 4600 infirmos
1401 4527 1568 4597 jubet,
1598 4524 1646 4578 si
1668 4539 1761 4593 pro
1789 4536 1844 4574 se

241 4636 576 4710 respondere
603 4648 707 4687 non
734 4628 1003 4691 valuerint,
1028 4623 1118 4679 sed
1144 4639 1320 4677 eorum
1339 4619 1591 4675 voluntati
1616 4617 1842 4710 testimo-

236 4704 409 4787 nium
428 4727 515 4783 sui
544 4723 751 4797 proprio
771 4717 997 4792 periculo
1020 4714 1263 4779 dixerint,
1295 4707 1570 4797 baptizari.
1743 4720 1843 4797 qua

237 4795 566 4894 deﬁnitione
593 4813 759 4883 magis
787 4806 1029 4863 arbitrari
1075 4802 1203 4857 dicis
1250 4810 1298 4854 te
1333 4797 1456 4871 quid
1491 4795 1729 4851 Ecclesia
1757 4795 1842 4894 fa-

233 4886 370 4975 ceis
403 4918 552 4972 debet
579 4914 915 4981 imperatum,
947 4917 1097 4974 quam
1137 4898 1258 4970 quid
1297 4896 1384 4949 ille
1411 4892 1664 4981 percipiat
1705 4886 1846 4942 indi-

235 5020 453 5065 catum.
476 4978 729 5061 Videlicet
751 5005 808 5051 ut
834 4995 1071 5049 minister
1097 4988 1233 5043 verbi
1267 4985 1395 5040 liber
1415 4986 1483 5038 sit
1511 5001 1541 5036 a
1566 4978 1715 5050 culpa
1755 4994 1845 5031 ne-

232 5099 547 5175 gligentia,
575 5109 680 5147 non
716 5097 773 5143 ut
800 5088 888 5143 ille
920 5082 1220 5140 ostendatur
1249 5093 1459 5132 consors
1484 5075 1840 5175 particepsque

230 5165 500 5264 iustitiae.
526 5183 758 5240 Maxime
782 5180 903 5254 quia
924 5177 1044 5233 licet
1069 5172 1255 5229 multos
1283 5185 1348 5224 ea:
1370 5169 1465 5222 hac
1488 5182 1563 5231 re,
1588 5168 1718 5219 sicut
1740 5165 1839 5227 ais,

231 5260 455 5341 iswoeri
482 5279 679 5341 videas,
706 5291 843 5346 swpe
866 5282 1035 5327 tamen
1056 5268 1171 5342 plus
1198 5269 1307 5336 ipse
1326 5262 1710 5323 commovearis,
1736 5260 1844 5312 Ita:-

1941 3353 2331 3418 damnandum,
2364 3367 2469 3404 non
2498 3349 2671 3403 solum
2700 3362 2795 3401 eos
2821 3360 2958 3414 quos
3001 3344 3157 3414 hujus
3186 3345 3307 3397 vita:
3336 3343 3456 3397 ﬁnis
3482 3358 3514 3397 a

1941 3450 2279 3500 sacramento
2300 3436 2636 3509 baptismatis
2663 3435 2864 3489 invenit
2888 3433 3114 3498 alienos,
3142 3446 3329 3485 verum
3350 3429 3513 3484 etiam

1943 3534 2133 3590 Omnes
2172 3530 2453 3585 lucreticos
2482 3526 2657 3580 divina
2690 3540 2794 3578 non
2842 3522 3059 3577 dubium
3090 3526 3172 3575 est
3200 3516 3520 3573 deﬁnitione

1942 3619 2290 3678 damnandos.
2323 3618 2379 3672 Si
2409 3617 2551 3671 enim
2590 3614 2752 3679 ﬁdes,
2780 3627 2940 3683 quam
2972 3626 3134 3665 unam
3177 3614 3295 3663 esSe
3323 3609 3513 3663 beatus

1943 3714 2139 3769 Paulus
2164 3711 2344 3766 divino
2359 3708 2561 3779 Spiritu
2587 3704 2821 3775 repletus
2850 3708 3141 3765 asseverat,
3173 3699 3262 3753 illa
3292 3707 3376 3753 est
3405 3699 3514 3751 uti-

1942 3819 2048 3874 que
2076 3816 2194 3873 qua:
2242 3808 2346 3854 non
2378 3796 2537 3860 ﬁcta,
2584 3796 2677 3850 sed
2713 3809 2839 3849 vera
2884 3791 3098 3863 (Ephes.
3134 3807 3205 3856 tv,
3252 3787 3342 3859 5);
3387 3788 3521 3874 quia
3600 3830 3605 3833 .

1942 3896 2064 3966 ﬁnis
2092 3892 2332 3964 praecepti
2354 3898 2429 3945 est
2460 3890 2650 3943 caritas
2679 3888 2742 3941 de
2765 3886 2918 3941 corde
2939 3901 3087 3956 puro,
3117 3891 3165 3938 et
3199 3866 3521 3936 conscientia.

1944 3983 2099 4053 bona,
2129 3993 2177 4038 et
2215 3982 2320 4054 fide
2348 3998 2448 4035 non
2490 3981 2612 4049 ficta
2659 3977 2713 4049 (1
2742 3976 2875 4031 Tim.
2908 3993 2947 4044 ι,
2986 3974 3072 4045 5);
3103 3971 3373 4043 quomodo
3398 3984 3516 4025 cre-

1942 4075 2073 4129 dere
2101 4073 2315 4139 dicitur,
2343 4087 2373 4127 a
2401 4087 2508 4141 quo
2539 4069 2659 4124 ﬁdei
2681 4056 2877 4123 veritas
2929 4082 3037 4121 non
3072 4065 3318 4120 tenetur?
3347 4060 3516 4127 Quid-

1944 4165 2071 4235 quid
2099 4165 2242 4221 enim
2271 4162 2538 4219 credentis
2580 4161 2816 4214 animum
2863 4157 3105 4213 continet
3145 4152 3288 4225 quod
3319 4169 3349 4207 a
3393 4150 3516 4207 ﬁdei

1944 4258 2171 4313 veritate
2217 4254 2556 4326 cognoscitur
2593 4252 2865 4320 alienum,
2914 4263 3136 4304 necesse
3177 4254 3261 4302 est
3300 4245 3351 4300 id
3397 4259 3521 4300 esse

1942 4343 2445 4405 mendacium.'0dit
2474 4354 2652 4398 autem
2685 4342 2941 4396 Dominus
2961 4353 3150 4393 omnes
3168 4336 3261 4405 qui
3288 4320 3525 4405 operarii

1944 4446 2029 4492 tur
2058 4438 2412 4506 iniquitatem,
2448 4444 2502 4488 et
2530 4431 2717 4502 perdet
2738 4446 2832 4485 eos
2860 4429 2950 4498 qui
2980 4428 3271 4494 loquuntur
3301 4423 3518 4477 menda-

1945 4529 2089 4583 cium
2113 4526 2283 4597 ('Psal.
2313 4541 2365 4589 v,
2395 4523 2472 4593 7).
2502 4521 2727 4591 Propter
2751 4517 2895 4590 quod
2920 4525 2975 4572 et
3002 4513 3278 4586 Sapientia
3301 4512 3353 4565 in
3384 4510 3519 4565 Pro-

1872 4587 1919 4647 D
1949 4587 2142 4673 verhiis
2169 4616 2298 4671 dicit
2328 4587 2627 4678 {Quoniam
2649 4587 2911 4666 veritatem
2934 4607 3317 4663 meditabantur
3345 4607 3517 4675 fauces

1944 4726 2091 4775 mete,
2119 4709 2414 4762 abominata
2448 4721 2562 4759 vero
2593 4712 2712 4757 ante
2737 4720 2817 4756 me
2846 4701 2984 4756 labia
3020 4699 3292 4755 mendacia
3327 4696 3507 4768 (Prov.

1948 4818 2056 4865 VIII,
2086 4800 2162 4869 7).
2194 4797 2309 4852 Non
2340 4810 2467 4863 ergo
2493 4793 2762 4863 accipiunt
2787 4793 2842 4847 in
2866 4791 3133 4860 baptismo
3156 4787 3402 4850 salutem,
3426 4785 3515 4855 qui

1948 4909 2053 4947 non
2095 4899 2280 4947 tenent
2319 4890 2372 4944 in
2401 4885 2566 4944 corde
2606 4894 2769 4955 atque
2815 4900 2910 4939 ore
2939 4881 3059 4937 ﬁdei
3086 4879 3390 4935 veritatem.
3443 4878 3518 4933 Ac

1947 5000 2044 5055 per
2070 4984 2173 5039 hoc
2201 4983 2325 5037 licet
2350 4980 2575 5035 formam
2605 4977 2818 5049 pietatis
2844 4972 3077 5030 habeant
3096 4985 3214 5042 qua:
3230 4974 3442 5025 constat
3466 4968 3518 5022 in

1947 5084 2283 5131 sacramento
2310 5070 2643 5144 baptismatis
2665 5110 2680 5135 ,
2729 5066 3043 5136 abnegando
3080 5073 3258 5119 tamen
3303 5060 3519 5133 pietatis

1946 5168 2235 5231 virtutem,
2280 5140 2564 5220 nec-vitam
2593 5160 2907 5232 percipiunt,
2941 5172 3042 5212 nec
3080 5155 3327 5210 salutem.
3356 5140 3530 5218 ‘Quid'

1948 5264 2126 5312 autem
2153 5254 2345 5310 talibus
2364 5260 2547 5315 restat,
2579 5250 2678 5305 nisi
2705 5246 2977 5303 damnatio
3004 5246 3327 5315 sempiterna
3357 5256 3516 5311 quam

1948 5349 2027 5403 eis
2049 5347 2220 5418 pariet
2249 5345 2379 5401 ﬁdes
2408 5360 2513 5398 non
2544 5356 2691 5406 vera,
2716 5339 2809 5394 sed
2839 5338 2994 5393 ﬁcta?
3021 5335 3079 5390 In
3101 5335 3297 5389 talibus
3317 5330 3529 5403 quippe

3397 399 3598 460 582.

227 5380 433 5432 sitam
453 5372 618 5444 qualis
646 5367 828 5420 debeat
853 5362 1027 5417 haberi
1055 5359 1309 5416 sententia
1338 5356 1401 5410 de
1421 5356 1501 5409 his
1524 5353 1610 5425 qui
1639 5349 1844 5406 etiamsi

520 5476 649 5515 sana
680 5464 850 5512 mente
876 5454 1225 5523 baptisantur,
1255 5448 1594 5520 prteveniente
1618 5444 1840 5498 velocius
1949 5455 2047 5495 nec
2076 5437 2271 5493 caritas
2300 5443 2384 5491 est
2411 5435 2477 5490 de
2501 5433 2663 5489 corde
2695 5447 2829 5503 puro
2861 5432 3049 5539 :nquia‘
3050 5427 3342 5529 secundum
3372 5424 3529 5480 beati-

223 5531 448 5619 ηιξκιε,
502 5564 712 5606 carnem
742 5543 950 5600 Domini
984 5538 1297 5595 manducare
1322 5545 1372 5590 et
1398 5535 1701 5606 sanguinem
1729 5531 1839 5604 ejus

223 5648 437 5704 bibere
472 5660 572 5697 non
625 5641 883 5695 sinuntur.
926 5631 1154 5703 Propter
1189 5630 1277 5684 illa
1323 5627 1528 5683 scilicet
1555 5639 1675 5695 qua:
1716 5633 1838 5678 nota

220 5750 368 5799 sunt
397 5735 643 5809 fidelibus
675 5728 963 5787 Saluatoris
993 5724 1141 5781 verba
1170 5722 1388 5777 dicentis
1419 5737 1436 5775 :
1473 5740 1491 5771 ι
1526 5717 1646 5773 Nisi
1686 5733 1836 5770 man-

218 5829 569 5890 ducaveritis
599 5840 804 5881 carnem
824 5820 949 5876 Filii
980 5817 1223 5885 hominis,
1246 5825 1294 5871 et
1324 5813 1547 5869 biberitis
1577 5809 1687 5866 eius
1714 5825 1837 5863 san-

1947 5530 2089 5586 Petri
2118 5527 2438 5586 sententiam
2467 5525 2602 5597 (Act.
2635 5539 2725 5591 xv,
2769 5523 2848 5595 9),
2876 5521 2978 5577 ﬁde
3010 5519 3268 5574 Dominus
3295 5524 3515 5571 suorum

1943 5624 2105 5681 ent-da
2151 5621 2423 5693 puriﬁcat;
2464 5633 2563 5673 nec
2592 5617 2769 5691 cordis
2819 5617 3023 5687 puritas
3066 5629 3184 5668 esse
3216 5617 3389 5683 potest
3425 5598 3534 5693 ubi:

1943 5717 2075 5771 ﬁdes
2114 5730 2219 5770 non
2250 5722 2333 5769 est
2375 5732 2387 5765 :
2435 5713 2557 5782 quia
2591 5728 2687 5766 nec
2718 5709 2848 5765 ﬁdes
2891 5707 3110 5763 omnino
3152 5703 3374 5759 dicenda
3404 5686 3535 5766 est,“

1942 5809 2031 5864 ubi
2076 5821 2198 5864 vera
2232 5823 2336 5862 non
2366 5813 2464 5861 cst.
2498 5802 2761 5870 Quoniam
2793 5799 2953 5870 igitur
2985 5796 3071 5854 ubi
3109 5805 3187 5853 cst
3223 5795 3420 5852 caritas
3451 5793 3519 5847 de
