4014 6340
507 452 615 510 583

1534 447 1588 500 S.
1630 441 1990 500 FULGENTII
2029 440 2329 501 EPISCOPI
2371 443 2737 500 RUSPENSIS

3663 447 3775 508 385

511 566 675 625 corde
707 581 859 633 puro,
893 564 962 617 ibi
1001 561 1131 616 lides
1157 569 1239 615 est
1268 575 1373 613 non
1400 531 1666 622 ‘ﬁcta,.sed
1694 576 1758 614 ve
1790 576 1839 625 a,
1872 575 1967 614 cor
1993 576 2086 613 au-
2120 572 2161 623 Α
2193 560 2436 612 turaliter
2463 559 2786 624 habuerunt,
2817 559 2910 613 sed
2931 559 3073 614 dono
3094 562 3278 628 gratia:
3309 575 3681 632 perceperunt.
3701 565 3780 622 De

512 668 622 712 tetu
653 673 760 710 non
796 655 1011 709 iictione
1046 652 1190 716 lidei,
1223 652 1316 706 sed
1347 651 1572 705 veritate
1599 660 1883 720 purgatur;
1917 650 2091 704 mani-

513 746 707 801 festqu
733 753 816 800 est
839 743 979 812 apud
1007 743 1311 809 hazreticos,
1335 741 1389 794 in
1412 743 1605 809 quibus
1636 758 1741 795 non
1769 749 1850 795 est
1873 743 2088 804 veritas,

513 837 606 891 sed
638 833 781 889 ﬁctio
811 833 930 887 ﬁJei
956 871 970 898 ,
1014 831 1292 885 caritatem
1325 829 1392 884 de
1430 829 1594 883 corde
1624 846 1758 900 puro
1789 829 2094 884 nullatenus

513 926 760 982 inveniri.
813 922 1208 977 Conscientiam
1244 937 1371 975 vero
1403 921 1601 974 bonam
1650 920 1922 991 quomodo
1970 937 2095 990 pos-

513 1024 638 1074 sunt
666 1016 902 1078 habere,
952 1015 1004 1067 in
1036 1015 1230 1083 quibus
1277 1029 1375 1082 per
1425 1014 1854 1068 incredulitatem
1891 1015 2097 1067 habitat

511 1104 763 1175 princeps
785 1103 873 1156 ille
905 1101 1160 1156 malitiae?
1187 1101 1278 1156 isti
1307 1117 1456 1171 ergo,
1491 1103 1592 1156 nisi
1621 1111 2021 1165 convertantur,
2043 1112 2098 1156 et

512 1194 638 1249 ﬁdei
669 1194 896 1247 veritate
936 1193 1250 1256 salventur,
1301 1208 1399 1260 pro
1443 1192 1828 1248 incredulitatis
1876 1192 2098 1246 crimine

513 1281 910 1337 damnabuntur
945 1302 957 1334 ι
991 1282 1117 1349 quia
1145 1297 1253 1335 non
1283 1282 1428 1334 illum
1460 1281 1765 1338 dilexerunt
1795 1324 1808 1348 ,
1859 1285 1909 1334 in
1940 1297 2098 1350 quem

514 1388 621 1426 non
659 1372 951 1425 secundum
995 1371 1275 1425 veritatem
1320 1372 1442 1424 ﬁdei
1493 1371 1856 1435 crediderunt,
1908 1387 2006 1425 nec
2045 1373 2096 1424 in

514 1461 595 1514 eis
622 1461 796 1530 potuit
827 1475 946 1513 esse
967 1459 1294 1512 conscientia
1323 1459 1479 1523 bona,
1513 1475 1646 1528 quos
1671 1469 1883 1513 constat
1912 1469 2098 1512 contra

515 1547 673 1604 ﬁdem
705 1564 888 1603 veram
917 1563 1084 1616 usque
1113 1548 1164 1600 in
1196 1549 1352 1601 linem
1371 1548 1491 1601 vita:
1517 1546 1840 1600 mortiferam
1866 1549 2100 1600 tonuisse

515 1636 816 1708 perﬁdiam.

586 1728 638 1782 8.
672 1728 780 1782 Nec
810 1735 1024 1782 moveat
1053 1727 1306 1795 aliquem,
1357 1727 1499 1794 quod
1531 1728 1655 1781 licet
1684 1726 1880 1790 ﬁctam,
1922 1734 2097 1780 tamen

513 1815 706 1873 beatus
730 1816 1026 1896 .Apostolus
1055 1817 1218 1886 219
1250 1813 1406 1869 ﬁdem
1437 1816 1768 1884 nuncupavit
1801 1832 1812 1866 :
1847 1814 1970 1881 quia
1993 1814 2098 1868 alio

2197 650 2392 704 talibus
2419 650 2520 702 diis
2551 649 2646 702 l‘nit
2669 649 2899 719 Moyses,
2930 651 3015 704 cui
3048 651 3136 705 ille
3163 667 3300 705 unus
3321 667 3478 707 verus
3507 651 3647 708 Deus
3666 657 3776 710 ait:

2195 741 2330 795 Ecce
2349 742 2467 794 dedi
2499 752 2544 794 te
2571 741 2723 794 dcunt
2747 740 3016 794 Pharaoni
3038 741 3235 809 (Exod.
3256 759 3345 808 vn,
3372 741 3445 806 1).
3477 743 3550 798 De
3572 741 3774 801 talibus

2195 839 2319 885 sunt
2344 833 2505 885 etiam
2548 831 2622 885 illi
2651 831 2718 885 de
2744 831 2935 899 quibus
2964 831 3178 897 dicitur,
3213 832 3325 903 Ego
3363 835 3494 896 dixi,
3529 837 3600 889 dii
3635 839 3780 906 estis,

2195 933 2244 976 et
2289 923 2389 992 ﬁlii
2437 922 2644 976 Επειδὶ
2671 939 2845 976 omnes
2879 922 3050 993 (Psal.
3092 941 3270 990 Lxxn,
3315 924 3394 992 6).
3426 925 3518 979 isti
3547 941 3678 995 ergo
3709 929 3783 982 dii

2197 1029 2314 1067 eam
2346 1015 2570 1081 gratiam
2597 1021 2922 1082 acceperunt
2958 1022 3014 1067 ut
3045 1015 3115 1068 dii
3143 1025 3343 1083 essent,
3375 1030 3533 1084 quam
3556 1032 3784 1088 accepe-

2199 1112 2322 1157 runt
2353 1112 2412 1156 ut
2441 1101 2532 1156 ﬁlii
2564 1102 2658 1156 Dei
2689 1102 2897 1156 ﬁerent.
2925 1103 3063 1158 Dicit
3087 1109 3263 1158 autem
3296 1107 3782 1176 evangelista,quia

2199 1202 2441 1264 quotquot
2467 1202 2776 1262 acceperunt
2811 1209 2947 1261 eum,
2999 1193 3137 1248 dedit
3183 1196 3258 1249 eis
3305 1207 3604 1266 potestatem
3646 1200 3801 1269 ﬁlios.

2203 1283 2297 1336 Dei
2324 1285 2470 1352 ﬁeri;
2503 1284 2581 1336 his
2609 1286 2694 1354 qui
2722 1285 2938 1338 credunt
2970 1287 3021 1338 in
3068 1286 3274 1340 nomine
3293 1289 3438 1358 ejus;
3469 1292 3553 1358 qui
3582 1308 3689 1344 non
3720 1308 3785 1344 ea:

2202 1373 2556 1444 sanguinibus,
2573 1391 2731 1444 neque
2753 1392 2817 1428 ex.
2841 1376 3100 1428 roluntate
3126 1377 3320 1442 carnis,
3346 1378 3437 1431 sed
3457 1395 3520 1431 ex
3543 1379 3652 1433 Deo
3676 1383 3787 1434 uati

2201 1474 2320 1518 sunt
2351 1463 2527 1530 (loan.
2572 1481 2608 1528 ι,
2652 1465 2760 1533 12).
2801 1465 2935 1534 ipsis
2983 1466 3109 1520 item
3155 1467 3368 1532 dicitur,
3403 1467 3516 1540 Ego
3547 1471 3680 1535 dixi,
3711 1472 3788 1525 dii

2201 1557 2342 1618 estis,
2375 1564 2422 1609 et
2443 1557 2542 1624 ﬁlii
2566 1555 2771 1609 Excelsi
2799 1573 2972 1611 omnes
3004 1557 3176 1628 (Psal.
3209 1576 3390 1626 um,
3418 1561 3495 1630 6).

2275 1645 2360 1700 10.
2404 1645 2518 1700 Duo
2541 1659 2668 1713 ergo
2700 1647 2713 1698 i
2749 1647 2786 1700 ti
2818 1647 2962 1701 modi
2993 1649 3046 1701 in
3091 1649 3414 1704 nominando
3446 1652 3746 1708 laudabiles
3773 1669 3808 1706 ευ

2204 1753 2342 1791 mus
2369 1753 2478 1806 quo
2509 1737 2822 1792 naturaliter
2851 1748 3073 1793 vocatur
3097 1753 3258 1794 verus
3283 1741 3442 1807 Deus,
3468 1743 3605 1798 alter
3625 1759 3790 1812 quem

2204 1843 2302 1897 per
2322 1828 2549 1894 gratiam
2579 1829 2772 1897 quibus
2800 1829 2969 1882 Voluit
3000 1828 3231 1897 largitus
3251 1837 3334 1885 est
3368 1831 3539 1897 Deus;
3579 1835 3674 1901 qui
3706 1843 3790 1888 ta-

518 1896 674 1969 loco,
725 1905 861 1958 sicut
908 1919 1070 1958 unum
1113 1902 1318 1967 Deum,
1365 1902 1442 1958 sic
1486 1918 1644 1956 unam
1687 1900 2009 1971 przedieavit.
2043 1910 2098 1956 et

2212 1896 2324 1970 inen
2353 1917 2419 1971 ab
2450 1896 2678 1972 invicem
2708 1930 2899 1985 magna
2928 1896 3225 1976 differentia
3255 1896 3674 1991 distinguuntur.
3696 1924 3792 1980 Ille

519 1995 699 2050 ﬁdem.
743 1995 878 2049 illud
907 1996 1049 2050 enim
1090 1995 1279 2048 beatus
1326 1992 1616 2062 Apostolus
1655 2010 1760 2046 non
1805 1994 2098 2047 secundum

520 2087 600 2140 rei
625 2087 926 2149 veritatem,
960 2083 1054 2140 sed
1082 2083 1375 2139 secundum
1406 2085 1713 2152 Opinionem
1748 2083 1979 2138 lidelium
2004 2100 2100 2153 po-

519 2179 644 2230 suit.
675 2176 803 2230 Nam
845 2186 898 2229 et
935 2175 1063 2230 illud
1093 2176 1234 2245 quod
1267 2191 1297 2228 a
1329 2174 1799 2244 pseudoapostolis
1845 2175 2102 2244 pradica-

521 2268 705 2333 batur,
749 2268 888 2321 idem
934 2267 1230 2336 apostolus,
1264 2276 1318 2320 et
1346 2265 1688 2334 Evangelium
1720 2275 2010 2335 nuncupat,
2047 2273 2102 2318 et

520 2353 872 2423 Evangelium
915 2372 1022 2410 non
1072 2371 1191 2410 esse
1244 2354 1546 2410 c0nlirmat.
1594 2354 1745 2420 Quod
1793 2357 1844 2408 in
1876 2355 2101 2426 epistula

523 2444 659 2514 ejus,
685 2462 803 2515 qua:
832 2447 1030 2515 scripta
1062 2455 1142 2500 est
1171 2445 1238 2499 ad
1267 2445 1508 2512 Galatas,
1541 2445 1848 2500 continetur
1873 2445 1955 2499 bis
1982 2459 2102 2497 ver-

521 2535 604 2591 bis
635 2555 647 2590 :
677 2536 844 2590 Miror
883 2537 1018 2606 quod
1049 2538 1121 2589 sic
1152 2545 1257 2589 tam
1282 2539 1382 2589 cito
1414 2537 1794 2606 transferimini
1832 2534 1896 2588 ab
1925 2551 1984 2589 eo
2017 2536 2100 2606 qui

522 2630 720 2684 vocavit
741 2645 828 2682 vos
851 2630 904 2680 in
928 2628 1098 2698 gratia
1122 2628 1332 2692 Clu-isti,
1363 2630 1415 2681 in
1441 2628 1583 2681 aliud
1608 2629 1946 2699 evangelium,
1969 2626 2104 2697 quod

525 2736 631 2775 non
692 2729 768 2774 est
822 2720 966 2773 aliud
1016 2717 1158 2790 (Cal.
1193 2737 1232 2788 ι,
1286 2719 1361 2788 6).
1420 2719 1702 2786 Quomodo
1771 2735 1899 2789 ergo
1961 2720 2104 2774 aliud

515 2810 878 2878 evangelium,
924 2810 969 2866 si
1010 2826 1118 2865 non
1145 2820 1228 2865 est
1269 2810 1412 2864 aliud
1437 2851 1453 2876 ,
1504 2811 1604 2866 nisi
1635 2810 1781 2865 aliud
1811 2812 2102 2867 secundum

523 2899 854 2970 perﬁdorum
904 2916 1186 2964 errorem,
1238 2917 1346 2954 non
1394 2904 1574 2955 autem
1620 2901 1762 2956 aliud
1809 2903 2104 2957 secundum

525 2991 650 3046 ﬁdei
675 2992 993 3047 veritatem?
1022 2991 1111 3046 Sic
1131 3001 1184 3045 et
1213 2991 1341 3045 ﬁdes
1363 3008 1390 3046 a
1422 2992 1640 3061 perﬁdis
1668 2993 1956 3048 secundum
1982 3006 2106 3063 pro-

525 3084 698 3152 priam
728 3083 1037 3152 opinionem
1071 3081 1300 3149 ﬁngitur,
1337 3100 1362 3134 a
1400 3084 1592 3152 quibus
1623 3101 1746 3138 vera
1780 3085 1910 3138 ﬁdes
1943 3102 2105 3154 quam

526 3172 763 3241 Spiritus
803 3181 1020 3228 sanctus
1052 3173 1265 3235 tribuit,
1315 3189 1420 3226 non
1450 3174 1693 3227 habetur.
1727 3173 1866 3226 Falsi
1893 3189 2107 3243 quoque

525 3264 760 3320 nominis
787 3265 1098 3329 scientiam,
1131 3264 1269 3317 idem
1299 3264 1489 3318 beatus
1526 3263 1860 3323 demonstrat
1887 3275 2106 3334 aposto-

527 3355 633 3416 ius.
656 3355 843 3410 dicens
871 3373 883 3407 :
913 3353 956 3407 0
992 3353 1270 3419 Timotheo,
1296 3353 1580 3423 depositum
1599 3354 1827 3421 custodi,
1866 3354 2104 3408 deuitans

525 3451 776 3522 profanas
804 3464 979 3502 vocum
1003 3448 1271 3511 novitates,
1291 3457 1339 3500 et
1354 3446 1704 3516 oppositiones
1733 3447 1852 3516 falsi
1880 3448 2106 3501 nominis

525 3541 755 3595 scientia
795 3539 954 3612 (Tim.
995 3555 1068 3600 vi,
1120 3537 1231 3608 20).
1266 3536 1418 3592 Sicut
1459 3544 1639 3591 autem
1687 3537 1777 3590 illa
1804 3551 1924 3607 qua:
1971 3537 2108 3594 falso

526 3630 744 3686 nomine
767 3628 990 3684 scientia
1016 3635 1376 3696 nuncupatur,
1407 3626 1631 3680 scientia
1665 3641 1771 3680 non
1801 3635 1901 3690 est,
1951 3626 2023 3682 ita
2054 3636 2110 3682 et

527 3719 660 3775 ﬁdes
686 3735 848 3789 quam
895 3736 999 3774 non
1051 3718 1282 3788 Spiritds
1327 3717 1581 3771 divinitus
1620 3719 1714 3788 (al.
1758 3717 1990 3787 divinus)
2024 3718 2106 3772 in-

527 3811 721 3879 fundit,
757 3811 855 3868 sed
885 3813 1151 3866 humanus
1181 3811 1282 3864 sibi
1313 3811 1533 3880 spiritus
1566 3809 1732 3880 ﬁngit,
1765 3813 1949 3882 utique
1979 3812 2110 3866 ﬁdes

447 3892 452 3898 ’
528 3919 635 3959 non
664 3911 779 3968 est;
830 3918 894 3957 ac
923 3917 1018 3972 per
1050 3903 1172 3964 hoc,
1223 3900 1518 3955 secundum
1559 3901 1770 3955 illorum
1802 3901 2108 3971 opinionem

529 3994 662 4049 ﬁdes
689 3995 899 4058 dicitur,
934 4009 1051 4061 quae
1076 4003 1253 4047 tamen
1283 3992 1415 4048 ﬁdes
1433 4008 1551 4048 esse
1577 3994 1880 4047 nullatenus
1908 3994 2112 4046 inveni-

530 4093 636 4136 tur.
670 4081 801 4136 Nam
832 4091 886 4136 et
925 4082 1055 4136 deos
1087 4083 1388 4137 invenimus
1434 4083 1486 4135 in
1517 4083 1719 4138 sanctis
1763 4083 1989 4152 eloquiis
2018 4099 2112 4154 ap-

531 4172 738 4242 pellari,
772 4189 908 4242 quos
946 4181 1122 4225 tamen
1153 4189 1258 4226 non
1292 4187 1412 4226 esse
1450 4171 1581 4226 deos
1609 4172 1720 4241 ipsa
1748 4188 1967 4241 prorsus
1995 4173 2106 4226 elo-

532 4264 653 4333 quia
703 4262 882 4316 divina
916 4271 1196 4317 te.,tantur.
1251 4262 1452 4316 Dicitur
1498 4262 1697 4331 quippe
1737 4263 1789 4314 in
1821 4261 2046 4315 Psalmis
2095 4281 2107 4314 :

531 4350 723 4406 Omnes
763 4352 835 4405 dii
877 4354 1101 4424 gentium
1146 4350 1605 4421 dmmonia.(Psal.
1639 4366 1760 4416 xcv,
1811 4349 1886 4419 5).
1919 4349 2110 4404 Ηίθτθο

532 4444 666 4498 mias
693 4458 907 4512 quoque
934 4443 1008 4496 ait
1038 4461 1048 4495 :
1082 4443 1173 4497 Dii
1201 4445 1286 4512 qui
1316 4459 1420 4496 non
1451 4443 1679 4510 fecerunt
1708 4442 1888 4493 caelum
1919 4450 1966 4492 et
2007 4451 2110 4493 ler—

531 4553 664 4600 ram,
697 4545 908 4606 pereant
933 4539 996 4588 de
1020 4535 1112 4588 sub
1142 4534 1267 4614 carl?
1293 4533 1423 4600 (Jer.
1456 4549 1506 4596 Χ,
1537 4532 1641 4600 11).
1672 4531 1772 4597 Qui
1801 4541 1979 4584 tamen
2008 4531 2112 4585 alio

2202 2010 2399 2079 quippe
2443 2008 2635 2063 modus
2679 2023 2789 2077 quo
2829 2009 2881 2062 in
2911 2008 3007 2064 Dei
3038 2010 3255 2066 nomine
3302 2012 3501 2068 veritas
3530 2017 3792 2071 naturalis

2203 2102 2526 2168 ostenditur,
2559 2101 2637 2156 sic
2687 2117 2850 2156 unum
2881 2102 3050 2158 Deum
3103 2102 3216 2173 ipsa
3264 2106 3524 2159 naturalis
3560 2108 3793 2163 nominis

2203 2191 2429 2246 veritate
2458 2191 2816 2260 demonstrat,
2863 2202 2921 2247 ut
2959 2193 3089 2249 deos
3119 2195 3172 2248 in
3205 2207 3264 2250 se
3310 2213 3581 2265 nunquam
3607 2202 3793 2254 vocari

2201 2281 2495 2350 permittat.
2531 2281 2665 2337 Hinc
2696 2292 2778 2338 est
2805 2283 2947 2353 quod
2973 2286 3132 2356 220
3159 2285 3296 2340 sicut
3323 2287 3470 2341 solus
3496 2287 3676 2352 Pater,
3703 2302 3794 2346 aut

2205 2372 2352 2426 solus
2380 2371 2561 2436 Filius,
2589 2379 2679 2425 aut
2708 2373 2854 2427 solus
2879 2372 3108 2442 Spiritus
3129 2384 3346 2429 sanctus
3366 2376 3632 2431 veraciter
3655 2377 3796 2434 Deus

2205 2461 2430 2525 dicitur,
2465 2461 2536 2514 ita
2564 2462 2722 2516 simul
2754 2461 2932 2529 Pater,
2967 2471 3021 2517 et
3068 2462 3252 2529 Filius,
3302 2472 3355 2518 et
3395 2463 3624 2534 Spiritus
3669 2483 3794 2523 san-

2208 2563 2348 2619 ctus,
2383 2571 2490 2608 non
2524 2563 2634 2608 tres
2664 2555 2759 2620 dii,
2790 2555 2881 2609 sed
2915 2571 3051 2610 unus
3081 2555 3222 2610 Deus
3253 2557 3518 2612 veraciter
3542 2560 3795 2614 nomina-

2207 2654 2312 2698 tur.
2346 2642 2456 2698 lloc
2480 2644 2642 2698 habet
2665 2644 2753 2698 illa
2777 2643 3009 2699 Trinitas
3036 2661 3171 2700 unus
3187 2645 3346 2712 Deus,
3362 2655 3422 2700 ut
3443 2653 3553 2702 tres
3574 2649 3794 2718 quidem

2206 2753 2448 2808 persona
2475 2738 2604 2806 sint,
2644 2738 2736 2794 sed
2768 2747 2877 2793 tres
2909 2739 2977 2792 dii
3011 2754 3116 2793 non
3145 2740 3288 2794 sint:
3321 2741 3444 2808 quia
3488 2741 3580 2795 illa
3619 2741 3806 2797 Trini~

2209 2839 2290 2885 tas
2334 2846 2470 2884 unus
2502 2846 2658 2883 verus
2685 2838 2768 2884 est
2790 2829 2948 2884 Deus.
2983 2829 3105 2885 ideo
3137 2828 3232 2885 Dei
3260 2827 3454 2897 Filius,
3474 2847 3585 2888 non
3617 2834 3794 2889 solum

2207 2921 2499 2978 secundum
2530 2936 2708 2975 veram
2732 2922 3084 2988 divinitatem,
3117 2937 3277 2992 quam
3308 2924 3480 2979 habet.
3511 2924 3584 2980 de
3603 2935 3808 2981 natura.

2207 3010 2404 3079 Patris,
2437 3012 2531 3066 sed
2561 3012 2722 3066 etiam
2743 3011 3037 3066 secundum
3063 3025 3279 3067 carnem
3303 3027 3464 3080 quam
3489 3029 3674 3068 veram
3699 3031 3796 3070 na-

2209 3104 2456 3157 turaliter
2485 3102 2645 3156 babet
2675 3102 2740 3155 de
2770 3117 3000 3171 corpore
3030 3103 3323 3170 genitricis,
3370 3104 3511 3159 Deus
3547 3119 3715 3160 verus
3743 3115 3796 3161 ct

2207 3192 2463 3257 creditur,
2495 3200 2550 3246 et
2575 3192 2896 3262 prmdicatur
2923 3207 2952 3247 a
2985 3193 3159 3248 nobis.
3190 3195 3453 3260 Quoniam
3479 3204 3687 3252 aeterna
3714 3197 3796 3253 di-

2131 3293 2176 3352 c
2211 3280 2406 3335 vinitas
2436 3280 2555 3334 Filii
2587 3297 2707 3336 cum
2749 3283 2905 3350 plena
2952 3283 3284 3339 humanitate
3334 3300 3462 3354 sua,
3503 3295 3558 3341 et
3604 3288 3802 3349 eadem

2209 3372 2368 3442 plena
2390 3372 2694 3428 humanitas
2722 3372 2840 3428 Filii
2862 3389 2983 3429 cum
3005 3383 3206 3432 aeterna
3228 3377 3509 3434 divinitate
3535 3395 3658 3449 sua,
3691 3398 3800 3438 una

2211 3470 2293 3517 est
2324 3462 2375 3516 in
2405 3463 2666 3517 Trinitate
2715 3478 2944 3533 persona
2969 3481 2983 3518 :
3013 3475 3071 3520 et
3111 3467 3227 3536 ipse
3253 3475 3401 3524 totus
3430 3469 3484 3524 in
3513 3469 3801 3532 divinitate

2211 3562 2374 3624 atque
2399 3555 2734 3609 humanitate
2763 3571 2858 3610 sua
2884 3557 3188 3626 unigenitus
3208 3559 3374 3617 Filius
3395 3577 3516 3618 cum
3550 3565 3713 3628 Patre
3746 3574 3820 3624 et?

2211 3641 2412 3712 Spiritu
2443 3653 2629 3699 sancto
2658 3660 2796 3699 unus
2823 3654 2905 3700 est
2940 3645 3096 3702 Deus.
3123 3648 3273 3704 Alter
3295 3665 3425 3707 vero
3454 3654 3648 3709 modus
3672 3657 3814 3725 quia.

2213 3750 2321 3788 non
2363 3743 2446 3788 est
2486 3744 2710 3800 naturaa,
2754 3737 2848 3790 sed
2889 3738 3093 3804 gratias,
3126 3740 3249 3794 ideo
3290 3743 3406 3796 sine
3446 3744 3625 3814 aliqua
3674 3746 3800 3806 ﬁdei

2212 3825 2475 3894 pravitate
2503 3841 2698 3880 nomen
2741 3826 2964 3881 deorum
3015 3828 3172 3884 inse
3218 3833 3440 3901 recipit;
3470 3837 3596 3903 quia
3619 3837 3794 3893 solam

2213 3916 2454 3970 continet
2481 3917 2854 3986 adoptivorum
2884 3918 3300 3988 multitudinem,
3343 3924 3554 3992 quibus,
3603 3937 3663 3981 ut
3702 3928 3795 3983 lilii

2215 4006 2308 4060 Dei
2340 4005 2548 4068 ﬁerent,
2581 4021 2790 4060 summa
2821 4006 3055 4063 Trinitas
3084 4023 3221 4066 unus
3247 4027 3409 4067 verus
3436 4014 3578 4068 Deus
3607 4018 3798 4073 tribuit

2214 4104 2554 4166 potestatem.
2584 4123 2655 4134 -—-
2674 4097 2802 4151 CAP.
2835 4113 2907 4152 ιν.
2931 4129 3002 4140 --
3021 4098 3076 4151 In
3111 4099 3203 4153 illo
3229 4115 3359 4169 ergo
3387 4104 3550 4157 modo
3572 4105 3800 4162 claritas

2216 4189 2472 4242 naturalis
2516 4188 2857 4255 agnoscitur;
2891 4189 2942 4242 in
2973 4190 3077 4244 isto
3107 4199 3286 4246 autem
3315 4193 3520 4262 fgratia:
3567 4196 3792 4266 largitas

2215 4279 2502 4332 invenitur.

2289 4367 2373 4420 11.
2417 4368 2533 4421 Duo
2564 4383 2692 4422 vero
2720 4368 2917 4422 residui
2947 4370 3093 4423 modi
3123 4372 3316 4439 quibus
3348 4373 3509 4441 Deus,
3551 4385 3648 4430 aut
3698 4379 3802 4434 ali-

2216 4474 2320 4529 qua
2362 4475 2446 4513 res
2487 4467 2581 4512 aut
2608 4473 2838 4527 persona
2880 4460 3207 4530 nominatur,
3250 4463 3418 4531 magis
3446 4463 3800 4523 inveniuntur
3833 4490 3839 4494 ·

2216 4549 2358 4617 digni
2389 4549 2778 4618 vituperatione
2807 4565 2967 4618 quam
3010 4551 3188 4606 laude.
3236 4552 3304 4606 Et
3333 4553 3452 4609 ideo
3477 4556 3533 4609 in
3565 4565 3800 4628 utroque

533 4627 654 4681 loco
695 4627 838 4695 ipsos
883 4642 1019 4694 quos
1057 4625 1188 4678 deos
1229 4635 1538 4691 nuncupat,
1583 4622 1820 4676 ostendit
1861 4638 1965 4677 non
1996 4638 2105 4677 esse

2218 4639 2497 4693 manifesta
2524 4640 2793 4694 invenitur
2819 4641 2996 4710 culpa,
3025 4643 3151 4710 quia
3183 4645 3314 4698 nulli
3344 4661 3532 4701 eorum
3577 4651 3661 4706 vel
3702 4669 3800 4707 na-

533 4715 681 4770 tleos.
722 4716 808 4768 Ait
837 4717 977 4768 enim
1013 4732 1024 4767 :
1059 4713 1284 4767 Circuite
1317 4713 1541 4766 insulam
1575 4712 1796 4781 Cet/tim,
1829 4723 1878 4766 et
1919 4714 2110 4778 videte;

530 4816 581 4859 et
604 4809 655 4860 in
687 4806 854 4860 Cedar
885 4808 1086 4872 mittite,
1132 4817 1178 4858 et
1208 4806 1479 4876 intelligite
1506 4807 1844 4870 vehementer,
1874 4815 1923 4859 et
1950 4806 2114 4860 videte

533 4900 579 4952 si
608 4900 746 4969 facta
775 4913 894 4952 sunt
925 4898 1072 4951 talia.
1117 4897 1176 4952 Si
1205 4899 1415 4951 mutarit
1457 4889 1579 4969 gens
1617 4898 1739 4952 deos
1767 4915 1906 4964 suos,
1939 4907 1986 4950 et
2027 4897 2113 4951 isti

533 5005 636 5043 non
667 4998 784 5041 sunt
812 4987 882 5042 dii
912 4987 1042 5058 (Jer.
1076 5005 1130 5052 ll,
1172 4987 1274 5057 ιον

604 5077 658 5130 9.
699 5078 998 5132 Invenimus
1027 5087 1204 5132 autem
1235 5078 1329 5133 Dei
1377 5093 1570 5132 nomen
1599 5079 1652 5132 in
1679 5078 1968 5147 Scripturis
2001 5094 2122 5132 san-

535 5171 655 5234 ctis,
685 5179 944 5240 quantum
971 5171 1124 5226 nobis
1173 5186 1314 5225 nunc
1363 5172 1615 5235 occurrit,
1650 5171 1823 5225 modis
1858 5179 2112 5239 quatuor.

537 5260 741 5314 Dicitur
767 5260 909 5314 enim
937 5261 1076 5315 Deus
1104 5261 1395 5316 secundum
1422 5262 1700 5316 veritatem
1732 5271 1954 5324 natura}.
1981 5279 2114 5332 quo-

537 5350 697 5406 modo
725 5351 838 5406 sola
865 5360 1049 5406 sancta
1075 5352 1306 5408 Trinitas
1335 5363 1416 5409 est
1445 5371 1599 5421 umis,
1635 5372 1791 5409 verus
1820 5364 1873 5409 et
1909 5356 2117 5411 incom-

537 5444 806 5498 mutabilis
853 5444 1010 5508 Deus,
1055 5445 1144 5513 qui
1195 5446 1307 5499 ait:
1349 5446 1528 5502 Videte
1575 5450 1816 5519 quoniam
1865 5464 1955 5520 ego
2002 5466 2115 5504 sum

538 5533 698 5602 Deus,
729 5547 777 5588 et
803 5553 904 5589 non
934 5546 1008 5588 est
1031 5537 1165 5590 alius
1206 5548 1394 5606 praeter
1412 5557 1492 5593 me
1512 5539 1686 5608 (Deut.
1714 5557 1880 5606 χχιιι,
1905 5541 2026 5613 '59);
2057 5551 2114 5598 et

537 5623 604 5677 de
632 5639 739 5692 quo
769 5625 934 5678 David
962 5622 1089 5680 dicit
1117 5645 1129 5678 :
1164 5624 1290 5691 Quis
1321 5627 1459 5683 Deus
1487 5640 1674 5699 prwter
1696 5631 1992 5698 Dominum,
2025 5641 2113 5686 aut

536 5713 814 5794 quisDeus
845 5727 1030 5786 prwter
1061 5719 1220 5772 Deum
1251 5731 1481 5774 nostrum
1506 5722 1676 5792 (Psal.
1704 5741 1827 5790 xvu,
1861 5723 1989 5796 δερ
2019 5725 2114 5782 llic

537 5811 623 5861 est
651 5822 786 5861 unus
813 5816 866 5862 et
887 5809 1032 5864 solus
1063 5810 1202 5866 Deus
1226 5813 1314 5882 qui
1341 5813 1486 5870 solus
1514 5815 1826 5872 naturaliter
1850 5817 1992 5874 Deus
2013 5827 2111 5873 est.

537 5893 622 5955 Ab
647 5895 751 5953 hoc
777 5913 883 5956 uno
925 5915 1054 5958 vero
1083 5901 1192 5958 Deo
1221 5903 1456 5976 quidam,
1489 5913 1547 5961 ut
1573 5916 1751 5962 essent
1771 5907 1861 5976 dii,
1889 5926 1993 5965 non
2022 5925 2119 5965 na-

2215 4735 2332 4781 tura
2377 4735 2555 4796 potest
2600 4727 2795 4795 inesse,
2836 4731 2918 4785 vel
2946 4731 3140 4799 gratia.
3174 4731 3322 4788 Unus
3368 4736 3566 4806 quippe
3597 4750 3681 4794 est
3709 4757 3800 4796 ses

2214 4817 2444 4872 cundum
2475 4815 2721 4872 alicctum
2753 4834 2929 4888 prava;
2975 4823 3302 4891 cupiditatis,
3334 4825 3471 4880 alter
3497 4830 3798 4886 secundum

2217 4899 2526 4980 opinionem
2573 4913 2790 4966 erroris.
2840 4911 2973 4968 Nam
3016 4917 3217 4970 carnali
3259 4919 3536 4988 cupiditati
3584 4923 3801 4977 deditus

2216 5002 2446 5067 animus,
2493 5001 2598 5056 hoc
2641 5001 2741 5056 sibi
2777 5001 2936 5058 deum
2980 5003 3106 5060 facit
3152 5021 3272 5060 esse
3308 5010 3451 5077 quod
3489 5010 3660 5079 diligit
3688 5029 3801 5082 pra:

2219 5091 2484 5146 omnibus.
2501 5091 2635 5146 Hinc
2657 5100 2739 5148 est
2754 5093 2898 5164 quod
2913 5095 3102 5150 beatus
3119 5095 3428 5166 Apostolus,
3441 5103 3798 5169 quorumdam

2217 5192 2431 5237 terrena
2460 5184 2780 5253 sapientium
2821 5195 3065 5240 ventrem
3095 5186 3252 5243 deum
3281 5205 3400 5245 esse
3433 5192 3549 5246 sine
3584 5192 3801 5248 dubita-

2217 5275 2364 5330 tione
2385 5275 2716 5344 pronuntiat,
2745 5277 2930 5333 dicens
2954 5296 2964 5331 :
2997 5275 3226 5342 Quorum
3247 5281 3369 5350 ﬁnis
3396 5284 3650 5349 interitus,
3673 5303 3802 5356 qua-

2217 5381 2332 5418 rum
2353 5365 2476 5418 deus
2499 5375 2670 5420 venter
2701 5377 2796 5433 est,
2819 5377 2870 5420 et
2892 5368 3060 5439 gloria
3087 5371 3140 5423 in
3179 5374 3481 5443 confusione
3513 5391 3692 5429 eorum
3715 5379 3802 5448 qui

2218 5465 2424 5510 terrena
2454 5457 2662 5527 sapiunt
2692 5457 2911 5529 (Philip.
2941 5475 3018 5525 tu,
3066 5459 3178 5538 i9).
3212 5461 3312 5518 Hic
3349 5464 3599 5521 existimo
3649 5467 3801 5538 Apo-

2216 5546 2415 5600 stolum
2441 5555 2652 5603 terrena
2682 5563 2892 5618 sapere,
2923 5567 3022 5621 pro
3045 5559 3257 5609 terrena
3275 5555 3498 5625 diligere
3528 5560 3813 5628 posuisse-

2221 5635 2406 5692 Talem
2429 5653 2644 5695 sensum
2675 5640 2765 5695 illo
2795 5642 2956 5696 etiam
2980 5644 3100 5699 loco
3131 5646 3364 5702 arbitror
3388 5651 3676 5721 contineri,
3707 5654 3799 5708 ubi

2222 5737 2550 5784 memoratus
2595 5731 2870 5799 apostolus
2911 5733 3079 5790 dicit:
3113 5735 3282 5810 Igitur
3325 5740 3371 5792 si
3405 5731 3808 5797 consurrexistis

2223 5835 2338 5874 cum
2367 5820 2589 5888 Christo,
2621 5839 2737 5895 gate
2759 5840 2964 5879 sursum
3003 5837 3123 5881 sunt
3159 5831 3394 5904 quwrite,
3438 5832 3524 5885 ubi
3568 5831 3808 5888 Christus

2226 5921 2299 5967 est
2329 5913 2379 5968 in
2411 5913 2622 5968 dextera
2662 5913 2756 5971 Dei
2794 5917 3015 5974 sedens:
3046 5936 3160 5974 ante
3207 5937 3406 5977 sursum
3457 5903 3586 5978 sunt
3610 5925 3808 5990 sapite,
