4072 6332
341 312 450 371 385

1726 322 2058 381 EPISTOLA
2097 327 2205 386 XII.

3486 347 3597 419 586

342 444 444 481 non
471 441 586 498 quae
611 442 765 501 super
795 438 981 481 terram
1011 428 1230 500 (Coloss.
1251 448 1328 499 ill,
1356 431 1428 502 1).
1451 431 1749 522 ostendens
1772 452 1921 488 nam-
1951 447 1994 503 Α
2027 443 2086 492 δί
2117 440 2283 493 credis
2310 457 2375 494 ea:
2398 450 2502 495 toto
2525 444 2695 510 corde,
2728 443 2845 499 licet
2875 445 3058 518 (Ibid.,
3089 448 3201 518 57).
3231 448 3298 504 Et
3317 453 3440 521 quia
3469 471 3602 523 prm-

339 531 444 586 que
469 517 612 587 quod
637 532 699 570 ea
727 532 861 586 quas
876 530 999 571 sunt
1026 535 1188 590 super
1214 530 1409 575 terram
1456 517 1648 592 sapere
1689 540 1796 578 non
1827 525 1919 579 dc-

340 600 549 675 berent,
577 608 736 678 paulo
763 618 884 679 post
913 610 1115 665 addidit
1141 629 1153 664 :
1185 611 1500 683 Mortiﬁcate
1541 630 1664 684 ergo
1695 612 1920 668 membra

332 707 503 751 vestra
523 708 637 770 qua
665 698 783 753 sunt
804 714 972 769 super
999 708 1211 769 terram,
1252 704 1665 772 fornicationem,
1698 705 1920 757 immun-

330 786 539 852 ditiam,
580 787 866 855 libidinem,
917 792 1380 860 concupiscentiam
1418 794 1631 857 malam,
1662 803 1712 847 et
1740 796 1915 865 avari-

331 878 480 941 tiam,
504 893 620 947 qua
644 885 721 931 est
748 880 1143 934 simulacrorum
1190 884 1403 936 servitus
1453 881 1645 954 (fbid.,
1678 880 1754 953 5).
1782 881 1917 938 Cum

330 981 463 1037 ergo
503 968 813 1023 mortificari
860 971 1105 1040 prcecipit
1150 973 1391 1028 membra
1438 983 1621 1029 nostra
1649 989 1767 1044 qua:
1794 984 1918 1033 sunt

329 1073 494 1129 super
521 1062 743 1129 terram,
777 1063 1268 1132 concupiscentiam
1301 1067 1483 1134 utique
1511 1067 1565 1121 in
1594 1066 1751 1122 nobis
1772 1083 1918 1123 mor-

328 1149 520 1205 tilicari
538 1160 723 1204 rerum
746 1150 976 1221 imperat
1004 1161 1356 1209 terrenarum.
1386 1154 1615 1226 Propter
1636 1157 1780 1227 quod
1809 1158 1915 1214 alio

333 1256 450 1296 .uco
492 1240 727 1297 dicitur:
762 1240 862 1307 Qui
893 1256 1063 1311 autem
1099 1257 1219 1299 sunt
1255 1243 1469 1311 Christi,
1514 1240 1726 1302 carnem
1766 1265 1914 1304 suam

326 1333 700 1403 :ruciﬁzerunt
726 1349 840 1387 cum
863 1332 998 1388 vitiis
1024 1342 1073 1388 et
1098 1336 1527 1406 concupiscentiis
1556 1337 1677 1403 καλ
1721 1355 1771 1403 ν,
1794 1339 1908 1408 24).

326 1420 531 1490 Quibus
552 1423 715 1478 etiam
736 1425 849 1477 vult
872 1433 923 1479 et
939 1440 1042 1481 nos
1057 1436 1301 1482 mortuos
1321 1430 1668 1497 aestimemus,
1691 1432 1908 1486 dicens:

327 1515 643 1568 Existimate
673 1530 758 1569 ros
791 1526 1018 1571 mortuos
1048 1518 1250 1588 qu‘dem
1280 1535 1389 1572 esse
1418 1529 1649 1590 peccato,
1692 1522 1911 1577 viventes

326 1606 500 1658 autem
520 1605 638 1660 Deo
665 1606 718 1660 in'
748 1605 951 1661 Christo
978 1604 1105 1660 Jesu
1130 1606 1308 1677 (Rom.
1349 1624 1421 1673 vt,
1468 1608 1578 1679 il).
1606 1609 1686 1663 Illi
1714 1611 1912 1680 quippe

326 1695 404 1750 rei
429 1695 562 1749 vivit
595 1697 823 1765 quisque
848 1694 1226 1769 quam‘diligit,
1259 1705 1313 1752 et
1334 1697 1409 1752 illi
1432 1712 1491 1753 se
1515 1699 1736 1753 exhibet
1764 1714 1909 1753 mor-

2021 529 2182 582 cessit
2208 528 2448 586 Eunuchi
2486 531 2773 601 confessio,
2806 536 3199 608 subsequenter
3245 543 3409 596 etiam
3447 543 3499 597 iu
3532 563 3601 602 eo

2018 634 2117 687 per
2144 620 2372 691 Philippi
2396 623 2746 681 ministerium
2772 626 2992 684 effectus
3020 640 3217 686 sancta:
3244 639 3601 703 regeneratio-

2019 712 2101 766 nis
2126 713 2393 783 impletur.
2427 715 2539 784 Qua
2563 733 2690 787 ergo
2718 719 2920 788 justitia
2951 723 3040 777 ille
3066 725 3154 792 qui
3185 726 3518 783 credulitatis
3543 740 3599 786 et

2014 801 2366 858 confessiOnis
2408 808 2663 876 persolvit
2709 810 2963 877 oflicium,
3015 830 3121 869 non
3171 830 3597 887 consequeretur

2016 901 2213 947 sancta:
2242 899 2666 963 regenerationis
2706 901 2994 956 effectum?
3022 903 3155 957 Nam
3184 905 3229 959 si
3259 907 3391 962 ordo
3420 917 3596 964 atten-

2017 982 2174 1038 dalur
2195 988 2377 1056 operis
2400 996 2455 1043 et
2477 992 2759 1057 mercedis,
2785 1008 2921 1063 opus
2950 1003 3032 1049 est
3072 996 3124 1050 in
3171 996 3272 1052 fide
3301 1007 3357 1053 et
3384 1000 3598 1055 confes-

2015 1076 2408 1146 sione,merces
2426 1081 2477 1135 in
2500 1082 2768 1152 baptismo
2796 1103 2808 1138 :
2840 1086 2961 1142 ideo
2986 1088 3127 1142 enim
3157 1090 3383 1160 quisque
3407 1092 3597 1160 dignus

2016 1165 2344 1236 baptismate
2375 1170 2666 1239 jndicatur,
2699 1174 2913 1244 quando
2940 1178 3196 1245 praecedit
3235 1180 3355 1234 fidei
3382 1180 3597 1237 confes-

2013 1259 2286 1329 sionisque
2317 1264 2585 1330 meritum,
2618 1265 2703 1318 cui
2735 1273 2987 1335 tanquam
3017 1269 3069 1323 in
3100 1271 3402 1327 mercedem
3424 1273 3595 1329 sancti

2016 1350 2351 1417 bapti.~ntati‘s
2393 1352 2588 1408 debeat
2625 1355 2786 1410 tribui
2826 1367 3241 1414 sacramentum.
3291 1360 3493 1433 Dignus
3522 1372 3595 1416 est

2013 1450 2192 1493 autem
2220 1445 2484 1512 operarius
2515 1447 2745 1501 mercede
2784 1464 2881 1503 sua
2932 1449 3081 1522 (Luc.
3114 1468 3170 1514 Χ,
3203 1451 3277 1525 7).
3310 1453 3424 1507 Νοη
3466 1469 3595 1523 ergo

2014 1530 2346 1599 baptismatis
2375 1537 2622 1592 mercede
2650 1537 2883 1594 fraudari
2908 1540 3091 1595 debuit
3124 1544 3212 1611 qui
3240 1559 3377 1613 Opus
3405 1544 3595 1599 credu-

2013 1619 2179 1676 litatis
2207 1632 2261 1676 et
2284 1624 2658 1694 confessionis,
2690 1629 2945 1684 divinitus
2984 1631 3106 1685 data
3153 1633 3331 1688 cordis
3375 1643 3429 1688 et
3485 1640 3594 1691 oris

2013 1708 2607 1783 devotione,persolvit.
2624 1716 2739 1771 Non
2773 1719 2877 1773 hoc
2912 1720 3095 1789 utique
3123 1720 3371 1778 fuithora
3395 1723 3594 1794 baptis-

326 1780 499 1850 mum,
525 1785 826 1854 cujnsin'se
845 1776 1188 1841 mortiﬁcavit
1216 1785 1485 1843 affectum.
1519 1787 1755 1843 Terrena
1784 1790 1901 1857 ergo

2018 1802 2171 1855 matis
2202 1802 2630 1873 interrogandus,
2657 1808 2800 1875 quod
2824 1817 2903 1863 est
2933 1776 3090 1865 aniea
3122 1811 3175 1865 in
3208 1810 3446 1884 Symboli
3466 1776 3592 1883 pro-

327 1878 541 1949 snpiunt
572 1869 670 1948 qui
693 1888 906 1933 terrena
940 1874 1204 1948 diligunt;
1256 1886 1313 1933 et
1345 1878 1505 1934 deum
1534 1880 1637 1935 sibi
1667 1889 1907 1935 ventrem

326 1968 528 2024 faciunt
581 1968 673 2038 qui
724 1967 861 2037 gulae
904 1967 1355 2023 delectationibus
1410 1968 1782 2025 illecebrosam
1828 1969 1910 2025 sui

324 2057 506 2113 cordis
531 2057 842 2128 mancipant
874 2057 1205 2129 servitutem.

376 2138 483 2203 “li.
521 2146 715 2219 Opinio
741 2163 870 2203 vero
892 2138 1110 2203 humani
1138 2147 1343 2205 erroris
1367 2148 1655 2220 dupliciter
1680 2151 1783 2206 sibi
1816 2151 1909 2206 Dei

325 2256 524 2297 nomen
542 2240 885 2296 mendaciter
906 2240 960 2295 in
985 2254 1144 2297 suum
1189 2240 1346 2297 tinxit
1368 2242 1593 2298 exitium
1612 2262 1633 2300 :
1662 2257 1782 2313 quae
1815 2256 1909 2311 ge-

323 2334 468 2388 mina
498 2331 699 2387 erroris
728 2330 909 2401 opinio
926 2345 1041 2386 non
1070 2332 1248 2387 minus
1282 2332 1383 2387 sibi
1426 2332 1712 2388 htereticos
1740 2333 1911 2388 vindi-

321 2434 409 2481 cat
428 2439 595 2494 quam
643 2438 909 2494 paganos;
935 2422 1071 2478 dum
1092 2433 1149 2479 et
1176 2424 1309 2479 istos
1333 2433 1390 2480 et
1416 2425 1535 2479 illos
1557 2439 1625 2479 eo
1655 2425 1754 2481 sibi
1780 2428 1908 2480 sub-

320 2520 457 2589 iicit,
492 2524 649 2592 221
672 2534 780 2588 quo
800 2519 959 2574 simul
990 2532 1178 2573 omnes
1205 2519 1432 2574 diversis
1463 2519 1690 2574 vinculis
1729 2521 1909 2575 multi-

314 2610 495 2665 modr'e
520 2609 768 2664 falsitatis
792 2608 1055 2678 astringit.
1088 2608 1285 2678 Pagani
1307 2611 1525 2679 quippe,
1560 2610 1749 2665 relicto
1782 2626 1908 2665 vero

320 2698 457 2768 Deo,
481 2699 738 2754 falsorum
768 2694 990 2753 deorum
1025 2699 1395 2768 superstitioni
1426 2700 1763 2765 deserviunt;
1797 2701 1906 2753 hm-

319 2793 472 2848 retici
490 2796 671 2846 autem
693 2791 760 2846 de
780 2805 909 2845 vero
926 2790 1037 2845 Deo
1059 2789 1189 2844 falsa
1220 2791 1523 2859 opinantes,
1544 2792 1756 2845 veritati
1784 2807 1908 2848 sau—

318 2891 421 2937 ctcc
444 2880 718 2949 religionis
746 2880 1030 2935 obsistunt.
1064 2878 1404 2933 Manifestum
1432 2888 1515 2935 est
1550 2881 1709 2948 igitur
1738 2881 1909 2936 b‘mre-

314 2975 460 3029 ticos
501 2971 718 3026 vinculo
746 2970 1009 3025 mortiferi
1042 2972 1242 3026 erroris
1271 2970 1552 3040 obstringi,
1576 2986 1683 3026 nec
1709 2973 1907 3027 debere

279 3067 283 3070 ’
317 3064 425 3120 dici
455 3060 640 3117 fideles
666 3076 802 3130 quos
832 3059 1068 3116 Ecclesia
1093 3061 1338 3117 inimicos
1351 3063 1552 3131 patitur
1568 3063 1903 3131 pertinaces:

316 3147 756 3225 Quandoquidem
804 3150 1135 3207 infidelitatis
1182 3161 1364 3207 reatus
1404 3152 1494 3216 sit,
1545 3152 1630 3206 vel
1673 3151 1805 3206 falsa
1836 3152 1904 3207 de
1932 3163 1975 3222 (ζ

317 3258 455 3299 vero
486 3243 595 3298 Deo
621 3243 864 3310 credere,
891 3242 977 3297 vel
1006 3241 1197 3296 falsum
1240 3243 1399 3297 deum
1430 3243 1528 3297 sub
1553 3242 1770 3298 nomine
1794 3244 1902 3298 veri

315 3330 418 3389 Dei
445 3333 692 3389 adorare.

389 3423 520 3480 CAP.
540 3425 1043 3492 v.—-l3.Quoniam
1074 3438 1203 3492 ergo
1236 3423 1301 3478 de
1328 3424 1415 3477 illa
1448 3424 1658 3479 Domini
1681 3435 1899 3480 sentcn-

314 3518 392 3572 tia
432 3515 757 3585 sumpsimus
785 3515 1160 3584 disputationis
1198 3513 1498 3577 exordium,
1536 3503 1661 3584 qua:
1690 3519 1896 3581 statuit,

312 3607 441 3677 quia
469 3607 636 3659 omnis
658 3606 742 3677 qui
764 3605 1055 3670 crediderit,
1081 3613 1129 3658 et
1160 3603 1450 3674 baptizatus
1478 3606 1650 3676 fuerit,
1683 3605 1902 3660 salvebi-

310 3708 399 3751 sur
423 3696 619 3769 (Marc.
647 3712 755 3761 xvr,
784 3694 904 3765 15);
931 3696 1076 3750 illum
1102 3710 1327 3766 puerum
1353 3696 1614 3749 salvatum
1645 3711 1762 3751 esse
1783 3712 1902 3751 crc—

314 3788 531 3852 damus,
551 3788 603 3840 in
626 3802 734 3856 quo
754 3786 883 3840 nihil
897 3785 1128 3841 defuisse
1149 3801 1335 3841 eorum
1350 3801 1468 3857 qua:
1489 3786 1554 3839 ad
1568 3786 1901 3856 baptismatis

309 3879 549 3938 ofﬁcium
597 3889 758 3950 atque
797 3879 1046 3933 effectum
1093 3880 1363 3949 pertinent
1412 3878 1729 3933 invenimus.
1769 3878 1898 3932 Otii-

306 3973 452 4028 cium
475 3972 676 4041 quippe
695 3970 941 4024 secunda:
967 3968 1256 4024 nativitatis
1272 3970 1323 4023 in
1342 3968 1447 4023 fide
1461 3977 1516 4023 et
1536 3969 1893 4038 confessione,

303 4061 533 4116 effectus
574 4068 754 4112 autem
792 4059 843 4112 in
890 4057 1300 4126 regeneratioue
1334 4056 1602 4113 consistit.
1637 4056 1896 4129 Quotquot

304 4151 452 4205 enim
496 4160 795 4217 receperunt
822 4165 956 4211 eum,
989 4147 1127 4201 dedit
1157 4149 1230 4202 eis
1260 4156 1565 4217 potestatem
1605 4148 1744 4218 ﬁlios
1796 4148 1891 4204 Dei

300 4242 442 4312 ﬁeri,
464 4240 544 4293 his
559 4239 644 4310 qui
666 4239 877 4293 credunt
897 4240 950 4292 in
979 4239 1189 4293 nomine
1215 4241 1327 4309 ejus
1357 4236 1536 4309 (Ioan.
1563 4256 1600 4304 ι,
1627 4239 1736 4312 ιθ).
1758 4240 1887 4296 Cre-

303 4317 444 4385 dunt
470 4347 622 4401 ergo,
638 4338 698 4386 ut
722 4329 813 4384 lilii
831 4330 923 4384 Dei
957 4328 1386 4397 liant;quoniam
1413 4329 1478 4384 ad
1494 4330 1599 4385 hoc
1620 4331 1891 4401 accipiunt

301 4422 535 4491 gratiam
579 4406 727 4487 fidei,
751 4431 810 4476 ut
835 4420 1118 4476 credentes
1157 4421 1424 4490 accipiant
1451 4422 1677 4490 gratiam
1706 4438 1888 4477 sacra-

2016 1897 2348 1951 nuntiatione
2396 1898 2696 1955 confessus.
2744 1900 2884 1956 Nihil
2914 1902 3096 1972 itaque
3126 1903 3309 1958 illi‘ad
3336 1913 3593 1960 aeternam

2013 1984 2394 2040 beatitudinem
2433 1990 2866 2058 consequendam
2913 2008 3017 2045 vox
3044 1991 3224 2046 ablata
3255 1994 3467 2057 nocuit,
3499 1994 3593 2062 qui

2011 2076 2244 2142 quandiu
2263 2077 2454 2145 potuit,
2474 2078 2525 2131 in
2544 2078 2655 2147 ipsa
2673 2076 2793 2133 fidei
2812 2079 3151 2139 confessione
3164 2084 3593 2151 permansit.Ab-

2012 2163 2115 2219 lata
2137 2181 2245 2220 non
2275 2182 2319 2221 e.
2337 2176 2375 2232 t,
2391 2184 2489 2223 nec
2510 2178 2740 2233 mutata;
2769 2185 2868 2225 nec
2894 2172 3152 2226 abolitum
3170 2175 3417 2249 estquod
3439 2175 3592 2241 dixit,

2010 2257 2224 2326 quando
2237 2258 2418 2314 dicere
2439 2276 2545 2316 non
2568 2263 2764 2331 potuit,
2776 2264 2901 2332 quia
2915 2264 3370 2337 quandiuzseutire
3378 2266 3554 2336 potuit
3575 2305 3593 2331 ,

2011 2352 2336 2407 sententiam
2368 2369 2474 2408 non
2506 2355 2758 2410 mutavit.

2083 2468 2169 2520 15.
2212 2468 2317 2523 Sed
2355 2488 2372 2519 ι
2409 2470 2598 2538 timeo,
2638 2470 2831 2541 inquis,
2876 2486 2943 2525 ne
2985 2480 3271 2542 propterea
3313 2474 3590 2543 Dominus,

2008 2560 2094 2613 cui
2123 2561 2303 2614 omnia
2330 2562 2603 2631 possibilia
2634 2570 2782 2628 sunt,
2816 2559 3122 2617 facultatem
3157 2562 3411 2633 loquendi
3431 2566 3589 2619 dene»

2009 2654 2233 2720 gaverit,
2266 2654 2406 2721 quoi
2438 2669 2561 2708 eum
2583 2653 2843 2709 beneficio
2868 2656 3116 2710 secundae
3146 2657 3444 2714 nativitatis
3458 2658 3589 2727 judio

2009 2746 2152 2799 cavit
2184 2745 2474 2813 indignum.
2516 2767 2534 2797 ι
2570 2746 2681 2801 1ιηο
2713 2747 2880 2815 magis
2910 2748 2980 2802 ibi
3019 2764 3376 2819 agnoscamus
3406 2749 3588 2806 υοιιιὶ-
3670 2805 3687 2817 ,

2011 2853 2135 2891 num
2179 2841 2336 2907 232
2367 2845 2606 2891 uestrum
2630 2854 2736 2892 nou
2767 2838 2925 2895 fuisse
2958 2840 3180 2894 oblitum
3209 2841 3588 2899 misericordia!

2006 2943 2134 2990 sum,
2169 2928 2221 2981 in
2256 2942 2362 2995 quo
2393 2928 2493 2982 etsi
2535 2945 2720 2983 vocem
2761 2930 3000 2999 abstulit,
3040 2932 3205 2985 vitam
3253 2941 3432 2987 tamen
3486 2949 3588 2991 non

2007 3020 2226 3084 ademit,
2258 3028 2316 3073 ut
2344 3020 2485 3090 quod
2534 3022 2759 3091 ptmbuit
2787 3022 3006 3078 credere
3034 3024 3411 3095 confiteriquc,
3444 3027 3586 3081 acci—

2012 3120 2164 3180 peret
2190 3112 2396 3167 vivens.
2594 3160 2601 3178 ,
3018 3104 3019 3107 η

2081 3203 2167 3260 ili.
2208 3204 2317 3260 Sed
2363 3205 2654 3272 dubitatur,
2693 3225 2710 3256 ι
2747 3208 3018 3276 quomodo
3062 3208 3300 3279 potuerit
3339 3220 3471 3263 aetas
3502 3210 3588 3269 illa

2005 3294 2230 3348 rationis
2252 3310 2419 3365 capax
2450 3296 2622 3349 aliena
2648 3296 2985 3352 cnszl‘essione
3021 3299 3255 3368 purgari.
3298 3318 3315 3350 ι
3352 3297 3587 3356 lmo‘sua

2002 3384 2272 3440 invenitur
2293 3386 2630 3441 confessione
2655 3397 2895 3456 purgata,
2932 3389 3016 3441 cui
3049 3397 3174 3442 tunc
3201 3389 3427 3442 aliorum
3460 3405 3586 3443 con-

2002 3476 2164 3531 fessio
2191 3478 2475 3533 subsecuta
2505 3479 2761 3548 prodesse
2790 3496 2897 3532 non
2929 3489 3131 3549 posset,
3159 3482 3202 3533 si
3233 3480 3449 3549 propria
3490 3481 3579 3533 mi-

2002 3567 2146 3621 nime
2175 3558 2558 3637 pncceSSisset.
2589 3560 2840 3625 Secundo
2872 3570 3052 3638 itaque
3087 3569 3161 3624 illi
3194 3570 3419 3624 aliorum
3450 3585 3584 3624 cun-

2004 3656 2164 3711 fessio
2216 3658 2334 3713 sine
2381 3658 2544 3714 dubio
2600 3658 2830 3730 profuit,
2885 3661 3101 3729 quando
3152 3676 3257 3715 non
3310 3662 3583 3720 nolentem

2000 3748 2274 3816 praevenit,
2298 3764 2419 3804 cum
2442 3748 2712 3805 deficienti
2739 3751 3024 3806 subsecuta
3050 3752 3320 3813 subvenit,
3354 3760 3408 3808 et
3437 3753 3583 3822 quoi

1999 3838 2167 3894 inillo
2197 3840 2449 3895 voluntas
2497 3840 2795 3897 illuminata
2840 3841 3109 3922 credendo
3165 3851 3220 3896 et
3274 3840 3581 3899 confitendo

1997 3931 2178 4000 cmpit,
2206 3931 2311 3986 hoc
2338 3947 2438 4002 pro
2468 3932 2561 3987 illo
2589 3934 2787 3989 caritas
2810 3932 3044 3988 fraterna
3079 3932 3327 4003 perfecit.

2068 4045 2193 4102 Car.
2222 4062 2295 4100 vt.
2319 4075 2384 4086 —
2412 4045 2663 4117 Legimus
2692 4048 2872 4117 itaque
2895 4047 3178 4105 Dominum
3209 4048 3408 4104 dixisse
3435 4066 3446 4101 :
3481 4046 3581 4114 Qui

1995 4154 2075 4192 me
2101 4140 2367 4208 confessus
2396 4137 2549 4209 fuerit
2577 4139 2751 4192 coram
2767 4135 3079 4202 hominibus,
3103 4135 3386 4208 conﬁtebor
3414 4148 3468 4192 et
3485 4155 3580 4209 ego

1992 4254 2106 4290 eum
2132 4253 2306 4291 coram
2326 4235 2489 4290 Patre
2511 4251 2646 4303 meo,
2677 4237 2763 4306 qui
2791 4247 2869 4290 est
2897 4237 2951 4289 in
2979 4235 3121 4292 caelis
3150 4235 3365 4307 (Matth.
3397 4252 3450 4299 ι,
3467 4236 3578 4309 59.).

1994 4326 2082 4381 Isti
2129 4336 2309 4382 autem
2350 4327 2583 4397 quandiu
2615 4326 2869 4396 loquendi
2906 4328 3134 4384 facultas
3160 4326 3279 4388 fuit.
3308 4326 3579 4384 confessio

1992 4416 2079 4470 illa
2105 4434 2211 4472 non
2241 4416 2429 4472 defuit.
2477 4416 2616 4486 Quis
2664 4428 2797 4487 ergo
2826 4418 3007 4473 dicere
3036 4417 3255 4472 audebit
3280 4417 3578 4473 confessio-

300 4512 493 4566 menti.
517 4511 743 4581 Dignum
765 4518 1101 4579 namqueest
1131 4518 1189 4565 ut
1216 4510 1343 4564 dum
1364 4509 1526 4566 corde
1553 4512 1788 4566 creditur
1815 4512 1881 4566 ad
1913 4534 1964 4594 ι)
1992 4520 2113 4560 nem
2134 4507 2278 4560 illam
2304 4508 2496 4574 salutis
2523 4507 2821 4578 indignam,
2862 4523 3024 4579 quam
3072 4507 3221 4563 videt
3250 4523 3357 4563 non
3388 4508 3577 4563 volu::-

300 4599 580 4672 iustitiam,
601 4616 697 4657 ore
713 4601 979 4656 confessio
998 4601 1090 4655 fiat
1104 4600 1168 4655 ad
1184 4601 1433 4656 salutem.
1450 4601 1788 4657 Manifestum
1803 4611 1883 4658 est

295 4676 482 4748 autem
508 4692 672 4762 quod,
695 4694 833 4748 sicut
861 4692 1093 4747 officium
1109 4693 1441 4749 credulitatis
1459 4704 1515 4749 et
1529 4694 1886 4751 confessionis

293 4786 535 4854 pertinet
564 4784 630 4839 ad
658 4786 1124 4852 catechumenum,
1168 4786 1246 4841 sic
1293 4784 1514 4841 effectus
1545 4786 1883 4855 baptismatis

292 4876 533 4946 pertinet
554 4874 619 4929 ad
646 4876 945 4930 ministrum
961 4894 974 4943 ;
993 4884 1049 4931 et
1062 4874 1185 4931 dum
1203 4875 1270 4931 ab
1288 4876 1379 4932 illo
1400 4891 1495 4946 per
1515 4891 1698 4932 veram
1722 4860 1882 4934 fidem

288 4967 564 5023 confessio
589 4968 871 5038 promitur,
898 4968 1293 5037 subsequenter
1316 4976 1400 5024 est
1428 4978 1487 5025 ut
1510 4969 1614 5025 isto
1645 4970 1884 5041 tingentc

290 5057 549 5112 salutaris
575 5058 815 5129 mysterii
844 5058 1016 5127 gratia
1043 5066 1349 5128 peragatur.

363 5146 453 5201 14.
496 5146 667 5214 Quam
697 5148 935 5217 regulam
977 5148 1030 5202 in
1060 5148 1283 5203 Actibus
1308 5151 1677 5220 apostolorum
1703 5154 1885 5223 sancti

290 5234 527 5308 Philippi
570 5238 811 5295 videmus
836 5254 1000 5309 opere
1028 5239 1351 5311 custoditam
1376 5259 1389 5295 :
1422 5244 1513 5313 qui
1541 5258 1664 5298 cum
1687 5243 1880 5301 admo-

287 5335 515 5383 neretur
539 5344 567 5383 a
597 5328 799 5399 Spiritu
827 5337 1015 5384 sancto
1045 5338 1103 5384 ut
1131 5330 1447 5401 prmdicaret
1476 5332 1738 5391 Eunucho
1774 5335 1880 5392 Do-

283 5416 497 5473 minum
509 5416 691 5475 Iesum
703 5418 990 5484 Christum,
1006 5420 1270 5492 simulque
1285 5421 1353 5476 ad
1373 5423 1659 5493 quamdam
1685 5441 1879 5496 aquam

281 5510 546 5577 venisset,
576 5510 836 5567 Eunucho
867 5511 1173 5582 postulante
1198 5506 1257 5568 et
1278 5513 1490 5570 dicente
1514 5533 1527 5568 :
1561 5514 1693 5571 Ecce
1720 5536 1876 5590 aqua,

276 5594 404 5671 quis
444 5601 678 5672 prohibet
703 5618 784 5655 me
811 5599 1068 5672 baptizari
1097 5603 1234 5673 (Act.
1264 5620 1378 5670 vm,
1428 5604 1562 5676 30)?
1614 5606 1702 5661 ille
1732 5606 1879 5677 prius

278 5690 474 5744 elicuit
498 5678 852 5748 confessionis
882 5690 1141 5758 oﬂicium,
1188 5694 1275 5749 cui
1305 5703 1452 5751 recte
1479 5698 1650 5753 sancti
1674 5697 1879 5769 baptis-

278 5782 448 5839 matis
474 5783 800 5840 ministraret
829 5783 1098 5846 effectum.
1117 5781 1244 5840 Ideo
1272 5786 1548 5851 respondit
1579 5786 1870 5847 Eunucho:

1989 4597 2114 4653 tatis
2141 4600 2496 4669 perversitate
2524 4602 2804 4670 rejectam,
2835 4600 2929 4657 sed
2973 4600 3297 4657 infirmitatis
3341 4602 3575 4656 necessi~

1984 4696 2093 4744 tate
2120 4691 2605 4760 comprehensam?
2634 4692 2920 4747 Debilitata
2948 4700 3031 4747 est
3057 4693 3203 4748 enim
3233 4692 3434 4759 lingua,
3460 4707 3573 4746 non

1984 4781 2316 4836 conscientia
2356 4781 2686 4853 depravata;
2717 4782 2848 4838 dicit
2875 4792 3056 4838 autem
3089 4782 3418 4854 Apostolus:
3457 4781 3573 4835 Ha-

1985 4871 2157 4928 bentes
2187 4882 2358 4927 autem
2376 4872 2608 4928 eumdem
2621 4875 2857 4945 spiritum
2874 4874 3021 4946 ﬁdei,
3046 4874 3176 4928 sicut
3195 4874 3442 4943 scriptum
3460 4882 3535 4926 est
3551 4889 3571 4927 .°

1985 4961 2217 5034 Credidi,
2259 4973 2470 5035 propter
2493 4964 2630 5035 quod
2671 4964 2871 5020 locutus
2900 4981 3045 5031 sum;
3080 4972 3131 5018 et
3160 4980 3255 5018 nos
3292 4964 3570 5035 credimus,

1981 5064 2191 5126 propter
2218 5056 2352 5128 quod
2380 5064 2430 5111 et
2457 5056 2713 5130 loquimur
2741 5056 2829 5131 (11
2863 5057 2982 5114 Cor.
3015 5075 3089 5125 tv,
3121 5057 3233 5130 i5).
3264 5058 3359 5114 llle
3389 5059 3571 5130 itaque

1982 5148 2071 5217 qui
2101 5149 2292 5221 spiritu
2325 5149 2445 5205 fidei
2472 5160 2698 5222 accepto
2727 5150 2974 5218 credidit,
3006 5161 3063 5206 et
3082 5152 3299 5208 locutus
3318 5160 3421 5217 est,
3443 5167 3571 5221 qum

1984 5239 2125 5293 niam
2156 5241 2271 5309 ipso
2300 5240 2527 5310 Spiritu,
2556 5257 2718 5311 quem
2738 5251 3133 5312 acceperat..ut
3160 5243 3570 5307 crederet,tunc

1981 5346 2167 5387 carere
2191 5341 2406 5403 poterat
2432 5333 2477 5389 si
2503 5342 2759 5401 negaret;
2793 5335 3011 5403 quando
3043 5349 3149 5389 non
3178 5332 3413 5402 negavit,
3438 5348 3570 5402 pro-

1985 5420 2127 5485 fecto
2170 5439 2279 5479 non
2322 5425 2515 5480 caruit.
2549 5424 2674 5496 Ipso
2696 5440 2826 5495 ergo
2852 5425 3053 5495 Spiritu
3084 5439 3192 5495 quo
3234 5423 3447 5478 locutus
3486 5430 3569 5482 est

1983 5512 2230 5579 credens,
2253 5515 2562 5586 redemptus
2581 5526 2665 5572 est
2686 5525 2872 5573 tacens
2896 5537 2909 5571 :
2942 5516 3196 5586 quoniam
3226 5515 3343 5586 ipso
3363 5510 3566 5585 Spiritu

1984 5591 2234 5662 nativitas
2252 5608 2489 5664 secunda
2505 5610 2801 5680 perficitur,
2816 5627 2924 5681 quo
2936 5610 3170 5666 secunda
3185 5608 3563 5664 credulitasda.

1986 5708 2088 5761 tur.
2103 5699 2334 5755 Proinde
2355 5700 2569 5770 quando
2585 5717 2693 5757 non
2707 5700 3024 5757 defuitsauo
3037 5700 3290 5755 credendi
3324 5708 3376 5755 et
3401 5698 3542 5753 conti

1982 5791 2126 5847 tendi
2156 5790 2421 5853 voluntas.
2440 5808 2546 5849 non
2573 5792 2744 5849 obfuit
2774 5793 2983 5848 infirmo
3007 5787 3546 5855 tacendﬁuccessitas
