4072 6332
487 410 592 468 887

1356 365 1363 372 Ι
1402 388 1411 399 ’
1506 417 1566 471 S.
1608 411 1968 471 FULGENTII
1998 370 2298 473 El’lSCOPl
2342 417 2705 477 ItUSPENSlS

3633 425 3740 482 .588

556 542 687 599 Cn.
718 558 789 599 vn
831 577 900 587 _
928 544 1007 599 Π,
1046 543 1142 599 Es,
1171 552 1348 600 autem
1378 560 1584 615 verum,
1614 548 1737 616 quia
1764 549 1929 603 solum
1947 566 2061 620 par,
2090 532 2136 589 Α
2163 528 2379 585 dimissa
2417 531 2581 585 fuisse
2611 546 2771 586 nemo
2809 527 3041 587 fidelium
3077 529 3302 589 dubitat.
3341 532 3615 594 Practer-ita
3644 542 3749 612 igi-

487 634 629 689 uulos
658 636 755 689 rite
782 637 1033 691 credimus
1070 636 1392 705 offerentium
1412 637 1523 707 ﬁde
1550 638 1764 708 salvari,
1803 655 1927 709 quos
1955 640 2064 694 ori-

486 727 650 794 ginali
693 736 891 780 tantum
929 728 1160 781 novimus
1185 728 1457 799 iniquitate
1485 729 1743 795 damnari,
1790 731 1848 784 id
1885 741 2069 803 agente

464 815 661 889 .dirina
706 818 914 888 justitia
976 819 1123 872 miris
1179 820 1344 873 modis
1371 859 1385 884 ,
1450 830 1507 874 ut
1556 821 1929 892 quodammodo
1980 824 2066 877 ubi

485 909 696 960 minime
731 910 965 977 propria,
992 909 1048 962 id
1082 918 1159 964 est
1185 912 1407 965 actualis
1443 912 1644 967 malitia
1679 915 1947 981 reperitur,
1975 931 2066 969 nec

484 998 719 1051 uoluntas
771 1002 983 1070 propria
1033 1003 1365 1072 requiratur;
1419 1003 1511 1057 sed
1559 1021 1650 1074 per
1696 1002 2067 1059 abundantiam

484 1086 669 1154 gratia:
713 1085 882 1151 detur,
934 1088 1054 1142 aliis
1105 1073 1443 1156 credentibus,
1493 1073 1656 1159 salus,
1704 1091 1904 1164 quibus,
1948 1094 2067 1149 aliis

482 1172 833 1242 peccantibus,
875 1185 1047 1230 reatus
1091 1180 1343 1250 ascriptus
1389 1188 1485 1236 est.
1515 1180 1682 1236 Addis
1719 1184 2066 1253 autem,quia

483 1263 567 1316 hic
606 1268 815 1336 proprio
868 1266 1060 1321 vivebat
1111 1268 1324 1325 arbitrio
1365 1287 1383 1324 :
1430 1288 1584 1342 super
1623 1271 1752 1324 illud
1794 1273 1929 1345 quod
1975 1291 2066 1327 ra-

484 1354 596 1407 dice
629 1364 878 1423 traxerat,
928 1360 1090 1412 multa
1129 1363 1240 1414 sine
1277 1361 1428 1416 dubio
1457 1364 1580 1416 vitia
1614 1364 1825 1435 propria
1862 1364 2066 1436 cupidi-

486 1454 590 1499 tate
647 1456 1016 1516 contraxerat,
1073 1454 1409 1522 plurimorum
1462 1465 1785 1525 peccatorum
1852 1457 2067 1511 vinculis

483 1538 760 1611 obligatus,
802 1550 851 1594 et
890 1532 1009 1597 noni
1043 1546 1145 1598 nisi
1190 1546 1479 1601 voluntaria
1519 1549 1815 1603 credulitate
1855 1550 2066 1604 salvan-

485 1633 610 1696 dus,
641 1648 755 1687 cum
800 1636 853 1688 in
901 1635 991 1690 illo
1037 1637 1400 1708 redemptionis
1441 1639 1552 1693 loco
1589 1642 1823 1709 conﬁteri
1859 1657 1950 1694 nec
1980 1657 2068 1694 ro-

485 1721 600 1789 luit,
632 1738 726 1775 nec
748 1723 925 1788 valuit,
948 1725 1071 1795 quia
1091 1728 1220 1779 nihil
1240 1729 1464 1782 sentiens
1481 1728 1607 1782 velle
1633 1729 1829 1800 aliquid
1856 1731 2066 1786 omnino

485 1827 589 1865 non
643 1814 819 1867 vahtit.
881 1812 1008 1870 llzec
1062 1832 1292 1887 nempe,
1323 1818 1598 1875 carissime
1651 1819 1852 1889 frater,
1901 1821 2066 1876 verba

2170 627 2258 673 tur
2284 621 2505 676 scientis
2542 621 2809 678 confessio
2835 622 3204 678 remissionem
3251 636 3597 695 peccatorum
3625 648 3745 689 me-

2165 714 2272 768 ruit
2292 715 2454 769 etiam
2481 716 2742 771 nescienti
2762 715 2889 785 quid
2909 716 3130 783 diceret,
3159 717 3227 773 de
3248 733 3356 788 quo
3386 728 3415 758 ι
3442 722 3753 784 nullatenus

2167 805 2492 862 dubitemus.

2238 898 2366 951 CAP.
2380 900 2592 952 vnn—t
2605 897 2657 952 9.
2682 897 2864 968 Neque
2876 898 3017 954 enim
3032 900 3210 957 abbac
3224 904 3487 958 sententia
3503 914 3747 962 nostrum

2167 987 2404 1041 animum
2432 1002 2691 1043 revocare
2719 987 2881 1042 debet
2909 989 3016 1044 ulla
3040 991 3308 1060 suspicio,
3341 1009 3409 1048 ne
3437 987 3563 1064 quis
3583 996 3751 1060 dicat,

2167 1062 2321 1144 quod~
2343 1076 2432 1130 ille
2466 1096 2485 1128 ‹
2514 1077 2695 1132 salvus
2718 1085 2887 1147 esset,
2934 1079 2984 1134 si
3007 1095 3106 1134 nec
3134 1081 3200 1134 ad
3230 1082 3399 1152 ipsam
3432 1085 3746 1141 tinctionem

2168 1167 2413 1236 corporis
2461 1168 2816 1236 pervenisset,
2848 1188 2866 1220 ι
2909 1185 3032 1224 cum
3062 1172 3248 1240 utique
3276 1189 3384 1227 non
3412 1174 3656 1231 dicamus
3684 1178 3752 1231 il-

2169 1254 2276 1308 lum
2306 1256 2424 1309 sine
2469 1256 2721 1325 baptismi
2751 1269 3089 1313 sacramento
3134 1262 3247 1316 sola
3277 1264 3617 1321 confessione
3644 1283 3749 1337 po-

2170 1343 2335 1398 tuisse
2358 1343 2573 1396 salvari.
2619 1341 2721 1406 Qui
2747 1345 2890 1398 enim
2921 1348 3211 1410 crediderit,
3244 1359 3292 1403 et
3317 1350 3607 1420 baptizatus
3631 1359 3748 1426 fue-

2169 1432 2255 1495 rit,
2297 1432 2467 1486 salvus
2515 1424 2632 1485 erit.
2698 1433 2852 1488 Illum
2901 1436 3086 1504 utique
3132 1439 3569 1509 adolescentem,
3620 1424 3748 1516 quia

2169 1518 2461 1576 credidisse
2486 1531 2542 1577 et
2569 1522 3064 1591 confessumifuisse
3081 1528 3348 1596 novimus,
3383 1531 3503 1597 ideo
3532 1549 3629 1603 per
3653 1552 3745 1589 sa-

2169 1618 2500 1664 cramentum
2522 1611 2856 1682 baptismatis
2883 1615 3086 1670 salvum
3134 1618 3296 1674 fui:se
3324 1620 3616 1679 firmamus.
3645 1605 3748 1693 Qui

2169 1698 2216 1775 si
2248 1715 2353 1754 non
2380 1700 2761 1770 baptizaretur,
2792 1720 2899 1760 non
2928 1705 3101 1777 solum
3136 1710 3400 1779 nesciens,
3448 1714 3542 1769 sed
3580 1717 3746 1772 etiam

2169 1774 2344 1841 Sciens
2374 1788 2678 1845 nullatenus
2702 1792 3017 1848 salvaretur.
3061 1794 3155 1850 Via
3186 1798 3327 1853 enim
3355 1802 3543 1859 salutis
3566 1805 3664 1860 fuit
3692 1807 3746 1862 in

485 1909 611 1955 sunt
635 1910 876 1974 tua,quae
897 1906 951 1960 in
982 1906 1069 1961 illa
1099 1876 1261 1976 qu-Sm
1280 1876 1561 1963 destinasti
1590 1876 1933 1966 continentur
1955 1912 2069 1983 epi-
2098 1919 2146 1978 B
2172 1876 2786 1983 confesﬁioneﬂsalusj"
2816 1885 3156 1983 Pap‘isn'éle'
3198 1890 3328 1946 Nam
3359 1893 3412 1947 in
3443 1895 3532 1950 ma
3561 1906 3745 1966 δείδιθ’

484 1994 643 2048 stola.

559 2104 646 2159 18.
688 2104 919 2162 Proinde
941 2107 1215 2178 originalis
1231 2110 1435 2179 peccati
1461 2110 1709 2180 primitus
1731 2120 1814 2167 est
1834 2111 2066 2182 qualitas

487 2182 851 2253 attendenda:
882 2201 1025 2268 quod
1057 2201 1241 2270 utique
1268 2202 1336 2256 ab
1364 2203 1482 2257 aliis
1509 2203 1824 2271 admissum,
1856 2205 1908 2258 in
1932 2203 2067 2258 alios

487 2298 572 2355 est
598 2291 959 2356 generationis
987 2292 1117 2347 vitio
1136 2302 1507 2363 propagatum.
1536 2294 1593 2348 ln
1609 2295 1760 2365 cujus
1774 2296 2068 2351 abolitione

485 2378 532 2432 si
560 2379 775 2447 quando
812 2380 900 2434 illa
925 2389 1057 2435 mtas
1085 2389 1186 2447 est,
1204 2383 1289 2437 cui
1320 2384 1535 2453 propria
1559 2400 1667 2439 non
1695 2386 1865 2454 possit
1890 2386 2066 2442 inesse

487 2470 774 2537 confessio,
822 2471 941 2526 aliis
988 2473 1333 2528 credentibus
1373 2483 1429 2530 et
1466 2476 1868 2547 confitentibus,
1909 2477 2067 2532 datur

487 2561 727 2632 parvulis
775 2564 938 2626 salus,
971 2566 1186 2634 quibus,
1227 2567 1346 2622 aliis
1376 2569 1743 2637 peccantibus,
1773 2580 1855 2623 est
1883 2578 2067 2626 reatus

485 2652 769 2722 ascriptus.
795 2652 1055 2720 Quocirca
1086 2657 1339 2724 quoniam
1368 2658 1421 2712 in
1446 2659 1694 2713 aetatibus
1718 2659 1829 2729 jam
1856 2663 2065 2718 ratione

485 2742 758 2797 utentibus
780 2746 995 2815 propria
1027 2747 1292 2802 confessio
1322 2751 1612 2818 quaeritur,
1643 2751 1730 2804 illa
1752 2753 1953 2808 scilicet
1973 2768 2063 2807 ra-

390 2842 401 2849 ‘
486 2835 655 2901 tione,
686 2837 940 2904 quoniam
963 2846 1019 2892 et
1046 2839 1234 2892 vivunt
1261 2847 1315 2894 et
1342 2840 1663 2910 intelligunt,
1696 2842 1956 2897 habentes
1995 2859 2063 2898 ex

485 2923 596 2979 vita
624 2932 903 2993 peccatum
930 2926 1177 2995 originis,
1212 2936 1265 2982 et
1295 2944 1361 2983 ex
1390 2929 1745 2997 intelligentia
1783 2942 2063 3001 peccatum

483 3022 992 3090 proprimactionis,
1044 3023 1165 3078 ideo
1194 3026 1354 3080 istum
1393 3036 1540 3082 recte
1570 3027 1798 3084 dicimus
1825 3031 1940 3086 sine
1961 3032 2057 3086 duo

486 3109 746 3166 bitatione
783 3113 1064 3177 salvatum,
1113 3117 1238 3184 quia
1276 3124 1331 3171 et
1372 3118 1687 3199 intelligens
1720 3123 1964 3190 credidit,
2008 3132 2061 3179 et

486 3204 645 3275 223
671 3204 813 3273 quod
840 3205 1067 3260 credidit
1100 3209 1317 3278 propria
1344 3211 1683 3267 confessione
1715 3211 1977 3279 ﬁrmavit;
2010 3223 2065 3269 et

486 3474 619 3529 Nam
640 3491 738 3546 per
757 3477 929 3532 sancti
950 3477 1287 3548 baptismatis
1309 3490 1723 3548 sacramentum,
1755 3483 1841 3536 illa
1865 3484 1974 3537 vita
1990 3493 2072 3539 est

402 3578 413 3582 “
485 3568 693 3643 peccati
721 3569 998 3638 originalis
1027 3571 1254 3627 nexibus
1283 3572 1550 3639 absoluta,
1581 3590 1699 3644 quae
1728 3576 1903 3631 fuerat
1923 3577 2069 3646 ejus-

485 3657 607 3712 dem
633 3659 842 3728 peccati
874 3660 1096 3715 vinculis
1117 3662 1370 3730 obligata.
1389 3662 1455 3717 Et
1475 3665 1599 3733 quia
1624 3674 1769 3720 tanta
1799 3674 1881 3721 est
1903 3668 2071 3722 virtus

468 3750 656 3804 sancti
671 3750 1026 3829 baptismatis,
1044 3760 1101 3807 ut
1127 3752 1214 3807 ubi
1245 3754 1406 3808 vitam
1430 3756 1710 3823 invenerit,
1742 3759 1794 3813 in
1817 3774 1921 3829 qua
1944 3758 2071 3813 illud

486 3826 762 3911 originalis
788 3844 997 3913 peccati
1015 3844 1286 3899 vinculum
1317 3848 1506 3911 solvat,
1523 3850 1702 3903 omnia
1731 3866 1851 3921 qua:
1880 3866 2069 3920 supcr—

487 3931 696 4000 adjecta
714 3922 997 4002 repererit,
1016 3934 1265 3990 secunda:
1284 3937 1579 3992 nativitatis
1599 3938 1862 3995 beneficio
1877 3941 2066 4007 diluat,

484 4023 635 4093 juxta
666 4023 794 4078 illud
815 4024 960 4093 quod
982 4025 1271 4096 Apostolus
1287 4029 1362 4082 ait
1392 4047 1404 4080 :
1438 4027 1581 4083 Nam
1601 4030 1852 4099 judicium
1882 4049 1946 4086 ex
1967 4049 2069 4087 uno

489 4117 541 4170 in
571 4116 1068 4182 condemnationem,
1098 4120 1269 4188 gratia
1297 4129 1469 4172 autem
1495 4137 1560 4173 ea:
1586 4122 1758 4175 multis
1788 4123 1989 4177 delictis
2014 4126 2067 4178 in

491 4206 913 4277 iustiﬁcationem
945 4206 1122 4277 (Rom.
1152 4223 1206 4275 ν,
1239 4207 1326 4278 16)
1356 4227 1368 4261 :
1403 4207 1563 4286 digne
1607 4211 1754 4265 illum
1799 4213 2069 4269 credimus

490 4311 610 4351 esse
637 4297 923 4363 salvatum,
947 4298 1031 4352 cui
1055 4307 1110 4353 et
1138 4307 1263 4353 ante
1285 4300 1547 4369 baptisma
1588 4300 1878 4358 credulitas
1900 4312 1955 4358 et
1983 4304 2067 4358 in-

401 4388 407 4393 ’
493 4388 799 4457 telligentiae
839 4388 1244 4445 confessioznon
1272 4389 1457 4454 defuit,
1496 4400 1551 4445 et
1579 4392 1631 4446 in
1656 4392 1789 4447 hora
1818 4394 2069 4463 baptismi

492 4481 620 4545 vita,
662 4480 907 4549 quamvis
933 4479 985 4534 in
1026 4480 1237 4534 infirmo
1266 4489 1321 4535 et
1351 4481 1706 4548 febricitante,
1749 4486 2063 4553 permansit.

492 4570 610 4626 Vita
658 4572 817 4640 igitur
847 4584 966 4642 quae
1007 4574 1293 4627 contravit’
1324 4574 1582 4641 onginale
1613 4587 1911 4646 peccatum,
1944 4578 2066 4648 quia

490 4660 708 4730 quando
748 4660 940 4731 potuit,
979 4662 1345 4719 testimonium
1389 4681 1498 4720 sua:
1539 4668 1879 4722 conscientia
1906 4677 2070 4738 atque
2097 4658 2146 4717 Ι)

492 4751 857 4818 intelligentiae
897 4748 1078 4827 dedit;
1110 4754 1272 4808 etiam
1298 4755 1514 4825 quando
1544 4756 1790 4814 confiteri
1832 4775 1937 4814 non
1970 4776 2069 4829 po-

490 4843 611 4908 tuit,
644 4841 784 4896 illius
823 4841 1173 4898 confessionis
1215 4844 1409 4901 merito
1448 4847 1821 4903 remissionem
1860 4850 2071 4920 peccati

489 4931 762 5000 originalis
788 4933 1014 5002 accepit.
1048 4933 1278 4989 Maxime
1304 4938 1711 4991 consecratione
1738 4938 1959 4992 unitatis
1978 4937 2075 4994 Ec-

489 5020 666 5075 (-lesizc
707 5021 1054 5090 suffragante,
1084 5041 1188 5095 qua
1220 5024 1418 5080 factum
1455 5034 1539 5081 est
1580 5034 1638 5081 ut
1675 5027 2068 5083 confessionem

491 5122 733 5182 tempore
756 5115 1335 5182 pratterito'redditam,
1372 5117 1496 5185 quia
1520 5132 1626 5170 non
1653 5116 1830 5186 potuit
1860 5117 1911 5170 in
1936 5117 2066 5173 hora

490 5204 737 5273 baptismi
766 5205 992 5262 reddere
1018 5215 1241 5278 propter
1286 5207 1647 5263 infirmitatem
1675 5206 1937 5278 corporis,
1968 5208 2066 5263 ad-

483 5293 686 5363 jutorio
716 5293 963 5351 fraterna;
1001 5297 1249 5353 redderet
1278 5297 1554 5354 caritatis:
1588 5305 1646 5379 ut
1674 5313 1863 5353 eorum
1897 5314 2080 5354 mem-A

489 5393 708 5447 brorum
734 5394 902 5451 verbo
925 5394 1111 5451 fuisset
1140 5396 1371 5466 adjutus,
1399 5412 1628 5467 quorum
1664 5394 1764 5451 fuit
1797 5400 2072 5456 consortio

488 5480 844 5553 deputandus.
897 5483 994 5540 lllo
1041 5495 1219 5541 autem
1262 5487 1507 5556 originali
1556 5496 1782 5557 peccato
1828 5487 2071 5557 dimisso,

489 5586 680 5634 cuncta
723 5588 943 5649 peccata
988 5596 1108 5650 quas
1153 5576 1366 5652 propria
1396 5582 1672 5639 voluntate
1701 5594 2067 5656 contraxerat,

564 5744 588 5819 τ
620 5733 810 5819 Plures
834 5737 1004 5819 codd;
1018 5738 1145 5794 editi
1171 5743 1634 5819 nou‘babentlias
1655 5763 1833 5813 voces,
1864 5748 1928 5802 de
1954 5765 2077 5819 quo,

492 5805 597 5885 sed
615 5804 692 5887 sic
713 5806 927 5887 legqpt;
958 5807 1235 5866 Prmterita
1269 5814 1427 5888 igitur
1454 5816 1662 5888 scientis
1691 5804 1951 5888 confessio
1969 5804 2072 5872 ’ναξ

490 5885 789 5957 onis'icnem
825 5885 1159 5948 peccatorum
1205 5885 1388 5938 meruit
1416 5885 1665 5941 nescienti
1714 5885 1835 5958 quid
1876 5889 2070 5943 dicere:

2171 1986 2280 2024 non
2309 1971 2482 2025 solum
2513 1973 2564 2028 ei
2600 1976 2866 2031 confessio
2913 1980 3029 2034 sine
3067 1980 3389 2052 baptismate
3435 1988 3568 2044 nihil
3616 2007 3748 2060 pro-

2167 2064 2369 2129 deséet,
2425 2068 2518 2121 sed
2545 2084 2645 2124 nec
2672 2069 2844 2139 ipsum
2872 2072 3135 2150 baptisma
3164 2091 3272 2131 non
3301 2078 3539 2136 credenti
3569 2098 3749 2152 neque

2168 2156 2444 2212 confitenti
2473 2159 2739 2216 ullatenus
2763 2161 3051 2233 proficeret
3078 2166 3145 2220 ad
3173 2169 3418 2224 salutem.
3461 2170 3589 2228 Ideo
3615 2188 3749 2243 ergo

2168 2247 2244 2300 illi
2279 2248 2417 2304 Deus
2456 2251 2848 2309 codessionem
2892 2255 3146 2325 prodesse
3192 2260 3399 2330 voluit,
3453 2264 3576 2332 quia
3622 2280 3749 2320 eum

2166 2352 2337 2407 usque
2366 2339 2432 2393 ad
2456 2352 2696 2396 sanctam
2723 2347 3188 2412 regenerationem
3215 2349 3268 2403 in
3299 2350 3399 2405 hac
3416 2348 3537 2406 'vita
3562 2368 3750 2409 serva-

2166 2429 2260 2484 vit.
2302 2430 2509 2486 Donum
2560 2432 2740 2502 itaque
2768 2443 2968 2490 sancta:
2998 2439 3419 2505 regenerationis
3448 2443 3589 2496 sicut
3630 2443 3748 2512 ille,

2166 2521 2290 2590 quia
2323 2522 2508 2588 voluit,
2542 2525 2769 2594 petivit;
2798 2526 2876 2581 sic
2902 2527 3061 2593 Deus,
3093 2530 3218 2599 quia
3251 2532 3436 2598 voluit,
3468 2534 3635 2590 dedit.

2237 2607 2367 2663 Cn.
2398 2626 2472 2664 Ix.
2505 2609 2702 2667 Mortai
2730 2630 2822 2668 cur
2860 2631 2962 2670 non
3005 2617 3347 2687 baptizentur.
3379 2656 3448 2665 —
3477 2624 3563 2678 20.
3598 2625 3749 2681 Mor—

2167 2707 2287 2777 tuos
2316 2710 2494 2758 autem
2534 2715 2819 2774 propterea
2865 2723 2972 2761 non
3023 2709 3380 2781 baptizamus,
3429 2715 3553 2784 quia
3581 2732 3750 2773 omnia

2166 2802 2467 2863 peccatum,
2487 2797 2600 2850 sive
2621 2797 2897 2865 originale,
2930 2799 3041 2854 sive
3066 2802 3294 2867 actuale,
3326 2805 3448 2872 quia
3478 2807 3632 2860 simul
3661 2818 3753 2864 est

2165 2889 2357 2943 animm
2408 2890 2662 2959 caruique
2693 2907 2997 2959 commune,
3046 2894 3176 2947 nihil
3223 2911 3408 2950 eorum
3438 2882 3746 2965 dimittitur,

2162 2977 2207 3031 si
2237 2992 2266 3031 a
2295 2994 2389 3032 sua
2420 2994 2583 3034 carne
2611 2981 2789 3035 anima
2812 2992 3108 3052 separetur.
3145 2986 3334 3041 Omnes
3354 2990 3488 3042 enim
3519 3007 3613 3043 nos
3632 3010 3751 3047 ma-

2164 3069 2400 3138 nifestari
2423 3077 2621 3137 oportet
2653 3080 2771 3125 ante
2791 3071 3016 3125 tribunal
3036 3072 3248 3141 Christi,
3278 3084 3333 3128 ut
3355 3078 3565 3147 recipiat
3585 3096 3750 3133 unus-

2163 3160 2373 3231 quisque
2398 3164 2608 3232 propria
2637 3166 2869 3233 corporis
2898 3174 3048 3234 prout
3077 3169 3256 3237 gessit,
3278 3169 3381 3222 sive
3400 3169 3611 3240 bonum,
3640 3176 3749 3230 sive

486 3250 645 3306 afu-
673 3250 813 3273 -νν-
843 3250 1067 3309 νηί-’τη
1100 3250 1317 3312 ι”νιη-’ς
1344 3250 1683 3313 “'"j“"""""
2010 3250 2065 3269 ι’
2114 3287 2132 3308 .
2166 3250 2361 3304 malum
2391 3251 2446 3321 (Ι
2474 3250 2592 3305 Cor.
2626 3269 2679 3319 v,
2715 3253 2822 3323 lO).
2866 3253 3054 3308 Anima
3085 3255 3265 3325 itaque
3292 3258 3409 3312 siue
3436 3274 3597 3314 carne
3624 3262 3747 3316 nul—

485 3295 698 3361 demde,
733 3311 978 3365 quamvns
1000 3313 1112 3366 jam
1141 3315 1246 3354 non
1294 3301 1615 3368 intelligens,
1662 3312 1842 3359 tamen
1890 3290 2136 3363 adlmeL
2172 3339 2218 3368 ιη
2243 3341 2452 3368 “mm.
2497 3342 2731 3368 “LM..-
2805 3359 2919 3368 -.-Μ
2966 3347 3206 3368 ,,,,,-,ε.
3253 3348 3299 3368 ε-
3360 3364 3409 3368 -_
3560 3366 3573 3368 _
3700 3367 3705 3368 ,

485 3384 689 3449 vivens,
721 3394 1116 3441 sacramentum
1145 3396 1345 3443 sancta:
1379 3392 1804 3460 regenerationis
1839 3395 2064 3463 accepit.
2144 3425 2157 3437 ι

2172 3339 2222 3393 la
2243 3341 2454 3396 ratione
2497 3342 2749 3406 salvator,
2801 3359 2920 3414 qua:
2966 3347 3209 3414 peccavit
3250 3348 3304 3401 in
3352 3364 3600 3419 corpore,
3646 3367 3750 3406 nec

2170 3428 2393 3483 credidit
2420 3444 2541 3485 cum
2570 3438 2712 3486 esset
2738 3432 2789 3486 in
2817 3448 3066 3504 corpore.
3108 3435 3185 3492 Ac
3225 3452 3322 3507 per
3365 3438 3497 3501 hoc,
3547 3439 3749 3494 malum

2170 3522 2361 3592 recipit
2392 3523 2535 3593 quod
2565 3525 2730 3593 gessit
2776 3526 2827 3580 iu
2877 3542 3127 3597 corpore,
3177 3545 3282 3583 non
3322 3530 3542 3594 bonum,
3583 3532 3749 3603 22$

2170 3611 2314 3679 quod
2342 3611 2395 3665 in
2426 3628 2653 3683 corpore
2682 3616 2973 3670 constituta
3005 3633 3110 3671 non
3141 3619 3323 3686 gessit.
3363 3618 3503 3676 Caro
3532 3637 3748 3692 quoque

2171 3698 2287 3775 sine
2331 3702 2509 3756 anima
2538 3719 2645 3757 non
2701 3711 2879 3774 potest
2909 3705 3188 3775 baptizari,
3238 3708 3360 3776 quia
3408 3724 3510 3764 nec
3555 3712 3752 3765 remis-

2170 3787 2376 3843 sionem
2404 3798 2749 3858 peccatorum
2778 3793 3041 3864 accipere.
3083 3793 3215 3849 Nam
3244 3812 3331 3851 res
3369 3812 3489 3867 qua:
3514 3814 3622 3854 non
3665 3801 3749 3854 vi-

2171 3879 2266 3944 vit,
2313 3880 2452 3934 sicut
2481 3896 2726 3950 peccare,
2772 3882 2843 3936 ita
2886 3886 3255 3953 pmnitentiam
3295 3889 3501 3958 peccati
3549 3889 3754 3947 habere

2172 3984 2278 4021 non
2308 3977 2506 4038 potest.
2550 3969 2832 4036 Quomodo
2861 3978 3614 4033 sacramentumremissionis
3634 3979 3753 4034 dari

2170 4065 2370 4127 potest,
2420 4058 2511 4113 ubi
2537 4060 2645 4114 vita
2683 4078 2787 4115 non
2818 4063 2943 4117 est?
2988 4073 3081 4118 aut
3122 4068 3572 4135 quemadmodum
3623 4086 3754 4126 caro

2168 4147 2471 4217 baptizetur
2515 4149 2575 4205 in
2616 4152 2988 4207 remissionem
3031 4163 3401 4224 peccatorum,
3453 4158 3540 4211 ubi
3571 4159 3755 4213 anima

2171 4251 2277 4289 non
2307 4245 2420 4309 est,
2439 4252 2560 4293 cum
2588 4254 2691 4309 qua
2723 4238 2879 4294 simul
2902 4238 3137 4296 adhaeret
3159 4245 3362 4312 peccati
3383 4249 3757 4301 consortium?

2169 4325 2334 4396 Igitur
2359 4329 2459 4382 etsi
2485 4326 2583 4382 fuit
2608 4327 2918 4398 cujusquam
2947 4332 3174 4386 viventis
3198 4333 3447 4389 voluntas
3477 4336 3757 4406 lidelisque

2171 4418 2390 4473 devotio
2422 4459 2438 4483 ,
2488 4418 2580 4488 qui
2614 4427 2789 4473 tamen
2837 4420 3120 4476 defunctus
3145 4431 3227 4477 est
3273 4424 3389 4480 sine
3416 4426 3758 4496 baptismatis

2170 4516 2528 4572 sacramento,
2561 4509 2682 4563 ideo
2712 4519 2955 4566 mortuus
2983 4512 3242 4583 baptizari
3275 4532 3378 4572 non
3407 4519 3606 4588 potuit,
3628 4519 3757 4587 quia

2174 4598 2242 4652 ab
2270 4598 2361 4652 illo
2388 4614 2619 4668 corpore
2663 4600 2838 4654 anima
2868 4602 3019 4671 cujus
3057 4603 3155 4659 fuit
3186 4607 3434 4663 voluntas
3463 4608 3636 4664 fidelis
3657 4610 3759 4666 de-

2174 4689 2429 4757 votioque
2455 4687 2719 4742 discessit.
2735 4687 3026 4759 Propterea
3056 4692 3157 4748 iste
3187 4694 3365 4764 igitur,
3395 4695 3465 4751 de
3483 4711 3593 4766 quo
3614 4714 3762 4754 nunc

2173 4780 2369 4847 agitur,
2398 4779 2558 4851 digne
2586 4784 2884 4853 baptizatus
2909 4795 2991 4841 est
3017 4827 3033 4853 ,
3065 4788 3189 4856 quia
3220 4790 3397 4844 anima
3428 4790 3574 4860 ejus,
3604 4792 3761 4861 cujus

2175 4867 2422 4924 voluntas
2452 4870 2621 4926 tidelis
2649 4880 2704 4927 et
2732 4872 2948 4929 devotio
2977 4887 3104 4932 nota
3154 4879 3401 4935 omnibus
3432 4880 3550 4947 fuit,
3581 4898 3758 4953 usque

2175 4958 2241 5013 ad
2270 4960 2458 5015 horam
2488 4963 2660 5017 sancti
2690 4964 3026 5035 baptismatis
3054 4967 3108 5023 in
3137 4985 3232 5024 sua
3256 4987 3420 5027 carne
3440 4976 3757 5043 permansit.

2175 5051 2269 5106 Illa
2301 5053 2461 5121 igitur
2483 5056 2759 5125 mysteria,
2790 5073 2908 5127 quae
2954 5069 3079 5115 ante
3108 5061 3367 5131 baptisma
3416 5064 3468 5118 in
3521 5063 3763 5121 Ecclesia

2180 5150 2456 5209 geruntur,
2489 5144 2697 5215 concipi
2722 5147 3049 5216 'spiritualem
3081 5149 3353 5204 hominem
3392 5151 3616 5215 faciunt,
3650 5170 3759 5208 non

2174 5232 2403 5287 renasci.
2437 5231 2574 5290 Hinc
2598 5243 2680 5290 est
2698 5236 2840 5307 quod
2858 5237 3137 5307 perveniet
3162 5238 3226 5293 ad
3248 5239 3496 5307 salutem,
3527 5242 3571 5295 si
3600 5236 3762 5312 quem

2174 5322 2407 5378 secunda
2437 5325 2690 5381 nativitas
2738 5326 2931 5382 educet
2969 5328 3022 5383 in
3052 5329 3247 5384 lucem.
3289 5328 3368 5384 Ad
3398 5346 3559 5400 quam
3587 5332 3762 5388 lucem

2177 5410 2281 5468 illis
2307 5415 2467 5471 homo
2498 5417 2769 5490 mysteriis
2793 5430 3145 5491 pra-paratur,
3186 5423 3279 5478 sed
3309 5423 3649 5494 baptismatis
3679 5442 3764 5480 sa-

2177 5514 2455 5560 cramento
2484 5506 2815 5576 perducitur.
2854 5509 2969 5566 Hoc
2997 5521 3080 5567 est
3106 5514 3252 5582 quod
3281 5515 3527 5584 superius
3557 5515 3673 5569 dixi
3711 5515 3764 5567 in

2177 5594 2281 5650 illis
2307 5598 2576 5668 mysteriis
2597 5615 2717 5656 esse
2744 5601 2931 5658 salutis
2959 5603 3214 5672 officium,
3247 5607 3299 5661 in
3325 5606 3651 5678 baptismate
3679 5624 3768 5663 sa-

2187 5752 2481 5840 nullqtenns
2511 5757 2817 5840 dubitemus,
2866 5761 2958 5816 ubi
2987 5760 3137 5817 deest
3162 5764 3299 5836 quod
3339 5767 3423 5822 vel
3472 5767 3612 5840 quia,
3664 5742 3763 5837 sic,

2177 5824 2313 5891 quod
2342 5825 2689 5884 remissionem
2717 5841 3059 5901 peccatorum,
3093 5824 3198 5889 etc'.
