4072 6332
298 316 410 373 -589

1706 316 2026 373 EPISTOI.A
2063 316 2167 371 ΧΠ.

3455 323 3561 379 3θύ

301 430 426 486 lutis
445 429 693 484 eﬁectum
717 446 731 495 ;
759 443 916 500 quem
941 431 1124 498 utique
1144 445 1253 484 non
1277 430 1602 486 inﬁrmitatis
1628 431 1880 498 incursio,
1912 439 1960 497 Α
1990 443 2168 489 autem
2196 434 2435 488 laborem
2457 433 2620 488 divini
2645 434 2824 504 operis
2854 435 3066 489 inanem
3097 449 3215 490 esse
3245 452 3349 491 non
3373 452 3556 506 posse,

283 521 391 585 sed
414 519 529 574 sola
558 520 658 574 sibi
688 527 868 590 potest
896 533 1092 588 negare
1121 521 1346 575 mutatio
1375 517 1685 575 voluntatis.

371 597 500 664 Car.
535 627 588 664 χ.
619 642 691 651 -
715 609 802 663 21.
836 610 1066 664 Proinde
1095 609 1396 666 ﬁrmissime
1425 611 1656 667 tenenda
1677 621 1760 668 est
1789 613 1876 666 illa

297 717 564 757 canonum
590 701 854 756 sententia
885 710 1250 771 paternorum,
1293 717 1411 773 qua:
1440 702 1676 758 inﬁrmos
1700 703 1876 772 jubet,

296 793 340 848 si
372 809 470 863 pro
497 808 554 846 se
583 792 906 861 respondere
937 808 1041 846 non
1072 792 1308 856 valeant,
1344 793 1438 847 sed
1467 808 1654 848 eorum
1683 793 1877 847 volun-

297 887 396 939 tati
419 885 784 938 testimonium
809 883 888 937 sui
917 883 1153 952 periculo
1179 883 1398 952 proprio
1425 883 1674 949 dixerint,
1708 882 1880 952 bapti-

295 973 429 1028 zari.
471 971 730 1026 Viderunt
755 972 895 1026 enim
925 972 1095 1026 sancti
1120 971 1304 1026 Patres
1333 987 1478 1026 ream
1502 988 1608 1026 non
1638 987 1757 1027 esse
1781 987 1876 1025 vo-

295 1065 558 1119 luntatem
587 1078 705 1132 qua:
750 1061 1004 1132 impedita
1047 1063 1421 1131 cognoscitur,
1472 1078 1580 1116 non
1628 1070 1874 1127 mutata;

297 1169 398 1208 nec
427 1153 625 1207 debere
652 1153 909 1221 denegari
956 1160 1350 1207 sacramentum
1382 1152 1738 1221 baptismatis,
1787 1152 1876 1206 ubi

297 1242 523 1298 ﬁrmitas
551 1242 892 1309 cognoscitur
921 1243 1229 1308 voluntatis.
1283 1241 1396 1298 Hoc
1423 1252 1603 1297 autem
1633 1251 1874 1297 statuen-

298 1341 382 1388 tes
410 1332 582 1386 sancti
610 1331 814 1398 Patres,
845 1340 898 1386 et
927 1332 1052 1401 quid
1082 1331 1314 1387 Ecclesia
1357 1331 1534 1388 facere
1563 1334 1774 1398 debeat,
1821 1343 1877 1389 et

295 1422 428 1493 quid
459 1423 547 1475 ille
574 1421 855 1492 percipiat,
896 1414 1219 1475 indicarunt.
1262 1420 1444 1490 Neque
1473 1421 1615 1476 enim
1644 1422 1745 1476 hoc
1775 1421 1874 1476 Ec-

297 1511 463 1566 clesia
509 1508 728 1572 faceret,
755 1509 800 1562 si
829 1509 917 1563 ille
945 1503 1144 1562 nullum
1176 1510 1228 1562 in
1256 1510 1360 1565 hoc
1389 1509 1528 1564 facto
1557 1509 1874 1566 beneﬁcium

295 1602 644 1675 percepisset.
686 1601 818 1654 Nam
867 1616 988 1655 cum
1033 1599 1320 1656 Ecclesiam
1352 1601 1442 1656 Dei
1490 1602 1792 1657 columnam
1820 1611 1876 1657 et

297 1695 692 1747 ﬁrmamentum
736 1691 979 1746 veritatis
1023 1707 1140 1747 esse
1185 1699 1412 1748 testatur
1457 1693 1763 1762 Apostolus,
1828 1695 1874 1750 si

1978 526 2087 582 alio
2111 523 2235 579 loco
2262 522 2499 593 ejusdem
2522 523 2764 592 epistola:
2787 524 2863 580 sic
2889 524 3126 593 loquitur
3150 543 3162 577 :
3200 523 3416 597 Itaque,
3448 529 3558 596 fra-

1981 626 2082 670 tres
2112 615 2310 677 dilecti,
2363 612 2572 666 stabiles
2603 622 2765 666 estote
2793 623 2840 666 et
2870 613 3180 679 immobiles,
3235 614 3557 672 abundantes

1978 707 2033 759 in
2078 721 2228 775 apere
2259 703 2471 757 Domini
2514 719 2729 772 semper,
2776 703 2994 756 scientes
3035 703 3172 774 quod
3219 703 3368 758 labor
3398 713 3557 759 vester

1979 813 2081 850 non
2105 803 2178 848 est
2205 794 2377 847 inanis
2402 793 2454 844 in
2483 791 2704 845 Domino
2737 791 2789 861 (1
2817 792 2934 847 Cor.
2963 811 3047 858 xv,
3083 793 3194 864 38).
3457 783 3460 785 λ

2049 884 2136 937 25.
2168 882 2296 937 illud
2323 890 2403 936 est
2425 891 2602 935 autem
2633 897 2767 952 opus
2797 882 2910 948 Dei,
2948 883 3090 951 quod
3121 885 3197 938 sic
3227 883 3555 952 impenditur

1979 975 2266 1041 unicuique
2294 972 2513 1034 viventi,
2547 978 2605 1024 ut
2634 971 2749 1039 ejus
2772 971 2860 1040 qui
2885 973 3078 1041 accipit
3102 983 3194 1026 aut
3213 975 3406 1027 anima:
3427 991 3555 1042 prn-

1979 1064 2134 1118 desse
2164 1064 2346 1134 possit,
2399 1071 2491 1116 aut
2541 1063 2772 1132 corpori.
2816 1062 2882 1115 Et
2923 1063 3010 1116 illa
3040 1063 3252 1132 quidem
3285 1080 3402 1133 qua:
3433 1082 3555 1133 pro~

1977 1164 2103 1211 sunt
2136 1156 2344 1220 animm,
2398 1168 2616 1208 necesse
2645 1162 2728 1207 est
2758 1161 2815 1207 ut
2843 1155 3004 1208 etiam
3049 1155 3261 1224 corpori
3310 1155 3554 1225 prosint;

1977 1265 2082 1303 non
2115 1255 2292 1301 autem
2321 1247 2498 1300 omnia
2527 1260 2645 1314 qua:
2667 1246 2878 1314 corpori
2910 1255 3153 1315 prosunt,
3185 1247 3251 1301 ad
3274 1247 3553 1301 utilitatem

1977 1341 2250 1412 pertinent
2292 1339 2628 1392 animarum:
2680 1338 2818 1392 sicut
2845 1346 2928 1392 est
2954 1338 3122 1402 cibus,
3175 1347 3348 1408 potus,
3400 1339 3555 1392 vesti-

1980 1441 2223 1486 mentum
2274 1439 2328 1485 et
2371 1430 2682 1500 hospitium,
2733 1445 2853 1500 quae
2901 1430 3248 1485 inveniuntur
3276 1447 3382 1484 non
3412 1429 3554 1485 acci-

1976 1521 2143 1592 pienti
2171 1520 2362 1574 anima:
2391 1519 2665 1588 prodesse,
2699 1519 2791 1572 sed
2815 1518 2984 1573 danti.
3025 1519 3430 1574 Sacramentum
3462 1533 3554 1573 ve~

1975 1629 2037 1668 ro
2063 1612 2400 1682 baptismatis
2425 1609 2494 1664 ad
2537 1611 2637 1665 hoc
2665 1609 2868 1664 homini
2897 1611 3074 1674 datur,
3124 1618 3184 1664 ut
3229 1610 3403 1664 anima
3430 1597 3552 1665 cum

1976 1717 2137 1757 carne
2165 1701 2418 1756 salvetur.
2453 1699 2608 1766 Quod
2636 1698 2876 1769 profecto
2906 1699 3135 1754 inaniter
3165 1700 3407 1754 minister
3436 1699 3551 1763 dat,

295 1785 529 1853 aliquam
558 1783 609 1836 in
640 1783 908 1852 mysteriis
938 1781 1058 1838 ﬁdei
1087 1783 1250 1837 habet
1277 1793 1503 1854 parlem.
1555 1785 1642 1839 ubi
1671 1802 1778 1840 non
1803 1787 1872 1840 sit
1904 1795 1946 1855 Β
1973 1787 2018 1848 Si
2050 1809 2154 1848 nou
2185 1792 2249 1845 ad
2276 1793 2377 1846 hoc
2404 1792 2513 1856 dat,
2547 1799 2604 1844 ut
2632 1792 2720 1844 ille
2741 1791 2830 1860 qui
2855 1791 3152 1860 baptizatur
3171 1791 3369 1847 donum
3391 1801 3551 1846 acter-

296 1874 494 1928 veritas
524 1871 695 1935 ﬁrma,
731 1888 837 1926 non
867 1880 950 1928 est
977 1873 1030 1926 in
1061 1873 1308 1928 omnibus
1337 1875 1605 1946 mysteriis
1633 1876 1872 1929 columna

293 1976 346 2019 et
373 1965 756 2034 ﬁrmamentum
785 1965 1014 2018 veritatis
1039 1963 1091 2035 (Ι
1121 1964 1254 2019 Tim.
1285 1981 1360 2032 ιη,
1388 1965 1496 2035 15).
1533 1965 1874 2036 Quaecunque

291 2058 440 2112 enim
464 2054 688 2110 ﬁrmitas
714 2057 1061 2110 sacramentis
1089 2056 1204 2124 ejus
1234 2052 1512 2124 adimitur,
1563 2058 1661 2126 ipsi
1687 2057 1872 2112 Eccle-

253 2217 258 2220 _
290 2148 387 2201 sia:
407 2161 626 2200 necesse
648 2152 730 2199 est
751 2144 1041 2199 auferatur.
1069 2145 1184 2200 Non
1214 2161 1342 2216 ergo
1359 2148 1596 2202 columna
1619 2158 1667 2202 et
1687 2149 1870 2217 firma-

291 2245 523 2290 mentum
568 2235 796 2288 reritatis
825 2235 1096 2290 veraciter
1123 2244 1348 2291 vocatur
1399 2235 1631 2292 Ecclesia
1658 2278 1672 2302 ,
1724 2237 1767 2290 si
1817 2237 1870 2290 in

290 2329 411 2396 ipso
439 2325 721 2395 principali
746 2324 992 2378 humana:
1018 2326 1203 2380 salutis
1227 2328 1482 2396 mysterio
1505 2328 1772 2382 invenitur
1793 2329 1872 2381 in-

289 2416 465 2470 ﬁrma.
506 2413 612 2468 Sed
641 2414 766 2483 quia
806 2415 1069 2470 veraciter
1114 2416 1350 2470 columna
1391 2429 1439 2472 et
1485 2419 1869 2488 ﬁrmamentum

289 2509 516 2562 veritatis
544 2508 611 2561 ab
639 2505 897 2576 Apostolo
919 2510 1556 2579 nuncupatur,:quidquid
1581 2512 1869 2566 secundum

288 2599 458 2668 ipsius
487 2596 740 2652 Ecclesia:
778 2597 1087 2663 constituta,
1137 2599 1189 2652 in
1238 2601 1436 2654 sanctis
1476 2602 1744 2672 mysteriis
1785 2618 1872 2657 re-

288 2687 616 2757 demptionis
656 2694 711 2740 et
752 2687 1205 2742 reconciliationis
1235 2689 1506 2754 humanze,
1558 2691 1696 2744 intra
1741 2705 1864 2744 eam

289 2777 445 2832 datur
472 2785 527 2831 et
553 2776 830 2846 accipitur,
864 2774 1010 2830 ﬁrma
1033 2778 1257 2832 veritate
1283 2778 1457 2844 datur,
1493 2778 1641 2833 ﬁrma
1668 2780 1866 2834 verita-

288 2879 346 2924 te
368 2867 680 2938 percipitur.
1742 2879 1746 2884 '

359 2958 448 3011 22.
491 2957 561 3012 Ut
599 2966 777 3013 autem
825 2966 1023 3013 sancta:
1067 2959 1254 3014 matris
1301 2957 1550 3014 Ecclesia:
1597 2960 1867 3028 generalia

287 3047 603 3111 constituta,
647 3047 699 3100 id
728 3055 811 3102 est
838 3063 900 3101 ea
926 3062 1044 3115 quae
1087 3048 1503 3102 concordissima
1553 3059 1867 3105 cunctorum

1975 1899 2057 1937 na:
2085 1883 2270 1937 salutis
2297 1882 2542 1951 accipiat.
2583 1880 2818 1935 lnaniter
2845 1882 2986 1935 enim
3031 1889 3420 1936 sacramentum
3466 1896 3552 1935 re~

1971 1972 2294 2042 demptionis
2322 1971 2500 2034 datur,
2524 1971 2569 2024 si
2599 1986 2706 2024 non
2737 1971 3016 2024 redimitur
3044 1970 3128 2024 cui
3158 1970 3334 2024 datur.
3374 1968 3480 2023 Sed
3507 1969 3552 2028 si

1971 2061 2306 2115 attendamus
2333 2059 2554 2114 verbum
2584 2075 2746 2112 unum
2778 2058 3020 2128 epistola:
3050 2067 3174 2125 tute,
3220 2058 3362 2112 nulla
3393 2056 3552 2125 hujus

1971 2150 2232 2204 dubitatio
2277 2149 2594 2204 remanebit.
2664 2149 2851 2202 Dixisti
2901 2148 3069 2215 enim,
3116 2156 3401 2217 propterea
3451 2147 3551 2203 hoe

1970 2243 2209 2314 paternis
2237 2242 2534 2298 canonibus
2561 2239 2856 2303 deﬁnitum,
2896 2258 2914 2290 ‹
2944 2248 3001 2294 ut
3029 2239 3272 2294 minister
3296 2238 3443 2292 verbi
3491 2237 3551 2290 li-

1970 2335 2067 2388 ber
2094 2335 2214 2389 sita
2235 2334 2389 2404 culpa
2423 2333 2774 2402 negligentiae.
2809 2351 2827 2384 ι
2863 2332 3145 2397 Quomodo
3175 2341 3355 2386 autem
3379 2333 3428 2385 in
3453 2332 3551 2388 hac

1973 2425 2295 2492 negligentia
2327 2424 2540 2493 culpam
2571 2423 2813 2477 minister
2841 2423 3095 2488 incurrit,
3121 2422 3165 2476 si
3194 2423 3245 2475 in
3272 2421 3549 2489 diligentia

1970 2530 2078 2568 non
2106 2513 2302 2582 aliquid
2329 2513 2584 2582 prolicit?
2622 2511 2737 2566 Non
2774 2512 2916 2566 enim
2954 2512 3185 2564 inaniter
3214 2511 3548 2577 negligentia!

1971 2605 2237 2659 contrahit
2265 2604 2497 2673 culpam,
2529 2603 2627 2656 nisi
2649 2603 2772 2671 quia
2801 2602 2904 2656 hoc
2925 2601 3187 2656 non-l'ecit
3205 2601 3347 2669 quod
3370 2599 3548 2655 facere

1971 2695 2155 2750 debuit
2183 2713 2195 2748 :
2230 2676 2356 2749 illud
2385 2705 2562 2749 autem
2593 2693 2768 2750 facere
2797 2702 3082 2764 pr0ptcrea
3113 2691 3361 2756 deberet,
3402 2692 3548 2760 quod

1971 2787 2229 2858 prodesse
2252 2795 2467 2856 poterat
2495 2786 2539 2839 si
2577 2784 2810 2840 fecisset.
2851 2784 2975 2838 ldeo
3005 2794 3182 2837 autem
3212 2783 3548 2852 negligentiae

1975 2877 2188 2945 culpam
2219 2875 2566 2940 contradixit,
2617 2875 2738 2943 quia
2769 2872 2941 2928 obfuit
2974 2889 3081 2926 non
3130 2871 3376 2927 faciendo
3402 2871 3548 2940 quod

1957 2965 2251 3036 prodesset
2277 2965 2463 3036 procul
2488 2964 2666 3028 dubio,
2698 2963 2742 3018 si
2771 2963 3004 3017 fecisset.
3048 2959 3279 3015 Proinde
3308 2960 3428 3013 ideo
3456 2959 3548 3013 de-

1971 3059 2086 3124 bet,
2116 3057 2406 3112 secundum
2437 3064 2693 3126 paternos
2721 3069 2974 3118 canones,
3006 3052 3245 3106 inﬁrmus
3274 3050 3366 3104 ille
3394 3050 3549 3118 cujus

287 3138 467 3192 ﬁrmat
491 3137 730 3192 assensio
750 3136 1078 3207 pontiﬁcum,
1113 3139 1412 3194 nullatenus
1440 3140 1778 3210 repellamus,
1812 3141 1865 3195 in
1897 3153 1940 3212 c
1974 3147 2237 3203 voluntati
2264 3162 2370 3201 non
2399 3147 2550 3201 deest
2581 3146 2855 3200 attestatio
2883 3144 3277 3213 proximorum,
3306 3141 3424 3196 sine
3453 3139 3549 3194 du-

279 3229 594 3283 Proverbiis
623 3229 692 3281 ita
719 3221 1034 3298 praecipitur
1052 3221 1074 3281 ε’
1097 3229 1251 3295 Audi,
1276 3232 1378 3300 ﬁli,
1410 3231 1546 3303 leges
1570 3234 1739 3303 patris
1771 3235 1862 3298 tui,

286 3327 338 3371 et
369 3335 433 3371 ae
459 3319 679 3386 repellas
706 3321 943 3372 instituta
973 3323 1154 3374 matris
1185 3331 1284 3375 tua:
1325 3321 1503 3392 (Prov.
1536 3339 1587 3390 t,
1618 3321 1694 3394 8).
1739 3323 1868 3390 Quis

285 3425 420 3480 ergo
450 3412 691 3465 utilitatis
721 3413 949 3466 :cstimet
975 3429 1200 3468 vacuum
1221 3456 1236 3480 ,
1267 3415 1410 3482 quod
1440 3415 1692 3470 divinitus
1720 3418 1868 3471 audit

283 3502 592 3556 nullatenus
616 3501 1026 3571 repellendum?
1063 3501 1121 3556 Si
1150 3517 1278 3572 ergo
1307 3504 1396 3571 qui
1427 3504 1505 3558 sic
1537 3503 1862 3573 baptizatur,

283 3608 396 3647 non
426 3591 683 3654 salvatur,
734 3591 910 3646 nullus
948 3600 1130 3647 reatus
1158 3600 1241 3646 est
1286 3593 1331 3646 si
1370 3593 1474 3646 hoc
1520 3594 1860 3661 negligatur:

282 3699 387 3739 nec
415 3683 659 3737 minister
679 3683 847 3750 verbi,
871 3683 915 3736 si
945 3684 1045 3737 hoc
1075 3699 1181 3737 non
1202 3683 1406 3747 fecerit,
1434 3684 1708 3737 tenebitur
1753 3685 1866 3738 cul-

280 3790 351 3844 pa
379 3775 734 3843 negligentiaa,
784 3774 827 3827 si
859 3774 945 3827 ille
976 3774 1026 3827 in
1056 3789 1163 3842 quo
1193 3774 1294 3828 hoc
1324 3771 1400 3838 ﬁt,
1459 3773 1728 3843 particeps
1757 3790 1865 3828 non

275 3875 465 3937 potest
491 3880 611 3920 esse
634 3865 872 3934 justitize.
915 3865 990 3918 lbi
1016 3879 1144 3932 ergo
1172 3865 1396 3934 quisque
1426 3865 1665 3932 arguitur
1693 3865 1865 3932 negli-

275 3957 475 4024 gentia:
493 3957 648 4026 225
666 3971 807 4017 reus,
825 3955 913 4009 ubi
929 3956 1108 4024 operis
1129 3972 1235 4009 non
1266 3956 1584 4024 desperatur
1614 3955 1859 4011 eﬁectus.

267 4045 349 4100 Et
375 4048 519 4102 sicut
549 4047 636 4101 ille
656 4048 813 4114 digne
838 4048 1078 4117 arguitur
1102 4047 1434 4116 negligentia:
1465 4047 1714 4117 quiquod
1735 4049 1864 4104 utile

273 4148 363 4194 est
379 4155 486 4194 non
505 4148 777 4210 operatur,
795 4140 866 4193 ita
884 4139 1021 4193 illius
1036 4140 1124 4209 qui
1142 4138 1423 4209 superﬁuis
1440 4139 1681 4194 laborem
1704 4140 1863 4194 rebus

277 4231 568 4301 impendit,
584 4238 730 4285 recte
745 4231 858 4300 ipse
889 4229 1036 4284 labor
1057 4230 1414 4298 irritusatque
1438 4230 1638 4284 inutilis
1663 4231 1864 4300 impro-

269 4324 461 4378 batur.
505 4321 660 4388 Quod
690 4329 745 4376 et
782 4321 826 4376 si
857 4338 909 4375 in
939 4321 1041 4376 hac
1082 4330 1236 4391 parte
1267 4322 1449 4379 irritus
1470 4322 1622 4375 labor
1651 4322 1860 4391 impen-

270 4413 443 4478 ditur,
476 4412 624 4465 irrita
655 4411 758 4465 erit
787 4410 936 4464 Pauli
966 4411 1194 4480 apostoli
1224 4411 1339 4465 sine
1369 4410 1706 4467 dubitatione
1735 4428 1858 4466 sen-

1970 3240 2060 3295 bio
2084 3238 2377 3308 baptizari,
2429 3246 2487 3290 ut
2513 3243 2568 3290 et
2591 3235 2832 3288 minister
2857 3234 3008 3287 verbi
3039 3232 3173 3286 liber
3219 3230 3290 3284 sit
3336 3245 3366 3283 a
3391 3230 3549 3298 culpa

1972 3328 2343 3398 negligentizc,
2403 3336 2456 3381 et
2499 3327 2586 3382 ille
2636 3323 2727 3378 ﬁat
2771 3339 2992 3379 consors
3041 3322 3419 3392 particepsque
3461 3320 3549 3388 ju-

1969 3421 2147 3476 stitiac.

2037 3508 2167 3561 Car.
2189 3523 2261 3560 x1.
2289 3539 2345 3548 —
2373 3503 2462 3558 24.
2487 3505 2673 3558 Nullus
2700 3511 2878 3557 autem
2902 3501 3063 3556 debet
3087 3500 3290 3554 moveri
3311 3498 3546 3554 ﬁdelium

1963 3596 2022 3650 in
2073 3596 2206 3662 illis,
2253 3595 2337 3664 qui
2385 3594 2481 3646 etsi
2529 3593 2750 3663 legitime
2801 3607 2930 3644 sana
2981 3598 3149 3642 utente
3193 3589 3546 3659 baptizantur,

1964 3685 2306 3756 prwveniente
2328 3683 2546 3736 velocius
2575 3689 2754 3745 morte,
2786 3694 2994 3732 carnem
3015 3676 3226 3730 Domini
3255 3675 3546 3729 manduca-

1967 3794 2041 3840 re,
2072 3785 2121 3828 et
2142 3775 2450 3846 sanguinem
2479 3771 2648 3826 bibere
2688 3788 2791 3825 non
2830 3772 3104 3824 sinuntur:
3147 3777 3371 3839 propter
3398 3769 3544 3824 illam

1965 3866 2214 3920 videlicet
2241 3864 2561 3919 sententiam
2585 3862 2880 3917 Salvatoris
2907 3876 3011 3929 qua
3040 3860 3176 3914 dixit
3200 3878 3212 3912 :
3253 3859 3374 3913 Nisi
3396 3877 3544 3914 utun-

1965 3957 2274 4009 ducaveritis
2304 3971 2510 4008 carnem
2533 3951 2661 4006 Filii
2703 3953 2924 4007 hominis
2952 3961 3000 4005 et
3029 3951 3259 4004 biberitis
3283 3951 3394 4021 ejus
3423 3969 3546 4006 δαη-

1965 4049 2186 4118 guinem,
2219 4062 2324 4100 non
2364 4042 2612 4098 habebitis
2657 4045 2815 4097 vitam
2844 4045 2897 4096 in
2927 4042 3066 4096 vobis
3109 4040 3290 4111 (Joan.
3325 4058 3395 4104 vr,
3431 4041 3544 4111 54).

1965 4139 2118 4204 Quod
2143 4137 2382 4208 quisquis
2411 4152 2518 4192 non
2546 4137 2719 4191 solum
2744 4135 3041 4192 secundum
3065 4135 3310 4190 veritatis
3339 4145 3544 4206 mystc-

1963 4231 2061 4294 ria,
2095 4228 2186 4284 sed
2213 4229 2506 4283 secundum
2529 4229 2692 4298 226
2719 4226 2963 4299 mysterii
2987 4225 3270 4280 veritatem
3300 4225 3546 4282 conside-

1964 4338 2084 4377 rare
2114 4321 2330 4390 poterit,
2360 4321 2412 4374 in
2458 4321 2574 4389 ipso
2615 4320 2831 4374 lavacro
2879 4325 3076 4372 sanctae
3122 4301 3545 4384 regenerationis

1964 4413 2067 4467 hoc
2098 4411 2210 4466 ﬁeri
2239 4411 2562 4482 providebit.
2603 4408 2742 4476 Quid
2789 4409 2931 4462 enim
2982 4407 3159 4474 agitur
3202 4423 3546 4462 sacramema

269 4506 449 4558 tentia
470 4519 572 4572 qua
595 4503 757 4557 dixit:
785 4501 918 4566 Quia
940 4504 1282 4574 unusquisque
1299 4505 1563 4573 propriam
1578 4505 1860 4557 mercedem
1891 4517 1941 4578 ο
1965 4503 2134 4559 sancti
2162 4503 2516 4570 baptismatis,
2548 4501 2648 4554 nisi
2679 4507 2736 4554 ut
2765 4499 3046 4553 credentes
3068 4497 3308 4551 membra
3333 4497 3544 4553 Domini

265 4595 495 4663 accipiet
523 4592 799 4646 secundum
826 4607 971 4645 suum
993 4590 1218 4648 laborem
1249 4589 1301 4660 (ι
1334 4590 1451 4644 Cor.
1481 4607 1554 4656 ιιι,
1585 4590 1642 4661 8)
1671 4611 1683 4645 ;
1736 4607 1858 4646 cum

265 4683 466 4755 procul
502 4683 664 4736 dubio
700 4680 768 4735 de
796 4680 1054 4735 ministris
1084 4679 1283 4734 Christi
1312 4688 1368 4734 et
1395 4680 1859 4749 dispensatoribus

264 4774 655 4846 mysteriorum
689 4772 803 4838 Dei,
835 4773 972 4827 sicut
999 4772 1236 4840 ejusdem
1265 4773 1505 4842 epistolae
1536 4773 1689 4827 locus
1716 4773 1858 4827 indi-

251 4873 384 4931 cat,
434 4865 766 4933 loqueretur.
827 4861 1165 4917 Prmmiserat
1211 4865 1393 4918 enim:
1443 4861 1553 4934 Ego
1602 4864 1851 4932 plantavi,

264 4956 464 5024 Apollo
485 4958 689 5025 rigavit,
721 4955 811 5007 sed
840 4952 1094 5008 Dominus
1113 4955 1482 5008 incrementum
1501 4955 1642 5008 dedit
1665 4953 1854 5026 (Ibid.,

263 5049 354 5121 6).
396 5050 534 5116 Quid
563 5061 742 5102 autem
777 5047 874 5102 fuit
901 5049 1145 5119 plantare
1172 5046 1343 5111 Pauli,
1369 5057 1424 5103 et
1449 5050 1638 5119 Apollo
1661 5051 1851 5119 rigare,

262 5141 379 5196 nisi
420 5140 566 5210 quod
608 5139 804 5194 Paulus
846 5139 1122 5209 planlabat
1171 5138 1588 5207 evangelizando
1627 5140 1854 5195 verbum

260 5235 487 5300 salutis,
518 5233 708 5303 Apollo
737 5239 916 5287 autem
942 5231 1150 5300 rigabat
1171 5231 1521 5286 ministrando
1550 5248 1856 5288 sacramen-

260 5333 394 5380 tum
451 5321 831 5392 baptismatis?
876 5320 1010 5376 Cum
1066 5337 1194 5390 ergo
1251 5320 1477 5377 dixisset
1507 5323 1850 5392 -Apostolus:

257 5411 464 5482 Itaque
490 5428 649 5482 neque
675 5411 763 5482 qui
793 5411 995 5487 plantat
1021 5419 1097 5464 est
1125 5411 1353 5482 aliquid,
1395 5427 1553 5481 neque
1582 5412 1668 5484 qui
1696 5412 1853 5483 rigat,

255 5501 370 5558 sed
389 5502 477 5573 qui
500 5503 868 5555 incrementum
896 5500 1005 5566 dat,
1048 5500 1187 5556 Deus
1219 5501 1408 5573 (Ibid.,
1441 5501 1493 5569 7)
1521 5542 1535 5565 ,
1588 5512 1645 5557 ut
1673 5510 1856 5557 osten-

254 5595 431 5651 deret
455 5591 594 5647 illius
615 5591 961 5661 plantationis
989 5600 1045 5646 et
1072 5593 1350 5661 rigationis
1400 5593 1609 5648 ﬁrmam
1639 5609 1856 5651 manere

253 5682 605 5752 mercedem,
631 5683 883 5740 continuo
910 5683 1176 5737 subdidit:
1212 5683 1566 5756 Unusquisque
1595 5687 1858 5757 propriam

247 5773 562 5854 mercedem
589 5775 804 5842 accipiet
825 5773 1100 5830 secundum
1122 5791 1268 5830 suum
1290 5775 1536 5833 laborem.
1561 5773 1858 5832 Ostendcns

1970 4591 2137 4647 nostri
2183 4589 2309 4646 Jesu
2353 4589 2551 4645 Christi
2583 4590 2730 4654 ﬁant,
2780 4597 2832 4644 et
2861 4589 2927 4643 ad
2955 4602 3268 4658 compagem
3299 4589 3545 4658 corporis

1968 4686 2083 4753 ejus
2111 4683 2472 4738 ecclesiastica
2499 4683 2704 4736 unitate
2727 4682 3066 4750 pertineant?
3095 4679 3226 4749 Ipsis
3253 4679 3394 4733 enim
3415 4679 3544 4734 dicit

1965 4775 2155 4829 beatus
2182 4773 2508 4842 Apostolus:
2552 4771 2653 4825 Vos
2682 4771 2805 4824 estis
2849 4787 3032 4840 corpus
3064 4767 3284 4830 Christi,
3317 4766 3576 4821 membra:

1965 4866 2028 4918 de
2055 4863 2276 4917 membro
2307 4861 2357 4934 (l
2388 4861 2507 4916 Cor.
2541 4878 2631 4927 xu,
2653 4860 2766 4930 27).
2807 4860 2952 4926 Quos
2972 4857 3212 4913 ostendit
3235 4873 3340 4911 non
3369 4857 3542 4937 solum

1963 4956 2130 5026 ipsius
2158 4952 2402 5010 sacriﬁcii
2432 4954 2738 5024 participes,
2763 4951 2857 5007 sed
2888 4951 3063 5020 ipsum
3091 4955 3340 5003 sanctum
3371 4949 3542 5003 sacri-

1963 5048 2141 5104 ﬁcium
2168 5063 2305 5110 esse,
2351 5047 2474 5104 dum
2521 5063 2616 5103 eos
2639 5047 2793 5116 jubet
2837 5047 3008 5100 vivam
3053 5045 3304 5118 hostiam.
3333 5043 3541 5119 seipsns

1964 5140 2095 5202 Deo,
2126 5139 2398 5194 humiliter
2425 5139 2702 5205 exhibere,
2732 5137 2914 5192 dicens
2939 5153 2951 5188 :
2987 5134 3211 5189 Obsecro
3241 5135 3411 5204 itaque
3433 5149 3537 5193 vos,

1963 5233 2172 5302 fratres,
2213 5247 2303 5300 per
2330 5229 2739 5282 misericordiam
2767 5225 2884 5292 Dei,
2928 5236 2984 5279 ut
3011 5223 3294 5280 exhibeatis
3321 5239 3540 5292 corpora

1960 5331 2128 5376 vestra
2174 5321 2394 5374 hostium
2440 5321 2683 5374 viventem
2706 5359 2721 5384 ,
2775 5327 3011 5372 sanctam
3037 5359 3052 5384 ,
3097 5315 3208 5370 Deo
3255 5315 3539 5385 placentem

1959 5412 2135 5484 (Rom.
2173 5429 2266 5480 xu,
2307 5412 2374 5481 1).
2417 5411 2571 5478 Quod
2601 5413 2762 5466 etiam
2793 5419 3008 5466 sanctus
3055 5408 3248 5463 Petrus
3293 5407 3538 5461 similiter

1957 5507 2179 5570 docens,
2211 5507 2285 5560 ait
2311 5523 2322 5558 :
2355 5504 2425 5559 Et
2464 5522 2551 5559 vos
2579 5514 2822 5575 tanquam
2855 5503 3053 5573 lapides
3083 5502 3178 5555 vivi
3207 5500 3455 5570 aediﬁcati
3482 5499 3536 5551 in

1958 5597 2137 5652 domos
2161 5596 2442 5665 spiritales,
2484 5597 2540 5649 in
2578 5595 2921 5650 sacerdotium
2961 5585 3221 5658 sanctum,
3266 5593 3536 5662 oﬂ'erentes

1957 5685 2215 5756 spiritales
2243 5685 2436 5739 hostias
2464 5684 2801 5755 acceptabiles
2823 5681 2932 5737 Deo
2959 5700 3052 5754 per
3076 5682 3254 5737 Jesum
3275 5682 3535 5737 Christum

1965 5777 2018 5841 (1
2051 5777 2193 5832 Petr.
2229 5794 2284 5840 ιι,
2440 5776 2591 5832 Unde
2620 5777 2807 5833 beatus
2835 5773 3029 5830 Paulus
3055 5791 3175 5830 cum
3204 5773 3434 5842 quodam
3460 5771 3534 5826 ιο.
