4072 6332
509 384 606 442 591

1535 379 1590 432 S.
1632 377 1990 432 FULGENTII
2031 373 2331 429 EPISCOPI
2373 373 2742 430 RUSPENSIS

3658 374 3764 430 392

511 519 575 558 co
605 501 826 555 dixisset
853 521 863 554 :
897 499 1050 554 Cutis
1073 497 1437 552 benedictionis
1457 498 1536 549 cui
1559 498 1925 560 benedicimus,
1957 512 2086 547 non-
2117 493 2164 552 Α
2193 504 2334 548 turus
2361 504 2415 546 ut
2438 496 2636 564 judicet
2669 495 2805 548 vivos
2832 503 2879 548 et
2911 502 3154 548 mortuos.
3201 493 3281 548 Ibi
3309 502 3386 548 est
3410 495 3560 548 modo
3581 496 3764 554 sedens

511 610 577 648 ne
605 593 999 647 communicatio
1026 589 1291 660 sanguinis
1317 587 1508 642 Christi
1533 588 1646 641 est?
1689 596 1737 640 ct
1767 603 1926 657 panes
1960 601 2086 656 quos

490 685 828 755 frangimus,
877 698 1046 735 nonne
1097 681 1425 751 participatio
1473 679 1701 750 corporis
1754 678 1963 732 Domini
2010 685 2087 731 est

511 773 564 836 (1
588 773 706 826 Cor.
742 789 796 839 x,
839 771 959 838 l6)?
993 770 1056 824 Ut
1101 787 1194 826 nos
1218 787 1334 824 esse
1355 771 1524 840 ipsum
1550 786 1733 824 verum
1765 785 1958 841 panem
1989 785 2083 822 ve-

509 879 736 930 rumque
761 878 957 930 corpus
972 861 1300 926 ostenderet,
1324 861 1578 914 continuo
1601 860 1874 928 subjunxit
1902 878 1914 911 :
1946 857 2086 923 Quo-

513 955 653 1004 niam
681 967 812 1003 unus
854 951 1023 1020 panis,
1072 966 1444 1018 unum_corpus
1492 950 1637 1002 multi
1667 965 1858 1012 sumus,
1911 964 2084 1002 omnes

509 1041 592 1096 aui
615 1040 678 1092 de
706 1056 807 1093 uno
841 1056 972 1108 pane
1000 1040 1367 1108 participamus
1398 1037 1585 1107 (lbid.,
1621 1037 1730 1107 i7).
1784 1035 1936 1091 Unde
1979 1038 2084 1090 alio

510 1141 628 1182 toco
659 1129 786 1182 dicit
813 1147 823 1180 :
863 1127 1029 1181 Unum
1051 1145 1253 1198 corpus,
1278 1139 1326 1181 et
1346 1145 1477 1180 unus
1510 1127 1739 1196 spiritus,
1769 1127 1899 1180 sicut
1921 1127 2086 1180 vocati

510 1219 629 1272 estis
671 1219 721 1272 in
752 1236 856 1272 una
902 1235 990 1288 spe
1028 1219 1306 1271 vocationis
1339 1227 1519 1272 vestra:
1549 1217 1762 1287 (Ephes.
1787 1233 1860 1282 Iv,
1889 1216 1965 1283 4).
2019 1215 2085 1269 Et

511 1318 701 1365 iterum
729 1331 739 1363 :
783 1311 1060 1366 Veritatem
1083 1321 1250 1365 autent
1275 1314 1519 1383 facientes
1541 1315 1593 1366 in
1617 1315 1852 1376 caritate,
1882 1329 2084 1366 cresca-

510 1419 621 1456 mus
649 1404 702 1454 in
731 1402 820 1456 illo
853 1420 942 1472 per
964 1404 1155 1467 omnia,
1181 1403 1267 1473 qui
1295 1411 1370 1456 est
1397 1414 1550 1473 caput
1579 1402 1830 1459 Christus.
1875 1401 1958 1456 Ea:
1987 1421 2084 1475 quo

512 1500 671 1545 totum
713 1508 896 1562 corpus
946 1503 1266 1562 compactum
1313 1504 1362 1546 et
1409 1504 1701 1547 concretum
1748 1512 1838 1565 per
1884 1511 2084 1548 onmem

513 1583 806 1642 iuncturam
849 1583 1358 1649 subministrationis,
1407 1585 1686 1639 secundum
1737 1587 2084 1655 operationem

513 1674 566 1726 in
595 1691 887 1727 mensuram
917 1675 1310 1746 uniuscujusque
1340 1677 1574 1745 membri,
1605 1688 1931 1749 augmentum
1971 1696 2085 1732 cor-

503 1770 653 1838 poris
676 1770 797 1839 facit
827 1770 879 1822 in
901 1753 1295 1839 aedificationem
1315 1771 1394 1823 sui
1424 1771 1476 1824 in
1507 1772 1724 1824 caritate
1754 1770 1936 1842 (Ibid.,
1972 1768 2080 1841 15).

2187 585 2258 638 ad
2290 586 2550 639 dexteram
2582 584 2777 639 Patris.
2821 583 3084 649 Quomodo
3107 595 3181 640 est
3231 587 3380 656 panis
3420 603 3602 656 corpus
3629 589 3766 660 ejus,

2188 687 2235 730 et
2263 676 2433 741 calix,
2475 677 2552 730 uel
2593 676 2729 748 quod
2768 677 2917 731 habet
2953 679 3091 731 calix
3137 679 3389 746 quomodo
3433 687 3510 732 est
3553 682 3766 752 sanguis

2188 769 2300 837 ejus
2326 768 2349 820 ?
2378 766 2512 831 Ista,
2542 770 2751 838 fratres,
2777 766 2895 821 ideo
2926 769 3168 822 dicuntur
3187 777 3536 836 sacramenta,
3565 772 3684 842 quia
3709 772 3764 824 in

2187 860 2259 912 eis
2289 859 2433 911 aliud
2461 859 2677 924 videtur,
2706 859 2850 912 aliud
2880 861 3203 932 intelligitur.
3249 859 3400 925 Quod
3429 863 3628 916 videtur
3648 880 3766 933 spe-

2187 951 2314 1003 ciem
2345 949 2493 1003 habet
2521 953 2856 1022 corporalem,
2886 953 3020 1022 quod
3047 953 3352 1023 intelligitur
3373 956 3592 1024 fructum
3616 953 3768 1008 habet

2188 1039 2492 1109 spiritalem.
2534 1039 2732 1110 Corpus
2759 1059 2878 1113 ergo
2907 1042 3095 1098 Christi
3125 1044 3170 1098 si
3194 1045 3265 1098 vis
3287 1045 3588 1116 intelligere,
3621 1045 3766 1116 Apo-

2189 1130 2375 1183 stolum
2424 1132 2546 1184 audi
2593 1133 2841 1185 dicentem
2889 1134 3176 1203 fidelibus:
3235 1134 3346 1189 Vos
3395 1136 3524 1189 estis
3570 1153 3768 1206 corpus

2190 1218 2387 1273 Christi
2418 1229 2472 1274 et
2513 1221 2749 1276 membra
2781 1222 2832 1294 (Ι
2863 1223 2980 1278 Cor.
3010 1241 3064 1291 χ,
3095 1223 3208 1292 27).
3253 1223 3315 1278 Si
3360 1241 3481 1296 ergo
3529 1243 3615 1280 ros
3643 1228 3767 1280 estis

2189 1325 2371 1378 corpus
2403 1311 2594 1364 Christi
2615 1321 2662 1365 et
2689 1313 2935 1378 membra,
2958 1315 3254 1384 mysterium
3275 1325 3491 1368 uestrum
3514 1318 3566 1368 in
3589 1333 3768 1370 mensa

2191 1399 2400 1455 Domini
2430 1405 2650 1472 positum
2680 1398 2782 1471 est,
2812 1408 3108 1476 mysterium
3138 1406 3348 1462 Domini
3393 1408 3642 1478 accipitis.
3685 1408 3768 1461 Ad

2190 1491 2243 1544 id
2268 1493 2402 1562 quod
2431 1495 2550 1547 estis
2569 1536 2582 1554 ,
2617 1495 2783 1550 Amen
2814 1497 3152 1566 respondetis,
3179 1506 3225 1552 et
3267 1499 3619 1569 respondendo
3647 1498 3769 1552 subn

2189 1582 2431 1637 scribitis.
2474 1586 2634 1638 Audis
2675 1604 2814 1657 ergo,
2867 1587 3072 1657 Corpus
3113 1587 3345 1656 Christi,
3395 1598 3443 1643 et
3488 1591 3768 1659 respondes

2191 1670 2378 1727 Amen.
2420 1673 2548 1729 Esto
2579 1677 2855 1730 membrum
2884 1679 3112 1748 corporis
3136 1676 3363 1744 Christi,
3411 1688 3466 1731 ut
3497 1696 3664 1732 rerum
3695 1680 3768 1732 sit

2190 1759 2378 1814 Amen.
2425 1761 2597 1826 Quare
2643 1782 2764 1834 ergo
2791 1767 2842 1817 in
2874 1767 3053 1834 pane?
3081 1763 3232 1819 Nihil
3260 1767 3340 1818 hic
3373 1766 3436 1819 de
3461 1775 3636 1819 nostro
3675 1783 3766 1819 as-

513 1857 646 1912 Nam
692 1867 746 1912 et,
786 1875 1001 1914 carnem
1051 1860 1259 1914 Domini
1290 1876 1386 1914 nos
1429 1876 1546 1916 esse
1574 1861 1914 1928 conﬁrmans,
1967 1862 2080 1915 ait;
2193 1869 2443 1918 seramus,
2471 1853 2638 1921 ipsum
2662 1854 2961 1924 Apostolum
2988 1855 3108 1908 item
3138 1855 3427 1908 audiamus.
3475 1854 3602 1908 Cum
3644 1871 3766 1920 ergo

460 1981 461 1984 η
516 1946 684 2002 Nemo
729 1950 862 2002 enim
893 1967 1117 2021 unquam
1167 1968 1375 2006 carnem
1405 1969 1552 2006 suam
1579 1953 1698 2006 odio
1727 1951 1943 2020 habuit,
1994 1955 2086 2009 sed

519 2045 678 2096 nutrit
708 2053 756 2096 et
783 2047 914 2115 fovet
942 2062 1074 2109 eam,
1113 2045 1244 2098 sicut
1263 2054 1311 2098 et
1341 2044 1573 2100 Christus
1601 2045 1926 2101 Ecclesium:
1957 2065 2085 2119 quo-

518 2134 653 2186 niam
685 2133 908 2187 membra
937 2151 1109 2189 sumus
1139 2137 1370 2205 corporis
1393 2138 1503 2206 ejus
1529 2178 1544 2204 ,
1584 2145 1633 2190 et
1657 2137 1720 2190 de
1749 2137 1948 2192 ossibus
1974 2139 2086 2209 ejus

450 2257 452 2260 μ
518 2221 732 2293 (Ephes.
762 2241 812 2288 γ,
840 2223 948 2292 29).
981 2225 1241 2292 Quocirca
1269 2226 1520 2295 quoniam
1541 2243 1672 2280 unus
1693 2226 1844 2297 panis
1865 2236 1913 2280 et
1931 2244 2088 2281 unum

515 2325 700 2380 corpus
727 2312 873 2366 multi
900 2330 1096 2380 sumus,
1136 2320 1262 2369 tunc
1291 2313 1477 2386 incipit
1506 2315 1869 2386 unusquisque
1917 2315 2088 2385 parti-

517 2417 643 2472 ceps
670 2418 786 2457 esse
817 2403 955 2458 illius
984 2404 1140 2458 unius
1187 2403 1356 2474 panis,
1406 2405 1619 2474 quando
1657 2404 1879 2475 eruperit
1921 2422 2092 2460 mem-

517 2489 670 2544 brum
688 2507 806 2546 esse
826 2491 966 2546 illius
988 2493 1142 2547 unius
1161 2494 1421 2564 corporis,
1443 2493 1583 2564 quod
1607 2495 1660 2548 in
1681 2495 1902 2562 singulis
1919 2510 2090 2550 mem—
2125 2564 2128 2566 γ

518 2578 646 2643 bris,
675 2580 887 2648 quando
915 2580 968 2634 in
998 2579 1267 2651 baptismo
1295 2581 1456 2651 capiti
1484 2581 1701 2636 Christo
1729 2581 2088 2651 subiungitur,

521 2675 649 2723 tunc
672 2669 781 2738 jam
813 2668 923 2725 Deo
952 2670 1072 2724 viva
1102 2670 1277 2724 hostia
1310 2669 1576 2723 veraciter
1615 2669 1938 2724 immolatur.
1993 2669 2091 2724 Illo

519 2759 663 2814 enim
695 2759 986 2814 nativitatis
1016 2774 1246 2814 munere'
1265 2759 1343 2814 sic
1378 2757 1434 2812 ﬁt
1471 2755 1822 2826 sacriﬁcium,
1853 2759 1990 2812 sicut
2034 2756 2092 2812 ﬁt

522 2854 577 2900 et
618 2847 890 2915 templum.
953 2845 1106 2912 Quod
1152 2847 1340 2900 beatus
1385 2846 1672 2916 Apostolus
1711 2845 1930 2912 docens,
1979 2846 2090 2898 ait:

524 2933 751 2988 Nescitis
775 2936 894 3004 quia
919 2934 1155 3004 templum
1189 2933 1284 2986 Dei
1312 2935 1454 2996 estis,
1486 2942 1534 2984 et
1570 2931 1794 2998 Spiritus
1828 2931 1920 2985 Dei
1947 2932 2095 2984 habi-

431 3035 433 3038 ‘
526 3035 601 3077 tat
627 3027 680 3077 in
707 3024 844 3078 vobis
870 3023 923 3091 (Ι
949 3022 1067 3076 Cor.
1099 3039 1173 3086 Ill,
1208 3021 1293 3088 16)
1319 3021 1345 3076 ?
1373 3021 1472 3086 Qui
1498 3035 1625 3088 ergo
1655 3022 1952 3073 membrum
1977 3017 2118 3073 cor?

526 3113 676 3182 poris
699 3111 898 3165 Christi
931 3110 1006 3174 ﬁt,
1040 3110 1310 3180 quomodo
1333 3125 1436 3162 non
1464 3110 1661 3178 accipit
1689 3109 1829 3176 quod
1860 3109 1974 3178 ipse
2005 3108 2096 3162 ﬁt?

507 3201 739 3271 quando
771 3201 953 3269 utique
982 3201 1122 3254 illius
1169 3198 1225 3252 ﬁt
1257 3213 1437 3252 verum
1486 3198 1726 3267 corporis
1774 3199 2092 3264 membrum,
2121 3235 2165 3295 ρ

528 3291 679 3360 cujus
707 3290 950 3359 corporis
990 3297 1074 3343 est
1118 3289 1171 3342 in
1217 3285 1479 3342 sacriﬁcio
1519 3296 1936 3342 sacramentum.
1980 3285 2096 3343 Hoc

509 3381 658 3450 ergo
684 3379 743 3434 ﬁt
765 3379 853 3438 ille
881 3377 1287 3447 regeneratione
1332 3377 1504 3432 sancti
1551 3377 1904 3446 baptismatis,
1955 3376 2097 3446 quod

529 3481 606 3529 est
632 3471 698 3526 de
723 3467 986 3527 sacriﬁcio
1015 3476 1324 3538 sumpturus
1346 3467 1548 3520 altaris.
1586 3465 1738 3532 Quod
1779 3467 1937 3520 etiam
1973 3481 2097 3520 sau-

528 3569 646 3616 ctos
675 3558 864 3613 Patres
893 3557 1256 3612 indubitanter
1293 3555 1582 3611 credidisse
1626 3570 1687 3609 ac
1730 3555 1974 3610 docuisse
2013 3572 2102 3611 eo-

509 3654 854 3723 ‘gnoseimus.
912 3649 1108 3706 Beatus
1145 3664 1360 3719 quoque
1406 3649 1730 3716 Augustinus
1778 3648 1845 3702 de
1891 3649 1992 3704 hac
2040 3666 2100 3704 re

526 3760 829 3802 sermonem
858 3743 985 3798 fecit
1007 3741 1292 3798 admodum
1315 3740 1658 3804 luculentum,
1692 3748 1745 3792 et
1765 3748 1947 3808 aptum
1971 3741 2101 3795 aedi-

529 3835 763 3891 ﬁcationi
795 3842 954 3902 atque
997 3831 1336 3886 instructioni
1378 3829 1630 3883 ﬁdelium.
1674 3829 1843 3895 Quem
1889 3845 2100 3886 sermo-

529 3939 650 3979 nem
680 3931 850 3976 totum
875 3921 1115 3992 epistola:
1157 3920 1319 3976 malui
1364 3917 1683 3986 subjungere
1723 3919 1843 3987 quia
1874 3934 1973 3974 nec
2019 3929 2101 3974 est

525 4018 784 4088 prolixus,
818 4022 872 4069 et
900 4015 951 4068 in
985 4015 1096 4084 ipsa
1120 4013 1383 4068 brevitate
1415 4027 1621 4081 magnae
1647 4011 2014 4068 instructionis
2039 4029 2100 4071 ac

525 4108 806 4164 suavitatis
829 4115 911 4160 est
941 4107 1149 4174 plenus.

595 4197 683 4250 25.
733 4216 750 4246 ι
783 4195 896 4250 Hoc
926 4194 1058 4266 quod
1085 4194 1262 4248 videtis
1290 4195 1342 4247 in
1372 4195 1536 4249 altare
1567 4195 1688 4260 Dei,
1731 4197 1887 4252 etiam
1932 4205 2103 4252 transv

512 4289 640 4341 acta
668 4295 815 4340 nocte
840 4285 1056 4350 vidistis,
1076 4284 1166 4338 sed
1177 4285 1298 4356 quid
1317 4295 1466 4350 esset,
1500 4287 1623 4358 quid
1647 4285 1744 4340 sibi
1768 4287 1930 4352 uellet,
1949 4303 2102 4357 quam

523 4393 726 4451 magna:
757 4378 826 4431 rei
859 4385 1232 4453 sacramentum
1260 4379 1567 4442 contineret,
1602 4379 1828 4434 nondum
1860 4379 2096 4434 audistis.

525 4467 678 4533 Quod
694 4483 816 4537 ergo
837 4465 1036 4528 ridetis,
1061 4466 1210 4534 panis
1236 4474 1329 4528 est,
1355 4475 1402 4518 et
1423 4467 1561 4522 ealix
1585 4485 1601 4530 ;
1627 4467 1761 4538 quod
1783 4467 1918 4522 vobis
1941 4470 2097 4524 etiam

2191 1940 2254 1994 de
2273 1942 2369 1994 isto
2391 1953 2715 1997 sacramento
2737 1944 3040 2014 loqueretur,
3067 1946 3178 1999 ait:
3212 1943 3358 2001 Unus
3387 1944 3568 2014 panis,
3601 1959 3766 1997 unum

2188 2047 2382 2100 corpus
2409 2032 2559 2085 multi
2591 2049 2796 2087 sumus.
2839 2032 3140 2106 Intelligite,
3185 2044 3234 2088 et
3274 2035 3509 2106 gaudete.
3553 2033 3765 2101 Unitas,

2187 2123 2371 2192 pietas,
2424 2124 2628 2187 veritas,
2673 2125 2899 2190 caritas,
2942 2141 3080 2178 unus
3126 2126 3311 2195 panis,
3361 2141 3521 2179 unum
3569 2140 3769 2195 corpus

2189 2213 2341 2265 multi
2369 2227 2552 2267 sumus
2583 2212 2638 2282 (I
2660 2213 2779 2268 Cor.
2811 2231 2864 2279 ι,
2898 2214 3007 2285 l7).
3053 2215 3279 2270 Recotite
3314 2217 3449 2269 enim
3471 2218 3589 2287 quia
3613 2217 3768 2286 panis

2189 2319 2291 2356 non
2318 2303 2378 2373 ﬁt
2407 2303 2471 2356 de
2507 2319 2608 2358 uno
2637 2321 2830 2376 grano,
2863 2305 2955 2358 sed
2983 2305 3048 2358 de
3071 2307 3268 2360 multis.
3316 2303 3536 2369 Quando
3564 2305 3770 2358 exorci-

2191 2393 2470 2460 zabamini,
2511 2396 2658 2464 quasi
2688 2395 3055 2458 molebamini;
3104 2396 3311 2467 quando
3342 2394 3590 2464 baptisati
3620 2396 3767 2458 estis,

2189 2483 2336 2551 quasi
2383 2484 2644 2553 conspersi
2689 2486 2849 2548 estis;
2898 2485 3102 2556 quando
3149 2484 3376 2555 Spiritus
3405 2483 3572 2537 sancti
3599 2484 3769 2554 ignem

2192 2572 2478 2638 accepistis,
2507 2574 2653 2640 quasi
2674 2573 2804 2626 cocti
2826 2575 2966 2626 estis.
3009 2573 3188 2626 Estote
3215 2572 3350 2644 quod
3372 2572 3568 2636 videtis,
3598 2579 3648 2624 et
3677 2587 3770 2623 ac-

2193 2661 2346 2732 cipite
2367 2661 2502 2732 quod
2544 2663 2685 2716 estis.
2729 2661 2843 2716 Hoc
2883 2662 3156 2731 Apostolus
3184 2661 3245 2714 de
3291 2677 3424 2729 pane
3471 2660 3624 2724 dixit,
3654 2660 3770 2730 jam

2191 2751 2255 2803 de
2282 2751 2443 2804 calice
2483 2751 2604 2822 quid
2632 2753 3045 2823 intelligeremus,
3085 2754 3239 2806 etiam
3265 2754 3358 2806 Ioc
3405 2752 3595 2805 dictum
3641 2750 3770 2804 satis

2193 2841 2431 2895 ostendit.
2476 2841 2623 2896 Sicut
2647 2843 2782 2896 enim
2809 2852 2863 2895 ut
2885 2844 2949 2897 sit
2975 2844 3165 2912 species
3194 2842 3406 2896 visibilis
3432 2843 3586 2908 panis
3608 2841 3772 2894 multa

2193 2948 2357 3001 grana
2383 2932 2435 2985 in
2457 2949 2613 2986 unum
2635 2943 3036 3004 consperguntur
3058 2950 3074 2998 ;
3107 2942 3347 3004 tanquam
3371 2931 3499 2984 illud
3520 2932 3617 3001 ﬁat
3636 2928 3772 3001 quod

2193 3021 2257 3075 de
2284 3022 2520 3091 ﬁdelibus
2547 3023 2619 3076 ait
2644 3021 2911 3093 Scriptura
2927 3022 3275 3077 sancta:Erat
3293 3023 3396 3076 illis
3424 3021 3599 3076 anima
3619 3017 3773 3094 [una]

2195 3119 2249 3166 et
2278 3128 2371 3167 eor
2393 3129 2552 3168 unum
2584 3113 2634 3167 in
2660 3113 2824 3168 Deum
2849 3115 2982 3183 (Act.
3001 3123 3073 3181 tv,
3095 3113 3206 3183 5:2);
3230 3115 3303 3167 sic
3331 3122 3380 3167 et
3408 3112 3469 3165 de
3501 3113 3638 3178 vino,
3654 3113 3772 3182 fra-

2199 3185 2318 3267 tres,
2351 3204 2559 3257 recolite
2586 3204 2721 3257 unde
2756 3205 2823 3257 sit
2848 3220 3020 3257 unum.
3057 3203 3234 3257 Grana
3263 3204 3424 3257 multa
3451 3202 3674 3272 pendent
3704 3200 3776 3257 ad

2199 3292 2417 3356 botrum,
2466 3295 2557 3348 sed
2581 3295 2747 3365 liquor
2771 3313 3052 3366 granorum
3078 3297 3132 3348 in
3173 3296 3370 3348 unitate
3413 3293 3772 3364 confunditur.

2200 3381 2286 3435 Ita
2308 3383 2561 3438 Dominus
2585 3384 2734 3438 Jesus
2765 3383 3001 3438 Christus
3026 3401 3118 3438 nos
3146 3383 3473 3454 signiﬁcavit,
3506 3397 3603 3439 nos
3623 3381 3694 3432 ad
3715 3395 3774 3433 se

2197 3476 2450 3544 pertinere
2470 3477 2655 3540 voluit;
2685 3477 2982 3546 mysterium
3009 3476 3148 3546 pacis
3175 3483 3221 3528 et
3251 3473 3463 3532 unitatis
3494 3480 3688 3525 nostra
3715 3470 3774 3529 in

2198 3581 2291 3619 sua
2314 3583 2492 3619 mensa
2517 3568 2850 3621 consecrauit.
2892 3565 2991 3630 Qui
3019 3565 3204 3636 accipit
3219 3565 3513 3634 mysterium
3532 3561 3776 3628 unitatisI

2197 3665 2246 3709 et
2267 3673 2368 3709 non
2391 3668 2559 3710 seruat
2579 3657 2669 3726 (al.
2696 3658 2849 3727 tenet)
2872 3657 3127 3713 vinculum
3148 3658 3312 3726 pacis,
3343 3671 3445 3714 non
3470 3653 3776 3723 mysterium

2200 3747 2385 3816 accipit
2413 3765 2505 3817 pro
2527 3739 2612 3814 se,
2625 3747 2714 3800 sed
2744 3748 3086 3804 testimonium
3117 3755 3298 3800 contra
3325 3762 3398 3800 se.
3430 3763 3448 3797 ι

2270 3859 2358 3913 26.
2399 3860 2660 3927 Arbitror,
2676 3871 2858 3916 sancte
2877 3861 3058 3926 frater,
3071 3861 3483 3932 disputationem
3509 3865 3777 3928 nostram,

2201 3949 2441 4019 praeclari
2470 3949 2707 4013 doctoris
2753 3950 3032 4018 Augustini
3070 3964 3320 4004 sermone
3359 3948 3644 4013 ﬁrmatam,
3679 3961 3780 4007 nec

2201 4041 2447 4110 cuiquam
2470 4057 2587 4096 esse
2617 4043 2956 4111 aliquatenus
2986 4041 3384 4110 ambigendum,
3418 4048 3543 4096 tunc
3585 4054 3781 4094 unum“

2200 4147 2466 4201 quemque
2511 4130 2744 4186 ﬁdelium
2801 4133 3043 4202 corporis
3086 4132 3465 4201 sanguinisque
3512 4127 3780 4188 Dominici

2201 4221 2518 4291 participem
2568 4221 2705 4290 ﬁeri,
2747 4225 2962 4291 quando
3002 4222 3053 4281 in
3106 4221 3424 4290 baptismate
3478 4219 3782 4273 membrum

2201 4313 2442 4384 corporis
2470 4312 2669 4371 Christi
2701 4313 2948 4380 efﬁcitur,
2983 4328 3083 4368 nec
3127 4311 3346 4371 alienari
3384 4310 3451 4369 ab
3494 4309 3587 4364 illo
3623 4308 3783 4378 panis

2200 4403 2444 4461 calicisve
2488 4403 2780 4468 consortio,
2828 4402 3037 4457 etiamsi
3086 4410 3369 4468 antequam
3401 4413 3594 4469 panem
3631 4397 3783 4450 illum

2200 4494 2466 4559 comedat,
2499 4501 2552 4554 et
2573 4495 2793 4551 calicem
2825 4494 2991 4560 bibat,
3021 4494 3086 4549 de
3115 4494 3217 4552 hoc
3263 4493 3457 4549 seculo
3495 4492 3547 4546 in
3576 4491 3784 4545 unitate

523 4561 656 4667 oculi
705 4557 875 4667 rest'ri-
910 4558 1222 4667 renuntiant.
1284 4555 1432 4658 Quod
1463 4568 1632 4667 autem
1661 4559 1984 4667 ﬁdelf'aoﬂi."
2014 4577 2097 4614 ιέ-
2127 4585 2444 4667 Dcorporis
2494 4584 2694 4641 Christi
2748 4588 3070 4640 constitutus
3120 4584 3392 4644 abscedat.
3443 4583 3769 4643 Sacrament

523 4659 630 4703 stra
652 4647 875 4719 postulat
905 4646 1226 4712 instruenda,
1258 4651 1405 4715 panis
1431 4655 1505 4700 est
1535 4664 1718 4716 corpus
1748 4647 1959 4714 Christi,
2005 4665 2096 4702 ca—

522 4741 596 4794 lix
646 4738 855 4809 sanguis
887 4736 1097 4790 Christi.
1142 4734 1366 4789 Breviter
1411 4737 1614 4809 quidem
1643 4738 1739 4791 hoc
1783 4738 1974 4791 dictum
1998 4745 2093 4803 est,

521 4829 655 4901 quod
682 4828 804 4898 fidei
829 4829 961 4898 forte
983 4827 1242 4896 sufﬁciat;
1270 4825 1362 4879 sed
1388 4827 1517 4896 ﬁdes
1542 4828 1927 4880 instructionem
1959 4828 2096 4881 desi~

521 4921 687 4974 derat.
730 4917 870 4972 Dicit
897 4919 1032 4972 enim
1061 4918 1336 4987 propheta:
1363 4917 1469 4970 Nisi
1500 4918 1853 4981 credideritis,
1880 4935 1987 4976 non
2017 4919 2098 4973 iu-

521 5007 774 5076 telligetis
799 5007 934 5076 (Isa.
967 5024 1057 5071 vn,
1082 5007 1158 5076 9).
1193 5006 1416 5062 Potestis
1438 5024 1558 5077 ergo
1580 5008 1731 5060 modo
1752 5007 1919 5061 dicere
1939 5009 2094 5062 mihi:

523 5099 826 5169 Prwcepisti
855 5109 909 5151 ut
937 5099 1206 5152 credamus
1229 5117 1245 5162 ;
1285 5115 1481 5168 expone
1508 5108 1563 5150 ut
1590 5098 1954 5169 intelligamus.
1985 5098 2093 5153 Po-

521 5199 620 5244 test
664 5191 799 5242 enim
843 5191 897 5242 in
943 5191 1114 5242 animo
1144 5190 1430 5261 cujuspiam
1462 5189 1704 5258 cogitatio
1734 5188 1850 5243 talis
1880 5189 2093 5248 aboriri.

519 5279 776 5334 Dominus
815 5289 989 5334 noster
1033 5279 1184 5333 Jesus
1213 5279 1447 5333 Christus
1483 5280 1713 5333 nouimus
1780 5280 1919 5332 unde
1945 5297 2093 5335 accev

521 5371 650 5442 perit
679 5387 928 5438 carnem,
949 5370 1012 5424 de
1051 5370 1262 5440 Virgine
1293 5369 1468 5424 Maria
1489 5387 1506 5422 :
1553 5371 1728 5440 infans
1753 5371 1971 5423 luctatus
1997 5378 2094 5437 est,

519 5465 742 5519 nutritus
769 5473 865 5529 est,
892 5465 1067 5531 crevit,
1097 5463 1167 5515 ad
1179 5463 1454 5532 juvenilem
1477 5472 1678 5516 wtatem
1703 5462 1975 5532 perductus
1999 5473 2093 5528 est,

521 5575 553 5610 a
597 5557 796 5610 Judteis
841 5557 1245 5623 persecutionem
1291 5571 1474 5626 passus
1519 5564 1613 5615 est,
1645 5555 1786 5625 ligno
1820 5570 2096 5623 suspensus

519 5657 614 5702 est.
645 5647 698 5700 in
729 5647 866 5716 ligno
889 5648 1185 5717 interfectus
1210 5653 1306 5712 est,
1337 5646 1400 5698 de
1430 5647 1570 5714 ligno
1599 5645 1858 5714 depositus
1889 5652 1992 5707 est,
2017 5660 2099 5697 se-

521 5740 692 5807 pultus
721 5747 817 5804 est,
851 5741 999 5792 tertia
1043 5738 1125 5792 die
1156 5739 1455 5799 resurrexit,
1479 5755 1576 5807 quo
1607 5737 1689 5791 die
1711 5738 1866 5790 voluit
1911 5738 1964 5790 in
1993 5751 2095 5789 cat-

522 5829 628 5879 lunt
651 5827 901 5882 ascendit.
946 5827 1079 5882 Illuc
1101 5830 1280 5882 levarit
1305 5844 1488 5885 corvus
1515 5843 1684 5896 suum,
1717 5832 1854 5884 unde
1879 5837 1952 5884 est
1982 5843 2099 5884 uen-

2208 4673 2404 4745 quippe
2449 4674 2588 4731 illius
2630 4675 3044 4750 participatione
3078 4689 3141 4729 ac
3168 4673 3430 4735 beneﬁcio
3459 4688 3566 4732 non
3597 4672 3787 4742 priva-

2203 4770 2308 4829 tur,
2342 4765 2555 4834 quando
2579 4765 2692 4834 ipse
2719 4765 2824 4824 hoc
2866 4766 3010 4841 quod
3041 4765 3168 4826 illud
3195 4774 3588 4822 sacramentum
3619 4765 3789 4841 228

2202 4854 2465 4923 signiﬁcat
2495 4855 2782 4910 invenitur.
2812 4853 2916 4912 Ora
2955 4871 3054 4925 pro
3089 4855 3242 4913 nobis
3263 4869 3476 4928 semper
3502 4864 3792 4924 vegetatua

2203 4944 2355 5002 fortis
2386 4946 2438 5002 in
2461 4944 2692 5012 Christo,
2725 4954 2910 5000 sancte
2933 4954 2988 5000 et
3014 4946 3337 5005 venerabilis
3360 4945 3541 5005 frater.

2223 5133 2228 5137 ,
2744 5060 3074 5121 EPISTOLA
3110 5061 3244 5121 Xlll.

2278 5153 2578 5214 Ferrandns
2627 5154 2923 5227 Fulgentio,
2965 5155 3270 5226 quastiones
3320 5157 3539 5229 quinque
3582 5170 3712 5226 pro-

2887 5261 3098 5306 nonem.

2268 5358 2504 5417 Domino
2532 5357 2864 5424 beatissimo,
2906 5369 2962 5412 et
3002 5373 3123 5413 cum
3154 5357 3299 5415 omni
3316 5357 3678 5412 -veneratione
3703 5356 3801 5414 ina

2203 5448 2478 5518 spiciendo
2491 5448 2840 5518 sancto,Patri
2859 5447 3449 5520 Fuccsunoﬁepiscopo.
3466 5447 3803 5508 Fssnsuws

2203 5535 2464 5592 diaconus
2492 5537 2544 5591 in
2565 5536 2794 5594 Domino
2817 5537 3064 5598 salutem.

2274 5646 2324 5701 l.
2365 5645 2520 5716 Stepe
2548 5647 2714 5700 multa
2744 5646 2885 5700 volui
2931 5647 3123 5706 aﬁectu
3164 5651 3491 5719 interrogare
3519 5648 3805 5722 discendi,

2201 5737 2294 5792 sed
2319 5737 2598 5792 absentem
2641 5736 2952 5805 magistrum
2982 5736 3349 5808 frequentibus
3371 5739 3612 5809 epistolis
3633 5753 3812 5794 com-

2201 5826 2428 5900 pellare,
2453 5833 2774 5898 portitorum
2805 5827 2997 5883 raritas
3043 5843 3110 5884 ex
3154 5829 3359 5887 itineris
3388 5829 3812 5900 longinquith
