4014 6340
166 437 277 496 395

1550 428 1875 498 nrlsfom
1916 428 2045 495 Xiv‘.

3339 427 3442 490 5M

3467 507 3474 530 ἵ

164 556 462 630 prohibuit.
511 553 662 610 Unde
692 571 832 609 nunc
861 533 1123 611 beneﬁcio
1152 558 1430 626 prtesentis
1454 559 1754 612 occasionis
1783 561 1829 619 Α
1864 558 2204 626 relegendum
2239 555 2393 614 nobis
2413 548 2606 628 jubeas
2629 551 2922 624 destinare.
2968 571 3024 616 et
3062 559 3343 632 epistolam
3374 556 3441 611 ad
3469 533 3471 544 Ι

167 651 498 716 admonitus,
531 650 583 704 in
613 665 777 703 unum
807 651 1053 718 congessi
1079 666 1198 720 qum
1238 651 1408 720 potui,
1445 660 1498 705 et
1527 668 1756 722 responv

164 744 324 797 sione
351 749 530 795 vestra
557 740 750 795 melius
769 739 1039 794 dilatanda
1061 740 1293 796 breviter
1320 759 1532 810 quacro;
1558 757 1759 810 rogans

164 817 569 902 obsecransque
605 830 902 897 Christum,
933 848 960 886 a
989 847 1094 902 quo
1139 833 1281 888 intus
1313 833 1466 888 audis
1487 833 1628 905 quod
1657 833 1758 888 do-

165 939 296 979 ceas
326 923 470 987 foris,
508 933 563 977 ut
592 924 858 977 veraciter
885 923 1030 978 dicas
1053 923 1182 978 mihi
1209 942 1221 978 ι

239 1015 292 1067 2.
354 1012 540 1068 Utrum
600 1013 835 1067 Trinitas
889 1013 1259 1082 inseparabilis
1323 1022 1544 1083 propter
1601 1030 1758 1068 unam

165 1106 528 1173 eamdemque
571 1114 841 1169 naturam,
885 1105 1276 1174 operationem,
1310 1121 1373 1159 ac
1405 1105 1758 1173 voluntatem,

164 1199 276 1254 diei
319 1198 513 1253 debeat
542 1198 871 1268 separabiles
892 1198 1096 1252 habere
1116 1213 1398 1268 personas,
1422 1214 1488 1253 an
1511 1199 1671 1253 etiam
1705 1198 1756 1251 in

164 1291 418 1361 personis
462 1291 534 1345 sit
580 1290 800 1348 omnino
845 1289 1216 1358 inseparabilis
1247 1289 1601 1359 prredicanda.
1643 1288 1756 1351 Vel,

169 1391 350 1436 utrum
382 1381 523 1434 Deus
561 1379 653 1433 Dei
683 1378 848 1434 Filius
891 1379 1029 1434 sicut
1077 1380 1271 1434 dicitur
1319 1388 1493 1443 natus,
1549 1395 1754 1448 passus.

167 1485 437 1540 mortuus,
469 1472 788 1537 cruciﬁxus;
822 1472 891 1526 ita
924 1472 1040 1540 ejus
1069 1471 1407 1527 divinitatem
1437 1472 1759 1526 confirmare

169 1583 268 1620 nos
291 1572 547 1634 Oporteat
575 1572 775 1629 natam,
812 1579 1045 1633 passam,
1080 1573 1368 1629 mortuam,
1402 1562 1710 1619 crucifixam
1741 1583 1753 1615 :

168 1661 414 1730 quamvis
456 1659 570 1712 sive
615 1658 769 1717 Deus,
821 1657 933 1712 sive
970 1657 1222 1711 divinitas
1263 1658 1589 1717 nominetur,
1643 1655 1755 1709 sola

166 1768 297 1807 caro
329 1750 656 1818 intelligatur
672 1749 942 1804 mutabilis
959 1758 1121 1818 atque
1138 1747 1430 1819 passibilis,
1458 1748 1756 1804 secundum

168 1859 338 1912 quam
371 1841 510 1897 Deus
540 1849 633 1896 aut
681 1841 933 1896 divinitas
981 1843 1087 1911 pati
1136 1842 1330 1912 potuit,
1376 1841 1520 1912 quod
1570 1842 1622 1895 in
1661 1855 1757 1895 sua

1861 647 2122 704 Joannem
2153 650 2505 705 'l‘barsensem
2532 653 2843 720 episcopum
2876 652 2927 715 δ,
2969 654 3060 708 ubi
3089 653 3158 708 de
3196 645 3474 726 maleﬁco:

1863 741 2095 809 quodam
2124 741 2291 807 judici
2323 737 2428 796 n‘on
2453 745 2711 800 tradendo
2737 746 2958 800 memini
2989 745 3301 815 plenissime
3329 727 3476 824 dis-lr

1863 839 2128 902 putatum.
2163 834 2388 889 Codices
2419 836 2553 890 duos
2596 839 2828 907 suscepi,
2878 846 2931 893 et
2973 836 3162 891 infanti
3215 835 3481 890 Hermi-.e'

1864 929 2136 997 proprium
2198 929 2415 982 reddidi.
2472 929 2606 985 lube
2650 932 2810 984 etiam
2857 931 3141 1000 epistolam
3198 929 3266 984 de
3315 926 3448 981 Ora-

1865 1021 2011 1074 tione
2043 1031 2088 1083 τ.
2123 1037 2279 1090 quam
2310 1023 2372 1075 ad
2403 1037 2487 1076 me
2517 1023 2603 1078 hic
2630 1024 2864 1092 positum
2901 1024 3159 1078 mandare
3199 1021 3448 1089 dignatus
3487 1035 3494 1106 ξ

1863 1125 1940 1172 es,
1985 1111 2176 1165 iterum
2217 1112 2322 1165 huc
2363 1113 2616 1182 scriptam
2663 1112 2915 1182 dirigere.
2969 1114 3102 1166 Dum
3153 1112 3296 1166 enim
3348 1126 3447 1180 pro
3492 1119 3499 1140 '-

1862 1201 2149 1270 splendore
2177 1203 2257 1254 sui
2286 1217 2315 1255 a
2347 1203 2528 1258 multis
2543 1204 2876 1271 quieriturad
2897 1205 3200 1273 legendum,
3219 1203 3447 1258 faciente

1816 1345 1824 1354 ,
1863 1304 2046 1349 nostra
2076 1295 2363 1361 oblivione,
2391 1298 2530 1366 apud
2558 1313 2717 1366 quem
2764 1300 3085 1353 remanserit
3115 1299 3443 1367 ignoramus.

1819 1460 1822 1466 ι
1863 1386 2092 1442 Sanctos
2115 1388 2474 1457 presbyteros.
2499 1388 2773 1457 diacones,
2805 1390 3126 1460 beatamque
3154 1404 3446 1460 congrega-

1863 1475 2064 1530 tionem
2087 1477 2309 1546 supplex
2323 1477 2518 1531 saluto.
2547 1478 2688 1533 Deus
2703 1487 2888 1534 noster
2903 1480 3280 1549 paternitatem
3297 1487 3446 1535 tuam

1863 1568 1929 1622 ad
1957 1567 2364 1623 aediﬁcationem
2393 1580 2636 1625 nostram
2665 1587 2989 1627 conservare
3019 1573 3264 1634 dignetur
3298 1574 3446 1629 inco-

1864 1659 2085 1723 lumem,
2105 1659 2322 1716 domine
2351 1671 2520 1730 pater.
2549 1663 2735 1716 Amen.

2409 1796 2737 1853 EPISTULA
2779 1798 2909 1854 XIV.

172 1941 371 1987 natura
389 1947 492 1986 non
514 1931 712 2001 potuit.
730 1929 910 1987 Tertio
925 1931 1098 1987 adhuc
1122 1931 1358 2000 requiro,
1382 1940 1559 1985 utrum
1582 1930 1758 1984 anima
1796 1930 1839 1989 Β
1871 1927 2172 2003 Fulgentius
2207 1931 2251 1984 F
2255 1934 2499 1996 errando,
2533 1935 2847 2003 respondens
2881 1936 2950 1987 ad
2984 1937 3275 2005 propositas
3302 1951 3449 2005 quin.

171 2022 379 2078 Christi
404 2014 1000 2092 susceptricis'deitatis
1043 2023 1256 2092 plenam
1299 2023 1496 2076 habeat
1541 2022 1762 2076 omnino

175 2117 513 2182 notitiam,et
539 2115 988 2186 quemadmodum
1009 2132 1067 2170 se
1096 2116 1324 2170 invicem
1355 2124 1554 2170 norunt
1579 2113 1761 2177 Pater,

172 2217 232 2264 et
259 2207 444 2274 Filius,
467 2215 523 2260 et
549 2206 780 2276 Spiritus
804 2214 1023 2262 sanctus
1043 2251 1056 2271 ,
1091 2206 1164 2261 ita
1195 2206 1337 2261 idem
1366 2205 1532 2263 Filius
1560 2217 1762 2261 semet-

189 2299 364 2368 ipsum
396 2311 495 2366 per
535 2296 589 2350 id
618 2296 760 2365 quod
792 2297 954 2351 homo
980 2305 1082 2362 est,
1117 2297 1170 2350 in
1201 2313 1266 2352 eo
1295 2297 1438 2366 quod
1472 2295 1631 2361 Deus,
1666 2313 1764 2351 n0-

179 2390 342 2454 verit;
366 2405 433 2443 ex
457 2397 704 2457 utraque,
732 2397 892 2456 atque
924 2389 975 2444 in
1006 2397 1232 2458 utraque
1263 2389 1561 2444 substantia
1590 2395 1764 2442 totum

174 2483 396 2550 capiens
418 2480 653 2533 Patrem.
679 2479 756 2533 An
783 2477 1008 2534 fortasse
1037 2479 1174 2534 sicut
1203 2479 1375 2534 oculis
1395 2477 1767 2548 corporalibus

179 2570 351 2625 Deum
384 2569 631 2639 spiritum
677 2570 894 2625 minime
924 2569 1085 2632 videt,
1120 2585 1187 2624 ne
1218 2585 1322 2624 non
1353 2568 1559 2623 homini
1588 2569 1765 2636 digni-

177 2675 266 2718 tas
295 2663 488 2726 addita,
523 2663 619 2718 sed
656 2673 841 2716 natura
878 2661 1132 2718 credatur
1159 2665 1372 2733 penitus
1399 2669 1763 2726 commutata;

175 2757 260 2812 sic
293 2755 566 2810 rationalis
594 2756 784 2810 anima:
811 2757 1054 2824 quamvis
1075 2755 1166 2824 pio
1195 2754 1492 2820 intellectu,
1522 2761 1578 2808 et
1601 2752 1767 2807 corde

179 2847 552 2909 mundissimo,
587 2862 692 2902 non
725 2848 911 2908 videri,
941 2861 1119 2915 neque
1141 2844 1522 2915 comprehendi
1551 2857 1768 2897 onmem

185 2941 482 2995 divinitatis
509 2940 815 3003 essentiam,
859 2953 928 2992 ne
955 2939 1208 3008 quaelibet
1246 2945 1496 2993 creatura
1527 2936 1770 2990 invenia-

192 3039 266 3085 tur
307 3045 516 3101 capere
549 3028 878 3085 Creatorem.
931 3028 1124 3084 Patere
1153 3044 1260 3094 me,
1289 3029 1540 3096 obsecro,
1571 3027 1768 3082 iterum

185 3136 457 3192 qumrere;
490 3121 612 3175 volo
641 3121 784 3175 enim
811 3120 971 3174 simul
999 3119 1154 3188 plura
1172 3119 1634 3188 proponere,quia
1659 3133 1767 3172 non

186 3224 270 3269 est
311 3215 404 3268 ubi
449 3213 722 3280 sigillatim
767 3213 834 3266 de
881 3211 1105 3280 singulis
1152 3218 1550 3280 percontemur.
1591 3208 1768 3264 Unum

2433 2021 2528 2075 que
2555 2005 2882 2074 qtttestiones.

1941 2118 1988 2170 l.
2028 2115 2264 2187 Epistula
2297 2127 2412 2186 tua,
2439 2126 2623 2171 sancte
2649 2120 2832 2182 lrater,
2861 2127 2916 2173 et
2956 2118 3290 2172 condiacono
3321 2117 3450 2173 Fer-

1865 2210 2050 2277 rande,
2087 2209 2366 2264 betilicavit
2393 2211 2570 2264 cordis
2600 2211 2704 2265 mei
2733 2211 2914 2278 simul,
2952 2220 3007 2265 et
3041 2211 3294 2265 excitavit
3331 2212 3448 2266 afl'e.

1868 2311 2045 2363 ctum;
2072 2307 2128 2352 ut
2145 2308 2391 2354 ctcertus
2411 2298 2479 2353 de
2503 2309 2591 2352 tua
2616 2300 2790 2354 salute
2810 2300 3120 2368 gauderem,
3141 2309 3195 2354 et
3219 2301 3454 2354 intentus

1867 2394 2009 2463 quod
2038 2393 2231 2462 quznris
2254 2393 2611 2462 inquirerem;
2642 2393 2821 2448 abillo
2844 2395 3024 2462 utique
3046 2394 3131 2448 cui
3156 2401 3209 2446 et
3229 2391 3454 2448 debetur

1867 2483 2159 2552 gratiarum
2187 2482 2349 2546 actio,
2379 2492 2433 2537 et
2456 2500 2485 2536 a
2513 2500 2622 2552 quo
2659 2492 2742 2538 est
2777 2498 2904 2537 vera
2933 2483 3229 2539 Salubrium
3273 2497 3453 2545 rerum

1869 2573 2227 2644 exspectanda
2282 2590 2345 2630 ac
2387 2576 2705 2644 postulanda
2754 2575 3036 2644 cognitio:
3073 2585 3130 2629 ut
3178 2575 3317 2630 idem
3361 2575 3451 2644 qui
3531 2579 3534 2582 ’

1869 2680 2130 2736 prospero
2153 2667 2336 2721 auditu
2366 2667 2614 2734 gaudium
2638 2667 2824 2732 donat,
2854 2667 3017 2720 etiam
3053 2667 3320 2722 inlusione
3340 2680 3454 2735 gra.

1870 2757 1958 2810 tiae
1985 2757 2240 2826 spiritalis
2288 2757 2695 2826 intelligentiam
2739 2758 2967 2822 tribuat;
2994 2767 3048 2814 et
3075 2759 3216 2812 sicut
3245 2758 3360 2828 ipse
3386 2759 3457 2816 ad

1871 2839 2246 2917 inquirendum
2276 2864 2336 2904 se
2369 2849 2612 2904 accendit
2641 2849 2900 2917 studium,
2929 2849 3001 2904 ita
3026 2849 3363 2919 pulsantibus
3387 2852 3455 2908 ad

1870 2957 1930 2996 se
1954 2942 2208 3011 largiatur
2232 2941 2548 3010 ingressum.
2566 2940 2715 2996 Tunc
2729 2941 2872 2995 enim
2897 2941 2950 2994 in
2968 2941 3221 3008 gaudium
3243 2940 3455 2998 Domini

1871 3033 2042 3088 nostri
2064 3033 2360 3102 poterimus
2385 3033 2605 3100 intrare,
2631 3033 2675 3087 si
2705 3038 2803 3088 nos
2826 3032 2913 3086 hic
2938 3031 3187 3100 dignatus
3215 3031 3375 3088 fuerit
3397 3034 3455 3090 in

1873 3124 2002 3180 illud
2025 3141 2274 3194 magnum
2301 3124 2518 3194 pietatis
2546 3132 2940 3178 sacramentum
2969 3123 3114 3179 dono
3144 3123 3328 3191 gratim
3349 3123 3458 3192 spiv

1871 3215 2044 3270 ritalis
2074 3214 2347 3278 inducere,
2380 3223 2434 3269 et
2463 3213 2531 3268 ad
2564 3213 2908 3269 devitandum
2956 3214 3077 3269 vita:
3114 3213 3274 3282 hujus
3309 3213 3460 3269 defeo

187 3321 414 3373 regnum
461 3304 653 3370 Patris,
685 3315 741 3360 et
769 3304 908 3370 Filii,
943 3314 997 3360 et
1024 3304 1255 3374 Spiritus
1283 3303 1455 3358 sancti
1500 3303 1770 3360 credimus
1794 3295 1840 3357 C
1873 3314 2041 3370 ctum,
2073 3306 2163 3374 qui
2191 3305 2344 3360 nobis
2373 3304 2618 3374 subrepit
2644 3304 2954 3373 frequenter
2983 3304 3232 3372 inﬁrmis,
3263 3319 3460 3374 panem

193 3405 254 3452 et
284 3397 519 3460 fatemur,
562 3395 724 3450 simul
772 3411 867 3450 eos
911 3395 1178 3450 dominari
1220 3395 1483 3451 creaturis
1528 3394 1776 3450 omnibus

191 3489 500 3544 sentientes.
547 3487 724 3554 Quare
769 3500 897 3553 ergo
941 3488 994 3541 in
1030 3489 1367 3542 orationibus
1410 3486 1772 3548 sacerdotum,

200 3595 281 3645 per
309 3578 486 3630 Jesam
512 3577 776 3631 Christum
803 3576 1002 3632 Filium
1047 3587 1188 3632 tuum
1220 3577 1495 3632 Dominum
1522 3587 1772 3640 nostrum,

205 3674 279 3742 qui
309 3682 475 3726 tecum
503 3673 642 3737 vivit,
680 3681 732 3745 et
774 3681 956 3742 regnat
985 3672 1040 3724 in
1067 3674 1267 3726 unitate
1315 3670 1542 3741 Spiritus
1585 3668 1774 3731 sancti,

204 3781 294 3834 per
321 3764 596 3818 universas
622 3777 762 3830 pene
803 3761 991 3817 Africae
1026 3763 1275 3830 regiones
1303 3761 1568 3816 catholica
1598 3760 1780 3814 dicere

206 3854 472 3908 consuevit
499 3851 777 3906 Ecclesia?
807 3850 1085 3920 Tanquam
1111 3851 1258 3905 solus
1285 3850 1452 3906 Filius
1476 3866 1594 3906 cum
1618 3849 1778 3906 Patre

208 3943 467 4014 possideat
494 3957 749 4011 regnum;
772 3943 825 3994 in
851 3943 1063 4001 unitate,
1095 3942 1303 3996 scilicet
1330 3942 1556 4012 Spiritus
1585 3942 1779 4006 sancti,

214 4044 296 4090 aut
324 4035 416 4102 (al.
450 4037 531 4098 ut)
559 4042 846 4104 regnantes
894 4032 1152 4098 adunare,
1199 4049 1305 4088 non
1347 4033 1504 4088 simul
1555 4047 1784 4101 regnare

223 4125 432 4198 Spiritus
460 4136 678 4182 sanctus
709 4127 1000 4181 intimetur.
1041 4125 1324 4196 Responde
1355 4127 1418 4179 ad
1465 4127 1596 4185 haec,
1630 4140 1781 4194 rogo,

226 4219 467 4282 celeriter,
499 4228 556 4273 et
584 4218 783 4272 inculto
813 4218 1029 4286 eloquio
1068 4217 1136 4270 de
1175 4219 1335 4274 rebus
1365 4218 1559 4285 ignotis
1587 4233 1784 4272 consu-

227 4310 426 4376 lentem,
458 4310 776 4365 suavissimo
809 4309 968 4364 melle
995 4309 1229 4364 caelestis
1269 4310 1430 4380 229
1470 4325 1628 4378 pasce
1670 4325 1787 4364 ser-

226 4403 396 4456 monis.
429 4402 559 4456 Illud
587 4403 751 4456 etiam
785 4400 1102 4464 dilucidans,
1135 4399 1262 4468 quid
1307 4401 1377 4454 sit
1423 4399 1567 4470 quod
1618 4399 1788 4455 Lucas

225 4493 531 4561 evangelista
555 4507 762 4550 caenam
792 4491 1005 4548 Domini
1029 4500 1360 4556 narraturus,
1395 4492 1540 4559 prius
1570 4507 1693 4546 eum
1716 4492 1793 4547 di-

227 4585 288 4636 cit
313 4585 527 4639 calicem
571 4583 864 4653 accepisse,
895 4593 950 4637 et
978 4582 1251 4652 discipulis
1285 4582 1626 4636 dividendum
1650 4581 1792 4637 inter

1881 3400 2033 3452 nobis
2080 3399 2193 3468 ipse
2241 3398 2442 3452 tribuat
2493 3397 2860 3465 intelligentiae
2889 3397 3172 3469 Spiritalis;
3226 3411 3322 3450 nec
3361 3412 3462 3450 nos

1879 3486 2156 3558 permittat
2200 3496 2498 3541 veternosa:
2536 3486 2869 3555 corruptioni
2914 3485 3200 3539 exterioris
3228 3485 3464 3539 hominis

1879 3577 2089 3644 subjici,
2137 3575 2230 3631 sed
2266 3576 2332 3630 ad
2360 3576 2594 3630 studium
2620 3585 2818 3630 sancta:
2859 3575 3200 3642 cogitationis
3237 3575 3333 3644 (al.
3363 3590 3460 3628 co-

1879 3669 2178 3737 gnitionis),
2229 3677 2284 3722 et
2323 3667 2503 3738 operis
2557 3667 2870 3721 interiorem
2915 3675 3156 3721 nostrum
3187 3666 3254 3720 de
3294 3665 3380 3719 die
3407 3666 3464 3721 in

1882 3760 2021 3814 diem
2067 3757 2229 3812 faciat
2271 3758 2478 3814 cmlesti
2527 3757 2730 3812 lumine
2777 3757 2872 3825 (al.
2911 3757 3157 3827 munere)
3189 3757 3463 3812 renovari.

1882 3850 2031 3906 Dicta
2062 3859 2165 3905 tum
2195 3851 2356 3918 igitur
2383 3849 2622 3921 epistolae
2637 3848 2747 3918 jam
2781 3863 3072 3918 ponamus;
3099 3856 3154 3901 ut
3182 3847 3326 3917 quod
3355 3847 3467 3902 Do-

1881 3941 2059 3995 minus
2105 3939 2406 4006 donaverit,
2447 3940 2832 4012 quastionibus
2875 3939 3100 4008 singulis
3140 3938 3468 4010 respondero

1881 4033 2167 4104 possimus.

2345 4123 2507 4196 230
2533 4137 2774 4187 οωεετιο
2812 4138 2992 4177 ριιιιιιι.

1955 4215 2007 4270 2.
2048 4213 2228 4285 Exigis
2249 4231 2480 4287 namque
2506 4224 2563 4270 ut
2591 4216 2857 4271 veraciter
2888 4217 3062 4271 dicam
3105 4216 3221 4280 tibi,
3283 4214 3469 4270 Utrum

1887 4305 2115 4361 Trinitas
2146 4306 2507 4378 inseparabilis
2531 4317 2738 4376 propter
2766 4322 2924 4359 unam
2954 4307 3283 4375 eamdemque
3313 4313 3470 4357 natu-

1888 4418 2021 4465 ram,
2053 4402 2421 4472 operationem,
2462 4417 2523 4452 ac
2562 4399 2898 4462 voluntatem,
2924 4398 3027 4450 dici
3054 4396 3231 4448 debent
3261 4412 3471 4462 separa-

1889 4494 2014 4548 biles
2037 4493 2219 4546 habere
2241 4509 2507 4562 personas,
2540 4509 2607 4545 an
2634 4493 2792 4545 etiam
2814 4493 2867 4544 in
2896 4490 3128 4562 personis
3163 4489 3226 4543 sit
3265 4489 3472 4542 omnino

1887 4585 2253 4656 inseparabilis
2301 4584 2657 4655 prmdicanda.
2724 4582 2851 4638 Hmc
2904 4598 3022 4638 esse
3085 4582 3246 4638 verba
3291 4580 3475 4652 primm

228 4689 278 4728 se
302 4677 552 4730 continuo
582 4675 893 4739 tradidisse;
925 4681 981 4728 et
1010 4683 1120 4728 tum
1158 4674 1351 4728 deinde
1397 4684 1621 4743 accepto
1647 4689 1789 4742 pane
1816 4685 1869 4746 ι)
1892 4675 2205 4748 quaestionis
2230 4675 2418 4747 procul
2446 4674 2610 4730 dubio
2640 4669 3008 4742 recognoscis.

222 4769 444 4822 dixisse:
479 4766 595 4822 Hoc
633 4775 710 4821 est
754 4783 938 4838 corpus
965 4783 1166 4831 meum;
1198 4775 1252 4820 et
1280 4774 1502 4835 accepto
1541 4765 1790 4834 similiter

223 4867 493 4929 postquam
516 4859 749 4916 coenavit
773 4858 962 4925 calice,
995 4867 1120 4914 tunc
1145 4858 1342 4914 dixisse
1366 4877 1378 4911 :
1410 4858 1512 4912 Hic
1538 4859 1675 4912 calix
1698 4875 1791 4912 no-

223 4967 331 5006 ulla
361 4949 735 5006 Testamentum
777 4959 852 5003 est
886 4950 937 5003 in
976 4950 1231 5020 sanguine
1259 4965 1388 5015 meo,
1421 4949 1504 5017 qui
1533 4964 1626 5018 pro
1655 4946 1793 5002 vobis

219 5040 447 5111 funditur
477 5040 628 5110 (Luc.
676 5055 802 5104 xxu,
828 5038 894 5092 l7
936 5047 986 5092 et
1022 5039 1175 5110 seq.).
1215 5038 1462 5108 Nunquid
1492 5038 1627 5093 unus
1654 5039 1794 5093 calix

217 5131 450 5187 secundo
471 5141 554 5186 est
579 5131 758 5196 datus,
788 5144 856 5185 an
879 5130 1018 5186 alius
1037 5131 1206 5202 prius,
1238 5130 1375 5184 alius
1401 5131 1626 5200 postea?
1656 5127 1724 5184 Et
1751 5130 1795 5184 si

217 5227 284 5279 ita
305 5233 408 5288 est,
423 5225 488 5279 ad
504 5241 655 5295 cujus
679 5225 756 5281 rei
785 5226 1021 5295 pertinet
1035 5216 1427 5280 sacramentum
1457 5222 1586 5278 illud
1605 5222 1671 5279 de
1690 5238 1798 5292 quo

217 5317 449 5371 maxime
476 5317 653 5372 caeteri
681 5316 772 5387 qui
797 5314 1450 5388 scripseruntEvangelia,
1481 5314 1800 5370 tacuerunt?

215 5406 355 5476 Noli,
374 5425 574 5479 quatso,
590 5409 806 5466 diﬁ‘erre
826 5425 1164 5481 responsum,
1180 5425 1280 5467 nec
1304 5419 1549 5480 paratum
1563 5409 1796 5462 animum

213 5499 373 5569 longa
398 5503 800 5572 exspectatione
821 5502 1133 5574 suspendas.
1160 5502 1582 5573 Occupationum
1602 5500 1802 5571 quippe

211 5603 518 5648 vestrarum
542 5593 801 5650 debemus
827 5595 1024 5650 mereri
1054 5595 1140 5649 vel
1171 5603 1398 5665 partem.

278 5688 335 5741 5.
386 5687 538 5758 Rogo
563 5690 750 5757 etiam,
801 5699 859 5744 ut
898 5687 1089 5744 librum
1118 5687 1185 5743 de
1221 5687 1426 5758 Regula
1454 5702 1594 5744 verte
1625 5685 1744 5741 lidei
1776 5694 1802 5724 ³

283 5888 305 5909 ι·
341 5871 509 5928 Liber
534 5878 619 5929 est
643 5870 712 5926 de
741 5870 869 5925 Fide
899 5869 967 5925 ad
991 5870 1227 5934 Petrum,
1253 5867 1408 5926 infra.

275 5943 304 5983 ιτ
329 5939 466 5998 Hac
494 5941 852 6014 epistola'non
877 5948 1070 5996 exstat.

534 6041 804 6102 Ρηιιοι..
841 6037 1028 6099 LXV.

2535 4778 2838 4818 BESPONSIO.

1967 4861 2022 4916 3.
2064 4857 2165 4915 Ubi
2213 4855 2368 4912 nobis
2418 4854 2545 4911 illud
2595 4864 2677 4910 est
2727 4853 3092 4924 principaliter
3139 4851 3478 4922 intuendum,

1897 4955 2023 5025 quia
2045 4951 2280 5008 Trinitas
2306 4949 2676 5020 inseparabilis
2697 4948 2800 5005 dici
2836 4963 2942 5003 non
2973 4947 3156 5016 debet,
3183 4949 3228 5002 si
3256 4956 3480 5017 possunt

1899 5045 2004 5102 illae
2024 5053 2134 5100 tres
2148 5058 2391 5116 persona:
2413 5043 2747 5112 aliquatenus
2766 5040 3022 5110 separari.
3052 5037 3167 5094 Hoc
3190 5039 3333 5094 enim
3353 5054 3482 5094 vere

1901 5138 2259 5209 inseparabile
2299 5137 2513 5206 dicitur,
2552 5135 2695 5205 quod
2738 5135 3040 5189 nullatenus
3089 5131 3483 5202 separationem

1901 5241 2082 5305 potest
2109 5231 2369 5301 recipere.
2402 5230 2533 5284 Nam
2561 5228 2704 5299 quod
2731 5243 2839 5283 non
2869 5234 3170 5297 separatur,
3201 5225 3298 5280 sed
3325 5239 3484 5294 sepa-

1903 5323 2011 5378 rari
2039 5329 2237 5393 potest,
2271 5319 2624 5388 inseparabile
2652 5335 2756 5372 non
2786 5325 2890 5373 est.
2919 5316 3073 5384 Quod
3112 5316 3158 5371 si
3197 5316 3509 5387 quisquam.

1903 5414 2142 5486 separari
2182 5428 2340 5482 posse
2363 5419 2517 5482 putat
2546 5410 2596 5464 in
2632 5408 2894 5466 Trinitate
2923 5425 3200 5481 personas,
3225 5424 3332 5463 non
3362 5405 3486 5462 Tri-
3563 5455 3570 5474 ,

1902 5504 2044 5560 nitas
2065 5512 2148 5559 est
2169 5500 2539 5572 inseparabilis
2559 5499 2800 5565 dicenda,
2825 5499 2918 5554 sed
2937 5500 3131 5554 unitas.
3163 5497 3219 5553 ln
3241 5497 3504 5570 personis

1905 5597 2105 5668 quippe
2129 5594 2365 5650 Trinitas
2394 5599 2624 5656 constat,
2657 5592 2832 5646 unitas
2853 5592 2905 5645 in
2928 5599 3137 5646 natura.
3169 5591 3275 5646 Sed
3306 5589 3488 5645 nescio
3559 5631 3569 5640 .

1909 5695 2089 5742 utrum
2115 5692 2298 5742 nostra
2329 5683 2500 5756 possit
2526 5682 2751 5739 assertio
2779 5683 3004 5738 veritate
3049 5681 3242 5750 fulciri,
3273 5679 3489 5750 quando

2001 5878 2021 5903 ε
2047 5863 2282 5938 Epistula
2306 5862 2336 5916 4
2363 5861 2426 5918 ad
2453 5862 2700 5925 Proham,
2734 5877 2911 5932 supra.

3091 6023 3162 6082 13
