  <div class='ocr_page' id='page_1' title='image "/cluster/home/n/w/nwhite01/storage/ocr_20150623/65/hvd.32044054128558/203.png"; bbox 0 0 4014 6340; ppageno 0'>
   <div class='ocr_carea' id='block_1_1' title="bbox 584 371 778 452">
    <p class='ocr_par' dir='ltr' id='par_1_1' title="bbox 584 371 778 452">
     <span class='ocr_line' id='line_1_1' title="bbox 584 371 778 452; baseline 0 0"><span class='ocrx_word' id='word_1_1' title='bbox 584 389 692 452; x_wconf 73' lang='lat' dir='ltr'><strong>sos</strong></span> <span class='ocrx_word' id='word_1_2' title='bbox 775 371 778 374; x_wconf 79' lang='grc'><strong>’</strong></span> 
     </span>
    </p>
   </div>
   <div class='ocr_carea' id='block_1_2' title="bbox 1623 385 2828 454">
    <p class='ocr_par' dir='ltr' id='par_1_2' title="bbox 1623 385 2828 454">
     <span class='ocr_line' id='line_1_2' title="bbox 1623 385 2828 454; baseline 0.002 -2"><span class='ocrx_word' id='word_1_3' title='bbox 1623 396 1679 452; x_wconf 91' lang='lat' dir='ltr'><strong>S.</strong></span> <span class='ocrx_word' id='word_1_4' title='bbox 1721 393 2078 454; x_wconf 74' lang='lat' dir='ltr'><strong>FULGENTII</strong></span> <span class='ocrx_word' id='word_1_5' title='bbox 2116 394 2418 454; x_wconf 79' lang='lat' dir='ltr'><strong>EPISCOPI</strong></span> <span class='ocrx_word' id='word_1_6' title='bbox 2457 385 2828 454; x_wconf 74' lang='lat' dir='ltr'><strong>RUSPENSIS</strong></span> 
     </span>
    </p>
   </div>
   <div class='ocr_carea' id='block_1_3' title="bbox 3762 389 3886 452">
    <p class='ocr_par' dir='ltr' id='par_1_3' title="bbox 3762 389 3886 452">
     <span class='ocr_line' id='line_1_3' title="bbox 3762 389 3886 452; baseline -0.04 0"><span class='ocrx_word' id='word_1_7' title='bbox 3762 389 3886 452; x_wconf 70' lang='lat'><strong>896</strong></span> 
     </span>
    </p>
   </div>
   <div class='ocr_carea' id='block_1_4' title="bbox 495 505 3880 584">
    <p class='ocr_par' dir='ltr' id='par_1_4' title="bbox 495 505 3880 584">
     <span class='ocr_line' id='line_1_4' title="bbox 495 505 3880 584; baseline -0.001 -14"><span class='ocrx_word' id='word_1_8' title='bbox 495 505 506 523; x_wconf 69' lang='grc'><strong><em>⁷</em></strong></span> <span class='ocrx_word' id='word_1_9' title='bbox 584 513 666 570; x_wconf 87' lang='lat' dir='ltr'><strong>sic</strong></span> <span class='ocrx_word' id='word_1_10' title='bbox 687 510 1100 584; x_wconf 81' lang='lat' dir='ltr'><strong>inseparabilem</strong></span> <span class='ocrx_word' id='word_1_11' title='bbox 1123 521 1368 567; x_wconf 88' lang='lat' dir='ltr'><strong>naturam</strong></span> <span class='ocrx_word' id='word_1_12' title='bbox 1392 512 1616 568; x_wconf 89' lang='lat' dir='ltr'><strong>dicimus</strong></span> <span class='ocrx_word' id='word_1_13' title='bbox 1636 523 1695 568; x_wconf 89' lang='lat' dir='ltr'><strong>ut</strong></span> <span class='ocrx_word' id='word_1_14' title='bbox 1714 513 1952 583; x_wconf 82' lang='lat' dir='ltr'><strong>ejusdem</strong></span> <span class='ocrx_word' id='word_1_15' title='bbox 1969 523 2173 569; x_wconf 68' lang='lat' dir='ltr'><strong>natura:</strong></span> <span class='ocrx_word' id='word_1_16' title='bbox 2199 514 2251 576; x_wconf 79' lang='grc' dir='ltr'><strong>Α</strong></span> <span class='ocrx_word' id='word_1_17' title='bbox 2278 529 2378 568; x_wconf 87' lang='grc' dir='ltr'><strong>ιιοι·</strong></span> <span class='ocrx_word' id='word_1_18' title='bbox 2400 511 2558 568; x_wconf 97' lang='lat' dir='ltr'><strong>Patre</strong></span> <span class='ocrx_word' id='word_1_19' title='bbox 2581 513 2666 568; x_wconf 84' lang='lat' dir='ltr'><strong>vel</strong></span> <span class='ocrx_word' id='word_1_20' title='bbox 2681 512 2817 567; x_wconf 85' lang='lat' dir='ltr'><strong>Filio</strong></span> <span class='ocrx_word' id='word_1_21' title='bbox 2838 510 3068 581; x_wconf 74' lang='lat' dir='ltr'><strong>Spiritus</strong></span> <span class='ocrx_word' id='word_1_22' title='bbox 3081 506 3328 574; x_wconf 84' lang='lat' dir='ltr'><strong>sanctus;</strong></span> <span class='ocrx_word' id='word_1_23' title='bbox 3355 515 3412 564; x_wconf 86' lang='lat' dir='ltr'><strong>et</strong></span> <span class='ocrx_word' id='word_1_24' title='bbox 3433 505 3640 564; x_wconf 80' lang='lat' dir='ltr'><strong>habens</strong></span> <span class='ocrx_word' id='word_1_25' title='bbox 3662 508 3880 567; x_wconf 69' lang='lat' dir='ltr'><strong>intima:</strong></span> 
     </span>
    </p>
   </div>
   <div class='ocr_carea' id='block_1_5' title="bbox 582 597 2175 676">
    <p class='ocr_par' dir='ltr' id='par_1_5' title="bbox 582 597 2175 676">
     <span class='ocr_line' id='line_1_5' title="bbox 582 597 2175 676; baseline -0.001 -15"><span class='ocrx_word' id='word_1_26' title='bbox 582 619 850 676; x_wconf 78' lang='lat' dir='ltr'><strong>personas</strong></span> <span class='ocrx_word' id='word_1_27' title='bbox 893 604 1228 675; x_wconf 68' lang='lat' dir='ltr'><strong>sqsarabiles</strong></span> <span class='ocrx_word' id='word_1_28' title='bbox 1275 597 1624 662; x_wconf 75' lang='lat' dir='ltr'><strong>a&#39;sseramus&#39;:</strong></span> <span class='ocrx_word' id='word_1_29' title='bbox 1670 621 1792 660; x_wconf 89' lang='lat' dir='ltr'><strong>cum</strong></span> <span class='ocrx_word' id='word_1_30' title='bbox 1833 605 2019 675; x_wconf 78' lang='lat' dir='ltr'><strong>utique</strong></span> <span class='ocrx_word' id='word_1_31' title='bbox 2067 621 2175 660; x_wconf 91' lang='lat' dir='ltr'><strong>una</strong></span> 
     </span>
    </p>
   </div>
   <div class='ocr_carea' id='block_1_6' title="bbox 581 697 2174 768">
    <p class='ocr_par' dir='ltr' id='par_1_6' title="bbox 581 697 2174 768">
     <span class='ocr_line' id='line_1_6' title="bbox 581 697 2174 768; baseline 0 -16"><span class='ocrx_word' id='word_1_32' title='bbox 581 703 803 764; x_wconf 80' lang='lat' dir='ltr'><strong>natura,</strong></span> <span class='ocrx_word' id='word_1_33' title='bbox 830 708 952 765; x_wconf 62' lang='lat' dir='ltr'><strong>quae</strong></span> <span class='ocrx_word' id='word_1_34' title='bbox 984 711 1090 750; x_wconf 89' lang='lat' dir='ltr'><strong>non</strong></span> <span class='ocrx_word' id='word_1_35' title='bbox 1121 704 1302 766; x_wconf 88' lang='lat' dir='ltr'><strong>potest</strong></span> <span class='ocrx_word' id='word_1_36' title='bbox 1331 697 1384 750; x_wconf 92' lang='lat' dir='ltr'><strong>in</strong></span> <span class='ocrx_word' id='word_1_37' title='bbox 1409 697 1657 766; x_wconf 85' lang='lat' dir='ltr'><strong>personis</strong></span> <span class='ocrx_word' id='word_1_38' title='bbox 1683 697 1868 766; x_wconf 89' lang='lat' dir='ltr'><strong>dividi,</strong></span> <span class='ocrx_word' id='word_1_39' title='bbox 1893 698 2005 768; x_wconf 88' lang='lat' dir='ltr'><strong>ipsa</strong></span> <span class='ocrx_word' id='word_1_40' title='bbox 2029 699 2174 753; x_wconf 84' lang='lat' dir='ltr'><strong>inse-</strong></span> 
     </span>
    </p>
   </div>
   <div class='ocr_carea' id='block_1_7' title="bbox 569 786 2176 860">
    <p class='ocr_par' dir='ltr' id='par_1_7' title="bbox 569 786 2176 860">
     <span class='ocr_line' id='line_1_7' title="bbox 569 786 2176 860; baseline 0.002 -18"><span class='ocrx_word' id='word_1_41' title='bbox 569 786 926 858; x_wconf 81' lang='lat' dir='ltr'><strong>parabilitate</strong></span> <span class='ocrx_word' id='word_1_42' title='bbox 971 801 1090 854; x_wconf 89' lang='lat' dir='ltr'><strong>sua,</strong></span> <span class='ocrx_word' id='word_1_43' title='bbox 1136 802 1236 843; x_wconf 92' lang='lat' dir='ltr'><strong>nec</strong></span> <span class='ocrx_word' id='word_1_44' title='bbox 1282 787 1425 858; x_wconf 92' lang='lat' dir='ltr'><strong>ipsas</strong></span> <span class='ocrx_word' id='word_1_45' title='bbox 1475 789 1724 843; x_wconf 84' lang='lat' dir='ltr'><strong>ostendat</strong></span> <span class='ocrx_word' id='word_1_46' title='bbox 1752 789 1989 860; x_wconf 89' lang='lat' dir='ltr'><strong>separari</strong></span> <span class='ocrx_word' id='word_1_47' title='bbox 2015 803 2176 860; x_wconf 88' lang='lat' dir='ltr'><strong>posse</strong></span> 
     </span>
    </p>
   </div>
   <div class='ocr_carea' id='block_1_8' title="bbox 579 879 2173 953">
    <p class='ocr_par' dir='ltr' id='par_1_8' title="bbox 579 879 2173 953">
     <span class='ocr_line' id='line_1_8' title="bbox 579 879 2173 953; baseline 0.001 -17"><span class='ocrx_word' id='word_1_48' title='bbox 579 895 859 952; x_wconf 81' lang='lat' dir='ltr'><strong>personas.</strong></span> <span class='ocrx_word' id='word_1_49' title='bbox 893 879 1027 934; x_wconf 85' lang='lat' dir='ltr'><strong>Nam</strong></span> <span class='ocrx_word' id='word_1_50' title='bbox 1055 882 1456 952; x_wconf 86' lang='lat' dir='ltr'><strong>separationem</strong></span> <span class='ocrx_word' id='word_1_51' title='bbox 1490 889 1698 938; x_wconf 73' lang='lat' dir='ltr'><strong>natura:</strong></span> <span class='ocrx_word' id='word_1_52' title='bbox 1723 882 1925 952; x_wconf 86' lang='lat' dir='ltr'><strong>absque</strong></span> <span class='ocrx_word' id='word_1_53' title='bbox 1951 897 2173 953; x_wconf 89' lang='lat' dir='ltr'><strong>separa-</strong></span> 
     </span>
    </p>
   </div>
   <div class='ocr_carea' id='block_1_9' title="bbox 577 974 2172 1045">
    <p class='ocr_par' dir='ltr' id='par_1_9' title="bbox 577 974 2172 1045">
     <span class='ocr_line' id='line_1_9' title="bbox 577 974 2172 1045; baseline 0.002 -17"><span class='ocrx_word' id='word_1_54' title='bbox 577 974 732 1028; x_wconf 81' lang='lat' dir='ltr'><strong>tione</strong></span> <span class='ocrx_word' id='word_1_55' title='bbox 751 987 1015 1044; x_wconf 63' lang='lat' dir='ltr'><strong>personat,</strong></span> <span class='ocrx_word' id='word_1_56' title='bbox 1049 982 1108 1028; x_wconf 92' lang='lat' dir='ltr'><strong>ut</strong></span> <span class='ocrx_word' id='word_1_57' title='bbox 1133 990 1238 1028; x_wconf 85' lang='lat' dir='ltr'><strong>non</strong></span> <span class='ocrx_word' id='word_1_58' title='bbox 1270 975 1483 1045; x_wconf 75' lang='lat' dir='ltr'><strong>longius</strong></span> <span class='ocrx_word' id='word_1_59' title='bbox 1511 991 1716 1038; x_wconf 89' lang='lat' dir='ltr'><strong>eamus,</strong></span> <span class='ocrx_word' id='word_1_60' title='bbox 1749 975 1800 1030; x_wconf 91' lang='lat' dir='ltr'><strong>in</strong></span> <span class='ocrx_word' id='word_1_61' title='bbox 1825 975 1953 1045; x_wconf 88' lang='lat' dir='ltr'><strong>ipsis</strong></span> <span class='ocrx_word' id='word_1_62' title='bbox 1993 975 2172 1031; x_wconf 88' lang='lat' dir='ltr'><strong>homi-</strong></span> 
     </span>
    </p>
   </div>
   <div class='ocr_carea' id='block_1_10' title="bbox 579 1066 2173 1137">
    <p class='ocr_par' dir='ltr' id='par_1_10' title="bbox 579 1066 2173 1137">
     <span class='ocr_line' id='line_1_10' title="bbox 579 1066 2173 1137; baseline 0.001 -16"><span class='ocrx_word' id='word_1_63' title='bbox 579 1066 739 1122; x_wconf 84' lang='lat' dir='ltr'><strong>nibus</strong></span> <span class='ocrx_word' id='word_1_64' title='bbox 785 1066 1108 1122; x_wconf 83' lang='lat' dir='ltr'><strong>invenimus.</strong></span> <span class='ocrx_word' id='word_1_65' title='bbox 1149 1066 1380 1122; x_wconf 86' lang='lat' dir='ltr'><strong>Carnem</strong></span> <span class='ocrx_word' id='word_1_66' title='bbox 1427 1067 1628 1137; x_wconf 65' lang='lat' dir='ltr'><strong>QUippe</strong></span> <span class='ocrx_word' id='word_1_67' title='bbox 1675 1067 1966 1121; x_wconf 87' lang='lat' dir='ltr'><strong>humanam</strong></span> <span class='ocrx_word' id='word_1_68' title='bbox 2011 1081 2173 1122; x_wconf 90' lang='lat' dir='ltr'><strong>nemo</strong></span> 
     </span>
    </p>
   </div>
   <div class='ocr_carea' id='block_1_11' title="bbox 578 1152 2174 1227">
    <p class='ocr_par' dir='ltr' id='par_1_11' title="bbox 578 1152 2174 1227">
     <span class='ocr_line' id='line_1_11' title="bbox 578 1152 2174 1227; baseline 0 -17"><span class='ocrx_word' id='word_1_69' title='bbox 578 1152 795 1211; x_wconf 87' lang='lat' dir='ltr'><strong>dubitat</strong></span> <span class='ocrx_word' id='word_1_70' title='bbox 821 1155 890 1210; x_wconf 92' lang='lat' dir='ltr'><strong>ad</strong></span> <span class='ocrx_word' id='word_1_71' title='bbox 931 1164 1178 1212; x_wconf 86' lang='lat' dir='ltr'><strong>naturam</strong></span> <span class='ocrx_word' id='word_1_72' title='bbox 1218 1156 1452 1224; x_wconf 78' lang='lat' dir='ltr'><strong>hominis</strong></span> <span class='ocrx_word' id='word_1_73' title='bbox 1479 1157 1784 1227; x_wconf 84' lang='lat' dir='ltr'><strong>pertinere;</strong></span> <span class='ocrx_word' id='word_1_74' title='bbox 1813 1156 1966 1226; x_wconf 85' lang='lat' dir='ltr'><strong>cujus</strong></span> <span class='ocrx_word' id='word_1_75' title='bbox 1991 1165 2174 1211; x_wconf 91' lang='lat' dir='ltr'><strong>tamen</strong></span> 
     </span>
    </p>
   </div>
   <div class='ocr_carea' id='block_1_12' title="bbox 575 1247 2174 1320">
    <p class='ocr_par' dir='ltr' id='par_1_12' title="bbox 575 1247 2174 1320">
     <span class='ocr_line' id='line_1_12' title="bbox 575 1247 2174 1320; baseline 0 -18"><span class='ocrx_word' id='word_1_76' title='bbox 575 1255 759 1319; x_wconf 85' lang='lat' dir='ltr'><strong>potest</strong></span> <span class='ocrx_word' id='word_1_77' title='bbox 783 1247 900 1304; x_wconf 86' lang='lat' dir='ltr'><strong>ﬁeri</strong></span> <span class='ocrx_word' id='word_1_78' title='bbox 919 1250 1210 1320; x_wconf 85' lang='lat' dir='ltr'><strong>separatio,</strong></span> <span class='ocrx_word' id='word_1_79' title='bbox 1228 1249 1273 1303; x_wconf 91' lang='lat' dir='ltr'><strong>si</strong></span> <span class='ocrx_word' id='word_1_80' title='bbox 1296 1249 1573 1319; x_wconf 87' lang='lat' dir='ltr'><strong>quodlibet</strong></span> <span class='ocrx_word' id='word_1_81' title='bbox 1589 1249 1890 1304; x_wconf 87' lang='lat' dir='ltr'><strong>membrum</strong></span> <span class='ocrx_word' id='word_1_82' title='bbox 1914 1247 2174 1320; x_wconf 70' lang='lat' dir='ltr'><strong>prmcida-</strong></span> 
     </span>
    </p>
   </div>
   <div class='ocr_carea' id='block_1_13' title="bbox 579 1341 2175 1411">
    <p class='ocr_par' dir='ltr' id='par_1_13' title="bbox 579 1341 2175 1411">
     <span class='ocr_line' id='line_1_13' title="bbox 579 1341 2175 1411; baseline 0 -17"><span class='ocrx_word' id='word_1_83' title='bbox 579 1345 673 1394; x_wconf 85' lang='lat' dir='ltr'><strong>tur</strong></span> <span class='ocrx_word' id='word_1_84' title='bbox 705 1354 736 1394; x_wconf 92' lang='lat' dir='ltr'><strong>a</strong></span> <span class='ocrx_word' id='word_1_85' title='bbox 766 1355 1032 1411; x_wconf 73' lang='lat' dir='ltr'><strong>corpore:</strong></span> <span class='ocrx_word' id='word_1_86' title='bbox 1056 1355 1177 1411; x_wconf 71' lang='lat' dir='ltr'><strong>qua:</strong></span> <span class='ocrx_word' id='word_1_87' title='bbox 1207 1349 1384 1395; x_wconf 91' lang='lat' dir='ltr'><strong>tamen</strong></span> <span class='ocrx_word' id='word_1_88' title='bbox 1414 1341 1661 1410; x_wconf 62' lang='lat' dir='ltr'><strong>praecisio</strong></span> <span class='ocrx_word' id='word_1_89' title='bbox 1690 1355 1798 1394; x_wconf 90' lang='lat' dir='ltr'><strong>non</strong></span> <span class='ocrx_word' id='word_1_90' title='bbox 1826 1341 1878 1395; x_wconf 91' lang='lat' dir='ltr'><strong>in</strong></span> <span class='ocrx_word' id='word_1_91' title='bbox 1908 1355 1967 1395; x_wconf 90' lang='lat' dir='ltr'><strong>se</strong></span> <span class='ocrx_word' id='word_1_92' title='bbox 1993 1347 2175 1409; x_wconf 78' lang='lat' dir='ltr'><strong>potest</strong></span> 
     </span>
    </p>
   </div>
   <div class='ocr_carea' id='block_1_14' title="bbox 522 1433 2172 1506">
    <p class='ocr_par' dir='ltr' id='par_1_14' title="bbox 522 1433 2172 1506">
     <span class='ocr_line' id='line_1_14' title="bbox 522 1433 2172 1506; baseline 0.002 -19"><span class='ocrx_word' id='word_1_93' title='bbox 522 1453 533 1506; x_wconf 60' lang='grc' dir='ltr'>ε</span> <span class='ocrx_word' id='word_1_94' title='bbox 574 1434 974 1504; x_wconf 83' lang='lat' dir='ltr'><strong>separationem</strong></span> <span class='ocrx_word' id='word_1_95' title='bbox 1003 1435 1204 1490; x_wconf 88' lang='lat' dir='ltr'><strong>habere</strong></span> <span class='ocrx_word' id='word_1_96' title='bbox 1231 1449 1493 1506; x_wconf 73' lang='lat' dir='ltr'><strong>personae.</strong></span> <span class='ocrx_word' id='word_1_97' title='bbox 1520 1434 1704 1505; x_wconf 85' lang='lat' dir='ltr'><strong>Neque</strong></span> <span class='ocrx_word' id='word_1_98' title='bbox 1726 1433 1868 1490; x_wconf 91' lang='lat' dir='ltr'><strong>enim</strong></span> <span class='ocrx_word' id='word_1_99' title='bbox 1896 1451 2018 1491; x_wconf 90' lang='lat' dir='ltr'><strong>cum</strong></span> <span class='ocrx_word' id='word_1_100' title='bbox 2050 1452 2172 1491; x_wconf 86' lang='lat' dir='ltr'><strong>ma-</strong></span> 
     </span>
    </p>
   </div>
   <div class='ocr_carea' id='block_1_15' title="bbox 575 1527 2173 1598">
    <p class='ocr_par' dir='ltr' id='par_1_15' title="bbox 575 1527 2173 1598">
     <span class='ocr_line' id='line_1_15' title="bbox 575 1527 2173 1598; baseline 0.001 -16"><span class='ocrx_word' id='word_1_101' title='bbox 575 1541 682 1583; x_wconf 90' lang='lat' dir='ltr'><strong>nus</strong></span> <span class='ocrx_word' id='word_1_102' title='bbox 699 1536 792 1582; x_wconf 91' lang='lat' dir='ltr'><strong>aut</strong></span> <span class='ocrx_word' id='word_1_103' title='bbox 815 1541 913 1598; x_wconf 90' lang='lat' dir='ltr'><strong>pes</strong></span> <span class='ocrx_word' id='word_1_104' title='bbox 934 1542 965 1582; x_wconf 91' lang='lat' dir='ltr'><strong>a</strong></span> <span class='ocrx_word' id='word_1_105' title='bbox 984 1541 1214 1598; x_wconf 86' lang='lat' dir='ltr'><strong>corpore</strong></span> <span class='ocrx_word' id='word_1_106' title='bbox 1227 1527 1554 1598; x_wconf 65' lang='lat' dir='ltr'><strong>praeciditur,</strong></span> <span class='ocrx_word' id='word_1_107' title='bbox 1581 1544 1700 1584; x_wconf 90' lang='lat' dir='ltr'><strong>cum</strong></span> <span class='ocrx_word' id='word_1_108' title='bbox 1724 1527 1913 1583; x_wconf 88' lang='lat' dir='ltr'><strong>eodem</strong></span> <span class='ocrx_word' id='word_1_109' title='bbox 1932 1529 2173 1584; x_wconf 84' lang='lat' dir='ltr'><strong>membro</strong></span> 
     </span>
    </p>
   </div>
   <div class='ocr_carea' id='block_1_16' title="bbox 575 1622 2173 1694">
    <p class='ocr_par' dir='ltr' id='par_1_16' title="bbox 575 1622 2173 1694">
     <span class='ocr_line' id='line_1_16' title="bbox 575 1622 2173 1694; baseline -0.001 -14"><span class='ocrx_word' id='word_1_110' title='bbox 575 1624 741 1680; x_wconf 82' lang='lat' dir='ltr'><strong>etiam</strong></span> <span class='ocrx_word' id='word_1_111' title='bbox 769 1639 1002 1694; x_wconf 88' lang='lat' dir='ltr'><strong>persona</strong></span> <span class='ocrx_word' id='word_1_112' title='bbox 1030 1624 1262 1679; x_wconf 88' lang='lat' dir='ltr'><strong>hominis</strong></span> <span class='ocrx_word' id='word_1_113' title='bbox 1291 1630 1605 1694; x_wconf 77' lang='lat' dir='ltr'><strong>separatur;</strong></span> <span class='ocrx_word' id='word_1_114' title='bbox 1637 1622 1883 1692; x_wconf 85' lang='lat' dir='ltr'><strong>quamvis</strong></span> <span class='ocrx_word' id='word_1_115' title='bbox 1913 1622 2004 1677; x_wconf 84' lang='lat' dir='ltr'><strong>ﬁat.</strong></span> <span class='ocrx_word' id='word_1_116' title='bbox 2025 1638 2173 1693; x_wconf 73' lang='lat' dir='ltr'><strong>quaa-</strong></span> 
     </span>
    </p>
   </div>
   <div class='ocr_carea' id='block_1_17' title="bbox 578 1713 2175 1788">
    <p class='ocr_par' dir='ltr' id='par_1_17' title="bbox 578 1713 2175 1788">
     <span class='ocr_line' id='line_1_17' title="bbox 578 1713 2175 1788; baseline 0.001 -18"><span class='ocrx_word' id='word_1_117' title='bbox 578 1714 705 1770; x_wconf 90' lang='lat' dir='ltr'><strong>dam</strong></span> <span class='ocrx_word' id='word_1_118' title='bbox 735 1726 940 1771; x_wconf 75' lang='lat' dir='ltr'><strong>natura:</strong></span> <span class='ocrx_word' id='word_1_119' title='bbox 969 1717 1263 1788; x_wconf 88' lang='lat' dir='ltr'><strong>separatio,</strong></span> <span class='ocrx_word' id='word_1_120' title='bbox 1305 1715 1457 1786; x_wconf 85' lang='lat' dir='ltr'><strong>cujus</strong></span> <span class='ocrx_word' id='word_1_121' title='bbox 1498 1732 1623 1786; x_wconf 89' lang='lat' dir='ltr'><strong>pars</strong></span> <span class='ocrx_word' id='word_1_122' title='bbox 1652 1715 1873 1786; x_wconf 70' lang='lat' dir='ltr'><strong>prmcisa</strong></span> <span class='ocrx_word' id='word_1_123' title='bbox 1902 1713 2175 1770; x_wconf 88' lang='lat' dir='ltr'><strong>invenitur</strong></span> 
     </span>
    </p>
   </div>
   <div class='ocr_carea' id='block_1_18' title="bbox 574 1803 2170 1874">
    <p class='ocr_par' dir='ltr' id='par_1_18' title="bbox 574 1803 2170 1874">
     <span class='ocr_line' id='line_1_18' title="bbox 574 1803 2170 1874; baseline -0.003 -14"><span class='ocrx_word' id='word_1_124' title='bbox 574 1803 633 1860; x_wconf 90' lang='lat' dir='ltr'><strong>in</strong></span> <span class='ocrx_word' id='word_1_125' title='bbox 662 1805 927 1862; x_wconf 91' lang='lat' dir='ltr'><strong>membro.</strong></span> <span class='ocrx_word' id='word_1_126' title='bbox 965 1803 1072 1860; x_wconf 91' lang='lat' dir='ltr'><strong>Sed</strong></span> <span class='ocrx_word' id='word_1_127' title='bbox 1113 1805 1254 1861; x_wconf 89' lang='lat' dir='ltr'><strong>sicut</strong></span> <span class='ocrx_word' id='word_1_128' title='bbox 1293 1805 1381 1859; x_wconf 91' lang='lat' dir='ltr'><strong>ille</strong></span> <span class='ocrx_word' id='word_1_129' title='bbox 1426 1805 1590 1871; x_wconf 88' lang='lat' dir='ltr'><strong>homo</strong></span> <span class='ocrx_word' id='word_1_130' title='bbox 1632 1804 1676 1860; x_wconf 93' lang='lat' dir='ltr'><strong>si</strong></span> <span class='ocrx_word' id='word_1_131' title='bbox 1723 1804 1858 1858; x_wconf 88' lang='lat' dir='ltr'><strong>vivit</strong></span> <span class='ocrx_word' id='word_1_132' title='bbox 1882 1812 2170 1874; x_wconf 88' lang='lat' dir='ltr'><strong>postquam</strong></span> 
     </span>
    </p>
   </div>
   <div class='ocr_carea' id='block_1_19' title="bbox 2277 601 3881 674">
    <p class='ocr_par' dir='ltr' id='par_1_19' title="bbox 2277 601 3881 674">
     <span class='ocr_line' id='line_1_19' title="bbox 2277 601 3881 674; baseline 0 -15"><span class='ocrx_word' id='word_1_133' title='bbox 2277 603 2618 674; x_wconf 69' lang='lat' dir='ltr'><strong>cogitationis</strong></span> <span class='ocrx_word' id='word_1_134' title='bbox 2664 603 2968 670; x_wconf 87' lang='lat' dir='ltr'><strong>scientiam,</strong></span> <span class='ocrx_word' id='word_1_135' title='bbox 3018 601 3162 656; x_wconf 89' lang='lat' dir='ltr'><strong>Deus</strong></span> <span class='ocrx_word' id='word_1_136' title='bbox 3207 616 3367 656; x_wconf 85' lang='lat' dir='ltr'><strong>verus</strong></span> <span class='ocrx_word' id='word_1_137' title='bbox 3415 601 3728 670; x_wconf 75' lang='lat' dir='ltr'><strong>agnoscitur</strong></span> <span class='ocrx_word' id='word_1_138' title='bbox 3779 604 3881 674; x_wconf 85' lang='lat' dir='ltr'><strong>qui</strong></span> 
     </span>
    </p>
   </div>
   <div class='ocr_carea' id='block_1_20' title="bbox 2276 693 3885 768">
    <p class='ocr_par' dir='ltr' id='par_1_20' title="bbox 2276 693 3885 768">
     <span class='ocr_line' id='line_1_20' title="bbox 2276 693 3885 768; baseline 0.001 -16"><span class='ocrx_word' id='word_1_139' title='bbox 2276 697 2614 752; x_wconf 87' lang='lat' dir='ltr'><strong>occultorum</strong></span> <span class='ocrx_word' id='word_1_140' title='bbox 2663 696 2911 767; x_wconf 78' lang='lat' dir='ltr'><strong>cognitor</strong></span> <span class='ocrx_word' id='word_1_141' title='bbox 2957 695 3245 752; x_wconf 89' lang='lat' dir='ltr'><strong>invenitur.</strong></span> <span class='ocrx_word' id='word_1_142' title='bbox 3294 693 3534 751; x_wconf 89' lang='lat' dir='ltr'><strong>Scientia</strong></span> <span class='ocrx_word' id='word_1_143' title='bbox 3573 710 3706 752; x_wconf 86' lang='lat' dir='ltr'><strong>vero</strong></span> <span class='ocrx_word' id='word_1_144' title='bbox 3754 713 3885 768; x_wconf 74' lang='lat' dir='ltr'><strong>qme</strong></span> 
     </span>
    </p>
   </div>
   <div class='ocr_carea' id='block_1_21' title="bbox 2277 787 3879 860">
    <p class='ocr_par' dir='ltr' id='par_1_21' title="bbox 2277 787 3879 860">
     <span class='ocr_line' id='line_1_21' title="bbox 2277 787 3879 860; baseline 0.001 -15"><span class='ocrx_word' id='word_1_145' title='bbox 2277 788 2688 860; x_wconf 89' lang='lat' dir='ltr'><strong>comprehendit</strong></span> <span class='ocrx_word' id='word_1_146' title='bbox 2715 790 2950 852; x_wconf 90' lang='lat' dir='ltr'><strong>occulta,</strong></span> <span class='ocrx_word' id='word_1_147' title='bbox 2975 789 3093 845; x_wconf 90' lang='lat' dir='ltr'><strong>sine</strong></span> <span class='ocrx_word' id='word_1_148' title='bbox 3121 787 3288 844; x_wconf 90' lang='lat' dir='ltr'><strong>dubio</strong></span> <span class='ocrx_word' id='word_1_149' title='bbox 3303 789 3547 844; x_wconf 90' lang='lat' dir='ltr'><strong>continet</strong></span> <span class='ocrx_word' id='word_1_150' title='bbox 3571 795 3630 845; x_wconf 92' lang='lat' dir='ltr'><strong>et</strong></span> <span class='ocrx_word' id='word_1_151' title='bbox 3646 789 3834 844; x_wconf 81' lang='lat' dir='ltr'><strong>futura</strong></span> <span class='ocrx_word' id='word_1_152' title='bbox 3863 810 3879 846; x_wconf 92' lang='lat'><strong>:</strong></span> 
     </span>
    </p>
   </div>
   <div class='ocr_carea' id='block_1_22' title="bbox 2276 878 3878 952">
    <p class='ocr_par' dir='ltr' id='par_1_22' title="bbox 2276 878 3878 952">
     <span class='ocr_line' id='line_1_22' title="bbox 2276 878 3878 952; baseline -0.001 -14"><span class='ocrx_word' id='word_1_153' title='bbox 2276 882 2420 952; x_wconf 89' lang='lat' dir='ltr'><strong>quod</strong></span> <span class='ocrx_word' id='word_1_154' title='bbox 2446 898 2657 938; x_wconf 91' lang='lat' dir='ltr'><strong>summo</strong></span> <span class='ocrx_word' id='word_1_155' title='bbox 2683 898 2748 938; x_wconf 91' lang='lat' dir='ltr'><strong>ac</strong></span> <span class='ocrx_word' id='word_1_156' title='bbox 2764 898 2896 938; x_wconf 90' lang='lat' dir='ltr'><strong>vero</strong></span> <span class='ocrx_word' id='word_1_157' title='bbox 2926 881 3038 938; x_wconf 90' lang='lat' dir='ltr'><strong>Deo</strong></span> <span class='ocrx_word' id='word_1_158' title='bbox 3066 895 3195 937; x_wconf 90' lang='lat' dir='ltr'><strong>vera</strong></span> <span class='ocrx_word' id='word_1_159' title='bbox 3223 878 3356 936; x_wconf 86' lang='lat' dir='ltr'><strong>ﬁdes</strong></span> <span class='ocrx_word' id='word_1_160' title='bbox 3379 881 3638 950; x_wconf 76' lang='lat' dir='ltr'><strong>assignat,</strong></span> <span class='ocrx_word' id='word_1_161' title='bbox 3675 891 3878 938; x_wconf 82' lang='lat' dir='ltr'><strong>sancta</strong></span> 
     </span>
    </p>
   </div>
   <div class='ocr_carea' id='block_1_23' title="bbox 2276 969 3878 1042">
    <p class='ocr_par' dir='ltr' id='par_1_23' title="bbox 2276 969 3878 1042">
     <span class='ocr_line' id='line_1_23' title="bbox 2276 969 3878 1042; baseline -0.001 -14"><span class='ocrx_word' id='word_1_162' title='bbox 2276 972 2522 1028; x_wconf 86' lang='lat' dir='ltr'><strong>Susanna</strong></span> <span class='ocrx_word' id='word_1_163' title='bbox 2566 973 2734 1028; x_wconf 90' lang='lat' dir='ltr'><strong>Deum</strong></span> <span class='ocrx_word' id='word_1_164' title='bbox 2785 988 2973 1028; x_wconf 90' lang='lat' dir='ltr'><strong>verum</strong></span> <span class='ocrx_word' id='word_1_165' title='bbox 3011 972 3192 1027; x_wconf 88' lang='lat' dir='ltr'><strong>taliter</strong></span> <span class='ocrx_word' id='word_1_166' title='bbox 3229 970 3556 1027; x_wconf 87' lang='lat' dir='ltr'><strong>invocante:</strong></span> <span class='ocrx_word' id='word_1_167' title='bbox 3585 969 3752 1038; x_wconf 88' lang='lat' dir='ltr'><strong>Deus,</strong></span> <span class='ocrx_word' id='word_1_168' title='bbox 3785 975 3878 1042; x_wconf 91' lang='lat' dir='ltr'><strong>qui</strong></span> 
     </span>
    </p>
   </div>
   <div class='ocr_carea' id='block_1_24' title="bbox 2276 1062 3880 1137">
    <p class='ocr_par' dir='ltr' id='par_1_24' title="bbox 2276 1062 3880 1137">
     <span class='ocr_line' id='line_1_24' title="bbox 2276 1062 3880 1137; baseline -0.001 -19"><span class='ocrx_word' id='word_1_169' title='bbox 2276 1063 2592 1118; x_wconf 81' lang='lat' dir='ltr'><strong>occultorum</strong></span> <span class='ocrx_word' id='word_1_170' title='bbox 2628 1081 2681 1118; x_wconf 90' lang='lat' dir='ltr'><strong>es</strong></span> <span class='ocrx_word' id='word_1_171' title='bbox 2710 1065 2961 1135; x_wconf 77' lang='lat' dir='ltr'><strong>cognitor,</strong></span> <span class='ocrx_word' id='word_1_172' title='bbox 2987 1065 3074 1137; x_wconf 87' lang='lat' dir='ltr'><strong>qui</strong></span> <span class='ocrx_word' id='word_1_173' title='bbox 3093 1063 3196 1118; x_wconf 86' lang='lat' dir='ltr'><strong>scis</strong></span> <span class='ocrx_word' id='word_1_174' title='bbox 3222 1062 3400 1118; x_wconf 77' lang='lat' dir='ltr'><strong>omnia</strong></span> <span class='ocrx_word' id='word_1_175' title='bbox 3427 1069 3707 1134; x_wconf 76' lang='lat' dir='ltr'><strong>antequam</strong></span> <span class='ocrx_word' id='word_1_176' title='bbox 3739 1065 3880 1134; x_wconf 78' lang='lat' dir='ltr'><strong>ﬁant</strong></span> 
     </span>
    </p>
   </div>
   <div class='ocr_carea' id='block_1_25' title="bbox 2278 1151 3869 1227">
    <p class='ocr_par' dir='ltr' id='par_1_25' title="bbox 2278 1151 3869 1227">
     <span class='ocr_line' id='line_1_25' title="bbox 2278 1151 3869 1227; baseline -0.001 -19"><span class='ocrx_word' id='word_1_177' title='bbox 2278 1154 2442 1226; x_wconf 86' lang='lat' dir='ltr'><strong>(Dan.</strong></span> <span class='ocrx_word' id='word_1_178' title='bbox 2476 1171 2589 1223; x_wconf 90' lang='grc' dir='ltr'><strong>χιιι,</strong></span> <span class='ocrx_word' id='word_1_179' title='bbox 2620 1154 2734 1227; x_wconf 70' lang='grc'><strong>42).</strong></span> <span class='ocrx_word' id='word_1_180' title='bbox 2766 1154 3002 1212; x_wconf 90' lang='lat' dir='ltr'><strong>Trinitas</strong></span> <span class='ocrx_word' id='word_1_181' title='bbox 3042 1153 3244 1223; x_wconf 88' lang='lat' dir='ltr'><strong>itaque,</strong></span> <span class='ocrx_word' id='word_1_182' title='bbox 3294 1152 3350 1210; x_wconf 88' lang='lat' dir='ltr'><strong>id</strong></span> <span class='ocrx_word' id='word_1_183' title='bbox 3387 1161 3473 1210; x_wconf 89' lang='lat' dir='ltr'><strong>est</strong></span> <span class='ocrx_word' id='word_1_184' title='bbox 3518 1151 3662 1209; x_wconf 85' lang='lat' dir='ltr'><strong>Deus</strong></span> <span class='ocrx_word' id='word_1_185' title='bbox 3706 1169 3869 1216; x_wconf 86' lang='lat' dir='ltr'><strong>unus,</strong></span> 
     </span>
    </p>
   </div>
   <div class='ocr_carea' id='block_1_26' title="bbox 2275 1247 3870 1315">
    <p class='ocr_par' dir='ltr' id='par_1_26' title="bbox 2275 1247 3870 1315">
     <span class='ocr_line' id='line_1_26' title="bbox 2275 1247 3870 1315; baseline -0.001 -13"><span class='ocrx_word' id='word_1_186' title='bbox 2275 1263 2454 1315; x_wconf 87' lang='lat' dir='ltr'><strong>verus,</strong></span> <span class='ocrx_word' id='word_1_187' title='bbox 2486 1256 2542 1304; x_wconf 91' lang='lat' dir='ltr'><strong>et</strong></span> <span class='ocrx_word' id='word_1_188' title='bbox 2566 1249 2762 1315; x_wconf 88' lang='lat' dir='ltr'><strong>bonus,</strong></span> <span class='ocrx_word' id='word_1_189' title='bbox 2777 1257 3034 1312; x_wconf 65' lang='lat' dir='ltr'><strong>internus,</strong></span> <span class='ocrx_word' id='word_1_190' title='bbox 3063 1247 3537 1311; x_wconf 84' lang='lat' dir='ltr'><strong>incommutabilis,</strong></span> <span class='ocrx_word' id='word_1_191' title='bbox 3562 1255 3620 1302; x_wconf 89' lang='lat' dir='ltr'><strong>et</strong></span> <span class='ocrx_word' id='word_1_192' title='bbox 3647 1247 3870 1304; x_wconf 82' lang='lat' dir='ltr'><strong>immen-</strong></span> 
     </span>
    </p>
   </div>
   <div class='ocr_carea' id='block_1_27' title="bbox 2275 1337 3872 1409">
    <p class='ocr_par' dir='ltr' id='par_1_27' title="bbox 2275 1337 3872 1409">
     <span class='ocr_line' id='line_1_27' title="bbox 2275 1337 3872 1409; baseline -0.001 -15"><span class='ocrx_word' id='word_1_193' title='bbox 2275 1354 2385 1404; x_wconf 90' lang='lat' dir='ltr'><strong>sus,</strong></span> <span class='ocrx_word' id='word_1_194' title='bbox 2418 1338 2616 1409; x_wconf 90' lang='lat' dir='ltr'><strong>ubique</strong></span> <span class='ocrx_word' id='word_1_195' title='bbox 2644 1347 2791 1395; x_wconf 88' lang='lat' dir='ltr'><strong>totus</strong></span> <span class='ocrx_word' id='word_1_196' title='bbox 2819 1348 2904 1395; x_wconf 92' lang='lat' dir='ltr'><strong>est</strong></span> <span class='ocrx_word' id='word_1_197' title='bbox 2932 1339 3230 1396; x_wconf 90' lang='lat' dir='ltr'><strong>secundum</strong></span> <span class='ocrx_word' id='word_1_198' title='bbox 3259 1337 3675 1394; x_wconf 88' lang='lat' dir='ltr'><strong>immensitatem</strong></span> <span class='ocrx_word' id='word_1_199' title='bbox 3705 1347 3872 1409; x_wconf 82' lang='lat' dir='ltr'><strong>atque</strong></span> 
     </span>
    </p>
   </div>
   <div class='ocr_carea' id='block_1_28' title="bbox 2276 1433 3874 1504">
    <p class='ocr_par' dir='ltr' id='par_1_28' title="bbox 2276 1433 3874 1504">
     <span class='ocr_line' id='line_1_28' title="bbox 2276 1433 3874 1504; baseline 0.002 -16"><span class='ocrx_word' id='word_1_200' title='bbox 2276 1433 2722 1503; x_wconf 90' lang='lat' dir='ltr'><strong>omnipotentiam</strong></span> <span class='ocrx_word' id='word_1_201' title='bbox 2751 1434 3074 1498; x_wconf 89' lang='lat' dir='ltr'><strong>naturalem,</strong></span> <span class='ocrx_word' id='word_1_202' title='bbox 3115 1433 3363 1504; x_wconf 87' lang='lat' dir='ltr'><strong>quamvis</strong></span> <span class='ocrx_word' id='word_1_203' title='bbox 3385 1449 3496 1489; x_wconf 84' lang='lat' dir='ltr'><strong>non</strong></span> <span class='ocrx_word' id='word_1_204' title='bbox 3525 1433 3581 1490; x_wconf 88' lang='lat' dir='ltr'><strong>in</strong></span> <span class='ocrx_word' id='word_1_205' title='bbox 3614 1434 3874 1491; x_wconf 85' lang='lat' dir='ltr'><strong>omnibus</strong></span> 
     </span>
    </p>
   </div>
   <div class='ocr_carea' id='block_1_29' title="bbox 2277 1523 3368 1595">
    <p class='ocr_par' dir='ltr' id='par_1_29' title="bbox 2277 1523 3368 1595">
     <span class='ocr_line' id='line_1_29' title="bbox 2277 1523 3368 1595; baseline 0.002 -16"><span class='ocrx_word' id='word_1_206' title='bbox 2277 1523 2481 1580; x_wconf 92' lang='lat' dir='ltr'><strong>habitet</strong></span> <span class='ocrx_word' id='word_1_207' title='bbox 2501 1525 2797 1581; x_wconf 87' lang='lat' dir='ltr'><strong>secundum</strong></span> <span class='ocrx_word' id='word_1_208' title='bbox 2823 1526 3012 1594; x_wconf 66' lang='lat' dir='ltr'><strong>gratiae</strong></span> <span class='ocrx_word' id='word_1_209' title='bbox 3039 1525 3368 1595; x_wconf 78' lang='lat' dir='ltr'><strong>largitatem.</strong></span> 
     </span>
    </p>
   </div>
   <div class='ocr_carea' id='block_1_30' title="bbox 2347 1614 3876 1687">
    <p class='ocr_par' dir='ltr' id='par_1_30' title="bbox 2347 1614 3876 1687">
     <span class='ocr_line' id='line_1_30' title="bbox 2347 1614 3876 1687; baseline 0.003 -17"><span class='ocrx_word' id='word_1_210' title='bbox 2347 1614 2401 1671; x_wconf 81' lang='lat'><strong>5.</strong></span> <span class='ocrx_word' id='word_1_211' title='bbox 2441 1615 2579 1673; x_wconf 84' lang='lat' dir='ltr'><strong>Hinc</strong></span> <span class='ocrx_word' id='word_1_212' title='bbox 2604 1626 2689 1672; x_wconf 90' lang='lat' dir='ltr'><strong>est</strong></span> <span class='ocrx_word' id='word_1_213' title='bbox 2713 1617 2860 1687; x_wconf 90' lang='lat' dir='ltr'><strong>quod</strong></span> <span class='ocrx_word' id='word_1_214' title='bbox 2888 1632 3008 1672; x_wconf 90' lang='lat' dir='ltr'><strong>cum</strong></span> <span class='ocrx_word' id='word_1_215' title='bbox 3033 1617 3174 1672; x_wconf 88' lang='lat' dir='ltr'><strong>Deus</strong></span> <span class='ocrx_word' id='word_1_216' title='bbox 3199 1631 3295 1686; x_wconf 88' lang='lat' dir='ltr'><strong>per</strong></span> <span class='ocrx_word' id='word_1_217' title='bbox 3319 1615 3643 1673; x_wconf 78' lang='lat' dir='ltr'><strong>Hieremiam</strong></span> <span class='ocrx_word' id='word_1_218' title='bbox 3670 1619 3824 1676; x_wconf 84' lang='lat' dir='ltr'><strong>dicat</strong></span> <span class='ocrx_word' id='word_1_219' title='bbox 3857 1632 3876 1652; x_wconf 79' lang='grc'><strong>⁸</strong></span> 
     </span>
    </p>
   </div>
   <div class='ocr_carea' id='block_1_31' title="bbox 2280 1710 3876 1786">
    <p class='ocr_par' dir='ltr' id='par_1_31' title="bbox 2280 1710 3876 1786">
     <span class='ocr_line' id='line_1_31' title="bbox 2280 1710 3876 1786; baseline 0.001 -20"><span class='ocrx_word' id='word_1_220' title='bbox 2280 1710 2392 1784; x_wconf 86' lang='lat' dir='ltr'><strong>Ego</strong></span> <span class='ocrx_word' id='word_1_221' title='bbox 2418 1728 2531 1766; x_wconf 87' lang='lat' dir='ltr'><strong>sum</strong></span> <span class='ocrx_word' id='word_1_222' title='bbox 2561 1711 2701 1766; x_wconf 84' lang='lat' dir='ltr'><strong>Deus</strong></span> <span class='ocrx_word' id='word_1_223' title='bbox 2727 1713 3121 1785; x_wconf 73' lang='lat' dir='ltr'><strong>approximans,</strong></span> <span class='ocrx_word' id='word_1_224' title='bbox 3152 1719 3202 1766; x_wconf 81' lang='lat' dir='ltr'><strong>et</strong></span> <span class='ocrx_word' id='word_1_225' title='bbox 3228 1728 3330 1766; x_wconf 84' lang='lat' dir='ltr'><strong>non</strong></span> <span class='ocrx_word' id='word_1_226' title='bbox 3377 1710 3519 1766; x_wconf 85' lang='lat' dir='ltr'><strong>Deus</strong></span> <span class='ocrx_word' id='word_1_227' title='bbox 3555 1711 3619 1767; x_wconf 81' lang='lat' dir='ltr'><strong>de</strong></span> <span class='ocrx_word' id='word_1_228' title='bbox 3665 1714 3876 1786; x_wconf 54' lang='lat' dir='ltr'><strong>(origin.</strong></span> 
     </span>
    </p>
   </div>
   <div class='ocr_carea' id='block_1_32' title="bbox 2275 1804 3877 1878">
    <p class='ocr_par' dir='ltr' id='par_1_32' title="bbox 2275 1804 3877 1878">
     <span class='ocr_line' id='line_1_32' title="bbox 2275 1804 3877 1878; baseline 0.005 -20"><span class='ocrx_word' id='word_1_229' title='bbox 2275 1823 2374 1878; x_wconf 88' lang='lat' dir='ltr'><strong>quo</strong></span> <span class='ocrx_word' id='word_1_230' title='bbox 2429 1804 2561 1876; x_wconf 86' lang='lat' dir='ltr'><strong>(Jer.</strong></span> <span class='ocrx_word' id='word_1_231' title='bbox 2610 1821 2763 1871; x_wconf 89' lang='grc' dir='ltr'><strong>χχιιι,</strong></span> <span class='ocrx_word' id='word_1_232' title='bbox 2812 1804 2941 1874; x_wconf 76' lang='lat'><strong>25),</strong></span> <span class='ocrx_word' id='word_1_233' title='bbox 2990 1813 3322 1860; x_wconf 88' lang='lat' dir='ltr'><strong>memoratus</strong></span> <span class='ocrx_word' id='word_1_234' title='bbox 3369 1813 3550 1861; x_wconf 86' lang='lat' dir='ltr'><strong>tamen</strong></span> <span class='ocrx_word' id='word_1_235' title='bbox 3603 1807 3877 1876; x_wconf 74' lang='lat' dir='ltr'><strong>propheta</strong></span> 
     </span>
    </p>
   </div>
   <div class='ocr_carea' id='block_1_33' title="bbox 574 1897 3876 1969">
    <p class='ocr_par' dir='ltr' id='par_1_33' title="bbox 574 1897 3876 1969">
     <span class='ocr_line' id='line_1_33' title="bbox 574 1897 3876 1969; baseline 0 -15"><span class='ocrx_word' id='word_1_236' title='bbox 574 1899 821 1956; x_wconf 90' lang='lat' dir='ltr'><strong>membro</strong></span> <span class='ocrx_word' id='word_1_237' title='bbox 868 1899 1124 1968; x_wconf 91' lang='lat' dir='ltr'><strong>caruerit,</strong></span> <span class='ocrx_word' id='word_1_238' title='bbox 1169 1900 1429 1955; x_wconf 89' lang='lat' dir='ltr'><strong>naturalis</strong></span> <span class='ocrx_word' id='word_1_239' title='bbox 1467 1899 1797 1954; x_wconf 83' lang='lat' dir='ltr'><strong>deﬁnitionis</strong></span> <span class='ocrx_word' id='word_1_240' title='bbox 1842 1898 2173 1969; x_wconf 81' lang='lat' dir='ltr'><strong>plenitudine</strong></span> <span class='ocrx_word' id='word_1_241' title='bbox 2204 1906 2252 1966; x_wconf 83' lang='grc' dir='ltr'>Β</span> <span class='ocrx_word' id='word_1_242' title='bbox 2279 1899 2452 1954; x_wconf 80' lang='lat' dir='ltr'><strong>eidem</strong></span> <span class='ocrx_word' id='word_1_243' title='bbox 2485 1898 2596 1954; x_wconf 92' lang='lat' dir='ltr'><strong>Deo</strong></span> <span class='ocrx_word' id='word_1_244' title='bbox 2617 1897 2747 1953; x_wconf 90' lang='lat' dir='ltr'><strong>dicit</strong></span> <span class='ocrx_word' id='word_1_245' title='bbox 2769 1897 2836 1954; x_wconf 91' lang='lat' dir='ltr'><strong>de</strong></span> <span class='ocrx_word' id='word_1_246' title='bbox 2860 1897 3217 1967; x_wconf 85' lang='lat' dir='ltr'><strong>quibusdam:</strong></span> <span class='ocrx_word' id='word_1_247' title='bbox 3249 1897 3413 1954; x_wconf 68' lang='lat' dir='ltr'><strong>Juxta</strong></span> <span class='ocrx_word' id='word_1_248' title='bbox 3452 1908 3529 1952; x_wconf 85' lang='lat' dir='ltr'><strong>est</strong></span> <span class='ocrx_word' id='word_1_249' title='bbox 3562 1900 3640 1954; x_wconf 89' lang='lat' dir='ltr'><strong>ori</strong></span> <span class='ocrx_word' id='word_1_250' title='bbox 3665 1917 3876 1967; x_wconf 78' lang='lat' dir='ltr'><strong>eorum,</strong></span> 
     </span>
    </p>
   </div>
   <div class='ocr_carea' id='block_1_34' title="bbox 574 1991 2172 2062">
    <p class='ocr_par' dir='ltr' id='par_1_34' title="bbox 574 1991 2172 2062">
     <span class='ocr_line' id='line_1_34' title="bbox 574 1991 2172 2062; baseline -0.003 -14"><span class='ocrx_word' id='word_1_251' title='bbox 574 2005 687 2048; x_wconf 85' lang='lat' dir='ltr'><strong>non</strong></span> <span class='ocrx_word' id='word_1_252' title='bbox 716 1992 954 2057; x_wconf 88' lang='lat' dir='ltr'><strong>carebit,</strong></span> <span class='ocrx_word' id='word_1_253' title='bbox 1000 2006 1106 2062; x_wconf 91' lang='lat' dir='ltr'><strong>qua</strong></span> <span class='ocrx_word' id='word_1_254' title='bbox 1154 1991 1351 2047; x_wconf 89' lang='lat' dir='ltr'><strong>dicitur</strong></span> <span class='ocrx_word' id='word_1_255' title='bbox 1402 1993 1568 2047; x_wconf 91' lang='lat' dir='ltr'><strong>homo</strong></span> <span class='ocrx_word' id='word_1_256' title='bbox 1626 1992 1823 2046; x_wconf 87' lang='lat' dir='ltr'><strong>animal</strong></span> <span class='ocrx_word' id='word_1_257' title='bbox 1873 1991 2172 2056; x_wconf 85' lang='lat' dir='ltr'><strong>rationale,</strong></span> 
     </span>
    </p>
   </div>
   <div class='ocr_carea' id='block_1_35' title="bbox 573 2083 2175 2150">
    <p class='ocr_par' dir='ltr' id='par_1_35' title="bbox 573 2083 2175 2150">
     <span class='ocr_line' id='line_1_35' title="bbox 573 2083 2175 2150; baseline -0.002 -9"><span class='ocrx_word' id='word_1_258' title='bbox 573 2083 844 2141; x_wconf 89' lang='lat' dir='ltr'><strong>mortale:</strong></span> <span class='ocrx_word' id='word_1_259' title='bbox 877 2084 956 2140; x_wconf 92' lang='lat' dir='ltr'><strong>sic</strong></span> <span class='ocrx_word' id='word_1_260' title='bbox 975 2085 1181 2140; x_wconf 89' lang='lat' dir='ltr'><strong>habens</strong></span> <span class='ocrx_word' id='word_1_261' title='bbox 1215 2091 1420 2140; x_wconf 69' lang='lat' dir='ltr'><strong>natura:</strong></span> <span class='ocrx_word' id='word_1_262' title='bbox 1448 2083 1820 2140; x_wconf 88' lang='lat' dir='ltr'><strong>deﬁnitionem</strong></span> <span class='ocrx_word' id='word_1_263' title='bbox 1838 2098 2045 2150; x_wconf 89' lang='lat' dir='ltr'><strong>veram,</strong></span> <span class='ocrx_word' id='word_1_264' title='bbox 2077 2099 2175 2138; x_wconf 90' lang='lat' dir='ltr'><strong>ne-</strong></span> 
     </span>
    </p>
   </div>
   <div class='ocr_carea' id='block_1_36' title="bbox 572 2177 2173 2249">
    <p class='ocr_par' dir='ltr' id='par_1_36' title="bbox 572 2177 2173 2249">
     <span class='ocr_line' id='line_1_36' title="bbox 572 2177 2173 2249; baseline -0.004 -14"><span class='ocrx_word' id='word_1_265' title='bbox 572 2193 728 2236; x_wconf 90' lang='lat' dir='ltr'><strong>cesse</strong></span> <span class='ocrx_word' id='word_1_266' title='bbox 771 2186 856 2235; x_wconf 88' lang='lat' dir='ltr'><strong>est</strong></span> <span class='ocrx_word' id='word_1_267' title='bbox 900 2187 962 2234; x_wconf 90' lang='lat' dir='ltr'><strong>ut</strong></span> <span class='ocrx_word' id='word_1_268' title='bbox 1002 2178 1280 2249; x_wconf 89' lang='lat' dir='ltr'><strong>propriam</strong></span> <span class='ocrx_word' id='word_1_269' title='bbox 1326 2192 1543 2248; x_wconf 91' lang='lat' dir='ltr'><strong>quoque</strong></span> <span class='ocrx_word' id='word_1_270' title='bbox 1589 2177 1789 2232; x_wconf 88' lang='lat' dir='ltr'><strong>habeat</strong></span> <span class='ocrx_word' id='word_1_271' title='bbox 1823 2192 1945 2232; x_wconf 91' lang='lat' dir='ltr'><strong>cum</strong></span> <span class='ocrx_word' id='word_1_272' title='bbox 1983 2185 2173 2230; x_wconf 86' lang='lat' dir='ltr'><strong>natura</strong></span> 
     </span>
    </p>
   </div>
   <div class='ocr_carea' id='block_1_37' title="bbox 571 2267 2173 2345">
    <p class='ocr_par' dir='ltr' id='par_1_37' title="bbox 571 2267 2173 2345">
     <span class='ocr_line' id='line_1_37' title="bbox 571 2267 2173 2345; baseline -0.004 -18"><span class='ocrx_word' id='word_1_273' title='bbox 571 2286 887 2345; x_wconf 87' lang='lat' dir='ltr'><strong>personam,</strong></span> <span class='ocrx_word' id='word_1_274' title='bbox 916 2271 1163 2341; x_wconf 86' lang='lat' dir='ltr'><strong>quamvis</strong></span> <span class='ocrx_word' id='word_1_275' title='bbox 1202 2278 1414 2342; x_wconf 90' lang='lat' dir='ltr'><strong>partem</strong></span> <span class='ocrx_word' id='word_1_276' title='bbox 1467 2277 1695 2338; x_wconf 67' lang='lat' dir='ltr'><strong>natum,</strong></span> <span class='ocrx_word' id='word_1_277' title='bbox 1737 2267 1791 2324; x_wconf 89' lang='lat' dir='ltr'><strong>id</strong></span> <span class='ocrx_word' id='word_1_278' title='bbox 1840 2277 1924 2325; x_wconf 90' lang='lat' dir='ltr'><strong>est</strong></span> <span class='ocrx_word' id='word_1_279' title='bbox 1964 2276 2173 2338; x_wconf 82' lang='lat' dir='ltr'><strong>partem</strong></span> 
     </span>
    </p>
   </div>
   <div class='ocr_carea' id='block_1_38' title="bbox 573 2358 2175 2433">
    <p class='ocr_par' dir='ltr' id='par_1_38' title="bbox 573 2358 2175 2433">
     <span class='ocr_line' id='line_1_38' title="bbox 573 2358 2175 2433; baseline -0.003 -14"><span class='ocrx_word' id='word_1_280' title='bbox 573 2363 754 2419; x_wconf 88' lang='lat' dir='ltr'><strong>carnis</strong></span> <span class='ocrx_word' id='word_1_281' title='bbox 779 2378 812 2418; x_wconf 89' lang='lat' dir='ltr'><strong>a</strong></span> <span class='ocrx_word' id='word_1_282' title='bbox 833 2377 892 2418; x_wconf 91' lang='lat' dir='ltr'><strong>se</strong></span> <span class='ocrx_word' id='word_1_283' title='bbox 915 2362 1114 2418; x_wconf 90' lang='lat' dir='ltr'><strong>habeat</strong></span> <span class='ocrx_word' id='word_1_284' title='bbox 1157 2363 1486 2433; x_wconf 54' lang='lat' dir='ltr'><strong>imparatam.</strong></span> <span class='ocrx_word' id='word_1_285' title='bbox 1517 2358 1653 2417; x_wconf 89' lang='lat' dir='ltr'><strong>Cum</strong></span> <span class='ocrx_word' id='word_1_286' title='bbox 1681 2376 1812 2416; x_wconf 90' lang='lat' dir='ltr'><strong>vero</strong></span> <span class='ocrx_word' id='word_1_287' title='bbox 1853 2367 2175 2430; x_wconf 87' lang='lat' dir='ltr'><strong>separantur</strong></span> 
     </span>
    </p>
   </div>
   <div class='ocr_carea' id='block_1_39' title="bbox 576 2452 2174 2526">
    <p class='ocr_par' dir='ltr' id='par_1_39' title="bbox 576 2452 2174 2526">
     <span class='ocr_line' id='line_1_39' title="bbox 576 2452 2174 2526; baseline -0.003 -15"><span class='ocrx_word' id='word_1_288' title='bbox 576 2454 830 2512; x_wconf 90' lang='lat' dir='ltr'><strong>homines</strong></span> <span class='ocrx_word' id='word_1_289' title='bbox 855 2454 1121 2526; x_wconf 86' lang='lat' dir='ltr'><strong>personis,</strong></span> <span class='ocrx_word' id='word_1_290' title='bbox 1153 2461 1344 2510; x_wconf 91' lang='lat' dir='ltr'><strong>natura</strong></span> <span class='ocrx_word' id='word_1_291' title='bbox 1390 2467 1608 2524; x_wconf 88' lang='lat' dir='ltr'><strong>quoque</strong></span> <span class='ocrx_word' id='word_1_292' title='bbox 1645 2452 1763 2509; x_wconf 90' lang='lat' dir='ltr'><strong>sine</strong></span> <span class='ocrx_word' id='word_1_293' title='bbox 1807 2452 1973 2508; x_wconf 90' lang='lat' dir='ltr'><strong>dubio</strong></span> <span class='ocrx_word' id='word_1_294' title='bbox 2016 2467 2174 2522; x_wconf 90' lang='lat' dir='ltr'><strong>sepa-</strong></span> 
     </span>
    </p>
   </div>
   <div class='ocr_carea' id='block_1_40' title="bbox 571 2547 2173 2618">
    <p class='ocr_par' dir='ltr' id='par_1_40' title="bbox 571 2547 2173 2618">
     <span class='ocr_line' id='line_1_40' title="bbox 571 2547 2173 2618; baseline -0.003 -13"><span class='ocrx_word' id='word_1_295' title='bbox 571 2555 784 2605; x_wconf 84' lang='lat' dir='ltr'><strong>rantur.</strong></span> <span class='ocrx_word' id='word_1_296' title='bbox 809 2547 1076 2616; x_wconf 84' lang='lat' dir='ltr'><strong>Quoniam</strong></span> <span class='ocrx_word' id='word_1_297' title='bbox 1098 2563 1208 2604; x_wconf 91' lang='lat' dir='ltr'><strong>non</strong></span> <span class='ocrx_word' id='word_1_298' title='bbox 1234 2555 1521 2618; x_wconf 86' lang='lat' dir='ltr'><strong>separatur</strong></span> <span class='ocrx_word' id='word_1_299' title='bbox 1547 2561 1800 2618; x_wconf 81' lang='lat' dir='ltr'><strong>persona,</strong></span> <span class='ocrx_word' id='word_1_300' title='bbox 1827 2562 1949 2602; x_wconf 92' lang='lat' dir='ltr'><strong>cum</strong></span> <span class='ocrx_word' id='word_1_301' title='bbox 1980 2561 2173 2600; x_wconf 89' lang='lat' dir='ltr'><strong>manus</strong></span> 
     </span>
    </p>
   </div>
   <div class='ocr_carea' id='block_1_41' title="bbox 573 2638 2174 2714">
    <p class='ocr_par' dir='ltr' id='par_1_41' title="bbox 573 2638 2174 2714">
     <span class='ocr_line' id='line_1_41' title="bbox 573 2638 2174 2714; baseline -0.004 -15"><span class='ocrx_word' id='word_1_302' title='bbox 573 2649 671 2699; x_wconf 81' lang='lat' dir='ltr'><strong>aut</strong></span> <span class='ocrx_word' id='word_1_303' title='bbox 715 2654 814 2714; x_wconf 88' lang='lat' dir='ltr'><strong>pes</strong></span> <span class='ocrx_word' id='word_1_304' title='bbox 858 2649 1140 2713; x_wconf 87' lang='lat' dir='ltr'><strong>separatur</strong></span> <span class='ocrx_word' id='word_1_305' title='bbox 1176 2655 1207 2695; x_wconf 91' lang='lat' dir='ltr'><strong>a</strong></span> <span class='ocrx_word' id='word_1_306' title='bbox 1243 2653 1474 2711; x_wconf 89' lang='lat' dir='ltr'><strong>corpore</strong></span> <span class='ocrx_word' id='word_1_307' title='bbox 1512 2657 1524 2694; x_wconf 92' lang='lat'><strong>:</strong></span> <span class='ocrx_word' id='word_1_308' title='bbox 1559 2647 1842 2710; x_wconf 88' lang='lat' dir='ltr'><strong>separatur</strong></span> <span class='ocrx_word' id='word_1_309' title='bbox 1889 2645 2070 2694; x_wconf 91' lang='lat' dir='ltr'><strong>autem</strong></span> <span class='ocrx_word' id='word_1_310' title='bbox 2117 2638 2174 2692; x_wconf 91' lang='lat' dir='ltr'><strong>in</strong></span> 
     </span>
    </p>
   </div>
   <div class='ocr_carea' id='block_1_42' title="bbox 569 2730 2174 2807">
    <p class='ocr_par' dir='ltr' id='par_1_42' title="bbox 569 2730 2174 2807">
     <span class='ocr_line' id='line_1_42' title="bbox 569 2730 2174 2807; baseline -0.004 -17"><span class='ocrx_word' id='word_1_311' title='bbox 569 2746 928 2807; x_wconf 86' lang='lat' dir='ltr'><strong>personarum</strong></span> <span class='ocrx_word' id='word_1_312' title='bbox 952 2732 1294 2804; x_wconf 88' lang='lat' dir='ltr'><strong>separatione</strong></span> <span class='ocrx_word' id='word_1_313' title='bbox 1320 2739 1532 2795; x_wconf 90' lang='lat' dir='ltr'><strong>natura,</strong></span> <span class='ocrx_word' id='word_1_314' title='bbox 1555 2745 1674 2786; x_wconf 91' lang='lat' dir='ltr'><strong>cum</strong></span> <span class='ocrx_word' id='word_1_315' title='bbox 1703 2730 1867 2786; x_wconf 91' lang='lat' dir='ltr'><strong>homo</strong></span> <span class='ocrx_word' id='word_1_316' title='bbox 1889 2736 2174 2800; x_wconf 86' lang='lat' dir='ltr'><strong>separatur</strong></span> 
     </span>
    </p>
   </div>
   <div class='ocr_carea' id='block_1_43' title="bbox 571 2819 2165 2894">
    <p class='ocr_par' dir='ltr' id='par_1_43' title="bbox 571 2819 2165 2894">
     <span class='ocr_line' id='line_1_43' title="bbox 571 2819 2165 2894; baseline -0.002 -14"><span class='ocrx_word' id='word_1_317' title='bbox 571 2823 644 2880; x_wconf 83' lang='lat' dir='ltr'><strong>ab</strong></span> <span class='ocrx_word' id='word_1_318' title='bbox 669 2824 906 2880; x_wconf 89' lang='lat' dir='ltr'><strong>homine.</strong></span> <span class='ocrx_word' id='word_1_319' title='bbox 929 2821 1303 2894; x_wconf 89' lang='lat' dir='ltr'><strong>lnseparabilis</strong></span> <span class='ocrx_word' id='word_1_320' title='bbox 1329 2822 1488 2891; x_wconf 83' lang='lat' dir='ltr'><strong>igitur</strong></span> <span class='ocrx_word' id='word_1_321' title='bbox 1508 2829 1712 2877; x_wconf 71' lang='lat' dir='ltr'><strong>natura:</strong></span> <span class='ocrx_word' id='word_1_322' title='bbox 1743 2819 1916 2876; x_wconf 89' lang='lat' dir='ltr'><strong>unitas</strong></span> <span class='ocrx_word' id='word_1_323' title='bbox 1943 2837 2050 2877; x_wconf 90' lang='lat' dir='ltr'><strong>non</strong></span> <span class='ocrx_word' id='word_1_324' title='bbox 2072 2837 2165 2892; x_wconf 85' lang='lat' dir='ltr'><strong>po-</strong></span> 
     </span>
    </p>
   </div>
   <div class='ocr_carea' id='block_1_44' title="bbox 573 2914 1564 2987">
    <p class='ocr_par' dir='ltr' id='par_1_44' title="bbox 573 2914 1564 2987">
     <span class='ocr_line' id='line_1_44' title="bbox 573 2914 1564 2987; baseline -0.006 -14"><span class='ocrx_word' id='word_1_325' title='bbox 573 2921 683 2973; x_wconf 81' lang='lat' dir='ltr'><strong>test</strong></span> <span class='ocrx_word' id='word_1_326' title='bbox 705 2915 1034 2987; x_wconf 87' lang='lat' dir='ltr'><strong>separabiles</strong></span> <span class='ocrx_word' id='word_1_327' title='bbox 1060 2914 1262 2970; x_wconf 88' lang='lat' dir='ltr'><strong>habere</strong></span> <span class='ocrx_word' id='word_1_328' title='bbox 1283 2928 1564 2984; x_wconf 87' lang='lat' dir='ltr'><strong>personas.</strong></span> 
     </span>
    </p>
   </div>
   <div class='ocr_carea' id='block_1_45' title="bbox 644 3001 2172 3062">
    <p class='ocr_par' dir='ltr' id='par_1_45' title="bbox 644 3001 2172 3062">
     <span class='ocr_line' id='line_1_45' title="bbox 644 3001 2172 3062; baseline -0.001 -2"><span class='ocrx_word' id='word_1_329' title='bbox 644 3004 698 3060; x_wconf 71' lang='grc' dir='ltr'><strong>ι.</strong></span> <span class='ocrx_word' id='word_1_330' title='bbox 741 3003 974 3062; x_wconf 85' lang='lat' dir='ltr'><strong>Proinde</strong></span> <span class='ocrx_word' id='word_1_331' title='bbox 1002 3003 1351 3060; x_wconf 87' lang='lat' dir='ltr'><strong>considerare</strong></span> <span class='ocrx_word' id='word_1_332' title='bbox 1397 3003 1660 3060; x_wconf 91' lang='lat' dir='ltr'><strong>debemus</strong></span> <span class='ocrx_word' id='word_1_333' title='bbox 1700 3001 1848 3059; x_wconf 91' lang='lat' dir='ltr'><strong>illam</strong></span> <span class='ocrx_word' id='word_1_334' title='bbox 1892 3001 2172 3059; x_wconf 90' lang='lat' dir='ltr'><strong>Trinitatis</strong></span> 
     </span>
    </p>
   </div>
   <div class='ocr_carea' id='block_1_46' title="bbox 572 3092 2173 3166">
    <p class='ocr_par' dir='ltr' id='par_1_46' title="bbox 572 3092 2173 3166">
     <span class='ocr_line' id='line_1_46' title="bbox 572 3092 2173 3166; baseline -0.004 -12"><span class='ocrx_word' id='word_1_335' title='bbox 572 3107 736 3154; x_wconf 83' lang='lat' dir='ltr'><strong>unam</strong></span> <span class='ocrx_word' id='word_1_336' title='bbox 763 3095 1119 3166; x_wconf 87' lang='lat' dir='ltr'><strong>eamdemque</strong></span> <span class='ocrx_word' id='word_1_337' title='bbox 1144 3104 1390 3150; x_wconf 89' lang='lat' dir='ltr'><strong>naturam</strong></span> <span class='ocrx_word' id='word_1_338' title='bbox 1415 3094 1490 3148; x_wconf 87' lang='lat' dir='ltr'><strong>ita</strong></span> <span class='ocrx_word' id='word_1_339' title='bbox 1511 3100 1685 3150; x_wconf 90' lang='lat' dir='ltr'><strong>totum</strong></span> <span class='ocrx_word' id='word_1_340' title='bbox 1715 3092 1959 3166; x_wconf 88' lang='lat' dir='ltr'><strong>implere,</strong></span> <span class='ocrx_word' id='word_1_341' title='bbox 1977 3103 2044 3148; x_wconf 87' lang='lat' dir='ltr'><strong>ut</strong></span> <span class='ocrx_word' id='word_1_342' title='bbox 2062 3109 2173 3149; x_wconf 88' lang='lat' dir='ltr'><strong>non</strong></span> 
     </span>
    </p>
   </div>
   <div class='ocr_carea' id='block_1_47' title="bbox 572 3183 2171 3259">
    <p class='ocr_par' dir='ltr' id='par_1_47' title="bbox 572 3183 2171 3259">
     <span class='ocr_line' id='line_1_47' title="bbox 572 3183 2171 3259; baseline -0.004 -14"><span class='ocrx_word' id='word_1_343' title='bbox 572 3189 644 3246; x_wconf 86' lang='lat' dir='ltr'><strong>sit</strong></span> <span class='ocrx_word' id='word_1_344' title='bbox 671 3185 872 3259; x_wconf 88' lang='lat' dir='ltr'><strong>aliquid</strong></span> <span class='ocrx_word' id='word_1_345' title='bbox 902 3186 995 3243; x_wconf 89' lang='lat' dir='ltr'><strong>ubi</strong></span> <span class='ocrx_word' id='word_1_346' title='bbox 1023 3202 1130 3242; x_wconf 89' lang='lat' dir='ltr'><strong>non</strong></span> <span class='ocrx_word' id='word_1_347' title='bbox 1156 3186 1245 3243; x_wconf 91' lang='lat' dir='ltr'><strong>sit.</strong></span> <span class='ocrx_word' id='word_1_348' title='bbox 1276 3183 1406 3240; x_wconf 84' lang='lat' dir='ltr'><strong>inde</strong></span> <span class='ocrx_word' id='word_1_349' title='bbox 1428 3195 1510 3240; x_wconf 90' lang='lat' dir='ltr'><strong>est</strong></span> <span class='ocrx_word' id='word_1_350' title='bbox 1539 3185 1682 3240; x_wconf 90' lang='lat' dir='ltr'><strong>enim</strong></span> <span class='ocrx_word' id='word_1_351' title='bbox 1711 3183 1856 3255; x_wconf 90' lang='lat' dir='ltr'><strong>quod</strong></span> <span class='ocrx_word' id='word_1_352' title='bbox 1885 3193 1941 3240; x_wconf 93' lang='lat' dir='ltr'><strong>et</strong></span> <span class='ocrx_word' id='word_1_353' title='bbox 1970 3184 2171 3253; x_wconf 90' lang='lat' dir='ltr'><strong>ubique</strong></span> 
     </span>
    </p>
   </div>
   <div class='ocr_carea' id='block_1_48' title="bbox 2275 1987 3878 2062">
    <p class='ocr_par' dir='ltr' id='par_1_48' title="bbox 2275 1987 3878 2062">
     <span class='ocr_line' id='line_1_48' title="bbox 2275 1987 3878 2062; baseline 0.001 -16"><span class='ocrx_word' id='word_1_354' title='bbox 2275 2001 2324 2046; x_wconf 85' lang='lat' dir='ltr'><strong>et</strong></span> <span class='ocrx_word' id='word_1_355' title='bbox 2349 1992 2499 2062; x_wconf 84' lang='lat' dir='ltr'><strong>longe</strong></span> <span class='ocrx_word' id='word_1_356' title='bbox 2527 2006 2561 2043; x_wconf 92' lang='lat' dir='ltr'><strong>a</strong></span> <span class='ocrx_word' id='word_1_357' title='bbox 2589 1989 2798 2044; x_wconf 88' lang='lat' dir='ltr'><strong>renibus</strong></span> <span class='ocrx_word' id='word_1_358' title='bbox 2819 2004 2994 2044; x_wconf 85' lang='lat' dir='ltr'><strong>eorum</strong></span> <span class='ocrx_word' id='word_1_359' title='bbox 3019 1987 3152 2060; x_wconf 67' lang='grc' dir='ltr'><strong>(λετ.</strong></span> <span class='ocrx_word' id='word_1_360' title='bbox 3182 2005 3276 2055; x_wconf 90' lang='grc' dir='ltr'><strong>χιι,</strong></span> <span class='ocrx_word' id='word_1_361' title='bbox 3305 1987 3383 2057; x_wconf 74' lang='grc'><strong>2).</strong></span> <span class='ocrx_word' id='word_1_362' title='bbox 3427 1989 3568 2046; x_wconf 79' lang='lat' dir='ltr'><strong>Deus</strong></span> <span class='ocrx_word' id='word_1_363' title='bbox 3607 2005 3740 2061; x_wconf 86' lang='lat' dir='ltr'><strong>ergo</strong></span> <span class='ocrx_word' id='word_1_364' title='bbox 3768 1992 3878 2048; x_wconf 60' lang='lat' dir='ltr'><strong>bo.</strong></span> 
     </span>
    </p>
   </div>
   <div class='ocr_carea' id='block_1_49' title="bbox 2274 2080 3879 2153">
    <p class='ocr_par' dir='ltr' id='par_1_49' title="bbox 2274 2080 3879 2153">
     <span class='ocr_line' id='line_1_49' title="bbox 2274 2080 3879 2153; baseline 0.002 -16"><span class='ocrx_word' id='word_1_365' title='bbox 2274 2083 2359 2138; x_wconf 90' lang='lat' dir='ltr'><strong>nis</strong></span> <span class='ocrx_word' id='word_1_366' title='bbox 2407 2090 2464 2137; x_wconf 93' lang='lat' dir='ltr'><strong>et</strong></span> <span class='ocrx_word' id='word_1_367' title='bbox 2513 2089 2703 2137; x_wconf 89' lang='lat' dir='ltr'><strong>natura</strong></span> <span class='ocrx_word' id='word_1_368' title='bbox 2758 2081 3084 2152; x_wconf 87' lang='lat' dir='ltr'><strong>propinquat</strong></span> <span class='ocrx_word' id='word_1_369' title='bbox 3125 2088 3181 2136; x_wconf 93' lang='lat' dir='ltr'><strong>et</strong></span> <span class='ocrx_word' id='word_1_370' title='bbox 3224 2080 3440 2149; x_wconf 88' lang='lat' dir='ltr'><strong>gratia:</strong></span> <span class='ocrx_word' id='word_1_371' title='bbox 3498 2089 3714 2151; x_wconf 82' lang='lat' dir='ltr'><strong>natura,</strong></span> <span class='ocrx_word' id='word_1_372' title='bbox 3763 2097 3879 2153; x_wconf 82' lang='lat' dir='ltr'><strong>qua</strong></span> 
     </span>
    </p>
   </div>
   <div class='ocr_carea' id='block_1_50' title="bbox 2275 2173 3880 2245">
    <p class='ocr_par' dir='ltr' id='par_1_50' title="bbox 2275 2173 3880 2245">
     <span class='ocr_line' id='line_1_50' title="bbox 2275 2173 3880 2245; baseline 0.001 -14"><span class='ocrx_word' id='word_1_373' title='bbox 2275 2184 2452 2239; x_wconf 88' lang='lat' dir='ltr'><strong>creat;</strong></span> <span class='ocrx_word' id='word_1_374' title='bbox 2484 2176 2677 2244; x_wconf 89' lang='lat' dir='ltr'><strong>gratia,</strong></span> <span class='ocrx_word' id='word_1_375' title='bbox 2705 2189 2811 2245; x_wconf 91' lang='lat' dir='ltr'><strong>qua</strong></span> <span class='ocrx_word' id='word_1_376' title='bbox 2850 2173 3061 2229; x_wconf 88' lang='lat' dir='ltr'><strong>salvat:</strong></span> <span class='ocrx_word' id='word_1_377' title='bbox 3093 2181 3308 2242; x_wconf 89' lang='lat' dir='ltr'><strong>natura,</strong></span> <span class='ocrx_word' id='word_1_378' title='bbox 3333 2189 3439 2243; x_wconf 91' lang='lat' dir='ltr'><strong>qua</strong></span> <span class='ocrx_word' id='word_1_379' title='bbox 3475 2173 3602 2230; x_wconf 79' lang='lat' dir='ltr'><strong>facit</strong></span> <span class='ocrx_word' id='word_1_380' title='bbox 3625 2189 3749 2232; x_wconf 83' lang='lat' dir='ltr'><strong>esse</strong></span> <span class='ocrx_word' id='word_1_381' title='bbox 3771 2175 3880 2232; x_wconf 89' lang='lat' dir='ltr'><strong>ho-</strong></span> 
     </span>
    </p>
   </div>
   <div class='ocr_carea' id='block_1_51' title="bbox 2275 2264 3880 2336">
    <p class='ocr_par' dir='ltr' id='par_1_51' title="bbox 2275 2264 3880 2336">
     <span class='ocr_line' id='line_1_51' title="bbox 2275 2264 3880 2336; baseline -0.001 -14"><span class='ocrx_word' id='word_1_382' title='bbox 2275 2269 2484 2330; x_wconf 82' lang='lat' dir='ltr'><strong>mines;</strong></span> <span class='ocrx_word' id='word_1_383' title='bbox 2506 2266 2699 2336; x_wconf 87' lang='lat' dir='ltr'><strong>gratia,</strong></span> <span class='ocrx_word' id='word_1_384' title='bbox 2728 2281 2834 2335; x_wconf 89' lang='lat' dir='ltr'><strong>qua</strong></span> <span class='ocrx_word' id='word_1_385' title='bbox 2853 2264 3114 2336; x_wconf 83' lang='lat' dir='ltr'><strong>justiﬁcat</strong></span> <span class='ocrx_word' id='word_1_386' title='bbox 3136 2273 3486 2335; x_wconf 84' lang='lat' dir='ltr'><strong>peccatores:</strong></span> <span class='ocrx_word' id='word_1_387' title='bbox 3519 2272 3734 2332; x_wconf 88' lang='lat' dir='ltr'><strong>natura,</strong></span> <span class='ocrx_word' id='word_1_388' title='bbox 3764 2281 3880 2336; x_wconf 81' lang='lat' dir='ltr'><strong>qua</strong></span> 
     </span>
    </p>
   </div>
   <div class='ocr_carea' id='block_1_52' title="bbox 2277 2357 3881 2430">
    <p class='ocr_par' dir='ltr' id='par_1_52' title="bbox 2277 2357 3881 2430">
     <span class='ocr_line' id='line_1_52' title="bbox 2277 2357 3881 2430; baseline -0.001 -13"><span class='ocrx_word' id='word_1_389' title='bbox 2277 2376 2374 2417; x_wconf 91' lang='lat' dir='ltr'><strong>eos</strong></span> <span class='ocrx_word' id='word_1_390' title='bbox 2404 2360 2530 2416; x_wconf 81' lang='lat' dir='ltr'><strong>facit</strong></span> <span class='ocrx_word' id='word_1_391' title='bbox 2557 2374 2626 2416; x_wconf 84' lang='lat' dir='ltr'><strong>ex</strong></span> <span class='ocrx_word' id='word_1_392' title='bbox 2655 2358 2967 2414; x_wconf 87' lang='lat' dir='ltr'><strong>hominibus</strong></span> <span class='ocrx_word' id='word_1_393' title='bbox 2995 2357 3174 2424; x_wconf 90' lang='lat' dir='ltr'><strong>nasci;</strong></span> <span class='ocrx_word' id='word_1_394' title='bbox 3203 2357 3396 2427; x_wconf 88' lang='lat' dir='ltr'><strong>gratia,</strong></span> <span class='ocrx_word' id='word_1_395' title='bbox 3424 2373 3530 2427; x_wconf 87' lang='lat' dir='ltr'><strong>qua</strong></span> <span class='ocrx_word' id='word_1_396' title='bbox 3560 2358 3656 2412; x_wconf 91' lang='lat' dir='ltr'><strong>dat</strong></span> <span class='ocrx_word' id='word_1_397' title='bbox 3674 2359 3755 2414; x_wconf 88' lang='lat' dir='ltr'><strong>eis</strong></span> <span class='ocrx_word' id='word_1_398' title='bbox 3773 2373 3881 2430; x_wconf 83' lang='lat' dir='ltr'><strong>po-</strong></span> 
     </span>
    </p>
   </div>
   <div class='ocr_carea' id='block_1_53' title="bbox 2274 2447 3879 2520">
    <p class='ocr_par' dir='ltr' id='par_1_53' title="bbox 2274 2447 3879 2520">
     <span class='ocr_line' id='line_1_53' title="bbox 2274 2447 3879 2520; baseline 0 -14"><span class='ocrx_word' id='word_1_399' title='bbox 2274 2459 2528 2507; x_wconf 89' lang='lat' dir='ltr'><strong>testatem</strong></span> <span class='ocrx_word' id='word_1_400' title='bbox 2573 2448 2710 2506; x_wconf 92' lang='lat' dir='ltr'><strong>ﬁlios</strong></span> <span class='ocrx_word' id='word_1_401' title='bbox 2746 2448 2842 2504; x_wconf 90' lang='lat' dir='ltr'><strong>Dei</strong></span> <span class='ocrx_word' id='word_1_402' title='bbox 2884 2448 3000 2504; x_wconf 86' lang='lat' dir='ltr'><strong>ﬁeri</strong></span> <span class='ocrx_word' id='word_1_403' title='bbox 3043 2447 3226 2520; x_wconf 81' lang='lat' dir='ltr'><strong>(Joan.</strong></span> <span class='ocrx_word' id='word_1_404' title='bbox 3258 2464 3300 2517; x_wconf 92' lang='grc' dir='ltr'><strong>ι,</strong></span> <span class='ocrx_word' id='word_1_405' title='bbox 3335 2447 3458 2520; x_wconf 70' lang='lat'><strong>12):</strong></span> <span class='ocrx_word' id='word_1_406' title='bbox 3503 2454 3716 2514; x_wconf 83' lang='lat' dir='ltr'><strong>natura,</strong></span> <span class='ocrx_word' id='word_1_407' title='bbox 3767 2464 3879 2520; x_wconf 79' lang='lat' dir='ltr'><strong>qua</strong></span> 
     </span>
    </p>
   </div>
   <div class='ocr_carea' id='block_1_54' title="bbox 2275 2539 3872 2611">
    <p class='ocr_par' dir='ltr' id='par_1_54' title="bbox 2275 2539 3872 2611">
     <span class='ocr_line' id='line_1_54' title="bbox 2275 2539 3872 2611; baseline 0.002 -16"><span class='ocrx_word' id='word_1_408' title='bbox 2275 2540 2405 2597; x_wconf 77' lang='lat' dir='ltr'><strong>facit</strong></span> <span class='ocrx_word' id='word_1_409' title='bbox 2430 2550 2487 2596; x_wconf 88' lang='lat' dir='ltr'><strong>ut</strong></span> <span class='ocrx_word' id='word_1_410' title='bbox 2513 2541 2731 2608; x_wconf 88' lang='lat' dir='ltr'><strong>vivant;</strong></span> <span class='ocrx_word' id='word_1_411' title='bbox 2761 2541 2954 2611; x_wconf 86' lang='lat' dir='ltr'><strong>gratia,</strong></span> <span class='ocrx_word' id='word_1_412' title='bbox 2983 2554 3090 2609; x_wconf 86' lang='lat' dir='ltr'><strong>qua</strong></span> <span class='ocrx_word' id='word_1_413' title='bbox 3120 2540 3246 2595; x_wconf 78' lang='lat' dir='ltr'><strong>facit</strong></span> <span class='ocrx_word' id='word_1_414' title='bbox 3275 2547 3336 2594; x_wconf 93' lang='lat' dir='ltr'><strong>ut</strong></span> <span class='ocrx_word' id='word_1_415' title='bbox 3377 2539 3573 2605; x_wconf 89' lang='lat' dir='ltr'><strong>sobrie,</strong></span> <span class='ocrx_word' id='word_1_416' title='bbox 3623 2549 3681 2596; x_wconf 88' lang='lat' dir='ltr'><strong>et</strong></span> <span class='ocrx_word' id='word_1_417' title='bbox 3703 2540 3872 2610; x_wconf 83' lang='lat' dir='ltr'><strong>juste,</strong></span> 
     </span>
    </p>
   </div>
   <div class='ocr_carea' id='block_1_55' title="bbox 2277 2633 3880 2706">
    <p class='ocr_par' dir='ltr' id='par_1_55' title="bbox 2277 2633 3880 2706">
     <span class='ocr_line' id='line_1_55' title="bbox 2277 2633 3880 2706; baseline 0.001 -16"><span class='ocrx_word' id='word_1_418' title='bbox 2277 2642 2333 2690; x_wconf 91' lang='lat' dir='ltr'><strong>et</strong></span> <span class='ocrx_word' id='word_1_419' title='bbox 2351 2636 2439 2705; x_wconf 91' lang='lat' dir='ltr'><strong>pie</strong></span> <span class='ocrx_word' id='word_1_420' title='bbox 2459 2635 2645 2690; x_wconf 89' lang='lat' dir='ltr'><strong>vivant</strong></span> <span class='ocrx_word' id='word_1_421' title='bbox 2670 2634 2798 2705; x_wconf 88' lang='lat' dir='ltr'><strong>(Tit.</strong></span> <span class='ocrx_word' id='word_1_422' title='bbox 2823 2650 2881 2700; x_wconf 87' lang='grc' dir='ltr'><strong>ιι,</strong></span> <span class='ocrx_word' id='word_1_423' title='bbox 2915 2633 3036 2706; x_wconf 67' lang='lat' dir='ltr'><strong>ﬁ):</strong></span> <span class='ocrx_word' id='word_1_424' title='bbox 3070 2641 3282 2700; x_wconf 89' lang='lat' dir='ltr'><strong>natura,</strong></span> <span class='ocrx_word' id='word_1_425' title='bbox 3298 2649 3404 2704; x_wconf 88' lang='lat' dir='ltr'><strong>qua</strong></span> <span class='ocrx_word' id='word_1_426' title='bbox 3424 2649 3520 2691; x_wconf 85' lang='lat' dir='ltr'><strong>eos</strong></span> <span class='ocrx_word' id='word_1_427' title='bbox 3537 2633 3665 2691; x_wconf 81' lang='lat' dir='ltr'><strong>facit</strong></span> <span class='ocrx_word' id='word_1_428' title='bbox 3693 2635 3747 2690; x_wconf 90' lang='lat' dir='ltr'><strong>in</strong></span> <span class='ocrx_word' id='word_1_429' title='bbox 3771 2638 3880 2692; x_wconf 86' lang='lat' dir='ltr'><strong>hoc</strong></span> 
     </span>
    </p>
   </div>
   <div class='ocr_carea' id='block_1_56' title="bbox 2275 2727 3885 2799">
    <p class='ocr_par' dir='ltr' id='par_1_56' title="bbox 2275 2727 3885 2799">
     <span class='ocr_line' id='line_1_56' title="bbox 2275 2727 3885 2799; baseline 0 -13"><span class='ocrx_word' id='word_1_430' title='bbox 2275 2729 2477 2787; x_wconf 88' lang='lat' dir='ltr'><strong>mundo</strong></span> <span class='ocrx_word' id='word_1_431' title='bbox 2505 2743 2673 2799; x_wconf 87' lang='lat' dir='ltr'><strong>parvo</strong></span> <span class='ocrx_word' id='word_1_432' title='bbox 2702 2736 2949 2799; x_wconf 89' lang='lat' dir='ltr'><strong>tempore</strong></span> <span class='ocrx_word' id='word_1_433' title='bbox 2975 2727 3189 2794; x_wconf 87' lang='lat' dir='ltr'><strong>vivere;</strong></span> <span class='ocrx_word' id='word_1_434' title='bbox 3237 2729 3431 2798; x_wconf 87' lang='lat' dir='ltr'><strong>gratia,</strong></span> <span class='ocrx_word' id='word_1_435' title='bbox 3463 2743 3570 2799; x_wconf 87' lang='lat' dir='ltr'><strong>qua</strong></span> <span class='ocrx_word' id='word_1_436' title='bbox 3601 2745 3695 2786; x_wconf 90' lang='lat' dir='ltr'><strong>eos</strong></span> <span class='ocrx_word' id='word_1_437' title='bbox 3741 2731 3885 2786; x_wconf 80' lang='lat' dir='ltr'><strong>facit</strong></span> 
     </span>
    </p>
   </div>
   <div class='ocr_carea' id='block_1_57' title="bbox 2278 2818 3885 2889">
    <p class='ocr_par' dir='ltr' id='par_1_57' title="bbox 2278 2818 3885 2889">
     <span class='ocr_line' id='line_1_57' title="bbox 2278 2818 3885 2889; baseline 0 -9"><span class='ocrx_word' id='word_1_438' title='bbox 2278 2824 2332 2880; x_wconf 91' lang='lat' dir='ltr'><strong>in</strong></span> <span class='ocrx_word' id='word_1_439' title='bbox 2356 2823 2496 2879; x_wconf 77' lang='lat' dir='ltr'><strong>cmlo</strong></span> <span class='ocrx_word' id='word_1_440' title='bbox 2523 2821 2641 2876; x_wconf 87' lang='lat' dir='ltr'><strong>sine</strong></span> <span class='ocrx_word' id='word_1_441' title='bbox 2670 2820 2775 2876; x_wconf 87' lang='lat' dir='ltr'><strong>line</strong></span> <span class='ocrx_word' id='word_1_442' title='bbox 2801 2833 3049 2889; x_wconf 87' lang='lat' dir='ltr'><strong>regnare.</strong></span> <span class='ocrx_word' id='word_1_443' title='bbox 3072 2818 3134 2874; x_wconf 84' lang='lat' dir='ltr'><strong>In</strong></span> <span class='ocrx_word' id='word_1_444' title='bbox 3153 2820 3309 2877; x_wconf 89' lang='lat' dir='ltr'><strong>malis</strong></span> <span class='ocrx_word' id='word_1_445' title='bbox 3335 2833 3466 2877; x_wconf 91' lang='lat' dir='ltr'><strong>vero</strong></span> <span class='ocrx_word' id='word_1_446' title='bbox 3486 2821 3600 2878; x_wconf 84' lang='lat' dir='ltr'><strong>sola</strong></span> <span class='ocrx_word' id='word_1_447' title='bbox 3619 2829 3702 2878; x_wconf 89' lang='lat' dir='ltr'><strong>est</strong></span> <span class='ocrx_word' id='word_1_448' title='bbox 3721 2821 3885 2880; x_wconf 76' lang='lat' dir='ltr'><strong>Deus</strong></span> 
     </span>
    </p>
   </div>
   <div class='ocr_carea' id='block_1_58' title="bbox 2276 2915 3882 2988">
    <p class='ocr_par' dir='ltr' id='par_1_58' title="bbox 2276 2915 3882 2988">
     <span class='ocr_line' id='line_1_58' title="bbox 2276 2915 3882 2988; baseline 0.002 -16"><span class='ocrx_word' id='word_1_449' title='bbox 2276 2915 2638 2972; x_wconf 85' lang='lat' dir='ltr'><strong>immensitate</strong></span> <span class='ocrx_word' id='word_1_450' title='bbox 2685 2923 2850 2984; x_wconf 88' lang='lat' dir='ltr'><strong>atque</strong></span> <span class='ocrx_word' id='word_1_451' title='bbox 2887 2915 3282 2986; x_wconf 88' lang='lat' dir='ltr'><strong>omnipotentia</strong></span> <span class='ocrx_word' id='word_1_452' title='bbox 3327 2918 3594 2984; x_wconf 86' lang='lat' dir='ltr'><strong>naturali;</strong></span> <span class='ocrx_word' id='word_1_453' title='bbox 3622 2933 3727 2988; x_wconf 85' lang='lat' dir='ltr'><strong>qua</strong></span> <span class='ocrx_word' id='word_1_454' title='bbox 3773 2935 3882 2976; x_wconf 72' lang='lat' dir='ltr'><strong>eos</strong></span> 
     </span>
    </p>
   </div>
   <div class='ocr_carea' id='block_1_59' title="bbox 2275 3005 3876 3082">
    <p class='ocr_par' dir='ltr' id='par_1_59' title="bbox 2275 3005 3876 3082">
     <span class='ocr_line' id='line_1_59' title="bbox 2275 3005 3876 3082; baseline 0.002 -20"><span class='ocrx_word' id='word_1_455' title='bbox 2275 3005 2407 3064; x_wconf 80' lang='lat' dir='ltr'><strong>facit</strong></span> <span class='ocrx_word' id='word_1_456' title='bbox 2445 3021 2596 3074; x_wconf 90' lang='lat' dir='ltr'><strong>esse,</strong></span> <span class='ocrx_word' id='word_1_457' title='bbox 2643 3008 2850 3074; x_wconf 88' lang='lat' dir='ltr'><strong>vivere,</strong></span> <span class='ocrx_word' id='word_1_458' title='bbox 2899 3014 3062 3075; x_wconf 78' lang='lat' dir='ltr'><strong>atque</strong></span> <span class='ocrx_word' id='word_1_459' title='bbox 3106 3006 3339 3071; x_wconf 89' lang='lat' dir='ltr'><strong>sentire;</strong></span> <span class='ocrx_word' id='word_1_460' title='bbox 3387 3007 3681 3065; x_wconf 86' lang='lat' dir='ltr'><strong>rationales</strong></span> <span class='ocrx_word' id='word_1_461' title='bbox 3725 3025 3876 3082; x_wconf 82' lang='lat' dir='ltr'><strong>esse,</strong></span> 
     </span>
    </p>
   </div>
   <div class='ocr_carea' id='block_1_60' title="bbox 2275 3096 3876 3167">
    <p class='ocr_par' dir='ltr' id='par_1_60' title="bbox 2275 3096 3876 3167">
     <span class='ocr_line' id='line_1_60' title="bbox 2275 3096 3876 3167; baseline 0.002 -14"><span class='ocrx_word' id='word_1_462' title='bbox 2275 3098 2502 3154; x_wconf 87' lang='lat' dir='ltr'><strong>liberum</strong></span> <span class='ocrx_word' id='word_1_463' title='bbox 2556 3111 2773 3167; x_wconf 89' lang='lat' dir='ltr'><strong>quoque</strong></span> <span class='ocrx_word' id='word_1_464' title='bbox 2816 3096 3017 3152; x_wconf 86' lang='lat' dir='ltr'><strong>habere</strong></span> <span class='ocrx_word' id='word_1_465' title='bbox 3061 3096 3354 3154; x_wconf 86' lang='lat' dir='ltr'><strong>voluntatis</strong></span> <span class='ocrx_word' id='word_1_466' title='bbox 3411 3099 3726 3166; x_wconf 89' lang='lat' dir='ltr'><strong>arbitrium;</strong></span> <span class='ocrx_word' id='word_1_467' title='bbox 3773 3099 3876 3157; x_wconf 85' lang='lat' dir='ltr'><strong>sed</strong></span> 
     </span>
    </p>
   </div>
   <div class='ocr_carea' id='block_1_61' title="bbox 2275 3189 3878 3259">
    <p class='ocr_par' dir='ltr' id='par_1_61' title="bbox 2275 3189 3878 3259">
     <span class='ocr_line' id='line_1_61' title="bbox 2275 3189 3878 3259; baseline 0.004 -14"><span class='ocrx_word' id='word_1_468' title='bbox 2275 3189 2530 3259; x_wconf 83' lang='lat' dir='ltr'><strong>liberum,</strong></span> <span class='ocrx_word' id='word_1_469' title='bbox 2552 3204 2661 3245; x_wconf 91' lang='lat' dir='ltr'><strong>non</strong></span> <span class='ocrx_word' id='word_1_470' title='bbox 2683 3189 2986 3245; x_wconf 86' lang='lat' dir='ltr'><strong>liberatum.</strong></span> <span class='ocrx_word' id='word_1_471' title='bbox 3013 3189 3264 3246; x_wconf 86' lang='lat' dir='ltr'><strong>Liberum</strong></span> <span class='ocrx_word' id='word_1_472' title='bbox 3289 3191 3430 3247; x_wconf 91' lang='lat' dir='ltr'><strong>enim</strong></span> <span class='ocrx_word' id='word_1_473' title='bbox 3452 3193 3734 3249; x_wconf 88' lang='lat' dir='ltr'><strong>arbitrium</strong></span> <span class='ocrx_word' id='word_1_474' title='bbox 3757 3211 3878 3252; x_wconf 85' lang='lat' dir='ltr'><strong>ma-</strong></span> 
     </span>
    </p>
   </div>
   <div class='ocr_carea' id='block_1_62' title="bbox 573 3273 3882 3360">
    <p class='ocr_par' dir='ltr' id='par_1_62' title="bbox 573 3273 3882 3360">
     <span class='ocr_line' id='line_1_62' title="bbox 573 3273 3882 3360; baseline 0.002 -24"><span class='ocrx_word' id='word_1_475' title='bbox 573 3288 690 3336; x_wconf 92' lang='lat' dir='ltr'><strong>tota</strong></span> <span class='ocrx_word' id='word_1_476' title='bbox 717 3287 822 3347; x_wconf 91' lang='lat' dir='ltr'><strong>est,</strong></span> <span class='ocrx_word' id='word_1_477' title='bbox 857 3285 916 3334; x_wconf 91' lang='lat' dir='ltr'><strong>et</strong></span> <span class='ocrx_word' id='word_1_478' title='bbox 943 3278 1064 3335; x_wconf 91' lang='lat' dir='ltr'><strong>loco</strong></span> <span class='ocrx_word' id='word_1_479' title='bbox 1095 3275 1400 3333; x_wconf 87' lang='lat' dir='ltr'><strong>nullatenus</strong></span> <span class='ocrx_word' id='word_1_480' title='bbox 1428 3276 1771 3341; x_wconf 89' lang='lat' dir='ltr'><strong>continetur;</strong></span> <span class='ocrx_word' id='word_1_481' title='bbox 1804 3283 1920 3330; x_wconf 91' lang='lat' dir='ltr'><strong>tota</strong></span> <span class='ocrx_word' id='word_1_482' title='bbox 1960 3273 2170 3329; x_wconf 89' lang='lat' dir='ltr'><strong>scilicet</strong></span> <span class='ocrx_word' id='word_1_483' title='bbox 2201 3296 2248 3360; x_wconf 71' lang='grc' dir='ltr'>ο</span> <span class='ocrx_word' id='word_1_484' title='bbox 2277 3290 2372 3337; x_wconf 79' lang='lat' dir='ltr'><strong>net</strong></span> <span class='ocrx_word' id='word_1_485' title='bbox 2398 3283 2562 3337; x_wconf 80' lang='lat' dir='ltr'><strong>etiam</strong></span> <span class='ocrx_word' id='word_1_486' title='bbox 2608 3296 2752 3338; x_wconf 84' lang='lat' dir='ltr'><strong>nunc</strong></span> <span class='ocrx_word' id='word_1_487' title='bbox 2779 3282 2833 3336; x_wconf 91' lang='lat' dir='ltr'><strong>in</strong></span> <span class='ocrx_word' id='word_1_488' title='bbox 2858 3281 3165 3338; x_wconf 88' lang='lat' dir='ltr'><strong>hominibus</strong></span> <span class='ocrx_word' id='word_1_489' title='bbox 3191 3297 3290 3353; x_wconf 88' lang='lat' dir='ltr'><strong>per</strong></span> <span class='ocrx_word' id='word_1_490' title='bbox 3329 3291 3595 3352; x_wconf 88' lang='lat' dir='ltr'><strong>naturam,</strong></span> <span class='ocrx_word' id='word_1_491' title='bbox 3627 3287 3773 3356; x_wconf 83' lang='lat' dir='ltr'><strong>quod</strong></span> <span class='ocrx_word' id='word_1_492' title='bbox 3820 3290 3882 3346; x_wconf 86' lang='lat' dir='ltr'><strong>in</strong></span> 
     </span>
    </p>
   </div>
   <div class='ocr_carea' id='block_1_63' title="bbox 572 3363 2170 3443">
    <p class='ocr_par' dir='ltr' id='par_1_63' title="bbox 572 3363 2170 3443">
     <span class='ocr_line' id='line_1_63' title="bbox 572 3363 2170 3443; baseline -0.006 -15"><span class='ocrx_word' id='word_1_493' title='bbox 572 3368 627 3428; x_wconf 85' lang='lat' dir='ltr'><strong>in</strong></span> <span class='ocrx_word' id='word_1_494' title='bbox 665 3364 1024 3443; x_wconf 43' lang='lat' dir='ltr'><strong>spiritibus’et</strong></span> <span class='ocrx_word' id='word_1_495' title='bbox 1051 3368 1372 3441; x_wconf 88' lang='lat' dir='ltr'><strong>corporibus</strong></span> <span class='ocrx_word' id='word_1_496' title='bbox 1399 3367 1642 3438; x_wconf 85' lang='lat' dir='ltr'><strong>singulis,</strong></span> <span class='ocrx_word' id='word_1_497' title='bbox 1685 3375 1740 3422; x_wconf 90' lang='lat' dir='ltr'><strong>et</strong></span> <span class='ocrx_word' id='word_1_498' title='bbox 1769 3374 1886 3422; x_wconf 88' lang='lat' dir='ltr'><strong>tota</strong></span> <span class='ocrx_word' id='word_1_499' title='bbox 1926 3365 2085 3420; x_wconf 92' lang='lat' dir='ltr'><strong>simul</strong></span> <span class='ocrx_word' id='word_1_500' title='bbox 2115 3363 2170 3418; x_wconf 89' lang='lat' dir='ltr'><strong>in</strong></span> 
     </span>
    </p>
   </div>
   <div class='ocr_carea' id='block_1_64' title="bbox 572 3455 2171 3528">
    <p class='ocr_par' dir='ltr' id='par_1_64' title="bbox 572 3455 2171 3528">
     <span class='ocr_line' id='line_1_64' title="bbox 572 3455 2171 3528; baseline -0.004 -9"><span class='ocrx_word' id='word_1_501' title='bbox 572 3462 821 3520; x_wconf 87' lang='lat' dir='ltr'><strong>omnibus</strong></span> <span class='ocrx_word' id='word_1_502' title='bbox 847 3461 1127 3518; x_wconf 90' lang='lat' dir='ltr'><strong>creaturis.</strong></span> <span class='ocrx_word' id='word_1_503' title='bbox 1160 3458 1314 3515; x_wconf 86' lang='lat' dir='ltr'><strong>Nunc</strong></span> <span class='ocrx_word' id='word_1_504' title='bbox 1351 3458 1496 3516; x_wconf 88' lang='lat' dir='ltr'><strong>enim</strong></span> <span class='ocrx_word' id='word_1_505' title='bbox 1525 3475 1634 3515; x_wconf 92' lang='lat' dir='ltr'><strong>non</strong></span> <span class='ocrx_word' id='word_1_506' title='bbox 1667 3455 1735 3513; x_wconf 90' lang='lat' dir='ltr'><strong>de</strong></span> <span class='ocrx_word' id='word_1_507' title='bbox 1779 3457 1954 3528; x_wconf 89' lang='lat' dir='ltr'><strong>gratia</strong></span> <span class='ocrx_word' id='word_1_508' title='bbox 1995 3457 2171 3527; x_wconf 87' lang='lat' dir='ltr'><strong>loqui-</strong></span> 
     </span>
    </p>
   </div>
   <div class='ocr_carea' id='block_1_65' title="bbox 571 3550 2172 3627">
    <p class='ocr_par' dir='ltr' id='par_1_65' title="bbox 571 3550 2172 3627">
     <span class='ocr_line' id='line_1_65' title="bbox 571 3550 2172 3627; baseline -0.006 -13"><span class='ocrx_word' id='word_1_509' title='bbox 571 3571 712 3623; x_wconf 89' lang='lat' dir='ltr'><strong>mur,</strong></span> <span class='ocrx_word' id='word_1_510' title='bbox 736 3571 841 3627; x_wconf 88' lang='lat' dir='ltr'><strong>qna</strong></span> <span class='ocrx_word' id='word_1_511' title='bbox 861 3555 1090 3612; x_wconf 89' lang='lat' dir='ltr'><strong>seDeus</strong></span> <span class='ocrx_word' id='word_1_512' title='bbox 1115 3553 1353 3625; x_wconf 90' lang='lat' dir='ltr'><strong>gratuito</strong></span> <span class='ocrx_word' id='word_1_513' title='bbox 1381 3567 1606 3609; x_wconf 88' lang='lat' dir='ltr'><strong>munere</strong></span> <span class='ocrx_word' id='word_1_514' title='bbox 1651 3550 2033 3607; x_wconf 70' lang='lat' dir='ltr'><strong>misericordiae</strong></span> <span class='ocrx_word' id='word_1_515' title='bbox 2060 3562 2172 3605; x_wconf 66' lang='lat' dir='ltr'><strong>sua:</strong></span> 
     </span>
    </p>
   </div>
   <div class='ocr_carea' id='block_1_66' title="bbox 571 3642 2170 3717">
    <p class='ocr_par' dir='ltr' id='par_1_66' title="bbox 571 3642 2170 3717">
     <span class='ocr_line' id='line_1_66' title="bbox 571 3642 2170 3717; baseline -0.007 -10"><span class='ocrx_word' id='word_1_516' title='bbox 571 3647 849 3707; x_wconf 85' lang='lat' dir='ltr'><strong>salvandis</strong></span> <span class='ocrx_word' id='word_1_517' title='bbox 868 3646 1178 3704; x_wconf 87' lang='lat' dir='ltr'><strong>hominibus</strong></span> <span class='ocrx_word' id='word_1_518' title='bbox 1203 3645 1410 3717; x_wconf 82' lang='lat' dir='ltr'><strong>praebet</strong></span> <span class='ocrx_word' id='word_1_519' title='bbox 1430 3663 1444 3712; x_wconf 93' lang='lat'><strong>;</strong></span> <span class='ocrx_word' id='word_1_520' title='bbox 1475 3642 1569 3700; x_wconf 91' lang='lat' dir='ltr'><strong>sed</strong></span> <span class='ocrx_word' id='word_1_521' title='bbox 1591 3643 1658 3700; x_wconf 90' lang='lat' dir='ltr'><strong>de</strong></span> <span class='ocrx_word' id='word_1_522' title='bbox 1675 3652 1888 3710; x_wconf 87' lang='lat' dir='ltr'><strong>natura,</strong></span> <span class='ocrx_word' id='word_1_523' title='bbox 1903 3658 2010 3712; x_wconf 89' lang='lat' dir='ltr'><strong>qua</strong></span> <span class='ocrx_word' id='word_1_524' title='bbox 2028 3642 2170 3697; x_wconf 87' lang='lat' dir='ltr'><strong>Deus</strong></span> 
     </span>
    </p>
   </div>
   <div class='ocr_carea' id='block_1_67' title="bbox 572 3731 2172 3810">
    <p class='ocr_par' dir='ltr' id='par_1_67' title="bbox 572 3731 2172 3810">
     <span class='ocr_line' id='line_1_67' title="bbox 572 3731 2172 3810; baseline -0.006 -13"><span class='ocrx_word' id='word_1_525' title='bbox 572 3740 754 3797; x_wconf 90' lang='lat' dir='ltr'><strong>omnia</strong></span> <span class='ocrx_word' id='word_1_526' title='bbox 780 3754 899 3810; x_wconf 77' lang='lat' dir='ltr'><strong>quae</strong></span> <span class='ocrx_word' id='word_1_527' title='bbox 938 3737 1081 3805; x_wconf 85' lang='lat' dir='ltr'><strong>fecit,</strong></span> <span class='ocrx_word' id='word_1_528' title='bbox 1115 3746 1169 3793; x_wconf 90' lang='lat' dir='ltr'><strong>et</strong></span> <span class='ocrx_word' id='word_1_529' title='bbox 1209 3736 1418 3808; x_wconf 87' lang='lat' dir='ltr'><strong>implet,</strong></span> <span class='ocrx_word' id='word_1_530' title='bbox 1464 3746 1520 3792; x_wconf 88' lang='lat' dir='ltr'><strong>et</strong></span> <span class='ocrx_word' id='word_1_531' title='bbox 1567 3735 1842 3801; x_wconf 89' lang='lat' dir='ltr'><strong>continet;</strong></span> <span class='ocrx_word' id='word_1_532' title='bbox 1875 3731 2172 3790; x_wconf 90' lang='lat' dir='ltr'><strong>secundum</strong></span> 
     </span>
    </p>
   </div>
   <div class='ocr_carea' id='block_1_68' title="bbox 572 3825 2172 3902">
    <p class='ocr_par' dir='ltr' id='par_1_68' title="bbox 572 3825 2172 3902">
     <span class='ocr_line' id='line_1_68' title="bbox 572 3825 2172 3902; baseline -0.005 -14"><span class='ocrx_word' id='word_1_533' title='bbox 572 3846 734 3902; x_wconf 85' lang='lat' dir='ltr'><strong>quam</strong></span> <span class='ocrx_word' id='word_1_534' title='bbox 763 3830 930 3887; x_wconf 87' lang='lat' dir='ltr'><strong>dicit:</strong></span> <span class='ocrx_word' id='word_1_535' title='bbox 965 3829 1158 3884; x_wconf 68' lang='lat' dir='ltr'><strong>Caelum</strong></span> <span class='ocrx_word' id='word_1_536' title='bbox 1200 3837 1248 3883; x_wconf 87' lang='lat' dir='ltr'><strong>et</strong></span> <span class='ocrx_word' id='word_1_537' title='bbox 1289 3840 1481 3883; x_wconf 84' lang='lat' dir='ltr'><strong>terram</strong></span> <span class='ocrx_word' id='word_1_538' title='bbox 1505 3846 1598 3901; x_wconf 83' lang='lat' dir='ltr'><strong>ego</strong></span> <span class='ocrx_word' id='word_1_539' title='bbox 1627 3828 1814 3900; x_wconf 84' lang='lat' dir='ltr'><strong>impleo</strong></span> <span class='ocrx_word' id='word_1_540' title='bbox 1847 3825 1977 3898; x_wconf 80' lang='lat' dir='ltr'><strong>(Jer.</strong></span> <span class='ocrx_word' id='word_1_541' title='bbox 2019 3842 2172 3892; x_wconf 81' lang='grc' dir='ltr'><strong>χχιιι,</strong></span> 
     </span>
    </p>
   </div>
   <div class='ocr_carea' id='block_1_69' title="bbox 574 3914 2171 3992">
    <p class='ocr_par' dir='ltr' id='par_1_69' title="bbox 574 3914 2171 3992">
     <span class='ocr_line' id='line_1_69' title="bbox 574 3914 2171 3992; baseline 0.011 -21"><span class='ocrx_word' id='word_1_542' title='bbox 574 3920 697 3992; x_wconf 68' lang='grc'><strong>24);</strong></span> <span class='ocrx_word' id='word_1_543' title='bbox 721 3929 776 3976; x_wconf 93' lang='lat' dir='ltr'><strong>et</strong></span> <span class='ocrx_word' id='word_1_544' title='bbox 803 3918 1096 3975; x_wconf 88' lang='lat' dir='ltr'><strong>secundum</strong></span> <span class='ocrx_word' id='word_1_545' title='bbox 1124 3935 1285 3990; x_wconf 90' lang='lat' dir='ltr'><strong>quam</strong></span> <span class='ocrx_word' id='word_1_546' title='bbox 1316 3919 1416 3989; x_wconf 89' lang='lat' dir='ltr'><strong>ipsi</strong></span> <span class='ocrx_word' id='word_1_547' title='bbox 1446 3917 1558 3973; x_wconf 90' lang='lat' dir='ltr'><strong>Deo</strong></span> <span class='ocrx_word' id='word_1_548' title='bbox 1594 3918 1785 3974; x_wconf 90' lang='lat' dir='ltr'><strong>beatus</strong></span> <span class='ocrx_word' id='word_1_549' title='bbox 1815 3914 1983 3972; x_wconf 86' lang='lat' dir='ltr'><strong>David</strong></span> <span class='ocrx_word' id='word_1_550' title='bbox 2013 3919 2171 3990; x_wconf 80' lang='grc'><strong>231</strong></span> 
     </span>
    </p>
   </div>
   <div class='ocr_carea' id='block_1_70' title="bbox 575 4007 2172 4082">
    <p class='ocr_par' dir='ltr' id='par_1_70' title="bbox 575 4007 2172 4082">
     <span class='ocr_line' id='line_1_70' title="bbox 575 4007 2172 4082; baseline -0.003 -15"><span class='ocrx_word' id='word_1_551' title='bbox 575 4011 742 4067; x_wconf 83' lang='lat' dir='ltr'><strong>dicit:</strong></span> <span class='ocrx_word' id='word_1_552' title='bbox 777 4009 891 4076; x_wconf 80' lang='lat' dir='ltr'><strong>Quo</strong></span> <span class='ocrx_word' id='word_1_553' title='bbox 925 4011 1010 4066; x_wconf 85' lang='lat' dir='ltr'><strong>ibo</strong></span> <span class='ocrx_word' id='word_1_554' title='bbox 1037 4027 1070 4064; x_wconf 93' lang='lat' dir='ltr'><strong>a</strong></span> <span class='ocrx_word' id='word_1_555' title='bbox 1101 4009 1304 4081; x_wconf 82' lang='lat' dir='ltr'><strong>Spiritu</strong></span> <span class='ocrx_word' id='word_1_556' title='bbox 1354 4019 1462 4078; x_wconf 89' lang='lat' dir='ltr'><strong>tuo,</strong></span> <span class='ocrx_word' id='word_1_557' title='bbox 1492 4015 1541 4063; x_wconf 88' lang='lat' dir='ltr'><strong>et</strong></span> <span class='ocrx_word' id='word_1_558' title='bbox 1576 4025 1607 4063; x_wconf 88' lang='grc' dir='ltr'>α</span> <span class='ocrx_word' id='word_1_559' title='bbox 1638 4007 1773 4081; x_wconf 84' lang='lat' dir='ltr'><strong>facie</strong></span> <span class='ocrx_word' id='word_1_560' title='bbox 1803 4018 1893 4064; x_wconf 90' lang='lat' dir='ltr'><strong>tua</strong></span> <span class='ocrx_word' id='word_1_561' title='bbox 1933 4027 2032 4082; x_wconf 85' lang='lat' dir='ltr'><strong>quo</strong></span> <span class='ocrx_word' id='word_1_562' title='bbox 2086 4011 2172 4080; x_wconf 79' lang='lat' dir='ltr'><strong>fu-</strong></span> 
     </span>
    </p>
   </div>
   <div class='ocr_carea' id='block_1_71' title="bbox 575 4099 2174 4174">
    <p class='ocr_par' dir='ltr' id='par_1_71' title="bbox 575 4099 2174 4174">
     <span class='ocr_line' id='line_1_71' title="bbox 575 4099 2174 4174; baseline -0.002 -18"><span class='ocrx_word' id='word_1_563' title='bbox 575 4101 755 4174; x_wconf 83' lang='lat' dir='ltr'><strong>giam?</strong></span> <span class='ocrx_word' id='word_1_564' title='bbox 783 4101 845 4159; x_wconf 89' lang='lat' dir='ltr'><strong>Si</strong></span> <span class='ocrx_word' id='word_1_565' title='bbox 873 4102 1152 4156; x_wconf 81' lang='lat' dir='ltr'><strong>ascendere</strong></span> <span class='ocrx_word' id='word_1_566' title='bbox 1174 4103 1229 4154; x_wconf 88' lang='lat' dir='ltr'><strong>in</strong></span> <span class='ocrx_word' id='word_1_567' title='bbox 1256 4101 1459 4167; x_wconf 68' lang='lat' dir='ltr'><strong>cretum,</strong></span> <span class='ocrx_word' id='word_1_568' title='bbox 1494 4110 1543 4154; x_wconf 87' lang='lat' dir='ltr'><strong>tu</strong></span> <span class='ocrx_word' id='word_1_569' title='bbox 1568 4100 1677 4154; x_wconf 80' lang='lat' dir='ltr'><strong>illic</strong></span> <span class='ocrx_word' id='word_1_570' title='bbox 1699 4117 1784 4165; x_wconf 88' lang='lat' dir='ltr'><strong>es;</strong></span> <span class='ocrx_word' id='word_1_571' title='bbox 1815 4110 1865 4154; x_wconf 90' lang='lat' dir='ltr'><strong>et</strong></span> <span class='ocrx_word' id='word_1_572' title='bbox 1892 4099 1940 4154; x_wconf 88' lang='lat' dir='ltr'><strong>si</strong></span> <span class='ocrx_word' id='word_1_573' title='bbox 1960 4100 2174 4154; x_wconf 88' lang='lat' dir='ltr'><strong>descen-</strong></span> 
     </span>
    </p>
   </div>
   <div class='ocr_carea' id='block_1_72' title="bbox 577 4189 2176 4265">
    <p class='ocr_par' dir='ltr' id='par_1_72' title="bbox 577 4189 2176 4265">
     <span class='ocr_line' id='line_1_72' title="bbox 577 4189 2176 4265; baseline -0.001 -17"><span class='ocrx_word' id='word_1_574' title='bbox 577 4194 700 4249; x_wconf 83' lang='lat' dir='ltr'><strong>dero</strong></span> <span class='ocrx_word' id='word_1_575' title='bbox 729 4195 799 4248; x_wconf 84' lang='lat' dir='ltr'><strong>ad</strong></span> <span class='ocrx_word' id='word_1_576' title='bbox 837 4195 1122 4265; x_wconf 76' lang='lat' dir='ltr'><strong>infernum,</strong></span> <span class='ocrx_word' id='word_1_577' title='bbox 1175 4193 1299 4246; x_wconf 87' lang='lat' dir='ltr'><strong>ades</strong></span> <span class='ocrx_word' id='word_1_578' title='bbox 1341 4191 1512 4263; x_wconf 83' lang='lat' dir='ltr'><strong>(Psat.</strong></span> <span class='ocrx_word' id='word_1_579' title='bbox 1564 4206 1824 4258; x_wconf 76' lang='lat' dir='ltr'><strong>cxxxvm,</strong></span> <span class='ocrx_word' id='word_1_580' title='bbox 1868 4189 1946 4262; x_wconf 89' lang='lat'><strong>7).</strong></span> <span class='ocrx_word' id='word_1_581' title='bbox 1991 4189 2060 4246; x_wconf 85' lang='lat' dir='ltr'><strong>Et</strong></span> <span class='ocrx_word' id='word_1_582' title='bbox 2105 4191 2176 4247; x_wconf 89' lang='lat' dir='ltr'><strong>de</strong></span> 
     </span>
    </p>
   </div>
   <div class='ocr_carea' id='block_1_73' title="bbox 579 4281 2178 4355">
    <p class='ocr_par' dir='ltr' id='par_1_73' title="bbox 579 4281 2178 4355">
     <span class='ocr_line' id='line_1_73' title="bbox 579 4281 2178 4355; baseline -0.003 -13"><span class='ocrx_word' id='word_1_583' title='bbox 579 4282 799 4342; x_wconf 88' lang='lat' dir='ltr'><strong>Christo</strong></span> <span class='ocrx_word' id='word_1_584' title='bbox 827 4285 920 4355; x_wconf 89' lang='lat' dir='ltr'><strong>qui</strong></span> <span class='ocrx_word' id='word_1_585' title='bbox 944 4291 1026 4340; x_wconf 90' lang='lat' dir='ltr'><strong>est</strong></span> <span class='ocrx_word' id='word_1_586' title='bbox 1070 4284 1333 4355; x_wconf 90' lang='lat' dir='ltr'><strong>sapientia</strong></span> <span class='ocrx_word' id='word_1_587' title='bbox 1350 4282 1468 4350; x_wconf 89' lang='lat' dir='ltr'><strong>Dei,</strong></span> <span class='ocrx_word' id='word_1_588' title='bbox 1500 4281 1730 4338; x_wconf 90' lang='lat' dir='ltr'><strong>dicitur:</strong></span> <span class='ocrx_word' id='word_1_589' title='bbox 1759 4282 1984 4355; x_wconf 81' lang='lat' dir='ltr'><strong>Attingit</strong></span> <span class='ocrx_word' id='word_1_590' title='bbox 2010 4300 2044 4337; x_wconf 92' lang='lat' dir='ltr'><strong>a</strong></span> <span class='ocrx_word' id='word_1_591' title='bbox 2071 4283 2178 4355; x_wconf 77' lang='lat' dir='ltr'><strong>ﬁne</strong></span> 
     </span>
    </p>
   </div>
   <div class='ocr_carea' id='block_1_74' title="bbox 578 4373 2176 4450">
    <p class='ocr_par' dir='ltr' id='par_1_74' title="bbox 578 4373 2176 4450">
     <span class='ocr_line' id='line_1_74' title="bbox 578 4373 2176 4450; baseline -0.001 -18"><span class='ocrx_word' id='word_1_592' title='bbox 578 4391 735 4450; x_wconf 80' lang='lat' dir='ltr'><strong>usque</strong></span> <span class='ocrx_word' id='word_1_593' title='bbox 767 4377 838 4432; x_wconf 84' lang='lat' dir='ltr'><strong>ad</strong></span> <span class='ocrx_word' id='word_1_594' title='bbox 877 4377 1029 4436; x_wconf 67' lang='lat' dir='ltr'><strong>ﬁnem</strong></span> <span class='ocrx_word' id='word_1_595' title='bbox 1077 4377 1300 4448; x_wconf 77' lang='lat' dir='ltr'><strong>fortiter,</strong></span> <span class='ocrx_word' id='word_1_596' title='bbox 1351 4385 1400 4429; x_wconf 90' lang='lat' dir='ltr'><strong>et</strong></span> <span class='ocrx_word' id='word_1_597' title='bbox 1450 4373 1679 4445; x_wconf 83' lang='lat' dir='ltr'><strong>disponit</strong></span> <span class='ocrx_word' id='word_1_598' title='bbox 1721 4377 1897 4430; x_wconf 88' lang='lat' dir='ltr'><strong>omnia</strong></span> <span class='ocrx_word' id='word_1_599' title='bbox 1945 4377 2176 4430; x_wconf 82' lang='lat' dir='ltr'><strong>suaviter</strong></span> 
     </span>
    </p>
   </div>
   <div class='ocr_carea' id='block_1_75' title="bbox 579 4467 2175 4542">
    <p class='ocr_par' dir='ltr' id='par_1_75' title="bbox 579 4467 2175 4542">
     <span class='ocr_line' id='line_1_75' title="bbox 579 4467 2175 4542; baseline -0.002 -16"><span class='ocrx_word' id='word_1_600' title='bbox 579 4468 738 4542; x_wconf 90' lang='lat' dir='ltr'><strong>(Sap.</strong></span> <span class='ocrx_word' id='word_1_601' title='bbox 770 4485 883 4536; x_wconf 72' lang='lat' dir='ltr'><strong>vnn,</strong></span> <span class='ocrx_word' id='word_1_602' title='bbox 917 4468 994 4541; x_wconf 83' lang='lat' dir='ltr'><strong>l).</strong></span> <span class='ocrx_word' id='word_1_603' title='bbox 1039 4467 1117 4524; x_wconf 91' lang='lat' dir='ltr'><strong>De</strong></span> <span class='ocrx_word' id='word_1_604' title='bbox 1166 4467 1371 4540; x_wconf 87' lang='lat' dir='ltr'><strong>Spiritu</strong></span> <span class='ocrx_word' id='word_1_605' title='bbox 1415 4484 1634 4540; x_wconf 89' lang='lat' dir='ltr'><strong>quoque</strong></span> <span class='ocrx_word' id='word_1_606' title='bbox 1679 4477 1868 4524; x_wconf 91' lang='lat' dir='ltr'><strong>sancto</strong></span> <span class='ocrx_word' id='word_1_607' title='bbox 1897 4467 2175 4540; x_wconf 88' lang='lat' dir='ltr'><strong>Scriptura</strong></span> 
     </span>
    </p>
   </div>
   <div class='ocr_carea' id='block_1_76' title="bbox 578 4557 2179 4632">
    <p class='ocr_par' dir='ltr' id='par_1_76' title="bbox 578 4557 2179 4632">
     <span class='ocr_line' id='line_1_76' title="bbox 578 4557 2179 4632; baseline -0.002 -15"><span class='ocrx_word' id='word_1_608' title='bbox 578 4558 836 4617; x_wconf 88' lang='lat' dir='ltr'><strong>divinitus</strong></span> <span class='ocrx_word' id='word_1_609' title='bbox 864 4560 1122 4632; x_wconf 84' lang='lat' dir='ltr'><strong>inspirata</strong></span> <span class='ocrx_word' id='word_1_610' title='bbox 1138 4559 1216 4616; x_wconf 90' lang='lat' dir='ltr'><strong>sic</strong></span> <span class='ocrx_word' id='word_1_611' title='bbox 1241 4559 1482 4630; x_wconf 91' lang='lat' dir='ltr'><strong>loquitur</strong></span> <span class='ocrx_word' id='word_1_612' title='bbox 1507 4577 1519 4614; x_wconf 75' lang='grc' dir='ltr'><em>τ</em></span> <span class='ocrx_word' id='word_1_613' title='bbox 1551 4557 1687 4624; x_wconf 86' lang='lat' dir='ltr'><strong>Quia</strong></span> <span class='ocrx_word' id='word_1_614' title='bbox 1709 4558 1941 4632; x_wconf 86' lang='lat' dir='ltr'><strong>Spiritus</strong></span> <span class='ocrx_word' id='word_1_615' title='bbox 1964 4557 2179 4615; x_wconf 88' lang='lat' dir='ltr'><strong>Domini</strong></span> 
     </span>
    </p>
   </div>
   <div class='ocr_carea' id='block_1_77' title="bbox 2273 3373 3878 3448">
    <p class='ocr_par' dir='ltr' id='par_1_77' title="bbox 2273 3373 3878 3448">
     <span class='ocr_line' id='line_1_77' title="bbox 2273 3373 3878 3448; baseline 0.004 -18"><span class='ocrx_word' id='word_1_616' title='bbox 2273 3375 2468 3444; x_wconf 89' lang='lat' dir='ltr'><strong>quibus</strong></span> <span class='ocrx_word' id='word_1_617' title='bbox 2490 3374 2726 3431; x_wconf 89' lang='lat' dir='ltr'><strong>voluerit</strong></span> <span class='ocrx_word' id='word_1_618' title='bbox 2750 3373 2913 3440; x_wconf 90' lang='lat' dir='ltr'><strong>Deus,</strong></span> <span class='ocrx_word' id='word_1_619' title='bbox 2941 3374 3194 3443; x_wconf 86' lang='lat' dir='ltr'><strong>dignatur</strong></span> <span class='ocrx_word' id='word_1_620' title='bbox 3233 3375 3464 3432; x_wconf 89' lang='lat' dir='ltr'><strong>liberare</strong></span> <span class='ocrx_word' id='word_1_621' title='bbox 3496 3392 3594 3447; x_wconf 89' lang='lat' dir='ltr'><strong>per</strong></span> <span class='ocrx_word' id='word_1_622' title='bbox 3615 3381 3878 3448; x_wconf 80' lang='lat' dir='ltr'><strong>gratiam.</strong></span> 
     </span>
    </p>
   </div>
   <div class='ocr_carea' id='block_1_78' title="bbox 2273 3467 3880 3539">
    <p class='ocr_par' dir='ltr' id='par_1_78' title="bbox 2273 3467 3880 3539">
     <span class='ocr_line' id='line_1_78' title="bbox 2273 3467 3880 3539; baseline 0.002 -15"><span class='ocrx_word' id='word_1_623' title='bbox 2273 3467 2356 3524; x_wconf 90' lang='grc' dir='ltr'><strong>Εχ</strong></span> <span class='ocrx_word' id='word_1_624' title='bbox 2383 3484 2491 3539; x_wconf 92' lang='lat' dir='ltr'><strong>quo</strong></span> <span class='ocrx_word' id='word_1_625' title='bbox 2519 3469 2662 3525; x_wconf 91' lang='lat' dir='ltr'><strong>enim</strong></span> <span class='ocrx_word' id='word_1_626' title='bbox 2693 3467 2899 3538; x_wconf 90' lang='lat' dir='ltr'><strong>primus</strong></span> <span class='ocrx_word' id='word_1_627' title='bbox 2926 3468 3089 3524; x_wconf 90' lang='lat' dir='ltr'><strong>homo</strong></span> <span class='ocrx_word' id='word_1_628' title='bbox 3118 3468 3289 3525; x_wconf 89' lang='lat' dir='ltr'><strong>libero</strong></span> <span class='ocrx_word' id='word_1_629' title='bbox 3325 3470 3550 3526; x_wconf 89' lang='lat' dir='ltr'><strong>arbitrio</strong></span> <span class='ocrx_word' id='word_1_630' title='bbox 3584 3473 3880 3528; x_wconf 86' lang='lat' dir='ltr'><strong>venunda-</strong></span> 
     </span>
    </p>
   </div>
   <div class='ocr_carea' id='block_1_79' title="bbox 2274 3558 3880 3632">
    <p class='ocr_par' dir='ltr' id='par_1_79' title="bbox 2274 3558 3880 3632">
     <span class='ocr_line' id='line_1_79' title="bbox 2274 3558 3880 3632; baseline 0.003 -16"><span class='ocrx_word' id='word_1_631' title='bbox 2274 3569 2362 3616; x_wconf 91' lang='lat' dir='ltr'><strong>tus</strong></span> <span class='ocrx_word' id='word_1_632' title='bbox 2391 3569 2476 3616; x_wconf 91' lang='lat' dir='ltr'><strong>est</strong></span> <span class='ocrx_word' id='word_1_633' title='bbox 2513 3560 2614 3617; x_wconf 89' lang='lat' dir='ltr'><strong>sub</strong></span> <span class='ocrx_word' id='word_1_634' title='bbox 2640 3567 2888 3631; x_wconf 88' lang='lat' dir='ltr'><strong>peccato,</strong></span> <span class='ocrx_word' id='word_1_635' title='bbox 2921 3558 3043 3616; x_wconf 87' lang='lat' dir='ltr'><strong>ideo</strong></span> <span class='ocrx_word' id='word_1_636' title='bbox 3087 3560 3230 3615; x_wconf 88' lang='lat' dir='ltr'><strong>mala</strong></span> <span class='ocrx_word' id='word_1_637' title='bbox 3272 3561 3437 3632; x_wconf 74' lang='lat' dir='ltr'><strong>cmpit</strong></span> <span class='ocrx_word' id='word_1_638' title='bbox 3474 3575 3597 3618; x_wconf 92' lang='lat' dir='ltr'><strong>esse</strong></span> <span class='ocrx_word' id='word_1_639' title='bbox 3644 3562 3880 3621; x_wconf 82' lang='lat' dir='ltr'><strong>libertas</strong></span> 
     </span>
    </p>
   </div>
   <div class='ocr_carea' id='block_1_80' title="bbox 2273 3650 3878 3722">
    <p class='ocr_par' dir='ltr' id='par_1_80' title="bbox 2273 3650 3878 3722">
     <span class='ocr_line' id='line_1_80' title="bbox 2273 3650 3878 3722; baseline 0.002 -15"><span class='ocrx_word' id='word_1_640' title='bbox 2273 3652 2530 3718; x_wconf 83' lang='lat' dir='ltr'><strong>hominis,</strong></span> <span class='ocrx_word' id='word_1_641' title='bbox 2559 3651 2684 3720; x_wconf 88' lang='lat' dir='ltr'><strong>quia</strong></span> <span class='ocrx_word' id='word_1_642' title='bbox 2711 3651 2812 3722; x_wconf 89' lang='lat' dir='ltr'><strong>ipsi</strong></span> <span class='ocrx_word' id='word_1_643' title='bbox 2860 3650 3034 3707; x_wconf 86' lang='lat' dir='ltr'><strong>libero</strong></span> <span class='ocrx_word' id='word_1_644' title='bbox 3061 3651 3288 3708; x_wconf 88' lang='lat' dir='ltr'><strong>arbitrio</strong></span> <span class='ocrx_word' id='word_1_645' title='bbox 3327 3652 3504 3722; x_wconf 71' lang='lat' dir='ltr'><strong>ablata</strong></span> <span class='ocrx_word' id='word_1_646' title='bbox 3533 3662 3617 3710; x_wconf 90' lang='lat' dir='ltr'><strong>est</strong></span> <span class='ocrx_word' id='word_1_647' title='bbox 3655 3655 3878 3712; x_wconf 85' lang='lat' dir='ltr'><strong>bonitas</strong></span> 
     </span>
    </p>
   </div>
   <div class='ocr_carea' id='block_1_81' title="bbox 2273 3743 3881 3820">
    <p class='ocr_par' dir='ltr' id='par_1_81' title="bbox 2273 3743 3881 3820">
     <span class='ocr_line' id='line_1_81' title="bbox 2273 3743 3881 3820; baseline 0.002 -20"><span class='ocrx_word' id='word_1_648' title='bbox 2273 3745 2603 3801; x_wconf 85' lang='lat' dir='ltr'><strong>voluntatis:</strong></span> <span class='ocrx_word' id='word_1_649' title='bbox 2635 3751 2692 3799; x_wconf 88' lang='lat' dir='ltr'><strong>et</strong></span> <span class='ocrx_word' id='word_1_650' title='bbox 2729 3743 2807 3798; x_wconf 91' lang='lat' dir='ltr'><strong>sic</strong></span> <span class='ocrx_word' id='word_1_651' title='bbox 2843 3744 2898 3798; x_wconf 93' lang='lat' dir='ltr'><strong>in</strong></span> <span class='ocrx_word' id='word_1_652' title='bbox 2923 3743 3112 3799; x_wconf 91' lang='lat' dir='ltr'><strong>eodem</strong></span> <span class='ocrx_word' id='word_1_653' title='bbox 3154 3743 3386 3800; x_wconf 91' lang='lat' dir='ltr'><strong>hominis</strong></span> <span class='ocrx_word' id='word_1_654' title='bbox 3433 3746 3660 3802; x_wconf 88' lang='lat' dir='ltr'><strong>arbitrio</strong></span> <span class='ocrx_word' id='word_1_655' title='bbox 3707 3750 3881 3820; x_wconf 71' lang='lat' dir='ltr'><strong>erepit</strong></span> 
     </span>
    </p>
   </div>
   <div class='ocr_carea' id='block_1_82' title="bbox 2275 3834 3881 3903">
    <p class='ocr_par' dir='ltr' id='par_1_82' title="bbox 2275 3834 3881 3903">
     <span class='ocr_line' id='line_1_82' title="bbox 2275 3834 3881 3903; baseline 0.003 -13"><span class='ocrx_word' id='word_1_656' title='bbox 2275 3850 2395 3891; x_wconf 91' lang='lat' dir='ltr'><strong>esse</strong></span> <span class='ocrx_word' id='word_1_657' title='bbox 2425 3835 2563 3889; x_wconf 89' lang='lat' dir='ltr'><strong>mala</strong></span> <span class='ocrx_word' id='word_1_658' title='bbox 2593 3834 2844 3900; x_wconf 89' lang='lat' dir='ltr'><strong>libertas;</strong></span> <span class='ocrx_word' id='word_1_659' title='bbox 2887 3843 2947 3888; x_wconf 92' lang='lat' dir='ltr'><strong>ut</strong></span> <span class='ocrx_word' id='word_1_660' title='bbox 2993 3835 3106 3903; x_wconf 90' lang='lat' dir='ltr'><strong>ipsa</strong></span> <span class='ocrx_word' id='word_1_661' title='bbox 3137 3835 3232 3902; x_wconf 92' lang='lat' dir='ltr'><strong>illi,</strong></span> <span class='ocrx_word' id='word_1_662' title='bbox 3279 3843 3336 3891; x_wconf 91' lang='lat' dir='ltr'><strong>et</strong></span> <span class='ocrx_word' id='word_1_663' title='bbox 3383 3836 3645 3893; x_wconf 56' lang='lat' dir='ltr'><strong>omnibus:</strong></span> <span class='ocrx_word' id='word_1_664' title='bbox 3677 3837 3881 3896; x_wconf 81' lang='lat' dir='ltr'><strong>deinde</strong></span> 
     </span>
    </p>
   </div>
   <div class='ocr_carea' id='block_1_83' title="bbox 2276 3924 3877 4001">
    <p class='ocr_par' dir='ltr' id='par_1_83' title="bbox 2276 3924 3877 4001">
     <span class='ocr_line' id='line_1_83' title="bbox 2276 3924 3877 4001; baseline 0.001 -17"><span class='ocrx_word' id='word_1_665' title='bbox 2276 3945 2373 4001; x_wconf 92' lang='lat' dir='ltr'><strong>per</strong></span> <span class='ocrx_word' id='word_1_666' title='bbox 2401 3927 2748 3984; x_wconf 86' lang='lat' dir='ltr'><strong>concubitum</strong></span> <span class='ocrx_word' id='word_1_667' title='bbox 2790 3927 3077 3982; x_wconf 88' lang='lat' dir='ltr'><strong>nascituris</strong></span> <span class='ocrx_word' id='word_1_668' title='bbox 3116 3924 3271 3982; x_wconf 86' lang='lat' dir='ltr'><strong>ﬁeret</strong></span> <span class='ocrx_word' id='word_1_669' title='bbox 3299 3927 3512 3982; x_wconf 85' lang='lat' dir='ltr'><strong>inimica</strong></span> <span class='ocrx_word' id='word_1_670' title='bbox 3564 3929 3877 3998; x_wconf 81' lang='lat' dir='ltr'><strong>captivitas.</strong></span> 
     </span>
    </p>
   </div>
   <div class='ocr_carea' id='block_1_84' title="bbox 2277 4018 3878 4090">
    <p class='ocr_par' dir='ltr' id='par_1_84' title="bbox 2277 4018 3878 4090">
     <span class='ocr_line' id='line_1_84' title="bbox 2277 4018 3878 4090; baseline 0 -14"><span class='ocrx_word' id='word_1_671' title='bbox 2277 4019 2420 4076; x_wconf 91' lang='lat' dir='ltr'><strong>Deus</strong></span> <span class='ocrx_word' id='word_1_672' title='bbox 2447 4034 2598 4090; x_wconf 87' lang='lat' dir='ltr'><strong>ergo,</strong></span> <span class='ocrx_word' id='word_1_673' title='bbox 2644 4019 2784 4075; x_wconf 91' lang='lat' dir='ltr'><strong>sicut</strong></span> <span class='ocrx_word' id='word_1_674' title='bbox 2819 4034 2983 4089; x_wconf 88' lang='lat' dir='ltr'><strong>supra</strong></span> <span class='ocrx_word' id='word_1_675' title='bbox 3011 4018 3266 4083; x_wconf 76' lang='lat' dir='ltr'><strong>diximus,</strong></span> <span class='ocrx_word' id='word_1_676' title='bbox 3310 4033 3410 4089; x_wconf 91' lang='lat' dir='ltr'><strong>per</strong></span> <span class='ocrx_word' id='word_1_677' title='bbox 3455 4020 3878 4076; x_wconf 83' lang='lat' dir='ltr'><strong>immensitatem</strong></span> 
     </span>
    </p>
   </div>
   <div class='ocr_carea' id='block_1_85' title="bbox 2277 4115 3887 4178">
    <p class='ocr_par' dir='ltr' id='par_1_85' title="bbox 2277 4115 3887 4178">
     <span class='ocr_line' id='line_1_85' title="bbox 2277 4115 3887 4178; baseline -0.001 -9"><span class='ocrx_word' id='word_1_678' title='bbox 2277 4123 2485 4170; x_wconf 81' lang='lat' dir='ltr'><strong>naturae</strong></span> <span class='ocrx_word' id='word_1_679' title='bbox 2504 4128 2632 4178; x_wconf 72' lang='lat' dir='ltr'><strong>suae,</strong></span> <span class='ocrx_word' id='word_1_680' title='bbox 2674 4121 2843 4168; x_wconf 91' lang='lat' dir='ltr'><strong>totam</strong></span> <span class='ocrx_word' id='word_1_681' title='bbox 2893 4120 3198 4168; x_wconf 89' lang='lat' dir='ltr'><strong>creaturam</strong></span> <span class='ocrx_word' id='word_1_682' title='bbox 3242 4127 3395 4168; x_wconf 90' lang='lat' dir='ltr'><strong>suam</strong></span> <span class='ocrx_word' id='word_1_683' title='bbox 3443 4121 3497 4167; x_wconf 91' lang='lat' dir='ltr'><strong>et</strong></span> <span class='ocrx_word' id='word_1_684' title='bbox 3535 4115 3784 4169; x_wconf 87' lang='lat' dir='ltr'><strong>continet</strong></span> <span class='ocrx_word' id='word_1_685' title='bbox 3825 4121 3887 4171; x_wconf 86' lang='lat' dir='ltr'><strong>et</strong></span> 
     </span>
    </p>
   </div>
   <div class='ocr_carea' id='block_1_86' title="bbox 2279 4203 3888 4275">
    <p class='ocr_par' dir='ltr' id='par_1_86' title="bbox 2279 4203 3888 4275">
     <span class='ocr_line' id='line_1_86' title="bbox 2279 4203 3888 4275; baseline 0.001 -15"><span class='ocrx_word' id='word_1_686' title='bbox 2279 4205 2496 4275; x_wconf 89' lang='lat' dir='ltr'><strong>implet;</strong></span> <span class='ocrx_word' id='word_1_687' title='bbox 2524 4219 2588 4260; x_wconf 91' lang='lat' dir='ltr'><strong>ac</strong></span> <span class='ocrx_word' id='word_1_688' title='bbox 2630 4219 2728 4274; x_wconf 89' lang='lat' dir='ltr'><strong>per</strong></span> <span class='ocrx_word' id='word_1_689' title='bbox 2768 4203 2894 4273; x_wconf 91' lang='lat' dir='ltr'><strong>hoc,</strong></span> <span class='ocrx_word' id='word_1_690' title='bbox 2937 4212 3110 4260; x_wconf 90' lang='lat' dir='ltr'><strong>totum</strong></span> <span class='ocrx_word' id='word_1_691' title='bbox 3152 4203 3338 4274; x_wconf 91' lang='lat' dir='ltr'><strong>implet</strong></span> <span class='ocrx_word' id='word_1_692' title='bbox 3375 4203 3554 4270; x_wconf 91' lang='lat' dir='ltr'><strong>Pater,</strong></span> <span class='ocrx_word' id='word_1_693' title='bbox 3586 4213 3762 4261; x_wconf 89' lang='lat' dir='ltr'><strong>totum</strong></span> <span class='ocrx_word' id='word_1_694' title='bbox 3792 4205 3888 4262; x_wconf 84' lang='lat' dir='ltr'><strong>Fi-</strong></span> 
     </span>
    </p>
   </div>
   <div class='ocr_carea' id='block_1_87' title="bbox 2279 4295 3885 4367">
    <p class='ocr_par' dir='ltr' id='par_1_87' title="bbox 2279 4295 3885 4367">
     <span class='ocr_line' id='line_1_87' title="bbox 2279 4295 3885 4367; baseline 0.001 -15"><span class='ocrx_word' id='word_1_695' title='bbox 2279 4297 2402 4363; x_wconf 89' lang='lat' dir='ltr'><strong>lius,</strong></span> <span class='ocrx_word' id='word_1_696' title='bbox 2436 4305 2605 4352; x_wconf 88' lang='lat' dir='ltr'><strong>totum</strong></span> <span class='ocrx_word' id='word_1_697' title='bbox 2632 4296 2862 4366; x_wconf 91' lang='lat' dir='ltr'><strong>Spiritus</strong></span> <span class='ocrx_word' id='word_1_698' title='bbox 2889 4304 3142 4363; x_wconf 90' lang='lat' dir='ltr'><strong>sanctus;</strong></span> <span class='ocrx_word' id='word_1_699' title='bbox 3172 4295 3296 4367; x_wconf 91' lang='lat' dir='ltr'><strong>quia</strong></span> <span class='ocrx_word' id='word_1_700' title='bbox 3317 4304 3373 4352; x_wconf 90' lang='lat' dir='ltr'><strong>et</strong></span> <span class='ocrx_word' id='word_1_701' title='bbox 3400 4295 3582 4362; x_wconf 89' lang='lat' dir='ltr'><strong>Pater,</strong></span> <span class='ocrx_word' id='word_1_702' title='bbox 3605 4304 3664 4352; x_wconf 91' lang='lat' dir='ltr'><strong>et</strong></span> <span class='ocrx_word' id='word_1_703' title='bbox 3686 4296 3885 4363; x_wconf 85' lang='lat' dir='ltr'><strong>Filius,</strong></span> 
     </span>
    </p>
   </div>
   <div class='ocr_carea' id='block_1_88' title="bbox 2280 4386 3889 4460">
    <p class='ocr_par' dir='ltr' id='par_1_88' title="bbox 2280 4386 3889 4460">
     <span class='ocr_line' id='line_1_88' title="bbox 2280 4386 3889 4460; baseline 0 -17"><span class='ocrx_word' id='word_1_704' title='bbox 2280 4397 2337 4444; x_wconf 91' lang='lat' dir='ltr'><strong>et</strong></span> <span class='ocrx_word' id='word_1_705' title='bbox 2364 4386 2596 4458; x_wconf 90' lang='lat' dir='ltr'><strong>Spiritus</strong></span> <span class='ocrx_word' id='word_1_706' title='bbox 2616 4396 2836 4442; x_wconf 90' lang='lat' dir='ltr'><strong>sanctus</strong></span> <span class='ocrx_word' id='word_1_707' title='bbox 2863 4387 3026 4460; x_wconf 65' lang='lat'><strong>232</strong></span> <span class='ocrx_word' id='word_1_708' title='bbox 3074 4387 3393 4442; x_wconf 90' lang='lat' dir='ltr'><strong>naturaliter</strong></span> <span class='ocrx_word' id='word_1_709' title='bbox 3423 4403 3561 4442; x_wconf 89' lang='lat' dir='ltr'><strong>unus</strong></span> <span class='ocrx_word' id='word_1_710' title='bbox 3591 4395 3676 4442; x_wconf 89' lang='lat' dir='ltr'><strong>est</strong></span> <span class='ocrx_word' id='word_1_711' title='bbox 3714 4387 3889 4443; x_wconf 87' lang='lat' dir='ltr'><strong>Deus.</strong></span> 
     </span>
    </p>
   </div>
   <div class='ocr_carea' id='block_1_89' title="bbox 2279 4477 3889 4551">
    <p class='ocr_par' dir='ltr' id='par_1_89' title="bbox 2279 4477 3889 4551">
     <span class='ocr_line' id='line_1_89' title="bbox 2279 4477 3889 4551; baseline -0.002 -14"><span class='ocrx_word' id='word_1_712' title='bbox 2279 4480 2399 4538; x_wconf 85' lang='lat' dir='ltr'><strong>Non</strong></span> <span class='ocrx_word' id='word_1_713' title='bbox 2427 4479 2504 4535; x_wconf 91' lang='lat' dir='ltr'><strong>sic</strong></span> <span class='ocrx_word' id='word_1_714' title='bbox 2533 4488 2615 4535; x_wconf 88' lang='lat' dir='ltr'><strong>est</strong></span> <span class='ocrx_word' id='word_1_715' title='bbox 2643 4488 2823 4535; x_wconf 89' lang='lat' dir='ltr'><strong>autem</strong></span> <span class='ocrx_word' id='word_1_716' title='bbox 2848 4495 2953 4534; x_wconf 92' lang='lat' dir='ltr'><strong>una</strong></span> <span class='ocrx_word' id='word_1_717' title='bbox 2982 4487 3173 4534; x_wconf 88' lang='lat' dir='ltr'><strong>natura</strong></span> <span class='ocrx_word' id='word_1_718' title='bbox 3203 4477 3398 4546; x_wconf 86' lang='lat' dir='ltr'><strong>Patris,</strong></span> <span class='ocrx_word' id='word_1_719' title='bbox 3423 4487 3480 4535; x_wconf 88' lang='lat' dir='ltr'><strong>et</strong></span> <span class='ocrx_word' id='word_1_720' title='bbox 3500 4478 3642 4543; x_wconf 85' lang='lat' dir='ltr'><strong>Filii,</strong></span> <span class='ocrx_word' id='word_1_721' title='bbox 3674 4487 3732 4534; x_wconf 90' lang='lat' dir='ltr'><strong>et</strong></span> <span class='ocrx_word' id='word_1_722' title='bbox 3757 4479 3889 4551; x_wconf 85' lang='lat' dir='ltr'><strong>Spi-</strong></span> 
     </span>
    </p>
   </div>
   <div class='ocr_carea' id='block_1_90' title="bbox 2281 4571 3893 4642">
    <p class='ocr_par' dir='ltr' id='par_1_90' title="bbox 2281 4571 3893 4642">
     <span class='ocr_line' id='line_1_90' title="bbox 2281 4571 3893 4642; baseline 0 -16"><span class='ocrx_word' id='word_1_723' title='bbox 2281 4573 2417 4627; x_wconf 92' lang='lat' dir='ltr'><strong>ritus</strong></span> <span class='ocrx_word' id='word_1_724' title='bbox 2445 4572 2637 4638; x_wconf 88' lang='lat' dir='ltr'><strong>sancti,</strong></span> <span class='ocrx_word' id='word_1_725' title='bbox 2662 4571 2716 4626; x_wconf 85' lang='lat' dir='ltr'><strong>id</strong></span> <span class='ocrx_word' id='word_1_726' title='bbox 2741 4580 2825 4627; x_wconf 90' lang='lat' dir='ltr'><strong>est</strong></span> <span class='ocrx_word' id='word_1_727' title='bbox 2858 4571 3020 4627; x_wconf 91' lang='lat' dir='ltr'><strong>trium</strong></span> <span class='ocrx_word' id='word_1_728' title='bbox 3064 4571 3279 4626; x_wconf 91' lang='lat' dir='ltr'><strong>illarum</strong></span> <span class='ocrx_word' id='word_1_729' title='bbox 3326 4586 3704 4642; x_wconf 87' lang='lat' dir='ltr'><strong>personarum,</strong></span> <span class='ocrx_word' id='word_1_730' title='bbox 3730 4571 3893 4626; x_wconf 54' lang='lat' dir='ltr'><strong>Sicut</strong></span> 
     </span>
    </p>
   </div>
   <div class='ocr_carea' id='block_1_91' title="bbox 579 4650 2176 4744">
    <p class='ocr_par' dir='ltr' id='par_1_91' title="bbox 579 4650 2173 4724">
     <span class='ocr_line' id='line_1_91' title="bbox 579 4650 2173 4724; baseline -0.001 -16"><span class='ocrx_word' id='word_1_731' title='bbox 579 4651 790 4723; x_wconf 79' lang='lat' dir='ltr'><strong>replevit</strong></span> <span class='ocrx_word' id='word_1_732' title='bbox 813 4650 988 4706; x_wconf 79' lang='lat' dir='ltr'><strong>orbem</strong></span> <span class='ocrx_word' id='word_1_733' title='bbox 1029 4661 1310 4716; x_wconf 88' lang='lat' dir='ltr'><strong>terrarum;</strong></span> <span class='ocrx_word' id='word_1_734' title='bbox 1341 4660 1392 4706; x_wconf 90' lang='lat' dir='ltr'><strong>et</strong></span> <span class='ocrx_word' id='word_1_735' title='bbox 1420 4651 1515 4706; x_wconf 81' lang='lat' dir='ltr'><strong>hoc</strong></span> <span class='ocrx_word' id='word_1_736' title='bbox 1543 4650 1678 4724; x_wconf 87' lang='lat' dir='ltr'><strong>quod</strong></span> <span class='ocrx_word' id='word_1_737' title='bbox 1718 4652 1946 4706; x_wconf 83' lang='lat' dir='ltr'><strong>continet</strong></span> <span class='ocrx_word' id='word_1_738' title='bbox 1977 4653 2173 4719; x_wconf 88' lang='lat' dir='ltr'><strong>omnia,</strong></span> 
     </span>
    </p>
   </div>
   <div class='ocr_carea' id='block_1_92' title="bbox 2280 4650 3882 4744">
    <p class='ocr_par' dir='ltr' id='par_1_92' title="bbox 2282 4660 3882 4731">
     <span class='ocr_line' id='line_1_92' title="bbox 2282 4660 3882 4731; baseline -0.002 -14"><span class='ocrx_word' id='word_1_739' title='bbox 2282 4671 2367 4718; x_wconf 90' lang='lat' dir='ltr'><strong>est</strong></span> <span class='ocrx_word' id='word_1_740' title='bbox 2414 4662 2646 4717; x_wconf 89' lang='lat' dir='ltr'><strong>humana</strong></span> <span class='ocrx_word' id='word_1_741' title='bbox 2690 4670 2899 4726; x_wconf 89' lang='lat' dir='ltr'><strong>natura,</strong></span> <span class='ocrx_word' id='word_1_742' title='bbox 2934 4661 3097 4716; x_wconf 85' lang='lat' dir='ltr'><strong>trium</strong></span> <span class='ocrx_word' id='word_1_743' title='bbox 3143 4660 3509 4731; x_wconf 89' lang='lat' dir='ltr'><strong>quorumlibet</strong></span> <span class='ocrx_word' id='word_1_744' title='bbox 3555 4660 3882 4722; x_wconf 85' lang='lat' dir='ltr'><strong>hominum;</strong></span> 
     </span>
    </p>
   </div>
   <div class='ocr_carea' id='block_1_93' title="bbox 581 4743 2176 4820">
    <p class='ocr_par' dir='ltr' id='par_1_93' title="bbox 581 4743 2176 4820">
     <span class='ocr_line' id='line_1_93' title="bbox 581 4743 2176 4820; baseline 0.001 -19"><span class='ocrx_word' id='word_1_745' title='bbox 581 4747 854 4802; x_wconf 83' lang='lat' dir='ltr'><strong>scientiam</strong></span> <span class='ocrx_word' id='word_1_746' title='bbox 883 4744 1036 4800; x_wconf 82' lang='lat' dir='ltr'><strong>habet</strong></span> <span class='ocrx_word' id='word_1_747' title='bbox 1063 4745 1200 4801; x_wconf 77' lang='lat' dir='ltr'><strong>vocis</strong></span> <span class='ocrx_word' id='word_1_748' title='bbox 1231 4743 1388 4820; x_wconf 89' lang='lat' dir='ltr'><strong>(Sap.</strong></span> <span class='ocrx_word' id='word_1_749' title='bbox 1421 4760 1460 4815; x_wconf 88' lang='lat' dir='ltr'><strong>I,</strong></span> <span class='ocrx_word' id='word_1_750' title='bbox 1484 4745 1559 4818; x_wconf 84' lang='lat'><strong>7).</strong></span> <span class='ocrx_word' id='word_1_751' title='bbox 1583 4744 1858 4802; x_wconf 83' lang='lat' dir='ltr'><strong>Invenitur</strong></span> <span class='ocrx_word' id='word_1_752' title='bbox 1882 4757 2063 4802; x_wconf 90' lang='lat' dir='ltr'><strong>autem</strong></span> <span class='ocrx_word' id='word_1_753' title='bbox 2085 4746 2176 4802; x_wconf 89' lang='lat' dir='ltr'><strong>hic</strong></span> 
     </span>
    </p>
   </div>
   <div class='ocr_carea' id='block_1_94' title="bbox 581 4836 2175 4909">
    <p class='ocr_par' dir='ltr' id='par_1_94' title="bbox 581 4836 2175 4909">
     <span class='ocr_line' id='line_1_94' title="bbox 581 4836 2175 4909; baseline -0.003 -14"><span class='ocrx_word' id='word_1_754' title='bbox 581 4854 777 4895; x_wconf 86' lang='lat' dir='ltr'><strong>vocem</strong></span> <span class='ocrx_word' id='word_1_755' title='bbox 804 4837 983 4894; x_wconf 90' lang='lat' dir='ltr'><strong>cordis</strong></span> <span class='ocrx_word' id='word_1_756' title='bbox 1007 4836 1360 4908; x_wconf 89' lang='lat' dir='ltr'><strong>signiﬁcasse,</strong></span> <span class='ocrx_word' id='word_1_757' title='bbox 1383 4853 1491 4892; x_wconf 93' lang='lat' dir='ltr'><strong>non</strong></span> <span class='ocrx_word' id='word_1_758' title='bbox 1520 4839 1786 4909; x_wconf 87' lang='lat' dir='ltr'><strong>corporis,</strong></span> <span class='ocrx_word' id='word_1_759' title='bbox 1811 4853 1998 4895; x_wconf 87' lang='lat' dir='ltr'><strong>vocem</strong></span> <span class='ocrx_word' id='word_1_760' title='bbox 2027 4837 2175 4893; x_wconf 90' lang='lat' dir='ltr'><strong>scili-</strong></span> 
     </span>
    </p>
   </div>
   <div class='ocr_carea' id='block_1_95' title="bbox 581 4931 2176 5004">
    <p class='ocr_par' dir='ltr' id='par_1_95' title="bbox 581 4931 2176 5004">
     <span class='ocr_line' id='line_1_95' title="bbox 581 4931 2176 5004; baseline -0.004 -13"><span class='ocrx_word' id='word_1_761' title='bbox 581 4941 672 4991; x_wconf 85' lang='lat' dir='ltr'><strong>cet</strong></span> <span class='ocrx_word' id='word_1_762' title='bbox 699 4948 808 4990; x_wconf 92' lang='lat' dir='ltr'><strong>non</strong></span> <span class='ocrx_word' id='word_1_763' title='bbox 829 4945 1108 5004; x_wconf 56' lang='lat' dir='ltr'><strong>corporea</strong></span> <span class='ocrx_word' id='word_1_764' title='bbox 1134 4931 1442 4998; x_wconf 90' lang='lat' dir='ltr'><strong>locutionis,</strong></span> <span class='ocrx_word' id='word_1_765' title='bbox 1468 4931 1563 4989; x_wconf 89' lang='lat' dir='ltr'><strong>sed</strong></span> <span class='ocrx_word' id='word_1_766' title='bbox 1589 4933 1791 4986; x_wconf 72' lang='lat' dir='ltr'><strong>intima:</strong></span> <span class='ocrx_word' id='word_1_767' title='bbox 1811 4931 2176 5002; x_wconf 86' lang='lat' dir='ltr'><strong>cogitationis.</strong></span> 
     </span>
    </p>
   </div>
   <div class='ocr_carea' id='block_1_96' title="bbox 548 5022 2176 5098">
    <p class='ocr_par' dir='ltr' id='par_1_96' title="bbox 548 5022 2176 5098">
     <span class='ocr_line' id='line_1_96' title="bbox 548 5022 2176 5098; baseline -0.002 -16"><span class='ocrx_word' id='word_1_768' title='bbox 548 5022 785 5098; x_wconf 58' lang='lat' dir='ltr'><strong>:Vocem</strong></span> <span class='ocrx_word' id='word_1_769' title='bbox 829 5025 995 5091; x_wconf 91' lang='lat' dir='ltr'><strong>illam,</strong></span> <span class='ocrx_word' id='word_1_770' title='bbox 1044 5039 1206 5095; x_wconf 90' lang='lat' dir='ltr'><strong>quam</strong></span> <span class='ocrx_word' id='word_1_771' title='bbox 1257 5022 1406 5080; x_wconf 90' lang='lat' dir='ltr'><strong>solus</strong></span> <span class='ocrx_word' id='word_1_772' title='bbox 1459 5023 1601 5080; x_wconf 92' lang='lat' dir='ltr'><strong>Deus</strong></span> <span class='ocrx_word' id='word_1_773' title='bbox 1647 5023 1797 5079; x_wconf 88' lang='lat' dir='ltr'><strong>audit</strong></span> <span class='ocrx_word' id='word_1_774' title='bbox 1833 5024 2176 5091; x_wconf 89' lang='lat' dir='ltr'><strong>clamantem,</strong></span> 
     </span>
    </p>
   </div>
   <div class='ocr_carea' id='block_1_97' title="bbox 583 5114 2182 5188">
    <p class='ocr_par' dir='ltr' id='par_1_97' title="bbox 583 5114 2182 5188">
     <span class='ocr_line' id='line_1_97' title="bbox 583 5114 2182 5188; baseline 0 -16"><span class='ocrx_word' id='word_1_775' title='bbox 583 5116 805 5187; x_wconf 90' lang='lat' dir='ltr'><strong>quando</strong></span> <span class='ocrx_word' id='word_1_776' title='bbox 843 5116 899 5172; x_wconf 89' lang='lat' dir='ltr'><strong>in</strong></span> <span class='ocrx_word' id='word_1_777' title='bbox 923 5117 1140 5173; x_wconf 88' lang='lat' dir='ltr'><strong>occulto</strong></span> <span class='ocrx_word' id='word_1_778' title='bbox 1165 5115 1314 5172; x_wconf 85' lang='lat' dir='ltr'><strong>solus</strong></span> <span class='ocrx_word' id='word_1_779' title='bbox 1341 5116 1535 5188; x_wconf 91' lang='lat' dir='ltr'><strong>aspicit</strong></span> <span class='ocrx_word' id='word_1_780' title='bbox 1564 5115 1912 5186; x_wconf 87' lang='lat' dir='ltr'><strong>cogitantem.</strong></span> <span class='ocrx_word' id='word_1_781' title='bbox 1941 5114 2070 5172; x_wconf 86' lang='lat' dir='ltr'><strong>Ideo</strong></span> <span class='ocrx_word' id='word_1_782' title='bbox 2096 5133 2182 5172; x_wconf 91' lang='lat' dir='ltr'><strong>se-</strong></span> 
     </span>
    </p>
   </div>
   <div class='ocr_carea' id='block_1_98' title="bbox 585 5205 2183 5282">
    <p class='ocr_par' dir='ltr' id='par_1_98' title="bbox 585 5205 2183 5282">
     <span class='ocr_line' id='line_1_98' title="bbox 585 5205 2183 5282; baseline -0.001 -17"><span class='ocrx_word' id='word_1_783' title='bbox 585 5209 768 5281; x_wconf 87' lang='lat' dir='ltr'><strong>quitur</strong></span> <span class='ocrx_word' id='word_1_784' title='bbox 808 5207 1030 5266; x_wconf 86' lang='lat' dir='ltr'><strong>dicens:</strong></span> <span class='ocrx_word' id='word_1_785' title='bbox 1063 5205 1288 5282; x_wconf 84' lang='lat' dir='ltr'><strong>Propter</strong></span> <span class='ocrx_word' id='word_1_786' title='bbox 1316 5209 1411 5264; x_wconf 76' lang='lat' dir='ltr'><strong>hoc</strong></span> <span class='ocrx_word' id='word_1_787' title='bbox 1458 5209 1544 5282; x_wconf 82' lang='lat' dir='ltr'><strong>qui</strong></span> <span class='ocrx_word' id='word_1_788' title='bbox 1571 5208 1798 5280; x_wconf 82' lang='lat' dir='ltr'><strong>loquitur</strong></span> <span class='ocrx_word' id='word_1_789' title='bbox 1847 5209 2046 5282; x_wconf 86' lang='lat' dir='ltr'><strong>iniqua,</strong></span> <span class='ocrx_word' id='word_1_790' title='bbox 2077 5226 2183 5264; x_wconf 86' lang='lat' dir='ltr'><strong>non</strong></span> 
     </span>
    </p>
   </div>
   <div class='ocr_carea' id='block_1_99' title="bbox 587 5300 2182 5376">
    <p class='ocr_par' dir='ltr' id='par_1_99' title="bbox 587 5300 2182 5376">
     <span class='ocr_line' id='line_1_99' title="bbox 587 5300 2182 5376; baseline -0.002 -18"><span class='ocrx_word' id='word_1_791' title='bbox 587 5309 756 5376; x_wconf 82' lang='lat' dir='ltr'><strong>potest</strong></span> <span class='ocrx_word' id='word_1_792' title='bbox 782 5301 976 5368; x_wconf 81' lang='lat' dir='ltr'><strong>latere;</strong></span> <span class='ocrx_word' id='word_1_793' title='bbox 999 5300 1092 5356; x_wconf 83' lang='lat' dir='ltr'><strong>sed</strong></span> <span class='ocrx_word' id='word_1_794' title='bbox 1122 5317 1215 5356; x_wconf 86' lang='lat' dir='ltr'><strong>nec</strong></span> <span class='ocrx_word' id='word_1_795' title='bbox 1255 5303 1513 5371; x_wconf 77' lang='lat' dir='ltr'><strong>prazteriet</strong></span> <span class='ocrx_word' id='word_1_796' title='bbox 1553 5300 1700 5356; x_wconf 87' lang='lat' dir='ltr'><strong>illum</strong></span> <span class='ocrx_word' id='word_1_797' title='bbox 1729 5301 2014 5372; x_wconf 85' lang='lat' dir='ltr'><strong>corripiens</strong></span> <span class='ocrx_word' id='word_1_798' title='bbox 2031 5302 2182 5372; x_wconf 69' lang='lat' dir='ltr'><strong>Judi-</strong></span> 
     </span>
    </p>
   </div>
   <div class='ocr_carea' id='block_1_100' title="bbox 587 5389 2184 5466">
    <p class='ocr_par' dir='ltr' id='par_1_100' title="bbox 587 5389 2184 5466">
     <span class='ocr_line' id='line_1_100' title="bbox 587 5389 2184 5466; baseline -0.001 -16"><span class='ocrx_word' id='word_1_799' title='bbox 587 5394 727 5450; x_wconf 86' lang='lat' dir='ltr'><strong>ciunt</strong></span> <span class='ocrx_word' id='word_1_800' title='bbox 754 5408 906 5448; x_wconf 85' lang='lat' dir='ltr'><strong>suum</strong></span> <span class='ocrx_word' id='word_1_801' title='bbox 938 5390 1129 5466; x_wconf 57' lang='lat' dir='ltr'><strong>(Ibid,</strong></span> <span class='ocrx_word' id='word_1_802' title='bbox 1163 5389 1242 5462; x_wconf 92' lang='lat'><strong>8).</strong></span> <span class='ocrx_word' id='word_1_803' title='bbox 1269 5392 1574 5449; x_wconf 87' lang='lat' dir='ltr'><strong>Ostendens</strong></span> <span class='ocrx_word' id='word_1_804' title='bbox 1614 5400 1794 5448; x_wconf 91' lang='lat' dir='ltr'><strong>autem</strong></span> <span class='ocrx_word' id='word_1_805' title='bbox 1840 5391 1931 5448; x_wconf 90' lang='lat' dir='ltr'><strong>ubi</strong></span> <span class='ocrx_word' id='word_1_806' title='bbox 1964 5393 2036 5447; x_wconf 90' lang='lat' dir='ltr'><strong>sit</strong></span> <span class='ocrx_word' id='word_1_807' title='bbox 2069 5393 2184 5449; x_wconf 67' lang='lat' dir='ltr'><strong>haec</strong></span> 
     </span>
    </p>
   </div>
   <div class='ocr_carea' id='block_1_101' title="bbox 586 5482 2186 5554">
    <p class='ocr_par' dir='ltr' id='par_1_101' title="bbox 586 5482 2186 5554">
     <span class='ocr_line' id='line_1_101' title="bbox 586 5482 2186 5554; baseline 0 -12"><span class='ocrx_word' id='word_1_808' title='bbox 586 5484 775 5554; x_wconf 85' lang='lat' dir='ltr'><strong>iniqua</strong></span> <span class='ocrx_word' id='word_1_809' title='bbox 803 5482 1008 5541; x_wconf 88' lang='lat' dir='ltr'><strong>locutio</strong></span> <span class='ocrx_word' id='word_1_810' title='bbox 1024 5525 1040 5551; x_wconf 94' lang='lat'><strong>,</strong></span> <span class='ocrx_word' id='word_1_811' title='bbox 1075 5493 1135 5538; x_wconf 91' lang='lat' dir='ltr'><strong>ut</strong></span> <span class='ocrx_word' id='word_1_812' title='bbox 1161 5492 1489 5554; x_wconf 89' lang='lat' dir='ltr'><strong>agnoscatur</strong></span> <span class='ocrx_word' id='word_1_813' title='bbox 1509 5484 1854 5540; x_wconf 72' lang='lat' dir='ltr'><strong>conscientia:</strong></span> <span class='ocrx_word' id='word_1_814' title='bbox 1879 5485 2051 5554; x_wconf 88' lang='lat' dir='ltr'><strong>magis</strong></span> <span class='ocrx_word' id='word_1_815' title='bbox 2065 5500 2186 5542; x_wconf 91' lang='lat' dir='ltr'><strong>esse</strong></span> 
     </span>
    </p>
   </div>
   <div class='ocr_carea' id='block_1_102' title="bbox 590 5573 2190 5646">
    <p class='ocr_par' dir='ltr' id='par_1_102' title="bbox 590 5573 2190 5646">
     <span class='ocr_line' id='line_1_102' title="bbox 590 5573 2190 5646; baseline -0.001 -15"><span class='ocrx_word' id='word_1_816' title='bbox 590 5588 756 5646; x_wconf 86' lang='lat' dir='ltr'><strong>quam</strong></span> <span class='ocrx_word' id='word_1_817' title='bbox 807 5573 1026 5644; x_wconf 67' lang='lat' dir='ltr'><strong>linguae,</strong></span> <span class='ocrx_word' id='word_1_818' title='bbox 1082 5574 1188 5631; x_wconf 88' lang='lat' dir='ltr'><strong>hoc</strong></span> <span class='ocrx_word' id='word_1_819' title='bbox 1230 5583 1418 5630; x_wconf 90' lang='lat' dir='ltr'><strong>sancta</strong></span> <span class='ocrx_word' id='word_1_820' title='bbox 1473 5573 1752 5646; x_wconf 88' lang='lat' dir='ltr'><strong>Scriptura</strong></span> <span class='ocrx_word' id='word_1_821' title='bbox 1799 5574 2190 5644; x_wconf 88' lang='lat' dir='ltr'><strong>subsequenter</strong></span> 
     </span>
    </p>
   </div>
   <div class='ocr_carea' id='block_1_103' title="bbox 591 5664 2195 5742">
    <p class='ocr_par' dir='ltr' id='par_1_103' title="bbox 591 5664 2195 5742">
     <span class='ocr_line' id='line_1_103' title="bbox 591 5664 2195 5742; baseline -0.001 -20"><span class='ocrx_word' id='word_1_822' title='bbox 591 5668 828 5739; x_wconf 90' lang='lat' dir='ltr'><strong>aperuit,</strong></span> <span class='ocrx_word' id='word_1_823' title='bbox 851 5666 1064 5724; x_wconf 88' lang='lat' dir='ltr'><strong>dicens:</strong></span> <span class='ocrx_word' id='word_1_824' title='bbox 1083 5664 1151 5724; x_wconf 84' lang='lat' dir='ltr'><strong>In</strong></span> <span class='ocrx_word' id='word_1_825' title='bbox 1172 5667 1570 5742; x_wconf 86' lang='lat' dir='ltr'><strong>cogitationibus</strong></span> <span class='ocrx_word' id='word_1_826' title='bbox 1585 5669 1722 5724; x_wconf 87' lang='lat' dir='ltr'><strong>enim</strong></span> <span class='ocrx_word' id='word_1_827' title='bbox 1739 5668 2195 5741; x_wconf 87' lang='lat' dir='ltr'><strong>impiiinterroga-</strong></span> 
     </span>
    </p>
   </div>
   <div class='ocr_carea' id='block_1_104' title="bbox 588 5751 2195 5832">
    <p class='ocr_par' dir='ltr' id='par_1_104' title="bbox 588 5751 2195 5832">
     <span class='ocr_line' id='line_1_104' title="bbox 588 5751 2195 5832; baseline 0 -18"><span class='ocrx_word' id='word_1_828' title='bbox 588 5751 665 5826; x_wconf 62' lang='lat' dir='ltr'><strong>(io</strong></span> <span class='ocrx_word' id='word_1_829' title='bbox 690 5759 790 5814; x_wconf 85' lang='lat' dir='ltr'><strong>erit</strong></span> <span class='ocrx_word' id='word_1_830' title='bbox 811 5758 1000 5832; x_wconf 78' lang='lat' dir='ltr'><strong>(Ibid..</strong></span> <span class='ocrx_word' id='word_1_831' title='bbox 1029 5759 1108 5832; x_wconf 86' lang='lat'><strong>9).</strong></span> <span class='ocrx_word' id='word_1_832' title='bbox 1127 5757 1257 5816; x_wconf 64' lang='lat' dir='ltr'><strong>Haec</strong></span> <span class='ocrx_word' id='word_1_833' title='bbox 1270 5759 1392 5816; x_wconf 92' lang='lat' dir='ltr'><strong>ideo</strong></span> <span class='ocrx_word' id='word_1_834' title='bbox 1404 5759 1514 5816; x_wconf 77' lang='lat' dir='ltr'><strong>dixi</strong></span> <span class='ocrx_word' id='word_1_835' title='bbox 1531 5769 1754 5831; x_wconf 90' lang='lat' dir='ltr'><strong>propter</strong></span> <span class='ocrx_word' id='word_1_836' title='bbox 1765 5757 1914 5830; x_wconf 92' lang='lat' dir='ltr'><strong>quod</strong></span> <span class='ocrx_word' id='word_1_837' title='bbox 1928 5759 1995 5815; x_wconf 91' lang='lat' dir='ltr'><strong>de</strong></span> <span class='ocrx_word' id='word_1_838' title='bbox 2006 5768 2195 5814; x_wconf 90' lang='lat' dir='ltr'><strong>sancto</strong></span> 
     </span>
    </p>
   </div>
   <div class='ocr_carea' id='block_1_105' title="bbox 593 5849 2196 5925">
    <p class='ocr_par' dir='ltr' id='par_1_105' title="bbox 593 5849 2196 5925">
     <span class='ocr_line' id='line_1_105' title="bbox 593 5849 2196 5925; baseline -0.002 -17"><span class='ocrx_word' id='word_1_839' title='bbox 593 5849 800 5923; x_wconf 86' lang='lat' dir='ltr'><strong>Spiritu</strong></span> <span class='ocrx_word' id='word_1_840' title='bbox 825 5852 1043 5918; x_wconf 89' lang='lat' dir='ltr'><strong>dicitur,</strong></span> <span class='ocrx_word' id='word_1_841' title='bbox 1086 5853 1212 5922; x_wconf 89' lang='lat' dir='ltr'><strong>quia</strong></span> <span class='ocrx_word' id='word_1_842' title='bbox 1241 5853 1378 5925; x_wconf 83' lang='lat' dir='ltr'><strong>quod</strong></span> <span class='ocrx_word' id='word_1_843' title='bbox 1421 5854 1648 5908; x_wconf 86' lang='lat' dir='ltr'><strong>continet</strong></span> <span class='ocrx_word' id='word_1_844' title='bbox 1694 5852 1893 5920; x_wconf 88' lang='lat' dir='ltr'><strong>omnia,</strong></span> <span class='ocrx_word' id='word_1_845' title='bbox 1925 5852 2196 5907; x_wconf 79' lang='lat' dir='ltr'><strong>scientiam</strong></span> 
     </span>
    </p>
   </div>
   <div class='ocr_carea' id='block_1_106' title="bbox 588 5939 2186 6013">
    <p class='ocr_par' dir='ltr' id='par_1_106' title="bbox 588 5939 2186 6013">
     <span class='ocr_line' id='line_1_106' title="bbox 588 5939 2186 6013; baseline 0.001 -15"><span class='ocrx_word' id='word_1_846' title='bbox 588 5939 748 6000; x_wconf 67' lang='lat' dir='ltr'><strong>habet</strong></span> <span class='ocrx_word' id='word_1_847' title='bbox 791 5944 950 6000; x_wconf 76' lang='lat' dir='ltr'><strong>cocis.</strong></span> <span class='ocrx_word' id='word_1_848' title='bbox 993 5941 1184 6000; x_wconf 90' lang='lat' dir='ltr'><strong>Omnia</strong></span> <span class='ocrx_word' id='word_1_849' title='bbox 1221 5943 1422 6013; x_wconf 83' lang='lat' dir='ltr'><strong>quippe</strong></span> <span class='ocrx_word' id='word_1_850' title='bbox 1464 5944 1753 6000; x_wconf 86' lang='lat' dir='ltr'><strong>continens</strong></span> <span class='ocrx_word' id='word_1_851' title='bbox 1797 5956 1910 6002; x_wconf 86' lang='lat' dir='ltr'><strong>non</strong></span> <span class='ocrx_word' id='word_1_852' title='bbox 1954 5949 2039 6000; x_wconf 85' lang='lat' dir='ltr'><strong>est</strong></span> <span class='ocrx_word' id='word_1_853' title='bbox 2080 5943 2186 6000; x_wconf 79' lang='lat' dir='ltr'><strong>mi-</strong></span> 
     </span>
    </p>
   </div>
   <div class='ocr_carea' id='block_1_107' title="bbox 2282 4753 3895 4824">
    <p class='ocr_par' dir='ltr' id='par_1_107' title="bbox 2282 4753 3895 4824">
     <span class='ocr_line' id='line_1_107' title="bbox 2282 4753 3895 4824; baseline -0.002 -15"><span class='ocrx_word' id='word_1_854' title='bbox 2282 4769 2511 4824; x_wconf 89' lang='lat' dir='ltr'><strong>quorum</strong></span> <span class='ocrx_word' id='word_1_855' title='bbox 2539 4754 2618 4808; x_wconf 91' lang='lat' dir='ltr'><strong>sic</strong></span> <span class='ocrx_word' id='word_1_856' title='bbox 2645 4760 2729 4808; x_wconf 91' lang='lat' dir='ltr'><strong>est</strong></span> <span class='ocrx_word' id='word_1_857' title='bbox 2749 4768 2857 4808; x_wconf 88' lang='lat' dir='ltr'><strong>una</strong></span> <span class='ocrx_word' id='word_1_858' title='bbox 2886 4761 3097 4816; x_wconf 90' lang='lat' dir='ltr'><strong>natura,</strong></span> <span class='ocrx_word' id='word_1_859' title='bbox 3121 4760 3183 4807; x_wconf 93' lang='lat' dir='ltr'><strong>ut</strong></span> <span class='ocrx_word' id='word_1_860' title='bbox 3201 4767 3390 4808; x_wconf 88' lang='lat' dir='ltr'><strong>eorum</strong></span> <span class='ocrx_word' id='word_1_861' title='bbox 3410 4760 3592 4806; x_wconf 87' lang='lat' dir='ltr'><strong>tamen</strong></span> <span class='ocrx_word' id='word_1_862' title='bbox 3615 4759 3676 4808; x_wconf 91' lang='lat' dir='ltr'><strong>et</strong></span> <span class='ocrx_word' id='word_1_863' title='bbox 3693 4753 3895 4806; x_wconf 73' lang='lat' dir='ltr'><strong>animo:</strong></span> 
     </span>
    </p>
   </div>
   <div class='ocr_carea' id='block_1_108' title="bbox 2284 4838 3885 4916">
    <p class='ocr_par' dir='ltr' id='par_1_108' title="bbox 2284 4838 3885 4916">
     <span class='ocr_line' id='line_1_108' title="bbox 2284 4838 3885 4916; baseline -0.003 -15"><span class='ocrx_word' id='word_1_864' title='bbox 2284 4852 2606 4916; x_wconf 88' lang='lat' dir='ltr'><strong>separentur</strong></span> <span class='ocrx_word' id='word_1_865' title='bbox 2632 4852 2689 4900; x_wconf 93' lang='lat' dir='ltr'><strong>et</strong></span> <span class='ocrx_word' id='word_1_866' title='bbox 2714 4858 2946 4913; x_wconf 89' lang='lat' dir='ltr'><strong>corpora</strong></span> <span class='ocrx_word' id='word_1_867' title='bbox 2973 4861 2986 4898; x_wconf 92' lang='lat'><strong>:</strong></span> <span class='ocrx_word' id='word_1_868' title='bbox 3017 4857 3248 4914; x_wconf 85' lang='lat' dir='ltr'><strong>cumque</strong></span> <span class='ocrx_word' id='word_1_869' title='bbox 3269 4845 3340 4898; x_wconf 91' lang='lat' dir='ltr'><strong>sit</strong></span> <span class='ocrx_word' id='word_1_870' title='bbox 3369 4844 3423 4897; x_wconf 93' lang='lat' dir='ltr'><strong>in</strong></span> <span class='ocrx_word' id='word_1_871' title='bbox 3441 4843 3623 4902; x_wconf 82' lang='lat' dir='ltr'><strong>tribus</strong></span> <span class='ocrx_word' id='word_1_872' title='bbox 3651 4838 3885 4900; x_wconf 46' lang='lat' dir='ltr'><strong>homini.</strong></span> 
     </span>
    </p>
   </div>
   <div class='ocr_carea' id='block_1_109' title="bbox 2285 4935 3902 5002">
    <p class='ocr_par' dir='ltr' id='par_1_109' title="bbox 2285 4935 3902 5002">
     <span class='ocr_line' id='line_1_109' title="bbox 2285 4935 3902 5002; baseline -0.002 -9"><span class='ocrx_word' id='word_1_873' title='bbox 2285 4938 2386 4994; x_wconf 88' lang='lat' dir='ltr'><strong>bus</strong></span> <span class='ocrx_word' id='word_1_874' title='bbox 2412 4937 2588 4992; x_wconf 89' lang='lat' dir='ltr'><strong>unitas</strong></span> <span class='ocrx_word' id='word_1_875' title='bbox 2615 4935 2904 5002; x_wconf 87' lang='lat' dir='ltr'><strong>naturalis,</strong></span> <span class='ocrx_word' id='word_1_876' title='bbox 2937 4935 3136 4991; x_wconf 88' lang='lat' dir='ltr'><strong>nullius</strong></span> <span class='ocrx_word' id='word_1_877' title='bbox 3177 4943 3360 4991; x_wconf 89' lang='lat' dir='ltr'><strong>tamen</strong></span> <span class='ocrx_word' id='word_1_878' title='bbox 3406 4944 3490 4992; x_wconf 87' lang='lat' dir='ltr'><strong>est</strong></span> <span class='ocrx_word' id='word_1_879' title='bbox 3524 4950 3648 4990; x_wconf 87' lang='lat' dir='ltr'><strong>cum</strong></span> <span class='ocrx_word' id='word_1_880' title='bbox 3677 4935 3902 4991; x_wconf 86' lang='lat' dir='ltr'><strong>duobus</strong></span> 
     </span>
    </p>
   </div>
   <div class='ocr_carea' id='block_1_110' title="bbox 2287 5026 3899 5097">
    <p class='ocr_par' dir='ltr' id='par_1_110' title="bbox 2287 5026 3899 5097">
     <span class='ocr_line' id='line_1_110' title="bbox 2287 5026 3899 5097; baseline -0.003 -11"><span class='ocrx_word' id='word_1_881' title='bbox 2287 5045 2438 5095; x_wconf 80' lang='lat' dir='ltr'><strong>caro,</strong></span> <span class='ocrx_word' id='word_1_882' title='bbox 2470 5029 2717 5084; x_wconf 89' lang='lat' dir='ltr'><strong>animave</strong></span> <span class='ocrx_word' id='word_1_883' title='bbox 2738 5027 3058 5084; x_wconf 88' lang='lat' dir='ltr'><strong>communis.</strong></span> <span class='ocrx_word' id='word_1_884' title='bbox 3092 5026 3230 5082; x_wconf 81' lang='lat' dir='ltr'><strong>Hinc</strong></span> <span class='ocrx_word' id='word_1_885' title='bbox 3257 5034 3343 5082; x_wconf 88' lang='lat' dir='ltr'><strong>est</strong></span> <span class='ocrx_word' id='word_1_886' title='bbox 3369 5026 3513 5097; x_wconf 88' lang='lat' dir='ltr'><strong>quod</strong></span> <span class='ocrx_word' id='word_1_887' title='bbox 3543 5027 3795 5097; x_wconf 88' lang='lat' dir='ltr'><strong>separari</strong></span> <span class='ocrx_word' id='word_1_888' title='bbox 3826 5027 3899 5081; x_wconf 84' lang='lat' dir='ltr'><strong>ab</strong></span> 
     </span>
    </p>
   </div>
   <div class='ocr_carea' id='block_1_111' title="bbox 2292 5117 3900 5190">
    <p class='ocr_par' dir='ltr' id='par_1_111' title="bbox 2292 5117 3900 5190">
     <span class='ocr_line' id='line_1_111' title="bbox 2292 5117 3900 5190; baseline -0.001 -14"><span class='ocrx_word' id='word_1_889' title='bbox 2292 5120 2522 5178; x_wconf 87' lang='lat' dir='ltr'><strong>invicem</strong></span> <span class='ocrx_word' id='word_1_890' title='bbox 2549 5129 2814 5178; x_wconf 67' lang='lat' dir='ltr'><strong>creaturae</strong></span> <span class='ocrx_word' id='word_1_891' title='bbox 2833 5119 3088 5190; x_wconf 59' lang='lat' dir='ltr'><strong>quaslibet</strong></span> <span class='ocrx_word' id='word_1_892' title='bbox 3105 5117 3593 5175; x_wconf 87' lang='lat' dir='ltr'><strong>consubstantiales</strong></span> <span class='ocrx_word' id='word_1_893' title='bbox 3615 5129 3860 5188; x_wconf 85' lang='lat' dir='ltr'><strong>possunt</strong></span> <span class='ocrx_word' id='word_1_894' title='bbox 3883 5137 3900 5173; x_wconf 92' lang='lat'><strong>:</strong></span> 
     </span>
    </p>
   </div>
   <div class='ocr_carea' id='block_1_112' title="bbox 2286 5210 3892 5283">
    <p class='ocr_par' dir='ltr' id='par_1_112' title="bbox 2286 5210 3892 5283">
     <span class='ocr_line' id='line_1_112' title="bbox 2286 5210 3892 5283; baseline -0.002 -15"><span class='ocrx_word' id='word_1_895' title='bbox 2286 5213 2414 5283; x_wconf 88' lang='lat' dir='ltr'><strong>quia</strong></span> <span class='ocrx_word' id='word_1_896' title='bbox 2435 5212 2656 5283; x_wconf 68' lang='lat' dir='ltr'><strong>singulae</strong></span> <span class='ocrx_word' id='word_1_897' title='bbox 2683 5228 2866 5270; x_wconf 89' lang='lat' dir='ltr'><strong>earum</strong></span> <span class='ocrx_word' id='word_1_898' title='bbox 2902 5219 3032 5268; x_wconf 68' lang='lat' dir='ltr'><strong>totae</strong></span> <span class='ocrx_word' id='word_1_899' title='bbox 3059 5210 3261 5280; x_wconf 86' lang='lat' dir='ltr'><strong>ubique</strong></span> <span class='ocrx_word' id='word_1_900' title='bbox 3297 5224 3420 5266; x_wconf 88' lang='lat' dir='ltr'><strong>esse</strong></span> <span class='ocrx_word' id='word_1_901' title='bbox 3467 5224 3574 5265; x_wconf 91' lang='lat' dir='ltr'><strong>non</strong></span> <span class='ocrx_word' id='word_1_902' title='bbox 3610 5222 3892 5280; x_wconf 88' lang='lat' dir='ltr'><strong>possunt:</strong></span> 
     </span>
    </p>
   </div>
   <div class='ocr_carea' id='block_1_113' title="bbox 2290 5296 3903 5373">
    <p class='ocr_par' dir='ltr' id='par_1_113' title="bbox 2290 5296 3903 5373">
     <span class='ocr_line' id='line_1_113' title="bbox 2290 5296 3903 5373; baseline -0.001 -15"><span class='ocrx_word' id='word_1_903' title='bbox 2290 5320 2414 5359; x_wconf 89' lang='lat' dir='ltr'><strong>nam</strong></span> <span class='ocrx_word' id='word_1_904' title='bbox 2436 5311 2631 5360; x_wconf 88' lang='lat' dir='ltr'><strong>etcum</strong></span> <span class='ocrx_word' id='word_1_905' title='bbox 2653 5304 2707 5361; x_wconf 90' lang='lat' dir='ltr'><strong>in</strong></span> <span class='ocrx_word' id='word_1_906' title='bbox 2728 5305 2833 5372; x_wconf 85' lang='lat' dir='ltr'><strong>illis</strong></span> <span class='ocrx_word' id='word_1_907' title='bbox 2847 5302 2905 5358; x_wconf 88' lang='lat' dir='ltr'><strong>lit</strong></span> <span class='ocrx_word' id='word_1_908' title='bbox 2923 5317 3024 5373; x_wconf 91' lang='lat' dir='ltr'><strong>per</strong></span> <span class='ocrx_word' id='word_1_909' title='bbox 3043 5301 3272 5370; x_wconf 88' lang='lat' dir='ltr'><strong>gratiam</strong></span> <span class='ocrx_word' id='word_1_910' title='bbox 3291 5296 3437 5367; x_wconf 83' lang='lat' dir='ltr'><strong>ﬁdei,</strong></span> <span class='ocrx_word' id='word_1_911' title='bbox 3454 5308 3511 5355; x_wconf 92' lang='lat' dir='ltr'><strong>ut</strong></span> <span class='ocrx_word' id='word_1_912' title='bbox 3536 5301 3903 5358; x_wconf 80' lang='lat' dir='ltr'><strong>multitudinis</strong></span> 
     </span>
    </p>
   </div>
   <div class='ocr_carea' id='block_1_114' title="bbox 2288 5389 3905 5462">
    <p class='ocr_par' dir='ltr' id='par_1_114' title="bbox 2288 5389 3905 5462">
     <span class='ocr_line' id='line_1_114' title="bbox 2288 5389 3905 5462; baseline 0 -14"><span class='ocrx_word' id='word_1_913' title='bbox 2288 5393 2603 5448; x_wconf 81' lang='lat' dir='ltr'><strong>credentium</strong></span> <span class='ocrx_word' id='word_1_914' title='bbox 2631 5395 2701 5450; x_wconf 88' lang='lat' dir='ltr'><strong>sit</strong></span> <span class='ocrx_word' id='word_1_915' title='bbox 2726 5411 2818 5449; x_wconf 87' lang='lat' dir='ltr'><strong>cor</strong></span> <span class='ocrx_word' id='word_1_916' title='bbox 2839 5403 2891 5448; x_wconf 87' lang='lat' dir='ltr'><strong>et</strong></span> <span class='ocrx_word' id='word_1_917' title='bbox 2917 5392 3094 5447; x_wconf 88' lang='lat' dir='ltr'><strong>anima</strong></span> <span class='ocrx_word' id='word_1_918' title='bbox 3122 5407 3228 5446; x_wconf 75' lang='lat' dir='ltr'><strong>una</strong></span> <span class='ocrx_word' id='word_1_919' title='bbox 3251 5391 3389 5462; x_wconf 83' lang='lat' dir='ltr'><strong>(Act.</strong></span> <span class='ocrx_word' id='word_1_920' title='bbox 3415 5407 3486 5458; x_wconf 79' lang='lat' dir='ltr'><strong>Iv,</strong></span> <span class='ocrx_word' id='word_1_921' title='bbox 3510 5389 3637 5460; x_wconf 71' lang='lat'><strong>32);</strong></span> <span class='ocrx_word' id='word_1_922' title='bbox 3663 5402 3905 5462; x_wconf 88' lang='lat' dir='ltr'><strong>possunt</strong></span> 
     </span>
    </p>
   </div>
   <div class='ocr_carea' id='block_1_115' title="bbox 2290 5483 3905 5558">
    <p class='ocr_par' dir='ltr' id='par_1_115' title="bbox 2290 5483 3905 5558">
     <span class='ocr_line' id='line_1_115' title="bbox 2290 5483 3905 5558; baseline -0.001 -15"><span class='ocrx_word' id='word_1_923' title='bbox 2290 5494 2475 5543; x_wconf 88' lang='lat' dir='ltr'><strong>tamen</strong></span> <span class='ocrx_word' id='word_1_924' title='bbox 2505 5487 2557 5542; x_wconf 90' lang='lat' dir='ltr'><strong>in</strong></span> <span class='ocrx_word' id='word_1_925' title='bbox 2586 5487 2832 5558; x_wconf 89' lang='lat' dir='ltr'><strong>personis</strong></span> <span class='ocrx_word' id='word_1_926' title='bbox 2859 5485 3100 5556; x_wconf 87' lang='lat' dir='ltr'><strong>separari</strong></span> <span class='ocrx_word' id='word_1_927' title='bbox 3127 5485 3371 5540; x_wconf 88' lang='lat' dir='ltr'><strong>locorum</strong></span> <span class='ocrx_word' id='word_1_928' title='bbox 3399 5483 3526 5549; x_wconf 88' lang='lat' dir='ltr'><strong>situ,</strong></span> <span class='ocrx_word' id='word_1_929' title='bbox 3551 5483 3677 5539; x_wconf 89' lang='lat' dir='ltr'><strong>licet</strong></span> <span class='ocrx_word' id='word_1_930' title='bbox 3705 5486 3905 5541; x_wconf 86' lang='lat' dir='ltr'><strong>cordis</strong></span> 
     </span>
    </p>
   </div>
   <div class='ocr_carea' id='block_1_116' title="bbox 2297 5575 3908 5651">
    <p class='ocr_par' dir='ltr' id='par_1_116' title="bbox 2297 5575 3908 5651">
     <span class='ocr_line' id='line_1_116' title="bbox 2297 5575 3908 5651; baseline -0.001 -16"><span class='ocrx_word' id='word_1_931' title='bbox 2297 5595 2407 5636; x_wconf 91' lang='lat' dir='ltr'><strong>non</strong></span> <span class='ocrx_word' id='word_1_932' title='bbox 2438 5587 2758 5651; x_wconf 90' lang='lat' dir='ltr'><strong>separentur</strong></span> <span class='ocrx_word' id='word_1_933' title='bbox 2784 5578 3018 5644; x_wconf 79' lang='lat' dir='ltr'><strong>ali’ectu;</strong></span> <span class='ocrx_word' id='word_1_934' title='bbox 3059 5585 3288 5650; x_wconf 89' lang='lat' dir='ltr'><strong>possunt</strong></span> <span class='ocrx_word' id='word_1_935' title='bbox 3315 5585 3372 5634; x_wconf 91' lang='lat' dir='ltr'><strong>et</strong></span> <span class='ocrx_word' id='word_1_936' title='bbox 3407 5577 3600 5648; x_wconf 66' lang='lat' dir='ltr'><strong>aliquae</strong></span> <span class='ocrx_word' id='word_1_937' title='bbox 3646 5575 3908 5633; x_wconf 83' lang='lat' dir='ltr'><strong>inﬁdeles</strong></span> 
     </span>
    </p>
   </div>
   <div class='ocr_carea' id='block_1_117' title="bbox 2296 5667 3909 5736">
    <p class='ocr_par' dir='ltr' id='par_1_117' title="bbox 2296 5667 3909 5736">
     <span class='ocr_line' id='line_1_117' title="bbox 2296 5667 3909 5736; baseline -0.003 -8"><span class='ocrx_word' id='word_1_938' title='bbox 2296 5685 2365 5728; x_wconf 80' lang='lat' dir='ltr'><strong>ex</strong></span> <span class='ocrx_word' id='word_1_939' title='bbox 2393 5669 2637 5728; x_wconf 88' lang='lat' dir='ltr'><strong>ﬁdelibus</strong></span> <span class='ocrx_word' id='word_1_940' title='bbox 2685 5668 2819 5736; x_wconf 86' lang='lat' dir='ltr'><strong>ﬁeri,</strong></span> <span class='ocrx_word' id='word_1_941' title='bbox 2849 5679 2906 5726; x_wconf 91' lang='lat' dir='ltr'><strong>et</strong></span> <span class='ocrx_word' id='word_1_942' title='bbox 2945 5671 3013 5726; x_wconf 89' lang='lat' dir='ltr'><strong>ab</strong></span> <span class='ocrx_word' id='word_1_943' title='bbox 3042 5670 3184 5726; x_wconf 86' lang='lat' dir='ltr'><strong>illius</strong></span> <span class='ocrx_word' id='word_1_944' title='bbox 3211 5667 3370 5724; x_wconf 90' lang='lat' dir='ltr'><strong>unius</strong></span> <span class='ocrx_word' id='word_1_945' title='bbox 3394 5668 3589 5723; x_wconf 72' lang='lat' dir='ltr'><strong>anima:</strong></span> <span class='ocrx_word' id='word_1_946' title='bbox 3626 5669 3909 5724; x_wconf 87' lang='lat' dir='ltr'><strong>societate</strong></span> 
     </span>
    </p>
   </div>
   <div class='ocr_carea' id='block_1_118' title="bbox 2296 5759 3909 5832">
    <p class='ocr_par' dir='ltr' id='par_1_118' title="bbox 2296 5759 3909 5832">
     <span class='ocr_line' id='line_1_118' title="bbox 2296 5759 3909 5832; baseline -0.001 -15"><span class='ocrx_word' id='word_1_947' title='bbox 2296 5761 2545 5832; x_wconf 90' lang='lat' dir='ltr'><strong>disjungi.</strong></span> <span class='ocrx_word' id='word_1_948' title='bbox 2577 5761 2777 5818; x_wconf 86' lang='lat' dir='ltr'><strong>Natura</strong></span> <span class='ocrx_word' id='word_1_949' title='bbox 2804 5779 2935 5819; x_wconf 91' lang='lat' dir='ltr'><strong>vero</strong></span> <span class='ocrx_word' id='word_1_950' title='bbox 2963 5761 3262 5829; x_wconf 89' lang='lat' dir='ltr'><strong>Trinitatis,</strong></span> <span class='ocrx_word' id='word_1_951' title='bbox 3283 5775 3404 5831; x_wconf 64' lang='lat' dir='ltr'><strong>quae</strong></span> <span class='ocrx_word' id='word_1_952' title='bbox 3429 5760 3548 5816; x_wconf 89' lang='lat' dir='ltr'><strong>sola</strong></span> <span class='ocrx_word' id='word_1_953' title='bbox 3576 5766 3662 5816; x_wconf 89' lang='lat' dir='ltr'><strong>est</strong></span> <span class='ocrx_word' id='word_1_954' title='bbox 3693 5759 3909 5831; x_wconf 76' lang='lat' dir='ltr'><strong>ubique</strong></span> 
     </span>
    </p>
   </div>
   <div class='ocr_carea' id='block_1_119' title="bbox 2295 5852 3911 5926">
    <p class='ocr_par' dir='ltr' id='par_1_119' title="bbox 2295 5852 3911 5926">
     <span class='ocr_line' id='line_1_119' title="bbox 2295 5852 3911 5926; baseline 0.004 -19"><span class='ocrx_word' id='word_1_955' title='bbox 2295 5860 2432 5918; x_wconf 85' lang='lat' dir='ltr'><strong>tota,</strong></span> <span class='ocrx_word' id='word_1_956' title='bbox 2454 5855 2594 5910; x_wconf 91' lang='lat' dir='ltr'><strong>sicut</strong></span> <span class='ocrx_word' id='word_1_957' title='bbox 2622 5855 2818 5926; x_wconf 78' lang='lat' dir='ltr'><strong>ubique</strong></span> <span class='ocrx_word' id='word_1_958' title='bbox 2846 5869 2999 5912; x_wconf 84' lang='lat' dir='ltr'><strong>suum</strong></span> <span class='ocrx_word' id='word_1_959' title='bbox 3033 5854 3195 5909; x_wconf 85' lang='lat' dir='ltr'><strong>habet</strong></span> <span class='ocrx_word' id='word_1_960' title='bbox 3222 5862 3278 5908; x_wconf 91' lang='lat' dir='ltr'><strong>et</strong></span> <span class='ocrx_word' id='word_1_961' title='bbox 3301 5869 3466 5910; x_wconf 87' lang='lat' dir='ltr'><strong>unum</strong></span> <span class='ocrx_word' id='word_1_962' title='bbox 3492 5859 3550 5909; x_wconf 84' lang='lat' dir='ltr'><strong>et</strong></span> <span class='ocrx_word' id='word_1_963' title='bbox 3569 5857 3777 5924; x_wconf 81' lang='lat' dir='ltr'><strong>totum.</strong></span> <span class='ocrx_word' id='word_1_964' title='bbox 3821 5852 3911 5919; x_wconf 73' lang='lat' dir='ltr'><strong>sic</strong></span> 
     </span>
    </p>
   </div>
   <div class='ocr_carea' id='block_1_120' title="bbox 2296 5947 3702 6030">
    <p class='ocr_par' dir='ltr' id='par_1_120' title="bbox 2296 5947 3702 6030">
     <span class='ocr_line' id='line_1_120' title="bbox 2296 5947 3702 6030; baseline 0.007 -28"><span class='ocrx_word' id='word_1_965' title='bbox 2296 5947 2692 6014; x_wconf 88' lang='lat' dir='ltr'><strong>separationem</strong></span> <span class='ocrx_word' id='word_1_966' title='bbox 2724 5965 2828 6004; x_wconf 91' lang='lat' dir='ltr'><strong>non</strong></span> <span class='ocrx_word' id='word_1_967' title='bbox 2858 5957 3036 6019; x_wconf 83' lang='lat' dir='ltr'><strong>potest</strong></span> <span class='ocrx_word' id='word_1_968' title='bbox 3055 5950 3299 6022; x_wconf 82' lang='lat' dir='ltr'><strong>recipere</strong></span> <span class='ocrx_word' id='word_1_969' title='bbox 3330 5972 3702 6030; x_wconf 84' lang='lat' dir='ltr'><strong>personarum.</strong></span> 
     </span>
    </p>
   </div>
  </div>
