4014 6340
221 341 328 419 s97

1617 348 1950 432 eptsrou
1987 372 2122 434 xxv.

3405 391 3516 451 398

293 476 345 532 ο.
385 472 746 532 Nominantur
770 473 986 545 quidem
1000 474 1106 533 illae
1119 475 1377 550 'personm
1404 476 1696 552 aliquando
1707 485 1820 541 sin-
1846 487 1900 551 Α
1921 487 2024 545 bus
2043 489 2124 544 ait
2146 507 2160 542 :
2194 487 2261 544 In
2279 492 2536 560 patientia
2553 500 2726 550 uestra
2742 496 3072 567 possidebat}
3092 506 3297 562 animos
3317 521 3514 566 vestras

219 571 392 642 gulae;
420 569 522 628 sed
556 569 632 626 ita
673 584 735 626 se
754 568 934 636 voluit
967 569 1080 642 ipsa
1127 571 1360 630 Trinitas
1401 574 1820 648 inseparabilem

219 665 510 723 ostendere
522 665 580 722 in
602 663 871 736 personis,
896 672 956 722 ut
980 666 1190 724 nullum
1212 667 1286 724 ibi
1305 683 1505 725 nomen
1523 669 1598 724 sit
1614 685 1726 740 quo
1739 669 1822 730 sic

215 766 444 814 vocetur
457 758 712 828 quaelibet
723 771 827 816 uua
837 771 1094 830 persona,
1107 767 1168 816 ut
1179 775 1288 816 non
1298 767 1394 816 aut
1403 760 1576 818 tribus
1583 761 1821 818 naturali

216 851 430 907 unitate
471 851 797 917 conveniat;
825 859 922 908 aut
953 850 1184 916 alteram
1222 851 1292 908 ad
1324 851 1553 909 alteram
1605 851 1818 919 referri,

213 942 382 998 etiam
415 941 534 1014 ipso
549 943 769 999 nomine
792 942 1181 1014 singularitatis
1197 942 1466 1001 ostendat.
1485 945 1621 1001 Nam
1632 945 1700 1002 de
1713 946 1820 1004 illis

213 1033 513 1100 vocabulis,
543 1034 740 1106 quibus
763 1033 832 1090 ad
856 1049 917 1090 se
936 1035 1154 1106 proprie
1172 1034 1424 1091 dicuntur
1451 1032 1633 1106 Pater,
1662 1044 1720 1092 et
1731 1034 1823 1093 Fi-

210 1124 336 1192 lius,
367 1134 428 1182 et
452 1124 689 1196 Spiritus
715 1133 966 1193 sanctus;
999 1127 1054 1182 in
1078 1127 1273 1206 quibus
1313 1126 1522 1184 scilicet
1564 1143 1675 1208 non
1703 1128 1818 1184 sin-

211 1218 475 1289 gularitas
501 1219 762 1291 cujusque
793 1234 1059 1290 persona,
1089 1219 1185 1274 sed
1210 1219 1522 1275 communio
1549 1227 1821 1276 monstra-

212 1320 296 1368 tur
327 1312 490 1368 unius
527 1314 808 1379 essentize;
835 1328 943 1369 non
966 1321 1050 1368 est
1076 1312 1297 1383 aliquod
1320 1327 1520 1393 nomen
1547 1313 1694 1385 quod
1737 1315 1819 1396 sis

214 1405 366 1461 Patri
394 1406 692 1463 convenire
719 1407 890 1478 possit
917 1414 1012 1462 aut
1051 1405 1210 1473 Filio,
1249 1416 1310 1463 ut
1355 1405 1582 1482 Spiritui
1627 1415 1818 1464 sancto

213 1499 511 1556 convenire
539 1515 651 1555 non
679 1499 872 1571 possit.
901 1497 1110 1574 Dicitur
1136 1499 1286 1556 enim
1304 1498 1469 1556 Pater
1496 1485 1822 1580 naturaliter.

212 1589 396 1657 Deus;
424 1589 529 1646 sed
547 1591 870 1647 naturaliter
897 1601 982 1648 est
1021 1591 1165 1648 Deus
1189 1600 1246 1648 et
1282 1591 1478 1670 Filius,
1503 1593 1820 1650 naturaliter

213 1695 292 1743 est
316 1685 466 1742 Deus
489 1694 549 1742 et
587 1685 824 1758 Spiritus
848 1694 1097 1752 sanctus;
1127 1701 1238 1744 nec,
1255 1695 1436 1744 tamen
1465 1693 1577 1744 tres
1595 1686 1699 1751 Dii,
1722 1686 1819 1742 sed

216 1794 355 1835 unus
378 1777 703 1835 naturaliter
731 1778 876 1834 Deus
900 1787 986 1835 est
1015 1777 1199 1856 Pater,
1229 1788 1288 1835 et
1312 1778 1504 1849 Filius,
1541 1790 1599 1836 et
1641 1777 1816 1851 Spiri-

1925 579 2078 658 (Luc.
2111 599 2222 650 xxi,
2248 583 2360 656 19).
2403 585 2676 647 Fidelibus
2701 591 2866 650 etiam
2893 594 3084 652 beatus
3123 596 3314 654 Petrus
3343 601 3472 656 dicit
3498 625 3509 658 :

1924 672 2200 732 Credattes
2229 686 2404 734 autem
2437 683 2699 739 exsultate
2735 685 2923 744 latitia
2947 689 3310 756 inenarrabili,
3347 703 3396 746 et
3423 697 3513 748 Ιεο-

1922 766 2203 836 noriﬁcatu
2225 786 2243 833 ,'
2265 770 2567 841 recipientes
2594 774 2754 844 ﬁnem
2779 775 2907 846 ﬁdei
2927 787 3130 845 vestra,
3149 781 3372 835 salutem
3403 791 3514 837 ani-

1922 873 2127 956 marum
2154 858 2210 931 (I
2237 859 2387 917 Patr.
2419 878 2458 930 ι,
2489 862 2570 935 8).
2612 865 2820 923 Dicitur
2843 869 3007 925 etiam
3035 871 3090 926 in
3119 871 3258 927 libro
3287 873 3519 944 Sapicn—
3569 939 3589 956 ί

1922 950 2049 1006 tim:
2078 949 2352 1009 Justorum
2377 956 2570 1011 animm
2596 957 2653 1013 in
2677 974 2837 1014 manu
2863 958 2965 1016 Dei
2983 970 3102 1017 sunt
3133 963 3288 1036 (Sap.
3324 981 3401 1030 Ill,
3436 966 3514 1037 ί).

1921 1043 2134 1114 Scimus
2189 1047 2353 1104 etiam
2411 1048 2982 1111 Thessalonicensibus
3037 1057 3258 1112 beatum
3314 1057 3518 1116 dixisse

1922 1133 2262 1206 Apostolum,
2309 1155 2541 1210 quorum
2569 1143 2893 1202 electione
2913 1147 3122 1204 sciebat
3147 1139 3320 1205 a'Deo
3345 1168 3359 1204 :
3392 1150 3518 1222 Ipse

1922 1238 2092 1285 autem
2116 1230 2259 1287 Deus
2281 1236 2426 1304 pacis
2443 1236 2736 1307 satiati/ica
2755 1253 2843 1294 nos
2873 1255 2967 1310 per
2990 1242 3203 1307 omnia;
3237 1252 3287 1296 et
3316 1244 3518 1315 integer

1919 1321 2132 1390 spiritus
2159 1333 2343 1387 uester,
2374 1333 2426 1379 et
2447 1326 2647 1394 anima,
2677 1337 2730 1382 et
2757 1345 2945 1400 corpus
2975 1333 3091 1387 sine
3115 1333 3326 1404 querela
3354 1336 3410 1389 in
3431 1335 3517 1392 die

1920 1409 2134 1484 Domini
2157 1414 2322 1468 nostri
2353 1413 2480 1470 Iesu
2508 1414 2702 1474 Christi
2735 1429 2963 1475 servetur
3002 1420 3058 1492 (Ι
3102 1421 3280 1479 Thess.
3311 1441 3368 1491 v,
3395 1425 3514 1495 25).

1919 1499 2028 1558 Sed
2057 1506 2219 1558 etiam
2249 1506 2303 1560 in
2331 1506 2532 1578 hymno
2555 1510 2715 1565 trium
2743 1527 3034 1582 puerorum
3055 1513 3405 1571 nihilominus
3433 1518 3514 1574 leo

1918 1588 2062 1662 gitur
2085 1607 2098 1642 :
2133 1588 2449 1660 Benedicite,
2473 1595 2686 1665 spiritus
2703 1604 2754 1650 et
2778 1598 2969 1652 anima:
2983 1598 3266 1670 justorum,
3286 1600 3514 1659 Domino

1922 1677 2090 1765 (Dan.
2121 1697 2196 1763 ιιι,
2230 1679 2341 1753 86).
2383 1681 2596 1741 Scimus
2640 1702 2738 1756 per
2762 1689 2989 1758 gratiam
3022 1689 3119 1745 Dei
3166 1701 3222 1747 et
3270 1701 3515 1750 sanctam

1920 1769 2216 1829 Ecclesium
2260 1791 2419 1832 unam
2447 1779 2711 1850 virginem
2742 1784 3073 1853 nuncupari,
3123 1785 3338 1841 dicente
3367 1788 3514 1859 Apo-

215 1880 304 1928 tus
329 1879 566 1929 sanctus.
595 1869 954 1944 Omnipotens
981 1879 1068 1928 est
1109 1871 1291 1939 Pater,
1333 1873 1432 1930 sed
1474 1875 1819 1944 omnipotens
1847 1877 1896 1940 Β
1920 1864 2102 1920 stolo:
2137 1867 2408 1939 Despondi
2430 1873 2567 1926 enim
2606 1890 2693 1929 vos
2739 1877 2830 1929 uni
2871 1877 2980 1932 viro
3023 1880 3271 1950 virginem
3313 1889 3516 1935 castam

221 1974 304 2020 est
324 1965 504 2033 Filius,
535 1965 885 2037 omnipotens
913 1974 998 2023 est
1034 1965 1269 2038 Spiritus
1315 1976 1570 2033 sanctus;
1601 1983 1705 2024 nec
1731 1976 1816 2024 ta-

219 2072 336 2115 men
367 2066 478 2114 tres
515 2057 600 2113 Dii
628 2059 1049 2130 omnipotentes,
1079 2057 1175 2114 sed
1195 2073 1336 2114 unus
1377 2058 1522 2115 Deus
1564 2060 1816 2131 omnipo-

216 2155 332 2224 tens
352 2157 438 2205 est
457 2147 644 2216 Pater,
673 2157 732 2205 et
758 2147 948 2216 Filius,
973 2156 1032 2205 et
1071 2147 1306 2221 Spiritus
1342 2158 1582 2210 sanctus.
1631 2149 1818 2208 IEter-

215 2257 311 2300 uus
337 2251 426 2300 est
450 2243 573 2300 sine
597 2242 756 2299 initio
780 2241 963 2313 Pater,
985 2252 1222 2301 aeternus
1247 2253 1332 2300 est
1365 2244 1483 2300 sine
1531 2244 1685 2301 initio
1725 2244 1814 2302 Fi-

213 2334 333 2404 lius,
377 2342 618 2392 aeternus
662 2343 749 2392 est
788 2335 908 2392 sine
943 2335 1099 2392 initio
1137 2333 1370 2408 Spiritus
1411 2344 1657 2404 sanctus;
1714 2351 1817 2395 nec

213 2434 392 2484 tamen
420 2435 534 2504 tres
563 2425 646 2482 Dii
678 2426 893 2493 interni,
935 2426 1034 2482 sed
1083 2443 1221 2483 unus
1269 2426 1419 2506 Deus
1455 2435 1689 2486 aeternus
1732 2438 1816 2485 est

213 2518 398 2590 Pater,
427 2529 488 2577 et
511 2518 703 2590 Filius,
742 2528 798 2576 et
843 2519 1077 2592 Spiritus
1122 2529 1361 2576 sanctus.
1407 2519 1702 2577 lmmensus
1731 2530 1816 2600 est

215 2613 398 2680 Pater,
447 2613 546 2671 sed
588 2613 886 2669 immensus
927 2620 1012 2668 est
1043 2612 1240 2678 Filius,
1284 2621 1340 2668 et
1383 2613 1677 2670 immensus
1731 2622 1815 2670 est

214 2716 268 2764 et
287 2706 528 2778 Spiritus
553 2714 805 2772 sanctus;
829 2720 932 2762 nec
957 2714 1138 2762 tamen
1170 2715 1283 2761 tres
1311 2705 1394 2761 Dii
1420 2706 1690 2773 immensi,
1713 2707 1814 2764 sed

211 2816 350 2858 unus
377 2800 523 2857 Deus
548 2800 845 2857 immensus
872 2809 957 2856 est
984 2798 1168 2867 Pater,
1195 2807 1254 2854 et
1281 2799 1464 2864 Filius,
1497 2808 1554 2857 et
1579 2799 1814 2873 Spiritus

211 2900 460 2949 sanctus.
483 2891 587 2948 Ubi
609 2905 742 2962 ergo
769 2891 852 2948 sic
886 2899 972 2947 est
997 2905 1196 2946 nomen
1224 2891 1508 2962 quodlibet
1538 2908 1724 2960 unum,
1751 2904 1814 2950 ut

210 2982 372 3040 simul
401 2991 462 3040 et
489 2982 656 3039 tribus
682 2991 740 3039 et
760 2981 984 3052 singulis
1012 2981 1388 3040 indill‘erenter
1414 2985 1589 3056 possit
1619 3001 1814 3044 conve-

210 3077 324 3134 nire
348 3076 636 3149 personis;
667 3083 728 3132 et
764 3075 840 3148 ita
879 3073 1152 3147 singulare
1181 3075 1234 3130 in
1272 3085 1466 3132 natura
1495 3086 1598 3146 est,
1647 3085 1710 3134 ut
1752 3078 1810 3135 in

210 3171 460 3242 personis
487 3183 609 3226 esse
636 3169 848 3240 plurale
871 3185 980 3225 non
1008 3169 1206 3240 possit;
1229 3169 1502 3239 quomodo
1531 3172 1811 3242 separabi-

1919 1958 2161 2015 exliibere
2187 1959 2392 2018 Christe
2416 1963 2505 2035 (II
2528 1966 2648 2023 Cor.
2682 1985 2758 2038 ιι,
2790 1970 2844 2042 2)
2872 1988 2888 2036 ;
2914 1971 3011 2026 sed
3038 1973 3094 2028 in
3121 1973 3236 2043 ipsa
3265 1991 3371 2030 una
3399 1976 3513 2030 vir-

1917 2051 2044 2130 gina
2094 2052 2290 2123 plurali
2335 2071 2562 2113 numero
2607 2060 2773 2115 etiam
2826 2062 3063 2132 virgines
3109 2074 3510 2136 nuncupantur.

1918 2140 2172 2212 Legimus
2197 2149 2402 2202 etiam:
2450 2149 2747 2220 Aﬂ‘erentur
2798 2152 2924 2226 Regi
2965 2155 3190 2226 virgines
3238 2165 3355 2229 post
3398 2173 3514 2215 eam

1919 2231 2094 2320 (Psal.
2135 2253 2279 2304 xuv,
2313 2237 2424 2308 15).
2466 2239 2577 2297 Nec
2605 2243 2734 2299 illud
2763 2254 2846 2301 est
2873 2246 3134 2314 dubium,
3185 2266 3347 2306 unam
3394 2265 3515 2310 esse

1917 2323 2209 2383 Ecclesiam
2237 2345 2358 2399 qum
2382 2347 2482 2402 per
2504 2341 2674 2389 totum
2695 2345 2779 2392 est
2799 2337 2988 2393 orbem
3009 2338 3201 2396 diffusa
3223 2349 3513 2410 terrarum,

1917 2435 2038 2490 quae
2063 2421 2132 2478 ab
2159 2421 2423 2492 Apostolo
2450 2428 2756 2497 appellatur
2783 2429 3026 2486 Ecclesia
3043 2432 3146 2487 Dei
3173 2436 3291 2500 vivi,
3313 2435 3511 2490 colum-

1916 2527 1986 2565 na
2006 2521 2057 2566 et
2077 2513 2463 2583 ﬁrmamentum
2490 2521 2722 2574 ueritatis
2753 2519 2806 2590 (Ι
2842 2521 2977 2577 Tim.
3007 2540 3086 2593 ιιι,
3119 2523 3210 2596 15)
3237 2544 3252 2580 :
3282 2541 3404 2596 quae
3424 2535 3510 2582 ta-

1915 2616 2042 2674 men
2071 2604 2149 2658 sic
2176 2620 2302 2670 una,
2335 2607 2414 2662 sic
2435 2616 2520 2663 est
2548 2617 2604 2664 et
2632 2609 2895 2680 Ecclesia,
2929 2623 2988 2669 ut
3019 2614 3077 2669 in
3105 2630 3168 2670 ea
3200 2617 3382 2687 plures
3409 2634 3508 2689 ap-

1913 2694 2182 2765 pellentur
2201 2695 2474 2754 Ecclesim.
2499 2699 2622 2772 Ipse
2641 2703 2787 2758 enim
2808 2705 3002 2762 beatus
3017 2708 3312 2778 Apostolus
3335 2710 3498 2766 dicit:

1913 2784 2081 2841 Eram
2107 2797 2280 2843 autem
2305 2791 2516 2863 ignotus
2543 2794 2679 2864 facie
2703 2792 2956 2851 Ecclesiis
2977 2796 3202 2868 Judwae,
3223 2817 3339 2872 qua:
3357 2811 3509 2857 erant

1909 2879 1967 2934 in
1992 2879 2196 2937 Christe
2224 2881 2368 2954 (Gal.
2389 2899 2429 2951 ι,
2461 2883 2576 2955 22).
2618 2885 2726 2941 Sed
2751 2896 2808 2943 et
2834 2887 3056 2944 fratrem
3085 2906 3145 2946 se
3165 2891 3296 2948 dicit
3313 2892 3505 2948 Coriu-

1913 2977 2041 3034 tliiis
2068 2977 2387 3057 destinasse,
2434 2982 2584 3054 cujus
2624 2984 2741 3038 laus
2771 2994 2850 3039 est
2875 2985 2933 3038 in
2963 2983 3250 3058 Evangelia
3281 3005 3370 3058 per
3397 3006 3504 3044 om-

1913 3084 2005 3152 nes
2035 3067 2300 3126 Ecclesiae
2345 3070 2429 3137 (II
2471 3071 2594 3128 Cor.
2643 3090 2758 3142 vin,
2809 3073 2922 3147 18).
2983 3074 3242 3134 Ecclesiis
3293 3095 3508 3150 quoque

1912 3155 2134 3215 Galatiae
2161 3177 2221 3219 se
2247 3162 2528 3233 scripsisse
2555 3164 2610 3220 in
2639 3165 2882 3236 ejusdem
2901 3168 3145 3238 epistolae
3165 3168 3506 3228 demonstra-

212 3261 294 3319 ιω
313 3276 435 3318 esse
451 3275 718 3334 personas
732 3260 976 3328 dicimus,
998 3260 1215 3332 quando
1236 3261 1501 3333 pluralem
1525 3278 1810 3320 numerum
1837 3265 1883 3330 ο
1911 3251 1992 3308 vit
2018 3251 2262 3311 exordio.
2325 3252 2537 3312 Fideles
2579 3272 2797 3328 quoque
2824 3273 2952 3315 suos
2982 3276 3149 3316 unum
3177 3261 3358 3317 lumen
3389 3277 3511 3320 esse

216 3353 273 3411 in
290 3353 506 3411 nomine
525 3353 699 3425 recipi
727 3369 834 3410 non
853 3353 1137 3410 videmus?
1157 3351 1428 3426 Quidquid
1452 3355 1596 3412 enim
1622 3357 1809 3428 singu-

212 3446 398 3504 lariter
432 3455 652 3504 tantum
688 3445 982 3504 secundum
1022 3434 1272 3504 naturam
1318 3447 1534 3517 dicitur,
1581 3441 1810 3528 necesse

208 3550 289 3601 est
309 3550 375 3599 ιιι
393 3541 450 3598 in
478 3540 732 3614 personis
767 3555 985 3612 quoque
1024 3539 1460 3617 inseparabiliter
1487 3543 1765 3599 intimetur
1787 3562 1805 3599 :

208 3640 261 3690 et
281 3631 526 3690 ostendit
545 3630 665 3703 ipsa
689 3629 889 3687 veritas
905 3644 1167 3702 personas
1191 3645 1301 3686 non
1322 3645 1482 3702 posse
1501 3630 1687 3696 dividi,
1715 3621 1804 3688 ubi

209 3723 490 3798 quodlibet
512 3737 731 3791 nomen,
755 3722 900 3794 quod
929 3730 1110 3779 tamen
1139 3721 1208 3778 ad
1235 3738 1316 3794 se,
1345 3739 1453 3779 non
1483 3723 1553 3780 ad
1580 3723 1806 3781 alteram

209 3830 548 3890 unaqtmque
568 3831 800 3888 persona
824 3814 1038 3884 dicitur,
1066 3816 1208 3873 sicut
1245 3815 1590 3886 singulariter
1617 3819 1671 3873 in
1697 3833 1804 3875 una

208 3911 427 3984 dicitur,
462 3911 547 3969 sic
576 3911 742 3969 etiam
780 3911 836 3968 in
873 3911 1045 3968 tribus
1089 3910 1435 3981 singulariter
1473 3911 1801 3970 nominatur.

207 4006 339 4068 Nam
373 4010 429 4067 in
457 4025 567 4066 una
600 4023 834 4082 persona
872 4007 1068 4066 dicitur
1116 4022 1256 4063 unus
1311 4006 1552 4077 angelus,
1609 4008 1806 4065 dicitur

206 4117 346 4161 mus
372 4102 544 4161 homo
571 4121 585 4158 :
615 4102 714 4159 sed
737 4101 783 4158 si
813 4108 923 4158 tres
950 4115 1198 4171 personae
1239 4097 1441 4156 fuerint
1485 4101 1804 4170 angelorum

205 4207 292 4258 aut
308 4199 620 4264 hominum,
650 4209 754 4255 nec
778 4212 918 4250 unus
943 4195 1185 4264 angelus,
1215 4209 1319 4251 nec
1344 4209 1485 4251 unus
1517 4194 1680 4252 homo
1702 4210 1805 4266 po—

205 4293 328 4349 terit
351 4289 662 4349 nominari:
693 4289 818 4360 quia
847 4287 901 4342 in
925 4285 1034 4343 illis
1068 4286 1239 4343 tribus
1277 4287 1544 4357 personis,
1584 4302 1707 4357 quae
1745 4289 1804 4346 in

207 4393 404 4441 natura
445 4381 536 4438 vel
580 4379 820 4450 angelica
866 4379 951 4434 vel
995 4378 1228 4434 humana
1276 4380 1648 4449 reperiuntur,
1689 4395 1800 4437 non

203 4487 339 4533 unus
365 4474 590 4543 angelus
612 4479 705 4527 aut
733 4487 868 4527 unus
893 4471 1078 4535 homo,
1110 4471 1206 4526 sed
1233 4470 1350 4526 sine
1372 4470 1536 4527 dubio
1567 4479 1677 4528 tres
1703 4488 1802 4529 ali-

202 4567 301 4638 geli
331 4565 425 4622 vel
446 4573 562 4620 tres
578 4563 825 4619 homines
847 4573 1070 4618 necesse
1091 4562 1250 4634 233
1273 4569 1356 4618 est
1378 4571 1758 4634 nuncupentur
1780 4580 1795 4618 :

1912 3341 2176 3400 Dominus
2207 3335 2390 3401 noster
2417 3347 2733 3416 ostendens,
2763 3349 2841 3406 ait
2886 3349 3164 3422 discipulis
3203 3353 3350 3408 suis:
3403 3353 3507 3412 Vos

1911 3439 2034 3507 estis
2063 3438 2235 3493 lumen
2254 3439 2435 3494 mundi
2465 3440 2682 3513 (Matth.
2712 3457 2768 3510 v,
2801 3441 2891 3512 14)
2917 3461 2934 3512 ;
2958 3451 3017 3501 et
3043 3453 3226 3501 tamen
3250 3446 3347 3501 Dei
3369 3446 3506 3505 ﬁlios

1909 3513 2113 3585 lumina
2135 3528 2327 3587 beatus
2345 3528 2578 3588 Iacobus
2597 3533 2873 3606 appellare
2895 3549 3007 3591 non
3030 3535 3260 3602 dubitat,
3284 3536 3503 3593 dicens:

1912 3607 2079 3676 Omne
2107 3622 2287 3677 datum
2298 3609 2577 3700 cptimum,
2619 3631 2671 3679 et
2698 3641 2852 3680 omne
2878 3624 3072 3682 donum
3098 3629 3383 3700 perfectum
3412 3629 3504 3683 de-

1909 3731 2113 3771 sursum
2140 3725 2241 3786 est,
2269 3697 2584 3773 descendens
2613 3735 2646 3772 a
2673 3716 2837 3773 Patre
2862 3718 3116 3776 luminum
3143 3697 3282 3794 (lac.
3314 3737 3356 3788 ι,
3385 3720 3498 3794 17).

1906 3805 1967 3863 In
1994 3809 2079 3866 his
2108 3809 2293 3880 itaque
2318 3808 2569 3867 omnibus
2607 3818 2668 3867 et
2693 3810 2971 3882 singulare
3007 3813 3313 3871 invenimus
3341 3829 3506 3892 voca-_

1907 3897 2117 3966 bulum,
2150 3908 2205 3956 et
2233 3899 2442 3972 plurale
2466 3917 2481 3955 :
2522 3900 2649 3960 ideo
2671 3909 2855 3959 autem
2878 3903 3122 3976 plurale,
3152 3907 3281 3976 quia
3311 3920 3502 3966 omnes
3601 3937 3616 3953 -

1905 3999 2184 4050 creaturas
2242 3993 2575 4066 separabiles
2623 4009 2744 4052 esse
2775 3995 2914 4074 ipsa
2965 3997 3197 4070 qualitas
3240 4000 3502 4058 naturalis

1905 4083 2181 4152 ostendit;
2207 4085 2332 4144 ideo
2351 4101 2484 4145 vero
2511 4086 2806 4160 singulare,
2834 4089 2962 4160 quia
2989 4099 3051 4146 ut
3078 4092 3150 4147 sit
3167 4107 3274 4147 una
3297 4093 3499 4160 anima,

1903 4194 2046 4236 unus
2072 4179 2313 4251 spiritus,
2345 4195 2453 4236 una
2480 4180 2658 4251 virgo,
2687 4195 2796 4237 una
2815 4179 3084 4253 Ecclesia,
3101 4200 3266 4240 unum
3293 4185 3497 4256 lumen,

1901 4270 2013 4332 hoc
2038 4274 2129 4331 illa
2170 4289 2278 4330 una
2308 4273 2546 4333 Trinitas
2592 4291 2691 4347 per
2717 4292 2872 4333 suam
2897 4278 3129 4348 gratiam
3155 4279 3323 4346 fecit;
3377 4297 3496 4352 qua:

1900 4371 2012 4422 tam
2035 4367 2089 4423 in
2118 4375 2311 4425 natura
2339 4382 2502 4439 quam
2529 4367 2584 4424 in
2611 4371 2860 4441 personis
2885 4371 2964 4427 sic
2990 4380 3074 4427 est
3098 4372 3493 4443 inseparabilis,

1900 4465 1962 4512 ut
1986 4458 2244 4529 quidquid
2273 4459 2346 4515 ibi
2388 4467 2499 4516 tam
2521 4459 2590 4516 de
2618 4477 2725 4517 una
2752 4477 2916 4532 quam
2954 4462 3024 4518 de
3050 4463 3219 4519 tribus
3247 4465 3494 4533 personis

1899 4548 2245 4620 singulariter
2270 4551 2486 4621 dicitur,
2517 4551 2800 4623 pluraliter
2826 4570 2936 4610 non
2965 4554 3190 4612 dicatur.
3245 4555 3362 4613 Non
3391 4557 3492 4613 ita-

199 4630 460 4716 laeterum
482 4669 587 4711 nec
612 4668 753 4710 unus
779 4653 1024 4722 angelus,
1054 4630 1323 4709 ne—c—unus
1350 4654 1512 4709 homo
1550 4630 1657 4711 dici
1693 4669 1797 4724 ρο..
1900 4654 2007 4710 que
2034 4647 2262 4712 possunt
2289 4638 2480 4710 Patris,
2517 4652 2574 4698 et
2615 4642 2761 4714 Filii,
2789 4653 2846 4702 et
2879 4644 3114 4718 Spiritus
3141 4650 3313 4706 sancti
3341 4663 3490 4720 sepe.

197 4760 299 4808 lest
347 4751 442 4806 illa
470 4747 560 4805 vel
593 4745 952 4817 angelicorum
990 4745 1077 4800 vel
1123 4745 1476 4800 humanarum
1516 4745 1796 4815 pluralitas

197 4857 586 4918 personarum;
614 4838 744 4910 quia
763 4853 895 4895 vero
919 4846 1029 4893 tres
1058 4837 1162 4892 illa:
1194 4852 1440 4907 persona:
1462 4835 1546 4890 vel
1571 4835 1796 4904 angelo-

195 4951 312 4994 rum
357 4936 448 4992 vel
476 4933 755 4991 hominum
783 4931 1024 5002 separari
1067 4935 1313 5001 possunt,
1356 4926 1480 4983 ideo
1509 4928 1638 4997 ipsae
1682 4933 1793 4985 tres

194 5043 446 5104 persona
465 5043 575 5084 non
601 5025 869 5097 recipth
894 5022 1053 5080 simul
1095 5036 1260 5078 unum
1289 5028 1494 5078 natura
1516 5020 1791 5091 singulare

194 5121 550 5183 vocabulum;
578 5118 672 5175 sed
693 5118 778 5175 vel
801 5126 910 5172 tres
940 5108 1116 5186 angeli
1143 5114 1229 5171 vel
1257 5122 1367 5170 tres
1395 5115 1641 5172 hontines
1668 5116 1790 5172 sine

194 5211 362 5270 dubio
392 5211 765 5268 nominantur.

262 5329 319 5384 7.
359 5327 481 5384 Non
511 5334 695 5382 autem
723 5325 1033 5394 ignoramus
1059 5327 1156 5392 per
1181 5319 1409 5390 gratiam
1447 5319 1540 5374 Dei
1583 5319 1699 5375 ueri
1727 5328 1790 5374 ut

191 5421 377 5494 plures
402 5418 655 5477 homines
673 5416 882 5489 possint
908 5415 1091 5485 aliqua
1117 5411 1372 5485 singulari
1397 5411 1614 5466 nomine
1641 5421 1784 5467 nun-

191 5513 422 5586 cupari:
473 5511 616 5569 sicut
663 5516 747 5567 est
773 5508 904 5565 illud
951 5506 1094 5578 quod
1122 5511 1286 5578 supra
1321 5505 1431 5575 jam
1460 5504 1740 5603 posuimus
1764 5521 1824 5603 re.

191 5605 736 5677 Haltitsdinisfatitem
750 5604 1065 5660 credentium
1086 5610 1202 5657 erat
1217 5612 1308 5656 eor
1321 5595 1526 5676 [mium]
1537 5605 1586 5653 et
1606 5599 1794 5655 animi

191 5705 302 5755 una
333 5700 470 5772 (Aet.
491 5711 568 5768 tv,
592 5694 730 5771 5!):
763 5701 886 5770 qua!
911 5701 1093 5752 tamen
1121 5693 1200 5751 sic
1227 5677 1424 5749 diditur
1447 5691 1625 5746 anima
1651 5703 1786 5762 una,

187 5800 512 5858 utdicantur
540 5803 596 5854 et
609 5793 818 5859 animm,
838 5790 1074 5846 ﬁdelium
1093 5785 1316 5850 scilicet,
1340 5800 1447 5840 non
1473 5783 1779 5855 impiorum.

187 5889 466 5955 ﬁdelibus
496 5897 634 5952 enim
669 5889 946 5962 discipulis
975 5882 1235 5942 Dominus
1271 5879 1614 5950 loquebatur,
1661 5877 1782 5947 qui-

1901 4733 2009 4789 rari
2039 4749 2312 4805 personae,
2339 4735 2534 4806 quibus
2562 4751 2731 4793 unum
2757 4754 2956 4796 nomen
2978 4741 3223 4797 naturale
3251 4742 3328 4798 sic
3355 4759 3488 4800 con-

1900 4825 2069 4892 venit,
2095 4833 2156 4879 ut
2182 4824 2237 4880 in
2266 4825 2438 4882 tribus
2464 4825 2713 4897 personis
2751 4827 2962 4898 plurale
2989 4845 3109 4886 esse
3137 4846 3246 4888 non
3273 4835 3485 4903 possit:

1898 4925 2130 4988 excepto
2153 4917 2297 4973 enim
2336 4916 2444 4975 hoc
2479 4918 2624 4990 ipso,
2651 4933 2760 4990 quo
2788 4934 3036 4992 personae
3063 4921 3332 4991 dicuntur,
3368 4926 3488 4980 nul-

1897 5010 2009 5066 lum
2034 5027 2232 5068 nomen
2258 5011 2405 5069 aliud
2434 5012 2491 5069 in
2519 5011 2698 5083 Patre,
2723 5022 2779 5070 et
2806 5014 2964 5082 Filio,
2996 5023 3052 5072 et
3070 5013 3277 5088 Spiritu
3297 5028 3487 5074 sancto

1895 5113 2076 5176 potest
2101 5106 2351 5173 inveniri,
2401 5105 2548 5179 quod
2592 5122 2703 5164 non
2741 5106 3082 5178 singulariter
3108 5110 3486 5166 tantummodo

1892 5197 2222 5254 nominetur.
2257 5198 2361 5255 Vix
2388 5207 2568 5255 autem
2589 5197 2696 5255 hoc
2723 5213 2888 5254 unum
2916 5198 3160 5270 reperire
3186 5200 3363 5270 potuit
3391 5199 3482 5254 liu-

1892 5290 2038 5345 mani
2065 5289 2334 5346 sermonis
2361 5289 2563 5360 inopia,
2595 5285 2760 5362 απ
2793 5297 2855 5346 ιιι
2888 5289 3080 5347 saltem
3138 5297 3250 5345 tres
3280 5290 3480 5346 diceret

1889 5399 2010 5442 esse
2039 5399 2336 5456 personas;
2378 5399 2447 5440 ne
2470 5383 2516 5440 si
2541 5385 2627 5441 vel
2647 5385 2754 5441 hoc
2780 5399 2893 5441 non
2919 5383 3210 5449 diceretur,
3244 5382 3481 5441 Trinitas

1887 5491 2008 5533 esse
2037 5476 2342 5533 nullatenus
2365 5476 2712 5547 crederetur,
2759 5485 2816 5533 et
2843 5477 2900 5532 in
2927 5476 3020 5533 illa
3046 5476 3358 5534 omnimoda
3393 5485 3478 5532 ta-

1885 5568 2222 5637 citurnitate,
2249 5566 2375 5626 ﬁdei
2401 5567 2697 5641 periculum
2727 5575 3042 5628 nasceretur

1959 5682 2016 5742 8ο
2053 5682 2340 5753 attonitus,
2363 5683 2664 5742 secunda
2693 5685 2976 5741 veritatem
3005 5680 3132 5740 ﬁdei
3155 5682 3473 5745 Christiana

1886 5775 2138 5843 dicimus,
2160 5791 2326 5833 unum
2354 5775 2524 5834 Deum
2546 5793 2668 5834 esse
2689 5776 3009 5834 naturaliter
3035 5775 3277 5846 Patrem,
3304 5784 3360 5831 et
3381 5775 3470 5829 Fi~

1887 5872 2043 5937 lium.
2063 5881 2121 5932 et
2140 5871 2398 5945 Spiritum
2426 5869 2936 5930 sanctum.Necesse
2962 5869 3050 5927 est
3073 5879 3252 5927 autem
3283 5875 3341 5923 ut
3367 5869 3462 5922 sica
