4072 6332
485 285 590 356 899

1529 308 1584 361 S.
1629 297 1991 362 FULGENTH
2027 295 2326 361 EPISCOPI
2368 303 2735 364 RUSPENSIS

3664 307 3784 389 .500.

487 427 545 470 ut
584 413 896 473 Trinitatem
947 421 1178 478 dicimus
1226 436 1394 477 unum
1443 421 1612 476 Deum
1636 461 1652 486 ,
1717 422 1789 476 ita
1833 421 2075 477 dicamus
2103 424 2154 482 A
2184 423 2504 478 vocabulum
2536 423 2820 494 personale
2848 421 2988 490 quod
3015 421 3085 475 ita
3119 421 3275 474 unius
3304 435 3549 490 persona:
3578 422 3680 488 sit,
3711 432 3772 478 ut

483 524 650 564 unum
677 513 1126 585 omnipotentem,
1159 529 1323 570 unum
1344 521 1624 578 aeternum,
1650 529 1816 569 unum
1841 515 2075 570 immen-

480 618 621 672 sum,
651 621 816 663 unum
845 622 1116 678 magnum,
1141 623 1305 664 unum
1328 607 1642 662 altissimum
1669 623 1685 671 ;
1715 617 1770 662 et
1789 605 2074 684 quidquid,

480 695 536 750 in
562 710 823 770 quantum
849 702 990 758 Deus
1017 701 1324 758 hominibus
1349 700 1520 768 dedit,
1547 715 1654 756 non
1678 701 1849 756 solum
1879 701 1930 754 in
1958 700 2076 754 sin-

482 791 621 860 gulis
648 793 917 863 personis,
945 792 1042 850 sed
1072 793 1234 848 etiam
1263 791 1438 849 simul
1463 792 1518 847 in
1547 792 1722 848 tribus
1749 791 1814 846 ad
1838 791 2073 860 seipsum

429 950 436 956 ,
479 882 830 953 singulariter
859 885 1185 942 nominatur.
1227 885 1307 941 Ne
1333 899 1466 941 vero
1495 899 1564 940 ex
1602 884 1706 940 hoc
1736 883 1880 954 quod
1913 882 2078 938 Pater

482 976 640 1031 unius
685 986 769 1033 est
813 991 1057 1048 persona:
1103 977 1447 1046 vocabulum,
1501 975 1667 1032 Filius
1713 990 1928 1047 quoque
1967 989 2074 1030 una

481 1079 691 1126 tantum
721 1072 919 1129 dicitur
946 1091 999 1129 ιιι
1029 1073 1293 1129 Trinitate
1313 1086 1566 1143 persona,
1597 1071 1845 1126 similiter
1867 1077 1924 1124 et
1951 1085 2075 1125 cum

481 1161 713 1232 Spiritus
741 1175 959 1221 sanctus
988 1167 1207 1237 praprie
1233 1166 1431 1221 dicitur
1454 1205 1469 1230 ,
1500 1164 1658 1219 unius
1686 1177 1933 1234 personas
1961 1162 2075 1219 sin-

479 1255 738 1322 gularitas
783 1258 1079 1325 intimatur,
1129 1259 1412 1328 quisquam
1441 1257 1572 1312 velit
1611 1257 1741 1311 istas
1770 1264 1882 1311 tres
1910 1269 2072 1326 sepa-

479 1347 677 1403 rabiles
716 1365 960 1406 asserere
991 1360 1045 1406 et
1074 1350 1345 1405 afﬁrmare
1375 1364 1636 1421 personas
1661 1367 1674 1402 τ
1728 1349 1780 1403 in
1811 1363 1918 1418 quo
1946 1347 2072 1403 uni-

479 1439 673 1511 cuique
703 1458 948 1511 personm
976 1444 1055 1499 sic
1099 1459 1264 1499 unum
1296 1457 1363 1499 ex
1413 1443 1496 1498 his
1543 1442 1718 1497 tribus
1763 1439 2074 1496 nominibus

478 1538 753 1602 convenit,
785 1548 844 1593 ut
871 1555 1158 1596 commune
1187 1540 1357 1596 tribus
1384 1539 1632 1611 personis
1662 1553 1781 1593 esse
1809 1552 1915 1592 non
1939 1551 2070 1607 pos-

479 1627 567 1682 sit.
611 1627 866 1701 Quisquis
893 1631 998 1687 hoc
1029 1638 1202 1686 tentat
1238 1631 1494 1700 obiicere,
1531 1630 1575 1684 si
1605 1630 1686 1686 sic
1711 1629 1873 1684 sentit
1903 1637 1961 1683 ut
1988 1627 2074 1683 lo-

479 1719 682 1789 quitur,
713 1731 766 1776 et
794 1722 900 1778 hoc
927 1731 1077 1778 tenet
1104 1722 1431 1779 conscientia
1466 1719 1609 1790 quod
1639 1719 1841 1775 indicat
1867 1719 2068 1787 lingua,

2179 515 2244 569 ad
2276 515 2501 569 alteram
2531 514 2720 570 referri
2752 531 2858 568 non
2895 515 3083 585 possit.
3123 513 3229 568 Sed
3255 516 3379 584 quia
3401 515 3506 570 hoc
3534 516 3770 572 nullate-

2179 623 2281 664 nus
2311 608 2603 676 invenitur,
2646 607 2752 663 hoc
2779 608 2896 663 sine
2921 607 3085 667 dubio
3111 606 3179 661 ad
3211 622 3393 662 veram
3424 607 3662 677 pertinet
3702 607 3772 662 ﬁ-

2177 698 2300 754 dem
2327 717 2340 752 :
2391 706 2451 754 ut
2479 709 2587 754 tres
2616 699 2734 754 illas
2763 700 2922 754 unius
2963 707 3124 768 atque
3153 699 3533 769 inseparabilis
3564 708 3772 756 naturze

2177 807 2440 863 personas
2462 794 2601 848 sicut
2627 808 2736 847 non
2767 790 3167 858 confundimus,
3198 792 3272 846 ita
3301 806 3558 862 separare
3587 793 3768 848 nulla-

2177 893 2335 941 tenus
2356 885 2667 940 audeamus.
2693 883 3137 954 Quandoquidem
3155 885 3226 938 ita
3251 884 3405 939 nobis
3427 885 3531 940 hoc
3551 883 3768 953 dignata

2177 988 2262 1037 est
2290 981 2404 1051 ipsa
2429 979 2663 1035 Trinitas
2702 979 2981 1035 evidenter
3025 979 3310 1036 ostendere
3334 1021 3349 1046 ,
3394 987 3454 1035 ut
3497 980 3659 1035 etiam
3711 979 3770 1034 in

2177 1073 2260 1130 his
2307 1057 2643 1139 nominibus,
2691 1072 2885 1143 quibus
2925 1071 3096 1128 voluit
3149 1071 3458 1140 singillatim
3503 1060 3770 1142 personas

2177 1165 2418 1236 agnosci,
2466 1181 2629 1219 unam
2667 1165 2783 1220 sine
2827 1163 2998 1219 altera
3028 1179 3134 1219 non
3186 1164 3464 1235 permittat
3514 1163 3766 1234 intelligi.

2175 1255 2310 1312 Nam
2339 1263 2571 1327 excepto
2599 1255 2744 1326 quod
2777 1255 2845 1311 ad
2874 1271 2933 1312 se
2977 1255 3204 1311 relative
3231 1254 3482 1312 dicuntur
3524 1254 3688 1311 Pater
3713 1265 3771 1312 et

2174 1349 2341 1407 Filius
2365 1393 2380 1419 ,
2414 1351 2502 1406 ubi
2532 1350 2961 1421 inseparabiliter
2991 1365 3211 1406 necesse
3238 1357 3321 1406 est
3341 1350 3606 1405 referatur
3631 1351 3770 1406 alter

2174 1445 2243 1501 ad
2265 1445 2515 1515 alterum,
2544 1459 2666 1500 cum
2687 1444 2787 1498 ista
2805 1442 3024 1497 nomina
3045 1441 3154 1498 sint
3169 1442 3352 1511 utique
3377 1456 3731 1512 personarum
3748 1484 3764 1509 ,

2174 1553 2284 1592 non
2305 1537 2484 1592 minus
2510 1536 2686 1592 omnis
2714 1534 3070 1591 contradictio
3097 1533 3277 1589 deﬁcit
3301 1533 3355 1588 in
3376 1533 3471 1588 illo
3495 1534 3765 1605 personali

2175 1630 2396 1686 nomine
2421 1627 2659 1700 Spiritus
2686 1628 2897 1693 sancti;
2951 1627 3043 1699 qui
3073 1644 3180 1684 non
3212 1627 3356 1683 aliud
3403 1629 3766 1699 personaliter

2172 1731 2395 1778 vocatur
2422 1737 2544 1779 cum
2572 1721 2772 1778 dicitur
2789 1720 3018 1792 Spiritus
3038 1729 3276 1786 sanctus,
3307 1735 3469 1790 quam
3492 1719 3599 1776 hoc
3618 1719 3764 1791 quod

479 1813 656 1870 minus
681 1817 932 1883 attendit,
962 1815 1078 1872 hzec
1102 1817 1320 1871 nomina
1343 1829 1460 1870 esse
1488 1815 1604 1869 sine
1631 1813 1795 1869 dubio
1820 1812 2066 1868 relativa.
2104 1812 2151 1872 B
2177 1814 2495 1869 naturaliter
2521 1822 2578 1869 et
2604 1811 2765 1868 Pater
2791 1819 3016 1868 vocatur
3041 1818 3097 1866 et
3119 1809 3302 1867 Filius.
3347 1809 3480 1865 Nam
3520 1819 3576 1866 et
3601 1809 3766 1867 Pater

478 1900 536 1958 In
567 1906 808 1975 quolibet
836 1915 1016 1962 autem
1066 1907 1294 1962 relativo
1341 1905 1561 1961 nomine
1601 1905 1679 1959 sic
1727 1913 1936 1960 certum
1986 1911 2070 1958 est

479 2009 639 2051 unam
665 1997 717 2050 in
747 1999 922 2068 seipsa
951 1998 1240 2066 significari
1270 2000 1601 2068 personam,‘
1630 2003 1692 2049 ut
1715 1993 1844 2049 hinc
1871 1991 2070 2048 refera-

478 2095 567 2142 tur
591 2087 658 2142 ad
688 2089 909 2143 alteram
936 2107 948 2141 :
982 2098 1037 2144 et
1066 2107 1173 2145 non
1195 2089 1368 2144 solum
1393 2089 1445 2142 in
1466 2087 1549 2142 his
1571 2101 1689 2156 qua:
1711 2083 1903 2140 eadem
1923 2090 2069 2150 sunt,

477 2178 620 2234 sicut
646 2179 842 2236 dicitur
870 2180 1036 2237 frater
1065 2182 1132 2236 ad
1175 2181 1419 2250 fratrem,
1465 2183 1670 2238 amicus
1698 2181 1765 2236 ad
1814 2181 2068 2243 amicum,

481 2272 688 2328 vicinus
735 2274 801 2328 ad
831 2275 1065 2331 vicinum
1092 2293 1106 2340 ;
1157 2277 1252 2332 sed
1282 2277 1444 2331 etiam
1475 2275 1528 2330 in
1559 2275 1644 2329 his
1694 2289 1814 2345 qua:
1842 2260 2073 2328 diversa

481 2371 624 2428 sunt,
657 2363 795 2418 sicut
823 2364 1020 2420 dicitur
1055 2376 1211 2436 pater
1239 2365 1306 2420 ad
1333 2365 1529 2432 tilium,
1573 2365 1713 2420 illius
1738 2365 1804 2419 ad
1836 2374 2068 2435 patrem,

480 2454 692 2520 genitor
720 2453 788 2508 ad
819 2457 1080 2524 genitum,
1105 2457 1190 2510 vel
1234 2457 1446 2526 genitus
1495 2456 1561 2511 ad
1606 2456 1949 2525 genitorem;
2003 2471 2073 2510 ex

479 2547 723 2616 quolibet
743 2549 934 2603 horum
964 2551 1182 2606 nomine
1207 2551 1476 2620 geminam
1498 2549 1721 2617 intelligi
1747 2549 1924 2604 solere
1946 2564 2074 2618 per-

480 2652 691 2694 sonam.
734 2639 919 2710 Neque
942 2642 1084 2696 enim
1109 2641 1162 2695 in
1194 2642 1278 2696 his
1306 2641 1616 2696 nominibus
1645 2640 1722 2695 sic
1753 2657 1858 2696 una
1883 2655 2075 2711 perso-

481 2745 546 2786 na
560 2732 903 2802 singulariter
923 2734 1134 2798 dicitur,
1164 2743 1223 2788 ut
1244 2750 1352 2790 non
1375 2733 1442 2789 ad
1463 2734 1687 2789 alteram
1711 2732 1829 2804 ipso
1854 2749 1954 2788 suo
1979 2748 2080 2789 no-

478 2826 624 2881 mine
666 2825 934 2882 referatur
959 2846 971 2880 :
1018 2828 1246 2882 relativo
1275 2827 1418 2882 enim
1444 2827 1707 2882 vocabulo
1737 2827 1816 2882 sic
1845 2840 2076 2897 persona

481 2918 734 2987 quaelibet
783 2919 979 2974 dicitur
1026 2920 1080 2974 in
1129 2936 1210 2984 se,
1260 2927 1320 2974 ut
1363 2935 1472 2973 non
1503 2919 1713 2974 dicatur
1759 2918 1826 2973 ad
1873 2934 1951 2973 se.
1994 2918 2076 2972 Ad

481 3012 880 3081 agnoscendum
911 3013 1092 3084 itaque
1122 3013 1600 3083 inseparabilitatis
1630 3011 1884 3068 indicium
1913 3012 1985 3067 ita
2017 3027 2078 3067 se

2175 1906 2494 1962 naturaliter
2522 1907 2741 1976 spiritus
2763 1913 2846 1961 est
2865 1948 2880 1974 ,
2911 1913 2967 1960 et
2992 1903 3159 1961 Filius
3197 1904 3517 1960 naturaliter
3543 1905 3765 1976 spiritus

2173 2009 2295 2065 est;
2327 2005 2383 2054 et
2412 1998 2572 2053 Pater
2599 1987 2915 2054 naturaliter
2941 2004 3158 2054 sanctus
3186 2006 3289 2062 est,
3317 2005 3374 2054 et
3410 1996 3574 2054 Filius
3597 2007 3762 2054 natu-

2175 2093 2360 2148 raliter
2407 2103 2625 2149 sanctus
2665 2100 2766 2147 est.
2806 2091 3090 2158 Quomodo
3126 2105 3255 2160 ergo
3302 2099 3482 2161 potest
3527 2107 3764 2162 persona

2174 2184 2405 2256 Spiritus
2433 2184 2605 2240 sancti
2635 2198 2664 2238 a
2692 2199 2922 2254 persona
2952 2183 3128 2238 Patris
3157 2191 3250 2238 aut
3276 2181 3396 2238 Filii
3425 2183 3765 2252 aliquatenus

2176 2277 2438 2348 separari,
2486 2293 2606 2332 cum
2636 2277 2740 2332 hoc
2762 2277 2960 2332 habeat
3006 2276 3237 2348 Spiritus
3280 2285 3498 2332 sanctus
3544 2276 3596 2331 in
3644 2277 3764 2347 ipso

2177 2370 2446 2442 personali
2470 2369 2706 2436 nomine,
2753 2369 2897 2439 quod
2928 2384 3049 2425 cum
3083 2369 3245 2425 Patre
3289 2379 3344 2425 et
3371 2369 3510 2426 Filio
3558 2371 3767 2428 unitate

2177 2465 2408 2519 naturali
2457 2465 2801 2532 cognoscitur
2845 2463 3046 2518 habere
3094 2465 3426 2536 commune?
3465 2463 3578 2521 Hoc
3619 2463 3771 2521 enim

2177 2558 2397 2613 nomine
2425 2573 2532 2612 non
2564 2556 2631 2611 ad
2676 2555 2847 2611 solum
2879 2554 3116 2623 Patrem,
3149 2557 3289 2611 sicut
3317 2555 3520 2623 Filius;
3569 2573 3671 2612 nec
3701 2555 3772 2616 ad

2178 2649 2352 2703 solum
2384 2646 2600 2711 Filium,
2630 2647 2771 2701 sicut
2799 2644 2997 2700 Pater:
3032 2645 3129 2701 sed
3161 2645 3320 2700 simul
3358 2653 3412 2700 et
3453 2645 3519 2700 ad
3548 2644 3773 2705 Patrem

2177 2751 2234 2798 et
2260 2741 2326 2795 ad
2352 2739 2545 2794 Filium
2577 2737 2840 2804 refertur,
2879 2737 3096 2806 quando
3126 2745 3180 2793 et
3210 2735 3382 2792 Patris
3411 2746 3465 2792 et
3499 2736 3618 2791 Filii
3649 2736 3769 2808 Spi-

2178 2836 2312 2890 ritus
2341 2833 2700 2903 nuncupatur.
2741 2830 2876 2885 Nam
2909 2838 2965 2884 et
2989 2833 3119 2886 cum~
3145 2829 3260 2900 ipse
3287 2829 3522 2900 Spiritus
3551 2840 3769 2890 sanctus

2177 2925 2374 2982 dicitur
2397 2924 2615 2988 donum,
2640 2924 2707 2978 ad
2728 2923 3048 2978 donatorem
3072 2923 3506 2994 inseparabiliter
3519 2923 3772 2979 refertur.

2179 3017 2332 3074 Hanc
2383 3015 2894 3088 inseparabilitatem
2942 3031 3296 3086 personarum
3353 3016 3533 3071 sciens
3580 3016 3779 3073 beatus

484 3106 574 3162 illa
604 3124 709 3162 una
739 3122 976 3176 veraque
1005 3108 1257 3164 divinitas
1286 3109 1340 3163 in
1370 3109 1594 3177 singulis
1631 3108 1878 3179 personis
1905 3105 2078 3162 voluit
2180 3111 2366 3178 David,
2398 3111 2612 3166 dicebat
2637 3109 2750 3165 Deo
2778 3128 2790 3164 :
2822 3107 2934 3173 Quo
2963 3109 3047 3164 ibo
3076 3127 3110 3162 a
3139 3109 3338 3180 Spiritu
3369 3119 3480 3177 tuo,
3504 3117 3554 3165 et
3581 3127 3613 3162 a
3637 3111 3782 3181 facie

485 3199 1060 3256 incommunicabiliter
1086 3210 1111 3238 α
1141 3202 1428 3264 nominari,
1478 3212 1536 3256 ut
1583 3219 1688 3256 una
1744 3211 1925 3257 tamen
1955 3215 2078 3271 per-
2105 3200 2151 3262 C
2185 3216 2269 3262 tua
2298 3224 2396 3279 quo
2428 3207 2629 3278 fugiam
2649 3206 2674 3258 ε)
2697 3204 2757 3260 Si
2788 3204 3068 3259 ascendere
3095 3205 3149 3258 in
3190 3203 3393 3268 calum,
3438 3213 3492 3256 tu
3534 3203 3638 3257 illic
3667 3219 3725 3257 es
3758 3220 3777 3269 ,°

483 3301 617 3347 soiia
647 3293 764 3349 sine
792 3294 960 3348 altera
992 3309 1099 3349 non
1129 3302 1312 3364 posset
1333 3293 1580 3363 intelligi.
1608 3293 1741 3348 Nam
1767 3309 1890 3349 cum
1916 3290 2078 3347 Pater

485 3381 553 3437 ad
578 3382 791 3443 Filium.
818 3385 903 3440 vel
931 3384 1097 3440 Filius
1125 3384 1390 3440 referatur
1413 3383 1480 3440 ad
1510 3383 1726 3440 Patrem
1757 3427 1770 3451 ,
1804 3384 1930 3439 licet
1961 3383 2077 3438 sin-

485 3475 606 3544 gula
640 3475 862 3544 singulis
892 3483 1102 3531 tantum
1131 3477 1342 3548 possint
1380 3477 1598 3532 nomina
1630 3477 1922 3533 convenire
1953 3491 2081 3546 per-

485 3565 649 3631 sonis,
693 3575 749 3620 et
773 3568 1207 3622 communionem
1259 3568 1472 3624 illorum
1521 3569 1748 3623 duorum
1800 3568 2078 3623 nominum

484 3659 706 3714 omnino
732 3667 946 3716 recuset
972 3660 1276 3731 proprietas
1311 3675 1664 3730 personarum
1691 3700 1707 3725 ,
1760 3677 1866 3715 non
1897 3668 2078 3715 tamen

485 3745 650 3804 Pater
673 3749 791 3806 sine
815 3749 953 3805 Filio
1005 3751 1371 3820 cognoscitur,
1419 3766 1523 3806 nec
1562 3750 1680 3805 sine
1709 3749 1869 3804 Patre
1911 3748 2079 3804 Filius

483 3847 774 3904 invenitur.
830 3845 1044 3902 Relatio
1090 3847 1292 3918 quippe
1340 3845 1433 3901 illa
1481 3845 1731 3901 vocabuli
1781 3844 2080 3916 personalis

381 3942 399 3963 '
484 3953 747 4009 personas
772 3938 1020 4012 separari
1049 3947 1235 3994 vetat:
1267 3953 1402 4009 quas
1432 3939 1593 3994 etiam
1623 3937 1749 3992 dum
1777 3953 1884 3991 non
1920 3937 2080 3992 simul

485 4030 750 4096 nominat,
787 4029 943 4084 simul
971 4030 1228 4086 insinuat.
1270 4030 1440 4086 Nemo
1470 4038 1653 4086 autem
1683 4028 1868 4084 audire
1897 4029 2087 4099 potest

485 4122 907 4192 unumquodque
937 4126 1161 4180 istorum
1196 4125 1494 4190 nominum,
1521 4125 1572 4179 in
1604 4139 1713 4194 quo
1741 4140 1847 4178 non
1877 4123 2078 4179 intelli-

485 4229 616 4286 gere
643 4224 866 4284 cogatur
885 4225 940 4272 et
968 4217 1194 4272 alterum
1222 4235 1234 4270 :
1267 4218 1411 4286 quod
1438 4217 1592 4273 nobis
1621 4217 1812 4272 beatus
1839 4213 2078 4272 Joannes

485 4289 744 4372 insinuat,
769 4307 990 4363 dicens:
1032 4306 1214 4363 Omnis
1247 4307 1333 4380 qui
1380 4317 1534 4380 negat
1579 4307 1794 4373 Fitium,
1849 4324 1940 4362 nec
1969 4306 2082 4362 Pa-

483 4408 618 4454 trem
643 4399 835 4466 habet;
881 4403 967 4472 qui
1013 4403 1288 4472 conﬁtetur
1336 4399 1552 4465 Filium,
1586 4410 1636 4455 et
1673 4399 1888 4456 Patrem
1931 4399 2082 4454 habet

485 4490 543 4562 (Ι
567 4493 722 4549 .loan.
758 4510 814 4558 ιι,
846 4493 961 4566 25).
1003 4494 1157 4560 Quod
1187 4495 1372 4565 utique
1413 4502 1701 4566 propterea
1745 4494 1908 4558 dixit,
1953 4493 2080 4565 quia

2183 3301 2229 3354 si
2257 3299 2571 3355 descendero
2600 3298 2654 3351 in
2692 3297 2984 3368 infernum,
3027 3295 3152 3348 ades
3185 3293 3358 3365 (Psat.
3393 3308 3664 3360 cxxxvm,
3693 3293 3786 3360 7).

2182 3391 2338 3460 Quod
2367 3390 2552 3460 utique
2580 3404 2686 3444 non
2717 3389 2941 3451 diceret,
2970 3387 3013 3441 si
3045 3401 3330 3457 personam
3354 3382 3584 3456 Spiritus
3604 3386 3794 3444 sancti

2182 3501 2214 3539 a
2244 3498 2476 3555 persona
2508 3481 2681 3536 Patris
2715 3480 3072 3550 separabilem
3111 3479 3294 3534 sciret.
3338 3477 3632 3558 Propterea
3680 3493 3794 3534 au-

2180 3589 2292 3636 tem
2319 3594 2379 3635 se
2404 3593 2506 3634 nec
2525 3577 2593 3632 ab
2623 3576 2828 3647 Spiritu
2855 3575 2950 3630 Dei
2979 3573 3148 3636 abire,
3179 3589 3282 3630 nec
3308 3573 3375 3628 ab
3405 3572 3520 3644 ipso
3550 3571 3670 3628 Deo
3702 3572 3797 3629 fu-

2181 3687 2309 3744 gere
2335 3686 2607 3742 quoquam
2636 3683 2797 3741 posse
2832 3667 3046 3723 dicebat
3072 3704 3086 3728 ,
3118 3666 3242 3736 quia
3272 3674 3533 3734 noverat,
3561 3665 3796 3736 insepa-

2181 3764 2424 3819 rabiliter
2452 3771 2509 3819 et
2545 3762 2713 3818 Deum
2745 3775 2865 3816 esse
2908 3761 2958 3815 in
3003 3759 3206 3831 Spiritu
3238 3775 3363 3824 suo,
3417 3766 3472 3813 et
3516 3747 3796 3828 Spiritum

2183 3855 2278 3911 Dei
2310 3869 2430 3910 esse
2453 3854 2504 3908 in
2535 3853 2647 3908 Deo
2678 3871 2690 3905 :
2725 3867 2834 3906 non
2863 3851 3002 3906 sicut
3029 3861 3112 3906 est
3144 3848 3197 3903 in
3224 3848 3336 3904 Deo
3365 3857 3652 3915 creatura,
3685 3848 3796 3904 sed

2183 3947 2323 4002 sicut
2344 3945 2563 4016 spiritus
2587 3943 2723 4013 ejus,
2755 3943 2847 4013 qui
2879 3958 2986 3997 non
3016 3942 3238 3996 alterius
3268 3947 3478 3994 natura:
3501 3949 3586 3995 est
3610 3954 3795 4009 quam

2183 4047 2266 4095 est
2302 4039 2417 4108 ipse
2445 4037 2587 4092 Deus
2636 4036 2690 4090 in
2719 4050 2826 4106 quo
2879 4042 2981 4089 est.
3043 4032 3198 4100 Quod
3247 4032 3341 4087 illo
3386 4031 3511 4087 loco
3559 4039 3801 4087 sanctus

2183 4128 2420 4186 ostendit
2442 4125 2756 4197 Apostolus,
2788 4126 2877 4180 ubi
2899 4140 3023 4181 cum
3052 4123 3276 4179 dixisset
3300 4141 3313 4174 :
3341 4120 3508 4178 Nobis
3531 4123 3674 4176 enim
3699 4139 3804 4176 re-

2183 4219 2364 4274 uelauit
2387 4217 2526 4272 Deus
2557 4234 2647 4288 per
2683 4217 2938 4288 Spiritum
2965 4231 3152 4270 suum:
3185 4215 3415 4286 Spiritus
3435 4215 3571 4268 enim
3600 4216 3806 4268 omnia

2184 4318 2463 4375 scrutatur,
2493 4309 2651 4362 etiam
2673 4307 2938 4379 profunda
2969 4305 3108 4371 Dei;
3141 4306 3400 4362 continuo
3425 4305 3651 4360 humani
3672 4305 3812 4376 spi-

2184 4401 2319 4455 ritus
2348 4399 2559 4454 induxit
2588 4399 2894 4468 exemplum
2913 4441 2928 4464 ,
2959 4397 3145 4453 dicens
3171 4414 3184 4450 :
3231 4394 3359 4460 Quis
3387 4397 3526 4450 enim
3554 4396 3656 4450 scit
3687 4397 3818 4452 Iro-

2183 4493 2381 4546 minum
2408 4506 2524 4561 quae
2549 4499 2668 4544 sunt
2716 4489 2958 4554 hominis,
3010 4489 3111 4542 nisi
3159 4490 3371 4560 spiritus
3419 4486 3650 4542 hominis
3705 4488 3824 4560 qui

483 4586 914 4656 inseparabiliter
941 4584 1103 4640 Pater
1125 4582 1392 4641 referatur
1419 4585 1484 4640 ad
1506 4584 1722 4652 Filium,
1766 4592 1821 4638 et
1867 4583 2078 4652 insepa-
2105 4588 2160 4649 Ῑ)
2183 4585 2237 4638 in
2266 4583 2380 4654 ipso
2420 4583 2535 4636 est?
2563 4581 2650 4635 Ita
2678 4598 2740 4636 ea
2770 4597 2882 4652 quos
2910 4579 3011 4634 Dei
3037 4590 3188 4646 sunt,
3220 4596 3368 4634 nemo
3399 4579 3641 4650 cognovit
3688 4581 3829 4636 nisi

482 4675 732 4732 rabiliter
757 4675 926 4730 Filius
955 4675 1220 4730 referatur
1240 4676 1313 4731 ad
1334 4673 1571 4730 Patrem.
1612 4674 1730 4730 Non
1759 4685 1889 4741 ergo
1919 4687 2076 4744 sepa-

481 4776 631 4823 ratur
660 4782 890 4838 persona
918 4765 1093 4823 Patris
1139 4783 1169 4821 a
1215 4777 1448 4839 persona
1483 4765 1626 4834 Filii,
1675 4765 1928 4834 quotiens
1984 4773 2078 4818 aut

491 4863 649 4917 Pater
678 4870 890 4917 tantum
922 4863 1257 4927 nominatur,
1285 4871 1378 4918 aut
1401 4861 1568 4918 Filius
1594 4884 1604 4914 :
1639 4859 2075 4933 quandoquidem

481 4953 642 5012 Pater
670 4972 778 5010 non
807 4955 1021 5023 dicitur,
1053 4957 1154 5012 nisi
1185 4955 1452 5012 referatur
1483 4956 1546 5012 ad
1579 4954 1793 5020 Filium,
1849 4969 1949 5008 nec
1991 4951 2080 5008 Fi-

480 5045 582 5101 lius
608 5046 820 5114 dicitur,
852 5048 955 5103 nisi
979 5047 1248 5103 referatur
1269 5045 1338 5103 ad
1363 5046 1577 5104 Patrem
1605 5066 1618 5100 :
1647 5048 1699 5102 in
1729 5046 1905 5102 Patris
1930 5045 2076 5101 enim

480 5139 700 5193 nomine
735 5140 808 5195 ita
838 5139 1052 5208 genitor
1088 5139 1416 5213 agnoscitur,
1473 5148 1532 5194 ut
1559 5154 1627 5193 ex
1651 5138 1761 5193 hoc
1787 5145 1843 5193 et
1871 5137 1962 5192 ille
1982 5137 2078 5207 qui

480 5238 565 5286 est
589 5233 800 5302 genitus
845 5232 1144 5299 intimetur,
1192 5241 1246 5286 et
1293 5232 1584 5304 appellatio
1612 5229 1778 5302 geniti
1823 5229 2077 5286 admonet

481 5338 770 5394 personam
798 5322 1058 5390 genitoris
1080 5325 1320 5392 agnosci.
1361 5322 1496 5378 Hinc
1525 5330 1608 5377 est
1655 5321 1801 5392 quod
1839 5322 1979 5378 sicut
2005 5322 2075 5378 ab

479 5429 548 5471 eo
574 5415 667 5485 qui
709 5412 997 5469 conﬁtetur
1023 5412 1237 5480 Filium,
1270 5415 1430 5486 235
1483 5412 1645 5470 Pater
1694 5412 1944 5480 habetur,
1993 5415 2074 5472 sic

480 5507 549 5563 ab
578 5522 645 5562 eo
674 5507 764 5577 qui
789 5505 978 5562 Filium
1009 5507 1309 5576 negaverit,
1339 5521 1445 5562 non
1471 5506 1719 5563 habetur.

551 5599 606 5654 9.
647 5596 900 5668 Quisquis
928 5597 1057 5669 ergo
1086 5597 1438 5670 ‘separabiles
1477 5597 1608 5655 dicit
1648 5615 1768 5657 esse
1811 5601 2106 5673 personas’

479 5691 654 5748 Patris
683 5700 740 5747 et
766 5690 926 5760 Filii,
953 5693 1205 5752 ostendat
1243 5693 1298 5748 in
1341 5694 1590 5767 quolibet
1613 5709 1804 5754 eorum
1847 5692 2074 5769 aliquod

548 5861 574 5889 ι
601 5849 699 5908 Ms.
725 5849 886 5913 ΤΙ-ιιι..
918 5854 1422 5910 mcemmutabiliter.

2187 4674 2416 4744 Spiritus
2447 4672 2547 4727 Dei
2578 4672 2637 4741 (Ι
2663 4671 2782 4727 Cor.
2815 4689 2880 4738 ιι,
2913 4670 3124 4742 10-12).
3178 4670 3330 4726 Sicut
3377 4683 3508 4740 ergo
3557 4670 3832 4740 spiritus

2188 4766 2443 4832 hominis,
2477 4766 2570 4836 qui
2597 4766 2651 4818 in
2681 4765 2798 4834 ipso
2827 4773 2928 4828 est,
2955 4763 3077 4818 ideo
3107 4763 3207 4818 scit
3235 4777 3354 4832 qua:
3375 4767 3498 4816 sunt
3520 4761 3836 4832 hominis,

2187 4861 2314 4929 quia
2344 4858 2584 4928 ejusdem
2618 4868 2823 4911 natura:
2852 4863 2936 4911 est
2977 4853 3131 4924 cujus
3160 4863 3245 4909 est
3281 4854 3445 4908 homo
3475 4852 3527 4906 in
3555 4866 3684 4920 quo
3726 4862 3843 4910 est

2190 4950 2303 5022 (ubi
2333 4949 2503 5017 magis
2532 4948 2847 5004 interiorem
2885 4946 3158 5001 hominem
3189 4943 3560 5014 accipiendum
3591 4945 3851 5000 existi-

2183 5043 2337 5114 mo):
2371 5042 2446 5096 ita
2473 5049 2530 5096 et
2558 5055 2676 5110 qua:
2704 5039 2800 5096 Dei
2829 5052 2955 5095 sunt
2995 5039 3115 5094 ideo
3164 5053 3325 5093 nemo
3365 5034 3624 5106 cognovit
3703 5039 3851 5096 nisi

2183 5134 2416 5206 Spiritus
2442 5135 2559 5201 Dei,
2586 5135 2714 5204 quia
2745 5134 2824 5190 sic
2854 5135 2907 5188 in
2937 5119 3050 5189 Deo
3074 5143 3157 5188 est
3197 5147 3295 5203 per
3322 5131 3584 5185 unitatem
3637 5142 3857 5188 natu-

2181 5243 2277 5294 rze,
2310 5235 2372 5282 ut
2393 5243 2503 5283 non
2524 5228 2595 5282 sit
2623 5227 2827 5299 aliquid
2857 5228 2912 5282 in
2939 5226 3075 5293 Deo,
3102 5225 3249 5296 quod
3275 5239 3384 5280 non
3413 5223 3584 5294 possit
3609 5221 3861 5294 Spiri-

2179 5329 2266 5376 tus
2291 5320 2407 5390 ejus
2430 5321 2660 5376 naturali
2685 5320 2893 5378 unitate
2919 5333 3270 5389 cognoscere.

2251 5412 2337 5468 10.
2401 5413 2564 5469 lstam
2612 5415 2810 5484 quippe
2855 5411 3246 5482 plenitudinem
3291 5407 3616 5478 cognitionis
3690 5410 3868 5466 sola

2095 5511 2101 5534 ί
2179 5507 2421 5579 possidet
2448 5508 2629 5565 unitas
2674 5506 2972 5573 naturalis;
3029 5521 3128 5576 per
3155 5519 3318 5574 quam
3357 5503 3434 5558 sic
3463 5508 3548 5554 est
3576 5498 3646 5553 in
3695 5499 3873 5558 Deo

2018 5882 2102 5936 ,ῖρΙ

2177 5583 2412 5672 Spiritus
2437 5602 2577 5672 ejus,
2605 5608 2668 5656 ut
2694 5615 2834 5659 unus
2857 5614 2982 5656 cum
3023 5598 3118 5655 illo
3153 5597 3226 5653 sit
3253 5592 3574 5666 naturaliter
3602 5590 3864 5649 Deus.

2177 5693 2282 5764 Qui
2328 5703 2509 5752 tamen
2567 5695 2647 5752 sic
2671 5693 2728 5752 in
2769 5692 2884 5753 Deo
2914 5701 3020 5760 est,
3068 5700 3126 5749 et
3165 5706 3302 5750 unus
3327 5701 3454 5764 cum
3496 5685 3591 5758 illo
3647 5685 3885 5748 Deus
