4066 6346
251 477 345 538 “Et

1628 478 1957 536 EPlSTOLA
1995 478 2126 538 XIV.

3412 443 3516 544 los

250 585 353 665 est,
403 577 598 670 tithon
630 612 751 652 cum
800 612 866 652 eo
893 612 1052 651 unam
1101 612 1385 667 personam
1433 595 1648 664 habeat,
1699 595 1837 654 sicut
1864 601 1910 657 A
1939 611 2062 651 nem
2091 595 2298 658 mortis,
2337 602 2392 650 et
2419 611 2546 652 caro
2575 598 2837 653 exanimis
2864 599 2916 653 in
2946 598 3194 669 sepulcro
3220 598 3415 668 jacuit,
3463 609 3520 657 et

252 690 417 747 habet
443 687 564 746 cum
599 689 820 745 homine
849 690 1068 760 spiritus
1097 691 1257 762 236
1281 691 1372 762 qui
1402 691 1454 746 in
1485 691 1702 746 homine
1731 701 1832 748 est.

251 780 355 838 Sed
386 779 520 836 illud
543 779 865 848 cognitionis
894 780 1200 850 exemplum
1229 797 1327 852 pro
1355 783 1562 836 unitate
1581 784 1834 850 naturali,

253 887 366 942 qua:
397 873 599 926 nullam
630 871 682 925 in
711 869 900 936 Patre,
933 879 988 926 et
1015 871 1182 935 Filio,
1217 881 1271 927 et
1300 871 1500 942 Spiritu
1531 883 1717 928 sancto
1738 873 1839 928 dif-

255 965 532 1020 ferentiam
561 965 884 1034 cognitionis
907 980 1026 1020 esse
1054 966 1336 1034 permittit,
1370 967 1584 1020 beatum
1610 965 1840 1036 Aposto-

255 1061 360 1116 lum
391 1057 639 1128 posuisse
676 1056 1032 1111 certissimum
1064 1063 1183 1110 est:
1234 1057 1356 1124 quia
1389 1072 1495 1110 una
1524 1056 1614 1110 illa
1643 1066 1835 1112 natura

253 1149 641 1222 inseparabilis,
692 1158 864 1203 totum
893 1147 1149 1219 quidquid
1195 1149 1249 1202 in
1278 1165 1335 1203 se
1367 1149 1681 1203 naturaliter
1708 1155 1791 1204 est
1817 1187 1835 1213 ,

255 1260 356 1300 non
385 1243 656 1297 diversum
684 1241 779 1296 sed
811 1256 993 1306 unum,
1053 1247 1109 1295 et
1157 1249 1328 1295 totum
1376 1241 1516 1296 sicut
1559 1242 1612 1296 in
1643 1242 1836 1306 tribus,

252 1335 324 1390 sic
354 1335 410 1388 in
441 1332 664 1403 singulis
694 1339 908 1388 constat
935 1346 1054 1386 esse
1075 1332 1345 1402 personis.
1389 1329 1492 1387 Ubi
1521 1331 1588 1387 ad
1615 1332 1841 1388 demon-

253 1427 528 1483 strandam
553 1426 824 1496 pr0priam
855 1423 1085 1494 Spiritus
1133 1424 1307 1479 sancti
1356 1437 1660 1493 personam,
1714 1440 1841 1481 vere

255 1518 305 1573 in
357 1516 606 1586 ejusdem
668 1515 912 1570 doctrina
960 1514 1191 1584 Spiritus
1251 1515 1550 1584 apostolica
1601 1514 1842 1583 vigilavit

254 1610 570 1674 auctoritas,
604 1614 660 1661 ut
685 1607 915 1662 diceret:
948 1604 1063 1661 Nos
1084 1614 1256 1660 autem
1277 1622 1382 1659 non
1403 1606 1642 1676 spiritum
1663 1608 1840 1661 mundi

255 1702 564 1769 accepimus,
594 1697 684 1752 sed
705 1698 957 1768 Spiritum
985 1698 1072 1766 qui
1097 1713 1160 1752 ea:
1184 1696 1294 1751 Deo
1314 1707 1388 1751 est
1416 1696 1472 1766 (1
1487 1696 1606 1751 Cor.
1635 1714 1692 1766 ιι,
1715 1697 1804 1768 12)
1827 1714 1844 1750 :

256 1793 398 1867 quod
429 1791 533 1847 dici
578 1791 646 1846 de
687 1791 876 1861 spiritu
923 1790 1156 1845 hominis
1181 1790 1487 1844 nullatenus
1515 1797 1712 1858 potest,
1747 1789 1839 1859 qui

257 1887 333 1941 sic
362 1900 482 1939 esse
523 1883 576 1938 in
622 1883 839 1939 homine
867 1883 1079 1949 dicitur,
1133 1891 1193 1937 ut
1239 1897 1357 1939 esse
1385 1898 1455 1937 ex
1483 1882 1702 1937 homine
1729 1899 1836 1939 non

1941 689 2120 743 anima
2142 689 2196 742 in
2218 687 2503 754 infernum,
2521 704 2683 744 carne
2702 691 2985 758 moriente,
3009 691 3318 748 descendit:
3346 707 3522 762 quan-

1941 777 2227 846 doquidem
2273 778 2436 832 etiam
2497 794 2620 834 cum
2681 780 3071 836 interveniente
3119 791 3294 836 morte
3343 783 3521 838 anima

1941 865 2272 924 discessisset
2299 885 2329 922 a
2357 885 2539 936 carne,
2572 872 2942 942 inseparabilis
2973 874 3023 926 in
3052 871 3266 927 Christo
3296 883 3524 944 utraque

1942 965 2131 1011 natura
2153 961 2474 1028 permansit:
2500 961 2621 1029 quia
2646 977 2748 1016 nec
2777 963 2828 1016 in
2861 961 3068 1018 inferno
3090 964 3320 1017 animam
3348 979 3520 1030 suam,

1942 1063 2045 1106 nec
2075 1051 2127 1104 in
2150 1052 2399 1121 sepulcro
2425 1068 2641 1108 carnem
2671 1070 2821 1109 suam
2852 1056 3103 1111 divinitas
3133 1058 3392 1111 immensa
3429 1057 3525 1112 de-

1942 1142 2130 1197 seruit.
2171 1141 2228 1196 In
2261 1149 2468 1197 tantum
2494 1152 2672 1198 autem
2701 1146 3068 1216 inseparabilis
3098 1155 3182 1204 est
3225 1149 3278 1203 in
3308 1148 3524 1203 Christo

1945 1243 2170 1302 utraque
2203 1240 2414 1299 natura,
2448 1242 2507 1287 ut
2535 1249 2602 1288 ex
2627 1234 2732 1290 hoc
2760 1235 3029 1306 Eutyches
3073 1237 3124 1292 in
3166 1254 3405 1294 errorem
3435 1255 3527 1295 ca-

1943 1325 2117 1388 deret,
2161 1334 2217 1379 et
2253 1340 2413 1380 unam
2443 1325 2633 1381 videns
2676 1327 2730 1381 in
2759 1325 2974 1383 Christo
3008 1345 3314 1399 personam,
3365 1347 3526 1387 unam

1943 1429 2159 1485 quoque
2181 1415 2236 1470 in
2264 1431 2330 1471 eo
2357 1425 2606 1470 naturam
2638 1419 2794 1488 237
2832 1419 2993 1488 impie
3024 1421 3338 1488 prsedicaret
3363 1439 3377 1485 ;
3429 1437 3525 1476 v0-

1943 1506 2062 1562 lens
2090 1504 2419 1563 conl'undere
2459 1507 2602 1577 quod
2643 1509 2774 1564 vidit
2806 1512 3043 1580 separari
3071 1527 3177 1567 nou
3208 1529 3385 1582 posse.
3436 1512 3526 1570 Sic

1945 1601 2141 1654 autem
2172 1600 2275 1656 iste
2319 1601 2373 1654 in
2413 1600 2618 1656 duabus
2661 1602 2866 1656 naturis
2915 1618 3048 1673 quas
3097 1603 3527 1674 inseparabiliter

1946 1692 2102 1747 unius
2129 1707 2248 1747 esse
2262 1705 2507 1762 personae
2525 1695 2798 1761 cognovit,
2821 1696 3024 1749 crimen
3046 1690 3336 1767 impietatis
3356 1697 3526 1752 incur-

1943 1783 2052 1849 rit;
2102 1785 2240 1840 sicut
2276 1783 2541 1840 Sabellius
2572 1787 2623 1841 in
2651 1787 2819 1842 tribus
2847 1789 3124 1857 personis,
3156 1797 3379 1860 propter
3406 1791 3524 1845 uni-

1943 1885 2112 1932 tatem
2133 1887 2354 1943 naturaa,
2378 1879 2619 1933 caecitate
2637 1879 2926 1934 mortiferae
2943 1877 3270 1935 inﬁdelitatis
3292 1882 3522 1950 erravit;

258 1975 482 2031 dicatur.
540 1973 771 2045 Spiritus
811 1983 988 2029 autem
1037 1981 1253 2030 sanctus
1300 1975 1352 2028 in
1382 1973 1494 2028 Deo
1525 1982 1606 2029 est
1636 1975 1842 2030 unitate
1874 1979 1920 2038 Β
1948 1983 2055 2023 non
2085 1969 2388 2037 intelligens
2441 1984 2700 2039 personas
2728 1969 2924 2038 Patris,
2957 1978 3012 2026 et
3040 1970 3179 2036 Filii,
3213 1984 3266 2026 et
3294 1972 3524 2042 Spiritus

259 2075 480 2131 naturae,
514 2081 579 2119 ex
608 2059 718 2119 Deo
764 2072 849 2119 est
875 2065 1035 2119 etiam
1067 2064 1400 2135 proprietate
1441 2079 1703 2134 personas.
1737 2063 1841 2120 Per

256 2151 398 2214 illam
429 2169 559 2225 ergo
588 2159 851 2212 unitatem
884 2165 1114 2222 naturae,
1165 2171 1266 2226 per
1311 2172 1470 2227 quam
1499 2171 1562 2210 ea
1592 2170 1712 2225 quae
1746 2156 1837 2211 Dei

255 2256 373 2302 sunt
405 2262 567 2301 nemo
596 2247 868 2314 cognovit,
916 2245 1016 2300 nisi
1044 2245 1276 2316 Spiritus
1316 2244 1444 2310 Dei,
1499 2245 1659 2301 etiam
1711 2245 1838 2300 illud

256 2339 574 2408 intelligitur
599 2338 742 2407 quod
767 2336 932 2391 Filius
961 2335 1125 2390 dicit:
1159 2334 1329 2390 Nemo
1359 2337 1500 2390 novit
1533 2335 1726 2389 Filium
1754 2337 1838 2389 ni-

256 2432 295 2486 si
323 2429 521 2497 Pater,
553 2446 715 2500 neque
745 2427 959 2482 Patrem
986 2429 1098 2500 quis
1127 2429 1268 2482 novit
1295 2429 1394 2481 nisi
1434 2425 1638 2492 Filius,
1669 2435 1720 2480 et
1757 2429 1838 2481 cui

256 2522 469 2577 soluerit
498 2518 546 2573 ιν
550 2521 671 2574 ilius
698 2520 923 2573 revelare
951 2517 1164 2587 (Matth.
1191 2533 1269 2586 χι,
1296 2517 1412 2588 27).
1465 2516 1566 2572 Per
1595 2517 1836 2572 eamdem

259 2621 461 2668 natura:
491 2609 868 2679 inseparabilis
897 2610 1178 2674 unitatem,
1223 2617 1279 2663 et
1311 2624 1369 2663 se
1396 2609 1447 2662 in
1471 2607 1649 2672 Patre,
1698 2615 1755 2664 et
1783 2609 1834 2662 in

260 2709 314 2758 s’e
341 2701 564 2757 Patrem
595 2699 760 2755 Filius
788 2714 908 2756 esse
935 2707 1185 2754 testatur.
1226 2699 1359 2754 Nam
1400 2714 1522 2755 cum
1565 2699 1839 2770 discipulis

258 2793 478 2849 dixisset
507 2811 520 2847 :
555 2791 617 2847 Si
638 2809 720 2847 me
741 2792 1130 2864 cognovissetis,
1160 2801 1209 2844 et
1236 2789 1446 2844 Patrem
1475 2807 1640 2845 meum
1667 2793 1840 2862 utique

254 2887 617 2957 cognovissetis
648 2886 828 2956 (Joan.
859 2901 966 2950 xw,
998 2884 1055 2955 7)
1082 2903 1094 2937 :
1125 2883 1400 2952 Philippus
1431 2897 1558 2938 vero
1588 2899 1709 2938 cum
1739 2881 1840 2937 Pa-

255 2983 388 3033 trem
419 2977 522 3032 sibi
547 2975 855 3047 postularet
894 2975 1128 3039 ostendi,
1178 2974 1257 3029 sic
1286 2973 1545 3028 Dominus
1592 2974 1708 3044 ipse
1751 2989 1838 3029 re-

256 3068 513 3138 spondit:
549 3066 717 3120 Tanto
739 3075 964 3132 tempore
993 3067 1246 3120 vobiscum
1276 3083 1410 3133 sum,
1445 3075 1492 3118 et
1513 3082 1615 3119 non
1645 3081 1841 3137 cogno-

257 3161 398 3216 ristis
421 3178 503 3214 me
525 3161 550 3213 ?
569 3157 832 3230 Philippe,
849 3161 934 3231 qui
955 3175 1039 3212 me
1061 3159 1203 3222 vidit,
1228 3159 1357 3212 vidit
1376 3167 1426 3212 et
1450 3157 1681 3212 Putrem.
1706 3157 1843 3222 Quo-

258 3255 413 3307 modo
443 3262 494 3305 tu
516 3251 661 3317 dicis,
690 3251 900 3306 ostende
922 3249 1068 3304 nobis
1103 3249 1354 3303 Patrem?
1376 3247 1499 3303 Non
1529 3248 1694 3302 credis
1721 3251 1842 3318 quia

264 3359 358 3414 ego
386 3343 444 3396 in
485 3341 651 3408 Patre,
673 3352 723 3398 et
756 3342 914 3395 Pater
940 3343 995 3395 in
1016 3356 1096 3394 me
1125 3350 1201 3394 est
1221 3341 1247 3394 .9
1293 3340 1460 3394 Verba
1489 3356 1603 3409 qua:
1638 3357 1729 3409 ego
1764 3339 1842 3393 lo-

259 3451 390 3507 quor
412 3432 573 3498 vobis,
608 3451 710 3489 non
732 3452 762 3488 a
789 3451 870 3488 me
897 3435 1008 3505 ipso
1038 3437 1254 3504 loquor;
1289 3431 1451 3486 Pater
1479 3443 1647 3486 autem
1674 3435 1726 3485 in
1761 3426 1844 3486 me

259 3542 497 3591 manens,
542 3527 653 3596 ipse
684 3525 814 3596 facit
851 3541 1024 3595 Opera.
1072 3521 1196 3577 Non
1239 3523 1449 3576 creditis
1496 3522 1758 3594 quia.ego
1787 3523 1842 3574 in

261 3617 441 3684 Patre,
474 3625 524 3670 et
547 3616 706 3670 Pater
727 3618 782 3670 in
801 3633 882 3670 me
909 3625 986 3670 est
1009 3615 1289 3686 ?Alioquin
1318 3621 1526 3683 propter
1551 3627 1706 3681 Opera
1732 3612 1847 3680 ipsa

262 3712 455 3767 credite
494 3709 684 3781 (Ibid.,
733 3708 767 3764 9
797 3719 846 3764 et
870 3709 1023 3780 seq).
1054 3707 1130 3761 Ex
1163 3723 1229 3761 eo
1259 3706 1420 3773 igitur
1446 3705 1586 3774 quod
1629 3705 1846 3774 insepa-

263 3801 460 3857 rabiles
486 3811 616 3856 sunt
641 3799 819 3864 Pater,
839 3809 894 3854 et
916 3799 1100 3863 Filius,
1127 3806 1181 3852 et
1209 3796 1437 3868 Spiritus
1456 3805 1692 3858 sanctus,
1716 3812 1848 3851 con—

263 3907 501 3963 sequens
550 3899 635 3947 est
674 3899 735 3946 ut
771 3889 1201 3961 inseparabiliter
1247 3895 1562 3958 operentur.
1604 3885 1758 3953 Quod
1800 3887 1846 3942 si

263 3979 507 4038 Trinitas
534 3981 624 4036 illa
653 3981 981 4052 separabiles
1009 3986 1190 4050 posset
1217 3977 1415 4032 habere
1444 3991 1730 4046 personas,
1761 3992 1850 4032 es-

263 4081 385 4129 sent
408 4080 469 4128 et
495 4072 672 4144 aliqua
712 4079 959 4142 separata
989 4086 1152 4141 opera
1184 4069 1480 4124 Trinitatis.
1521 4067 1653 4123 Nam
1692 4069 1736 4125 si
1766 4078 1850 4124 at-

263 4165 548 4220 tendamus
593 4162 725 4218 illud
772 4160 920 4231 quod
963 4161 1236 4230 Scriptura
1277 4167 1459 4214 sancta
1490 4158 1620 4214 dicit
1664 4158 1734 4214 de
1759 4174 1849 4215 sa-

265 4254 508 4326 pientia:
561 4253 822 4325 Splendor
847 4261 928 4307 est
953 4255 1090 4307 enim
1135 4253 1262 4306 lucis
1311 4260 1519 4306 (eterna
1565 4252 1722 4322 (Sep.
1747 4267 1848 4316 vn,

267 4345 382 4415 26),
425 4345 569 4401 sicut
594 4343 934 4415 splendorem
983 4344 1087 4399 luci
1134 4341 1378 4398 videmus
1425 4342 1854 4413 inseparabiliter

273 4435 558 4499 inhaerere,
608 4435 1071 4504 sie‘agnoscamus
1095 4432 1290 4488 Filium
1335 4449 1366 4488 a
1410 4432 1569 4488 Patre
1617 4434 1854 4504 separari

273 4539 378 4580 non
408 4527 593 4595 posse.
635 4523 985 4590 lpsumenim
1015 4524 1312 4594 apostolica
1355 4524 1616 4593 praedicat
1661 4533 1860 4580 auctos

274 4616 406 4670 ritas
432 4615 763 4687 splendorem
807 4614 1004 4686 gloria,
1053 4622 1104 4668 et
1144 4613 1367 4685 ﬁguram
1412 4612 1712 4669 substantiae
1755 4613 1856 4668 Dei

1945 2063 2118 2118 sancti
2145 2063 2263 2118 sine
2283 2063 2598 2118 confusione
2625 2063 2948 2127 subsistere,
2972 2079 3105 2134 quas
3133 2065 3385 2119 audiebat
3409 2067 3525 2120 nni-

1943 2158 2055 2206 tate
2094 2154 2324 2208 naturali
2368 2169 2590 2224 prorsus
2631 2155 3012 2225 inseparabiles
3042 2171 3376 2225 permanere.
3420 2156 3526 2212 Sed

1943 2250 2228 2313 utrumque
2256 2243 2491 2299 Trinitas
2520 2245 2887 2314 inseparabilis
2914 2246 3060 2308 vicit,
3091 2254 3377 2315 utrumque
3405 2247 3526 2301 uni-

1941 2341 2027 2390 tas
2053 2334 2329 2390 inconfusa
2353 2336 2622 2401 contrivit,
2649 2343 2874 2406 uterque
2898 2353 2926 2390 a
2952 2336 3111 2391 vulva
3133 2335 3386 2392 Ecclesia:
3406 2353 3526 2392 ma-

1945 2426 2043 2481 tris
2068 2427 2334 2481 alienatus
2360 2427 2654 2494 abscessit,
2697 2437 2922 2498 uterque
2965 2444 2996 2482 a
3041 2437 3231 2483 ventre
3276 2430 3528 2500 piissimus

1942 2517 2218 2587 genitricis
2240 2520 2458 2582 erravit,
2491 2525 2548 2573 et
2573 2520 2941 2589 semetipsum,
2970 2534 3205 2588 suosque
3235 2520 3526 2589 complices

1943 2609 2200 2664 barathro
2219 2608 2506 2678 impietatis
2527 2609 2808 2663 immersit.
2823 2609 2960 2664 Vera
2975 2610 3170 2679 quippe
3193 2611 3244 2663 in
3267 2607 3529 2664 Trinitate

1943 2699 2056 2754 Deo
2069 2714 2180 2755 non
2205 2699 2378 2754 solum
2409 2708 2609 2755 natura:
2629 2701 2827 2764 unitas,
2857 2716 3039 2755 verum
3061 2704 3221 2756 etiam
3253 2700 3526 2756 inconfusa

1942 2798 2105 2860 atque
2134 2791 2506 2861 inseparabilis
2525 2801 2709 2847 manet
2727 2807 3078 2862 personarum
3104 2793 3404 2863 proprietas
3430 2811 3443 2846 :
3475 2801 3529 2850 et

1947 2881 2297 2938 nihilominus
2336 2882 2390 2936 in
2421 2897 2526 2936 una
2553 2881 2752 2937 Christi
2782 2898 3034 2952 persona,
3062 2883 3288 2938 duarum
3312 2899 3526 2954 perma-

1944 2981 2040 3028 net
2089 2972 2476 3028 inconl'usibilis
2527 2982 2689 3044 atque
2736 2973 3106 3046 inseparabilis
3134 2976 3292 3046 plena
3329 2975 3528 3031 veritas

1947 3075 2278 3123 naturarum.

1971 3193 1975 3196 .
2017 3155 2101 3212 12.
2133 3156 2290 3224 Quod
2317 3157 2363 3212 si
2393 3158 2445 3212 in
2483 3157 2700 3214 Christo
2723 3167 2948 3229 propter
2974 3159 3231 3213 unitatem
3262 3174 3527 3229 personae,

1947 3248 2322 3318 inseparabilis
2346 3251 2616 3304 invenitur
2638 3250 2808 3306 unitio
2835 3251 3026 3306 divinae
3051 3251 3404 3321 humanaeque
3431 3267 3530 3307 na-

1871 3356 1917 3418 ο
1947 3347 2078 3395 tum
2124 3339 2268 3411 (cum
2309 3341 2522 3409 utrique
2568 3349 2774 3396 naturre
2811 3355 2912 3396 nec
2957 3343 3075 3396 sine
3115 3341 3269 3395 initio
3315 3343 3530 3398 aeterni-

1949 3435 2052 3494 tas,
2096 3443 2197 3484 nec
2222 3429 2339 3484 sine
2365 3429 2726 3484 mutabilitate
2753 3431 3085 3500 simplicitas,
3133 3447 3231 3486 nec
3269 3433 3386 3487 sine
3425 3443 3532 3488 ter-

1947 3519 2094 3574 mino
2120 3518 2452 3592 immensitas
2487 3520 2761 3573 invenitur
2784 3520 3102 3573 naturaliter
3142 3533 3260 3574 esse
3285 3534 3530 3574 commu-

1949 3617 2067 3680 nis;
2098 3616 2223 3684 quia
2241 3614 2296 3669 in
2314 3629 2425 3670 uno
2443 3611 2743 3682 eodemque
2764 3613 2981 3667 Christo
3010 3621 3066 3668 et
3090 3629 3220 3668 vera
3250 3622 3334 3667 est
3352 3614 3530 3670 divina

1949 3715 2163 3775 natura,
2192 3720 2298 3775 qua
2324 3705 2644 3760 naturaliter
2671 3715 2754 3760 est
2779 3706 2894 3760 sine
2934 3704 3088 3759 initio
3117 3704 3257 3760 Deus
3282 3712 3438 3758 natus
3465 3705 3533 3759 de

1950 3799 2130 3863 Patre,
2162 3807 2219 3856 et
2244 3815 2372 3856 vera
2396 3800 2632 3855 humana
2657 3809 2866 3865 natura,
2897 3813 3003 3868 qua
3030 3799 3347 3854 naturaliter
3373 3807 3455 3853 est
3479 3799 3531 3855 In

1949 3892 2288 3964 plenitudine
2316 3900 2616 3963 temporum
2660 3891 2804 3946 Deus
2845 3891 3007 3946 homo
3048 3900 3262 3947 creatus
3307 3905 3375 3945 ex
3419 3890 3536 3944 vir-

1949 3986 2101 4055 gine;
2132 3985 2188 4039 in
2209 3983 2298 4038 illa
2325 3993 2622 4040 coaeternus
2646 3981 2812 4049 Patri,
2837 3982 2889 4037 in
2911 3983 3011 4038 ista
3033 3983 3302 4053 posterior
3326 3989 3529 4044 matre;

1949 4077 2243 4134 secundum
2271 4077 2506 4132 divinam
2529 4090 2749 4146 semper
2768 4076 2967 4145 ubique
2995 4081 3162 4140 totus,
3185 4090 3283 4129 nec
3305 4088 3536 4142 unquam

1950 4170 2036 4225 vel
2084 4183 2310 4238 usquam
2357 4169 2476 4224 loco
2523 4168 2840 4234 conclusus;
2885 4166 3177 4222 secundum
3223 4167 3538 4233 humanam,

1951 4269 2104 4319 certo
2149 4261 2236 4316 die
2263 4260 2332 4316 de
2370 4259 2508 4316 orelo
2551 4259 2617 4314 ad
2650 4259 2968 4327 iudicandos
3009 4259 3164 4313 vivos
3191 4265 3541 4325 mortuosque

1955 4352 2256 4419 venturus),
2301 4358 2499 4420 quanta
2531 4350 2963 4419 inseparabilitas
3001 4349 3264 4404 credenda
3313 4356 3392 4402 est
3438 4348 3540 4402 illis

1955 4443 2127 4498 tribus
2150 4444 2328 4499 inesse
2348 4442 2616 4512 personis,
2647 4447 2872 4510 quarum
2899 4450 2986 4496 "est
3011 4451 3065 4495 et
3093 4442 3290 4502 unitas,
3314 4448 3367 4492 et
3393 4448 3540 4492 :eter-

1957 4530 2116 4590 nitas,
2163 4538 2218 4583 et
2258 4529 2592 4598 simplicitas,
2635 4538 2690 4583 et
2715 4530 3046 4584 immensitas
3073 4528 3364 4583 naturalis?
3396 4525 3540 4580 Hanc

1957 4619 2147 4674 beatus
2176 4613 2489 4674 Ambrosius
2518 4620 2783 4675 veraciter
2808 4621 3063 4689 praedicat
3092 4627 3146 4673 et
3174 4618 3459 4672 conﬁrmat
3487 4616 3540 4669 in

275 4704 464 4776 (Hebr.
513 4721 551 4773 ι,
600 4705 694 4776 3);
736 4705 880 4774 quod
926 4718 1160 4774 sequens
1203 4705 1392 4759 beatus
1441 4703 1756 4758 Ambrosius
1801 4704 1854 4758 in
1885 4726 1936 4788 υ
1962 4708 2100 4764 libro
2130 4709 2303 4780 primo
2325 4711 2399 4764 'de
2427 4709 2630 4779 Spiritu
2675 4720 2860 4765 sancto
2883 4703 3039 4782 (Cap.
3067 4709 3144 4780 6).
3177 4710 3289 4763 lucc
3319 4708 3540 4761 dicens:

276 4795 476 4865 hymno
505 4798 771 4849 matutino
794 4804 818 4831 α
841 4794 1182 4865 splendorem
1202 4801 1439 4864 paterna:
1457 4793 1640 4866 gloria:
1661 4792 1851 4848 Filium

276 4896 396 4940 esse
422 4887 759 4955 pronuntiat.

375 4976 465 5032 ll.
517 4975 612 5031 Illo
659 4991 876 5047 quoque
929 4975 1178 5047 exemplo
1227 4976 1611 5046 inseparabiles
1661 4992 1852 5048 perso-

279 5082 377 5124 nas
431 5065 627 5134 Patris,
669 5076 728 5123 et
754 5067 895 5136 Filii,
925 5077 980 5124 et
1007 5069 1237 5140 Spiritus
1263 5069 1464 5135 sancti,
1516 5068 1770 5124 convenit
1797 5076 1856 5123 ut

275 5158 588 5225 credamus,
620 5173 728 5228 quo
758 5159 873 5229 ipse
905 5157 1218 5228 Unigenitus
1251 5159 1392 5214 Deus
1429 5159 1508 5214 sic
1546 5159 1599 5213 in
1647 5159 1854 5214 unitate

278 5266 523 5322 personis
566 5267 676 5307 sua:
722 5259 971 5306 naturam
1013 5252 1247 5307 divinam
1303 5251 1701 5321 humanamque
1727 5267 1860 5308 con-

273 5342 452 5412 junxit
502 5351 667 5414 atque
727 5343 925 5408 univit,
997 5349 1056 5398 ut
1082 5359 1113 5399 a
1155 5359 1216 5400 se
1255 5345 1474 5399 omnino
1515 5357 1625 5398 non
1654 5344 1864 5413 possint

277 5434 539 5503 separari.
591 5433 651 5488 ιιι
692 5448 798 5489 una
835 5435 976 5489 enim
1015 5450 1248 5504 persona
1288 5433 1559 5503 Unigeniti
1586 5433 1716 5497 Dei,
1769 5436 1860 5503 qui

280 5536 528 5599 tanquam
548 5543 768 5598 sponsus
794 5529 1042 5596 processit
1065 5527 1128 5582 de
1151 5528 1381 5584 thalamo
1407 5543 1500 5582 suo
1521 5525 1692 5598 (Psal.
1709 5542 1858 5595 xvtn,

282 5616 369 5689 5),
399 5619 774 5690 inseparabilis
801 5627 1086 5690 permanet
1110 5619 1388 5689 utriusque
1426 5626 1628 5674 naturae
1663 5620 1853 5675 unitio.

280 5710 390 5768 Nec
417 5712 542 5769 ideo
565 5713 728 5769 debet
753 5711 947 5782 aliquis
985 5711 1254 5767 aestimare
1284 5720 1566 5782 utramque
1601 5711 1668 5766 ab
1712 5711 1856 5766 invi-

282 5817 399 5860 cem
439 5803 622 5862 divelli
670 5805 910 5876 potuisse
935 5810 1223 5870 naturam;
1277 5805 1402 5873 quia
1429 5819 1529 5874 per
1554 5803 1860 5873 susceptio-

358 5974 380 6001 ι
410 5961 469 6018 S.
499 5962 683 6018 Ambr.
718 5961 770 6017 in
797 5961 999 6022 hymno
1030 5960 1130 6015 fer.
1157 5957 1214 6020 2.
1244 5957 1310 6013 ad
1340 5957 1540 6015 laudes.

1962 4799 2089 4864 Quis
2139 4800 2296 4872 igitur
2341 4800 2531 4854 audeat
2572 4801 2740 4854 dicere
2779 4801 3053 4855 discretum
3094 4816 3126 4853 α
3164 4793 3273 4852 Deo
3303 4799 3463 4852 Patre
3494 4806 3545 4852 et

1961 4889 2166 4946 Christo
2187 4906 2299 4945 esse
2326 4890 2580 4962 Spiritum
2605 4901 2857 4956 sanctum,
2889 4907 3002 4945 cum
3029 4907 3123 4962 per
3140 4893 3310 4960 ipsum
3331 4891 3400 4943 ad
3418 4891 3545 4944 ima-

1962 4985 2130 5056 ginem
2156 4993 2206 5038 et
2231 4984 2620 5039 similitudinem
2651 4983 2746 5039 Dei
2776 5001 2888 5039 esse
2909 4985 3233 5040 mereamur?
3263 4984 3381 5037 Alio
3408 4997 3546 5052 quo-

1964 5090 2068 5145 que
2093 5076 2213 5131 loco
2232 5077 2362 5133 dicit
2377 5073 2400 5130 ἐ
2426 5075 2555 5142 Quis
2575 5087 2743 5132 autem
2767 5084 2932 5148 potest
2955 5095 2986 5130 a
3010 5075 3171 5130 Patre
3191 5086 3241 5129 et
3264 5076 3402 5130 Filio
3427 5073 3546 5145 Spi-

1963 5169 2121 5221 ritum
2169 5178 2401 5222 sanctum
2451 5185 2714 5240 separare,
2765 5185 2879 5223 cum
2920 5169 2999 5223 vel
3043 5169 3304 5239 appellare
3336 5167 3546 5220 Patrem

1959 5266 2010 5309 et
2060 5256 2256 5311 Filium
2294 5261 2405 5313 sine
2453 5258 2650 5328 Spiritu
2697 5267 2876 5313 sancto
2926 5275 3029 5312 non
3069 5254 3546 5330 queamus?Nemo

1961 5347 2101 5399 enim
2142 5346 2265 5400 dicit
2291 5345 2572 5402 Dominum
2615 5349 2811 5413 Jesum,
2863 5349 2966 5403 nisi
3004 5350 3060 5402 in
3100 5347 3300 5417 Spiritu
3340 5356 3545 5400 sancto.

1961 5435 2104 5509 Ergo
2133 5439 2180 5492 si
2209 5439 2474 5510 appellare
2500 5439 2778 5494 Dominum
2809 5439 2986 5493 .Iesum
3015 5440 3126 5493 sine
3149 5439 3347 5508 Spiritu
3371 5448 3548 5492 sancto

1959 5533 2134 5602 utique
2164 5547 2267 5586 non
2315 5548 2604 5602 possumus,
2658 5527 2925 5600 possumus
2969 5535 3081 5587 sine
3125 5531 3325 5602 Spiritu
3357 5531 3549 5599 praedi-

1965 5621 2292 5696 care(Lib.t
2331 5624 2622 5695 de‘Spiritu
2667 5635 2874 5692 sancto,
2914 5643 3029 5694 cap.
3063 5625 3196 5694 10)?
3239 5624 3342 5679 Ista
3390 5625 3550 5679 trium

1968 5713 2409 5784 inseparabilitasf
2423 5730 2771 5785 personarum
2796 5733 2825 5772 a
2847 5719 3007 5773 beato
3022 5714 3238 5786 quoque
3253 5716 3550 5785 Augustino

1965 5805 2330 5863 indubitanter
2355 5809 2631 5864 asseritur.
2679 5803 2754 5866 in?
2788 5810 2924 5866 libro
2965 5807 3144 5878 primo
3177 5809 3249 5863 de
3279 5807 3543 5864 Trinitate

3371 6003 3374 6008 -
3387 5997 3426 6011 μ
