4072 6332
532 427 626 483 ιο5

1595 441 1650 498 s.
1693 439 2056 506 sum.st
2092 435 2398 522 erucem
2432 420 2808 503 ansrsnsts

3691 435 3796 520 ‘0‘.

530 566 689 652 (Cap.
714 561 793 634 4),
817 578 938 618 cum
966 563 1137 619 solum
1167 562 1388 621 dixisset
1405 560 1594 618 Filium
1613 559 1683 617 de
1702 559 1921 630 Virgine
1941 557 2108 635 Maria
2208 559 2288 618 sic
2331 561 2408 616 ait
2437 579 2452 618 :
2485 560 2608 624 Iam
2647 565 2786 624 enim
2821 564 3136 634 ostendimus
3178 565 3234 618 in
3273 560 3370 616 hac
3408 557 3664 618 Trinitate
3700 575 3798 640 per

534 665 741 726 natum,
766 656 1046 726 solumque
1073 656 1331 727 Spiritum
1357 663 1603 712 sanctum
1631 655 1685 714 in
1714 655 1893 726 specie
1912 654 2112 726 colum-

533 748 616 803 bae
639 763 803 818 super
823 746 1005 802 Jesum
1029 747 1379 817 baptizatum,
1425 754 1481 803 et
1516 745 1604 802 die
1628 744 1975 817 Pentecostes
2001 745 2109 800 lino

532 837 650 906 guis
675 837 860 894 divisis
884 837 1033 894 velut
1070 838 1248 908 ignem
1276 852 1440 910 super
1478 837 1770 908 discipulos
1797 836 2107 904 advenisse;

532 929 806 999 soliusqne
832 927 1006 984 Patris
1027 928 1192 985 fuisse
1218 944 1411 986 vocem
1448 929 1679 986 dicentis
1708 946 1723 983 :
1750 927 1828 997 Tu
1854 944 1908 986 es
1936 925 2111 998 Filius

531 1039 671 1080 meus
701 1019 893 1094 (Marc.
925 1037 964 1089 ι,
1019 1022 1103 1089 ll;
1129 1021 1256 1077 Luc.
1289 1037 1364 1089 Ill,
1397 1020 1512 1092 2%),
1555 1022 1770 1093 quando
1816 1021 1984 1078 Filius
2011 1021 2110 1093 bar

529 1113 759 1182 ptizatus
774 1120 858 1167 est
871 1127 901 1166 a
921 1109 1150 1175 Joanne.
1169 1121 1226 1168 et
1244 1111 1460 1182 quando
1482 1111 1696 1172 sonavit
1720 1127 1846 1180 vos,
1871 1111 2086 1168 dicens:

529 1202 598 1257 Et
635 1203 939 1275 clari/icavi,
969 1213 1019 1258 et
1053 1205 1236 1260 iterum
1275 1203 1576 1275 clariﬁcabo
1609 1202 1788 1275 (loan.
1839 1219 1936 1271 xu,
1988 1201 2108 1274 28),

529 1293 815 1350 ostendens
827 1303 1004 1350 tamen
1019 1295 1401 1366 inseparabiles
1413 1310 1553 1362 esse,
1567 1294 1803 1364 Patrem,
1821 1303 1877 1360 et
1889 1294 2111 1369 Filium,

529 1392 585 1440 et
638 1383 895 1456 Spiritum
941 1395 1204 1452 sanctum,
1251 1387 1410 1442 istam
1442 1385 1768 1448 sententiam
1803 1384 2002 1451 intulit,
2033 1383 2112 1440 di-

528 1492 657 1532 cens
676 1495 688 1529 :
707 1477 949 1545 Quamvis
973 1477 1154 1549 Pater,
1164 1487 1215 1532 et
1237 1477 1283 1535 F
1287 1479 1427 1546 ilius,
1450 1486 1501 1534 et
1520 1477 1751 1550 Spiritus
1779 1485 2014 1546 sanctus,
2038 1479 2110 1534 si-

527 1577 612 1622 cut
629 1567 1005 1635 inseparabiles
1023 1579 1162 1636 sunt,
1219 1571 1293 1626 sic
1331 1570 1747 1643 inseparabiliter
1799 1579 2096 1641 operentur.

525 1661 716 1718 Cernis
753 1677 948 1734 nempe
1003 1663 1277 1734 quomodo
1313 1663 1506 1730 beatus
1542 1662 1868 1734 Augustinus
1903 1661 2108 1730 nullam

525 1754 615 1811 hic
636 1754 1013 1825 separabilium
1037 1770 1391 1827 personarum
1419 1755 1780 1827 suspicionem
1825 1755 2107 1824 relinquit,

525 1848 740 1916 quando
767 1846 1004 1917 Patrem,
1035 1857 1092 1904 et
1117 1848 1329 1916 Filium,
1349 1848 1677 1921 etSpiritum
1702 1856 1974 1920 sanctum,
1994 1849 2104 1914 sic-

2208 653 2398 709 multos
2445 653 2760 726 locutionum
2797 655 3086 712 divinarum
3133 653 3332 720 modos,
3383 653 3542 708 etiam
3585 649 3652 708 de
3689 654 3800 710 sin-

2209 745 2342 816 gulis
2390 745 2494 800 dici
2532 745 2668 818 quod
2706 745 2936 823 omnium
2980 754 3088 812 est,
3135 755 3347 820 propter
3391 743 3796 816 inseparabilem

2209 837 2557 906 operationem
2584 839 2736 894 unius
2777 837 3106 916 ejusdemque
3141 838 3464 896 substantiae.
3503 835 3563 894 In
3603 836 3792 908 quinto

2209 926 2420 994 decimo
2463 942 2592 990 vero
2639 927 2780 988 libro
2825 928 2894 985 de
2922 927 3187 984 Trinitate
3233 927 3386 998 (Cap.
3417 925 3532 999 25),
3573 941 3698 983 cum
3725 927 3794 983 de

2209 1019 2312 1098 bac
2336 1019 2570 1090 imagine
2592 1035 2713 1093 quae
2742 1021 2800 1076 in
2826 1021 2984 1079 nobis
3010 1028 3112 1086 est,
3158 1020 3369 1098 aliquas
3390 1018 3560 1076 lineas
3585 1017 3796 1089 praebe-

2209 1120 2295 1168 ret
2337 1110 2406 1172 ad
2434 1112 2844 1184 intelligentiam
2884 1111 3181 1177 Trinitatis,
3223 1111 3364 1166 inter
3409 1110 3515 1166 alia
3554 1109 3632 1166 sic
3677 1108 3790 1164 ait:

2219 1204 2409 1280 Verum
2432 1208 2490 1261 in
2515 1207 2608 1264 illa
2633 1223 2836 1268 summa
2864 1205 3119 1284 Tripitate
3159 1220 3272 1276 quae
3318 1193 3795 1274 incomparabiliter

2209 1296 2357 1354 rebus
2381 1300 2617 1370 omnibus
2641 1299 2928 1370 antecellit,
2971 1306 3121 1364 tanta
3146 1305 3224 1360 est
3262 1294 3704 1366 inseparabilitas,
3735 1301 3794 1348 ut

2209 1405 2326 1444 cum
2351 1391 2558 1464 trinitas
2605 1390 2869 1450 hominum
2899 1405 3002 1466 non
3029 1389 3192 1460 possit
3220 1387 3324 1442 dici
3349 1402 3482 1440 unus
3502 1385 3672 1450 homo,
3695 1384 3792 1440 illa

2209 1495 2343 1556 unus
2367 1478 2507 1536 Deus
2545 1489 2595 1536 et
2620 1481 2844 1547 dicatur,
2889 1488 2938 1548 et
2974 1480 3075 1545 sit;
3118 1495 3210 1535 nec
3236 1479 3292 1533 in
3320 1493 3424 1532 uno
3453 1474 3564 1532 Deo
3603 1476 3670 1530 sit
3695 1475 3794 1530 illa

2211 1571 2462 1642 Trinitas,
2507 1574 2598 1634 sed
2636 1590 2771 1645 unus
2800 1571 2962 1634 Deus.
3005 1569 3119 1630 Nec
3157 1586 3336 1628 rursus
3360 1567 3792 1641 quemadmodum

2205 1665 2312 1720 ista
2339 1665 2532 1740 imago,
2556 1681 2669 1737 qua:
2690 1674 2764 1722 est
2793 1664 2964 1736 horno,
2988 1663 3183 1726 habens
3202 1661 3296 1716 illa
3318 1661 3420 1716 tria
3441 1675 3548 1714 una
3566 1673 3791 1730 persona

2207 1765 2305 1824 est,
2331 1759 2409 1812 ita
2426 1768 2501 1814 est
2518 1768 2569 1814 et
2594 1759 2691 1814 illa
2724 1757 2984 1824 Trinitas;
3015 1756 3106 1811 sed
3136 1765 3236 1812 tres
3260 1768 3496 1823 persona:
3522 1760 3666 1821 sunt,
3686 1751 3792 1806 Pa-

2208 1855 2287 1906 m
2317 1846 2465 1918 Filii,
2507 1858 2557 1904 et
2585 1828 2755 1906 Fusus
2783 1848 2985 1912 Patris,
3025 1855 3076 1904 et
3097 1845 3327 1914 Spiritus
3355 1843 3534 1902 Patris
3562 1851 3612 1898 et
3635 1841 3786 1899 Filii.

524 1948 588 1995 ut
626 1940 1010 2011 inseparabiles
1037 1950 1184 2010 sunt,
1210 1943 1288 1998 sic
1312 1943 1476 2016 ωε
1501 1942 1931 2014 inseparabiliter
1957 1957 2107 2002 asse-
2133 1931 2182 2008 B
2205 1938 2341 1996 Item
2368 1950 2492 2012 post
2511 1941 2687 2010 aliqua
2719 1939 2966 2014 (Ibidem)
2987 1939 3067 2012 sic
3087 1939 3164 1999 ait
3192 1957 3206 1993 :
3238 1935 3364 2004 Non
3383 1945 3554 1996 tamen
3580 1937 3714 1998 sicut
3731 1937 3790 1994 in

525 2032 596 2086 rit
623 2034 857 2102 operari.
888 2035 1062 2102 Quam
1083 2036 1408 2100 sententiam
1429 2036 1521 2092 tali
1541 2035 1893 2096 conclusione
1911 2037 2110 2096 contire-

522 2139 676 2178 mans
701 2123 852 2196 (Cap.
883 2126 962 2197 8),
990 2128 1099 2182 ait:
1130 2125 1259 2183 Haec
1283 2135 1334 2185 et
1351 2144 1465 2184 mea
1492 2127 1626 2199 ﬁdes
1652 2136 1749 2194 est,
1771 2127 1977 2199 quando
1997 2128 2108 2190 lico

522 2227 598 2271 est
625 2218 882 2272 catholica
901 2219 1054 2289 ﬁdes.

599 2309 682 2364 l5.
730 2310 865 2366 Item
912 2312 1020 2368 alio
1049 2312 1288 2382 ejusdem
1331 2313 1452 2376 libri
1497 2313 1621 2372 loco
1661 2312 1794 2371 dicit
1832 2330 1846 2368 :
1867 2311 2108 2387 Denique

519 2410 726 2471 propter
754 2404 924 2472 ipsam
947 2404 1444 2475 inseparabilitatem
1470 2407 1587 2477 ωδε
1598 2407 1794 2462 cienter
1821 2405 2106 2479 aliquando

517 2493 817 2548 nominatur
844 2494 921 2550 vel
945 2491 1108 2550 Pater
1134 2499 1295 2564 solue,
1319 2497 1397 2558 uel
1417 2495 1589 2559 Filius
1613 2497 1777 2564 solus,
1799 2498 2106 2570 adimpletuve

515 2598 607 2636 rus
627 2600 721 2638 nos
750 2585 932 2640 laetitia
952 2602 1069 2641 cum
1091 2587 1230 2641 vultu
1247 2603 1360 2653 suo,
1376 2604 1469 2649 nec
1488 2588 1610 2648 inde
1630 2595 1902 2660 separatur
1912 2591 2108 2650 utrius»

515 2691 610 2746 que
638 2675 889 2747 Spiritus,
920 2678 976 2732 id
1003 2689 1099 2745 est,
1133 2678 1337 2747 Patris,
1371 2687 1420 2735 et
1443 2678 1574 2738 Filii
1594 2678 1844 2752 Spiritus,
1866 2682 1955 2754 qui
1973 2681 2102 2753 Spir.

514 2767 646 2820 ritus
673 2777 884 2822 sanctus
911 2771 1119 2840 proprie
1147 2769 1356 2835 dicitur,
1387 2768 1618 2841 Spiritus
1645 2771 1906 2836 veritatis,
1935 2785 2097 2841 quem

514 2855 604 2911 hic
629 2857 860 2914 mundus
888 2859 1137 2929 accipere
1157 2875 1266 2914 non
1293 2866 1475 2929 potest
1501 2858 1680 2925 (Joan.
1706 2876 1815 2927 xxv,
1839 2860 1953 2930 l7).
1979 2859 2100 2916 Hoc

515 2956 591 3002 est
628 2949 767 3003 enim
794 2948 1003 3020 plenum
1025 2949 1273 3021 gaudium
1300 2957 1552 3024 nostrum,
1579 2967 1678 3023 quo
1721 2951 1944 3022 amplius
1989 2967 2098 3014 non

513 3049 606 3103 est,
634 3041 738 3110 frui
762 3039 1017 3095 Trinitate
1035 3040 1168 3110 Deo,
1192 3042 1260 3095 ad
1281 3041 1425 3112 cujus
1444 3043 1725 3113 imaginem
1747 3045 1875 3116 facti
1893 3060 2094 3110 suntut.

513 3129 738 3200 Propter
764 3131 860 3186 hoc
890 3132 1170 3204 aliquando
1193 3135 1271 3190 ita
1295 3134 1552 3205 loquimur
1574 3135 1640 3192 de
1659 3135 1861 3206 Spiritu
1889 3148 2090 3204 sancto,

515 3232 758 3293 tanquam
784 3223 924 3279 solus
950 3226 1062 3296 ipse
1085 3227 1312 3298 sit/licius
1338 3226 1410 3282 ad
1429 3227 1795 3288 beatitudinem
1823 3239 2088 3296 nostram;

2208 2032 2312 2096 ista
2337 2031 2563 2104 imagine
2592 2032 2887 2109 Trinitatis,
2913 2049 3016 2090 non
3047 2032 3156 2088 hac
3185 2031 3287 2086 tria
3311 2046 3446 2086 unus
3472 2030 3648 2097 homo,
3696 2027 3792 2085 sed

2205 2125 2360 2182 unius
2387 2125 2609 2182 hominis
2630 2133 2778 2189 sunt;
2799 2125 2876 2180 ita
2902 2125 2957 2179 in
2976 2124 3096 2194 ipsa
3118 2139 3319 2180 summa
3345 2121 3617 2188 Trinitate,
3637 2121 3794 2191 cujus

2207 2217 2317 2274 haec
2337 2218 2514 2288 imago
2534 2227 2636 2288 est,
2654 2218 2805 2273 unius
2833 2217 2933 2289 Dei
2957 2226 3076 2272 sunt
3099 2216 3194 2272 illa
3216 2215 3346 2280 tria;
3376 2213 3468 2270 sed
3492 2229 3624 2274 unus
3644 2209 3791 2266 Deus

2203 2318 2314 2373 est;
2339 2316 2389 2365 et
2417 2316 2518 2364 tres
2551 2317 2673 2372 sunt
2710 2307 2838 2377 illa,
2889 2323 2994 2370 non
3020 2323 3128 2360 una
3152 2321 3393 2379 persona.
3442 2301 3570 2360 Htec
3596 2301 3788 2359 dicens

2203 2397 2392 2466 beatus
2415 2397 2575 2472 ιω
2593 2397 2939 2470 Augustinus,
2964 2404 3020 2458 et
3038 2393 3550 2472 inseparabilitatem
3569 2405 3790 2448 earum-

2205 2489 2327 2548 dem
2357 2490 2519 2546 trium
2551 2503 2930 2566 personarum,
2964 2487 3300 2556 revelatione
3320 2484 3488 2562 ipsius
3507 2482 3791 2541 Trinitatis

2201 2579 2524 2650 intelligens,
2564 2595 2687 2636 cum
2721 2580 3078 2636 admiratione
3103 2579 3368 2648 sequitur,
3416 2577 3598 2633 dicens
3637 2575 3789 2648 (Ibi-

2201 2670 2343 2742 dem)
2374 2689 2388 2724 :
2424 2669 2571 2738 Quod
2595 2688 2724 2733 sane
2742 2671 3051 2742 mirabiliter
3073 2671 3337 2741 ineﬂ‘abile
3361 2677 3459 2743 est,
3496 2669 3574 2725 uel
3591 2670 3785 2740 inela-

2199 2762 2369 2830 biliter
2397 2763 2633 2821 mirabile
2658 2780 2676 2819 :
2706 2779 2823 2832 cum
2843 2764 2912 2831 sit
2933 2779 3044 2832 una
3067 2779 3289 2834 persona
3327 2761 3435 2818 bare
3458 2763 3631 2834 imago
3663 2759 3779 2816 Tri-

2198 2855 2398 2922 nitatis,
2441 2857 2556 2926 ipsa
2601 2871 2718 2910 vero
2744 2869 2945 2914 summa
2977 2853 3205 2914 Trinitas
3236 2863 3336 2910 tres
3384 2868 3622 2924 personat
3651 2853 3782 2924 sint,

2195 2945 2594 3016 inseparabilior
2637 2955 2716 3012 est
2761 2945 2857 3000 illa
2924 2943 3155 3018 Trinitas
3209 2961 3550 3018 personarum
3602 2947 3784 3014 trium,

2193 3053 2348 3108 quam
2375 3038 2486 3092 hate
2511 3039 2685 3106 unius.

2267 3128 2352 3186 ib.
2392 3129 2519 3198 ista,
2543 3129 2683 3186 sicut
2711 3143 2821 3192 non
2846 3127 3054 3200 dubito,
3075 3142 3194 3200 quae
3209 3126 3276 3202 de
3289 3128 3466 3200 primo
3489 3135 3645 3200 atque
3671 3145 3780 3186 no—

2192 3222 2413 3279 vissimo
2436 3222 2574 3288 libro
2597 3221 2666 3280 de
2687 3220 2948 3280 Trinitate
2973 3221 3136 3290 verba
3185 3219 3330 3284 beati
3379 3219 3659 3294 Augustini
3675 3238 3788 3296 ροι-

513 3324 562 3366 et
585 3313 700 3370 ideo
743 3315 882 3370 solus
929 3316 1133 3388 su/ficit,
1177 3319 1299 3389 quia
1338 3319 1579 3398 separari
1607 3336 1641 3374 α
1680 3318 1840 3376 Patre
1868 3328 1919 3375 et
1946 3319 2088 3380 Filio
2192 3315 2429 3383 suimus.
2458 3314 2679 3371 omnino
2704 3313 2979 3378 salictum
3009 3332 3024 3368 :
3054 3314 3345 3386 praesertim
3373 3314 3588 3386 ingenio
3615 3323 3794 3386 atque

512 3424 616 3462 non
653 3415 852 3477 potest;
894 3411 1026 3464 sicut
1048 3410 1211 3467 Pater
1236 3411 1376 3468 solus
1399 3413 1608 3484 sumsit,
1651 3416 1775 3484 quia
1799 3418 2032 3484 separari
2053 3434 2088 3471 a

512 3497 653 3554 Filio
672 3498 935 3570 etSpiritu
957 3510 1136 3558 sancto
1157 3518 1262 3558 non
1284 3513 1482 3574 potest;
1503 3512 1554 3560 et
1570 3503 1742 3561 Filius
1758 3507 1875 3562 ideo
1894 3508 2007 3578 sum
2019 3511 2090 3563 cit

510 3587 671 3656 solus,
701 3591 823 3658 quia
843 3591 1079 3661 separari
1106 3609 1138 3646 a
1169 3591 1330 3649 Patre
1349 3602 1398 3649 et
1426 3594 1626 3664 Spiritu
1662 3604 1844 3660 saneto
1870 3615 1972 3659 non
1994 3615 2090 3671 p09

511 3686 626 3732 test.
651 3677 777 3736 litae
825 3689 908 3736 est
946 3680 1093 3738 beati
1140 3681 1441 3752 Augustini,
1471 3684 1768 3750 secutidum
1807 3687 2088 3750 catholicae

509 3766 633 3822 ﬁdei
659 3769 962 3838 veritatem,
990 3769 1060 3825 de
1087 3769 1279 3839 Patris,
1320 3778 1376 3828 et
1401 3771 1545 3842 Filii,
1574 3782 1631 3842 et.
1657 3773 1888 3847 Spiritus
1915 3779 2090 3844 sane“

507 3857 967 3928 inseparabilitate
992 3862 1261 3918 sententia
1287 3879 1302 3916 :
1323 3875 1486 3932 quam
1506 3879 1575 3921 ne
1595 3866 1876 3944 quisquam
1897 3884 2090 3928 secuti-,-

506 3948 641 4004 dum
664 3949 834 4006 solam
863 3960 1133 4018 naturam,
1164 3960 1220 4010 et
1246 3968 1357 4024 non
1380 3955 1544 4018 etiam
1570 3958 1866 4024 secundum
1894 3976 2086 4032 perso-

503 4056 603 4096 nas
624 4043 915 4113 acciperet,
961 4044 1175 4116 planius
1199 4045 1307 4103 hoc
1338 4055 1396 4106 et
1418 4047 1754 4117 manil'estius
1774 4053 1936 4122 paulo
1964 4063 2092 4125 post

504 4132 562 4188 in
587 4133 777 4191 eodem
805 4135 942 4191 libro
972 4134 1125 4210 (Cap.
1157 4136 1210 4205 9,
1240 4139 1313 4196 ad
1334 4140 1515 4213 linem)
1543 4144 1752 4207 curavit
1775 4145 2088 4216 ostendere,

504 4220 688 4280 dicens
717 4241 734 4278 :
763 4224 873 4282 Sed
897 4236 1107 4299 propter
1134 4229 1542 4288 insinuationem
1570 4231 1863 4303 Trinitatis,
1907 4254 2091 4307 pereo-

501 4312 582 4368 nis
613 4314 771 4369 etiam
794 4315 1014 4388 singulis
1058 4319 1339 4378 nominatis
1379 4321 1624 4380 dicuntur
1660 4327 1900 4396 quedam
1925 4344 2084 4400 separ-

500 4406 676 4471 ratim,
707 4423 812 4462 non
841 4416 1014 4465 tamen
1039 4410 1158 4467 aliis
1181 4413 1440 4484 separatis
1463 4414 1852 4487 intelliguntur;
1873 4426 2086 4489 propter

497 4495 728 4567 ejusdem
758 4497 1030 4556 Trinitatis
1055 4501 1326 4570 unitatem,
1348 4519 1606 4578 unamque
1630 4505 1975 4570 substantiam
1994 4518 2083 4567 at-

495 4601 594 4659 que
620 4587 866 4646 deitatem
892 4589 1093 4656 Patris,
1141 4601 1192 4649 et
1212 4593 1362 4661 Filii,
1409 4605 1462 4652 et
1485 4595 1715 4670 Spiritus
1740 4602 1928 4660 sancti.
1960 4602 2084 4664 Alio

2187 3405 2364 3462 studio
2392 3414 2488 3462 tuo
2517 3416 2568 3476 η,
2587 3421 2696 3476 quo
2714 3406 2830 3478 ejus
2857 3406 2998 3464 dicta
3019 3407 3097 3464 sic
3117 3407 3422 3464 acutissime
3438 3422 3502 3462 ac
3520 3405 3792 3478 frequen-

2185 3498 2392 3554 tissime
2407 3499 2566 3569 legis,
2587 3505 2647 3554 ut
2671 3499 2726 3554 in
2755 3499 2833 3555 eis
2853 3499 3079 3569 plurima
3101 3497 3277 3568 possis
3297 3497 3485 3560 similia
3505 3498 3786 3568 reperire,

2185 3607 2307 3664 quze
2327 3607 2434 3650 non
2458 3592 2633 3649 solum
2661 3592 2715 3650 in
2743 3599 2956 3658 natura,
2977 3591 3075 3648 sed
3099 3590 3260 3645 etiam
3289 3589 3342 3645 in
3365 3589 3612 3660 personis
3631 3589 3791 3646 inso-

2186 3681 2583 3754 parabilitatem
2617 3689 2816 3738 sanctae
2872 3680 3147 3742 Trinitatis
3171 3677 3483 3740 ostendunt.
3513 3678 3788 3736 Dicuntur

2189 3790 2317 3847 ergo
2345 3776 2647 3847 singillatim
2691 3783 2802 3838 tres
2849 3775 2952 3832 illae
3002 3789 3267 3846 personae,
3292 3781 3352 3828 ut
3387 3781 3788 3844 agnoscantur,

2187 3884 2294 3930 non
2324 3878 2383 3926 ut
2407 3878 2766 3940 separentur:
2795 3868 2847 3923 in
2873 3867 3069 3937 quibus
3094 3866 3176 3922 sic
3200 3864 3347 3932 nulla
3373 3871 3462 3920 est
3475 3863 3789 3934 separatio,

2183 3961 2324 4018 sicut
2351 3963 2405 4018 in
2433 3962 2514 4019 eis
2533 3961 2678 4018 nulla
2708 3967 2888 4031 potest
2916 3959 3095 4016 inesse
3111 3955 3377 4014 conlusio.
3406 3954 3594 4028 Neque
3619 3955 3780 4026 enim

2188 4062 2295 4111 tres
2338 4054 2446 4110 illa:
2489 4063 2754 4124 personae,
2785 4050 2911 4126 quia
2940 4065 3048 4113 non
3073 4055 3306 4120 possunt
3346 4046 3620 4114 contundi,
3644 4063 3790 4119 pro—

2183 4154 2369 4219 pterea
2397 4144 2593 4201 debent
2619 4142 2948 4215 eeparabiles
2982 4139 3262 4220 aestimati,
3289 4153 3413 4196 cum
3431 4139 3657 4195 omnim
3685 4138 3788 4194 in-

2182 4235 2508 4308 separabiles
2533 4234 2892 4300 inveniantur,
2921 4240 2976 4288 et
3001 4232 3060 4292 in
3085 4246 3153 4290 eo
3179 4229 3325 4300 quod,
3349 4235 3495 4302 sunt,
3525 4235 3582 4284 et
3612 4228 3671 4297 in
3701 4243 3794 4300 eo

2183 4326 2328 4401 quod
2355 4325 2575 4384 iaciunt.
2606 4324 2717 4384 Nec
2751 4325 3038 4396 quisquam
3076 4320 3406 4393 separabilos
3432 4317 3632 4389 audeat
3653 4319 3798 4393 illg

2182 4428 2294 4478 tres
2319 4434 2582 4492 personas
2608 4431 2868 4484 asserere,
2899 4428 3023 4476 cum
3043 4415 3244 4472 nullam
3269 4420 3399 4469 ante
3425 4411 3606 4479 aliam,
3641 4413 3798 4469 nul-

2181 4515 2288 4571 lam
2322 4523 2450 4586 post
2485 4514 2668 4584 alia,
2698 4512 2899 4569 nullam
2927 4511 3045 4568 sine
3067 4509 3172 4566 alia
3201 4507 3657 4572 velexistentem,
3683 4507 3804 4570 vel

2181 4610 2494 4677 operantur:
2513 4605 2699 4660 valeat
2709 4602 2970 4672 invenire.
2997 4599 3103 4658 Ubi
3119 4599 3258 4656 sicut
3276 4595 3594 4656 naturaliter
3613 4596 3810 4656 nulla

496 4695 713 4755 quoque
748 4686 1037 4744 memorati
1054 4686 1177 4745 libri
1213 4687 1337 4748 loco
1364 4688 1500 4762 (Sub
1519 4692 1680 4765 tinent
1699 4709 1816 4766 cap.
1848 4694 1940 4767 10)
1967 4697 2082 4768 ple-
2108 4686 2161 4764 υ
2184 4704 2360 4770 potest
2387 4707 2507 4754 esse
2531 4695 2905 4767 separabilitas
2956 4691 3156 4763 aperis,
3187 4691 3264 4746 ita
3307 4686 3626 4752 naturaliter
3653 4701 3810 4749 sna-

494 4778 716 4836 nissime
733 4779 842 4837 hoc
863 4779 1161 4846 inculcant,
1181 4795 1306 4838 cum
1326 4781 1398 4842 de
1415 4782 1555 4841 Filio
1580 4785 1806 4843 dixisset
1833 4799 1849 4841 :
1872 4785 1960 4843 Ea:
1981 4788 2080 4845 hoc

493 4873 632 4928 enim
657 4880 828 4945 rogat,
850 4887 953 4945 quo
973 4873 1147 4932 minor
1169 4883 1248 4930 est
1265 4872 1462 4942 Patre;
1486 4891 1588 4949 quo
1603 4890 1722 4936 vero
1745 4879 1958 4950 aqualis
1979 4885 2075 4947 est,

492 4963 709 5020 exaudit
751 4980 870 5021 cum
913 4964 1110 5032 Patre;
1150 4966 1665 5037 insepmbiliutem
1721 4981 2074 5038 personarum

491 5052 802 5122 ostendens,
833 5054 947 5110 ait:
975 5053 1127 5112 Unde
1147 5073 1205 5114 se
1229 5057 1293 5112 ab
1313 5074 1375 5113 eo
1399 5058 1536 5131 quod
1562 5059 1698 5120 dixit
1723 5075 1744 5114 :
1774 5057 1896 5130 ipso
1929 5061 2074 5120 enim

405 5157 410 5162 ‘
487 5145 653 5205 Pater
680 5154 827 5202 amat
851 5162 951 5205 vos
994 5146 1178 5222 (Joan.
1199 5165 1310 5215 xvi,
1335 5149 1452 5222 Ἦ),
1489 5152 1663 5223 utique
1685 5152 1799 5224 ipse
1845 5169 1950 5208 non
1991 5169 2078 5210 ee-

487 5246 676 5313 parat;
723 5236 816 5294 sed
861 5239 1139 5296 «eundum
1181 5257 1248 5297 ea
1293 5241 1422 5314 fecit
1465 5241 1718 5315 intelligi,
1762 5259 1876 5316 qua:
1914 5253 2076 5318 supra

485 5328 904 5395 commemorari,
949 5331 1175 5400 satisque
1208 5329 1492 5398 insinuari,
1536 5331 1835 5406 pleruntque
1858 5334 1933 5390 ita
1970 5352 2071 5392 no-

483 5421 679 5476 minari
723 5435 1135 5495 numquamque
1173 5421 1232 5477 in
1278 5419 1536 5478 Trinitate
1581 5437 1876 5496 peresam,
1922 5437 1979 5484 ut
2021 5432 2074 5484 et

485 5511 609 5577 alite
633 5509 745 5565 illic
789 5509 1167 5583 intelligantur.
1203 5508 1298 5570 Sic
1337 5510 1512 5585 itaque
1553 5514 1749 5573 dictum
1783 5525 1862 5574 est
1893 5534 1912 5573 :
1951 5516 2073 5590 ipso

487 5606 633 5660 enim
678 5600 841 5659 Pater
888 5611 1035 5660 amat
1066 5618 1186 5673 vos,
1239 5612 1301 5660 ut
1340 5615 1706 5680 consequenter
1747 5609 2070 5683 intelligatur

489 5704 542 5750 et
571 5694 773 5763 Filius,
815 5704 869 5754 et
916 5696 1148 5772 Spiritus
1182 5705 1414 5756 satietate.
1452 5697 1590 5759 item
1635 5709 1762 5772 post
1799 5701 2072 5772 aliquanta

493 5787 646 5861 (Cap.
692 5785 781 5855 is,
831 5797 955 5847 ante
993 5789 1243 5862 medium)
1286 5788 1434 5853 idem
1477 5798 1700 5852 senatus
1742 5791 2075 5868 Αισυαίιιιιι

559 5954 584 5984 ι
615 5946 775 6016 _Ant.,
804 5944 970 6016 Micio
998 5950 1113 6002 tuo.

2184 4798 2278 4846 net
2314 4787 2764 4846 incommutabilis
2817 4786 2995 4842 unitas
3041 4781 3350 4839 voluntatis.
3407 4777 3812 4842 Attendamus

2183 4890 2360 4938 autem
2414 4895 2646 4952 quonam
2697 4876 2858 4933 modo
2910 4873 3073 4930 fuerit
3097 4873 3182 4929 vel
3207 4873 3394 4936 homo,
3421 4870 3515 4926 vel
3538 4871 3812 4938 angelus

2180 4981 2462 5045 separatus
2481 4988 2512 5026 ι
2541 4971 2675 5036 Deo,
2697 4978 2757 5024 ut
2780 4968 3048 5040 possimus
3089 4965 3454 5022 indubitanter
3479 4962 3810 5032 insepara—

2178 5067 2343 5124 bilem
2372 5065 2671 5135 intelligere
2701 5063 3036 5118 Trinitatem.
3059 5060 3263 5130 Nempe
3275 5057 3552 5128 Scriptura
3570 5067 3818 5116 sancta

2178 5157 2306 5214 dicit
2354 5158 2477 5230 quis
2523 5167 2774 5229 perversa!
2816 5155 3151 5227 cogitationes
3182 5157 3427 5222 separent
3465 5165 3504 5204 a
3529 5146 3673 5210 Deo,
3738 5159 3819 5209 οι

2177 5250 2304 5324 quia
2342 5252 2398 5304 in
2435 5249 2739 5304 malevola»:
2777 5249 3004 5301 animam
3049 5260 3155 5299 non
3197 5240 3431 5298 introibit
3475 5241 3820 5310 sapientia,

2175 5353 2268 5396 nec
2301 5341 2549 5400 habitabit
2582 5342 2641 5395 in
2673 5353 2890 5409 corpore
2927 5336 3131 5392 subdito
3170 5335 3396 5405 pensatis
3427 5331 3585 5404 (Sep.
3606 5345 3648 5392 ι.
3697 5333 3818 5403 3);

2176 5442 2233 5489 et
2258 5434 2383 5505 quia
2411 5428 2639 5504 Spiritus
2664 5439 2875 5494 sanctus
2917 5428 3208 5499 disciplina.-
3245 5426 3456 5497 σπυρίδα
3487 5423 3718 5494 ﬁctum,
3745 5444 3794 5481 ε

2175 5527 2372 5594 auferet
2408 5539 2463 5579 se
2512 5539 2544 5578 α
2587 5520 2981 5594 cogitationibus
3017 5534 3134 5592 qua
3182 5526 3301 5578 eum
3339 5519 3451 5571 sine
3491 5515 3818 5578 intellectu

2175 5613 2364 5686 (Ibid,
2408 5610 2483 5684 5).
2528 5612 2660 5666 Nam
2713 5617 2770 5666 et
2819 5609 2984 5665 [uias
3035 5609 3300 5680 propheta
3349 5607 3502 5678 (leui.
3555 5619 3687 5671 us,
3734 5608 3820 5676 ἓξ

2173 5709 2396 5759 testatur
2431 5702 2740 5771 iniquitates
2755 5701 2898 5756 inter
2921 5699 3091 5756 Deum
3117 5705 3176 5755 et
3200 5697 3448 5754 homines
3475 5708 3824 5764 separare.

2172 5795 2370 5858 Sancta
2405 5802 2588 5854 autem
2633 5792 2872 5854 Trinitas
2890 5793 3014 5868 ipse
3033 5801 3121 5851 est
3147 5790 3293 5848 Deus
3339 5787 3534 5856 ﬁdelis,
3559 5785 3618 5847 in
3647 5802 3834 5864 quo
