  <div class='ocr_page' id='page_1' title='image "/cluster/home/n/w/nwhite01/storage/ocr_20150623/65/hvd.32044054128558/208.png"; bbox 0 0 4072 6332; ppageno 0'>
   <div class='ocr_carea' id='block_1_1' title="bbox 185 331 287 391">
    <p class='ocr_par' dir='ltr' id='par_1_1' title="bbox 185 331 287 391">
     <span class='ocr_line' id='line_1_1' title="bbox 185 331 287 391; baseline 0 0"><span class='ocrx_word' id='word_1_1' title='bbox 185 331 287 391; x_wconf 75' lang='grc'><strong>405</strong></span> 
     </span>
    </p>
   </div>
   <div class='ocr_carea' id='block_1_2' title="bbox 1569 326 2060 389">
    <p class='ocr_par' dir='ltr' id='par_1_2' title="bbox 1569 326 2060 389">
     <span class='ocr_line' id='line_1_2' title="bbox 1569 326 2060 389; baseline 0.008 -4"><span class='ocrx_word' id='word_1_2' title='bbox 1569 326 1901 388; x_wconf 74' lang='lat' dir='ltr'><strong>EPISTOLA</strong></span> <span class='ocrx_word' id='word_1_3' title='bbox 1926 331 2060 389; x_wconf 80' lang='lat' dir='ltr'><strong>XIV.</strong></span> 
     </span>
    </p>
   </div>
   <div class='ocr_carea' id='block_1_3' title="bbox 3349 316 3489 403">
    <p class='ocr_par' dir='ltr' id='par_1_3' title="bbox 3349 316 3489 403">
     <span class='ocr_line' id='line_1_3' title="bbox 3349 316 3489 403; baseline 0 -56"><span class='ocrx_word' id='word_1_4' title='bbox 3349 316 3489 403; x_wconf 45' lang='grc' dir='ltr'><strong>ωδ)</strong></span> 
     </span>
    </p>
   </div>
   <div class='ocr_carea' id='block_1_4' title="bbox 186 440 3456 525">
    <p class='ocr_par' dir='ltr' id='par_1_4' title="bbox 186 440 3456 525">
     <span class='ocr_line' id='line_1_4' title="bbox 186 440 3456 525; baseline 0.002 -17"><span class='ocrx_word' id='word_1_5' title='bbox 186 465 292 508; x_wconf 86' lang='lat' dir='ltr'><strong>non</strong></span> <span class='ocrx_word' id='word_1_6' title='bbox 312 454 397 506; x_wconf 73' lang='lat' dir='ltr'><strong>est</strong></span> <span class='ocrx_word' id='word_1_7' title='bbox 425 444 700 517; x_wconf 79' lang='lat' dir='ltr'><strong>iniquitas.</strong></span> <span class='ocrx_word' id='word_1_8' title='bbox 739 440 890 501; x_wconf 72' lang='lat' dir='ltr'><strong>Vertit</strong></span> <span class='ocrx_word' id='word_1_9' title='bbox 919 452 1093 501; x_wconf 76' lang='lat' dir='ltr'><strong>autem</strong></span> <span class='ocrx_word' id='word_1_10' title='bbox 1128 444 1301 509; x_wconf 68' lang='lat' dir='ltr'><strong>Filius</strong></span> <span class='ocrx_word' id='word_1_11' title='bbox 1330 446 1451 515; x_wconf 77' lang='lat' dir='ltr'><strong>Dei,</strong></span> <span class='ocrx_word' id='word_1_12' title='bbox 1479 454 1537 503; x_wconf 89' lang='lat' dir='ltr'><strong>ut</strong></span> <span class='ocrx_word' id='word_1_13' title='bbox 1561 454 1774 520; x_wconf 75' lang='lat' dir='ltr'><strong>peccata</strong></span> <span class='ocrx_word' id='word_1_14' title='bbox 1799 447 2048 520; x_wconf 73' lang='lat' dir='ltr'><strong>A.factus</strong></span> <span class='ocrx_word' id='word_1_15' title='bbox 2068 459 2145 503; x_wconf 87' lang='lat' dir='ltr'><strong>est</strong></span> <span class='ocrx_word' id='word_1_16' title='bbox 2170 451 2491 522; x_wconf 75' lang='lat' dir='ltr'><strong>principatus</strong></span> <span class='ocrx_word' id='word_1_17' title='bbox 2530 467 2684 522; x_wconf 86' lang='lat' dir='ltr'><strong>super</strong></span> <span class='ocrx_word' id='word_1_18' title='bbox 2729 451 2967 509; x_wconf 81' lang='lat' dir='ltr'><strong>humeros</strong></span> <span class='ocrx_word' id='word_1_19' title='bbox 2992 454 3144 525; x_wconf 85' lang='lat' dir='ltr'><strong>ejus:</strong></span> <span class='ocrx_word' id='word_1_20' title='bbox 3173 463 3225 510; x_wconf 83' lang='lat' dir='ltr'><strong>et</strong></span> <span class='ocrx_word' id='word_1_21' title='bbox 3245 459 3456 516; x_wconf 74' lang='lat' dir='ltr'><strong>vocabi-</strong></span> 
     </span>
    </p>
   </div>
   <div class='ocr_carea' id='block_1_5' title="bbox 185 539 1772 614">
    <p class='ocr_par' dir='ltr' id='par_1_5' title="bbox 185 539 1772 614">
     <span class='ocr_line' id='line_1_5' title="bbox 185 539 1772 614; baseline -0.002 -16"><span class='ocrx_word' id='word_1_22' title='bbox 185 542 406 609; x_wconf 77' lang='lat' dir='ltr'><strong>tollerct,</strong></span> <span class='ocrx_word' id='word_1_23' title='bbox 434 547 485 595; x_wconf 87' lang='lat' dir='ltr'><strong>et</strong></span> <span class='ocrx_word' id='word_1_24' title='bbox 516 544 784 611; x_wconf 82' lang='lat' dir='ltr'><strong>peccatum</strong></span> <span class='ocrx_word' id='word_1_25' title='bbox 819 539 879 596; x_wconf 86' lang='lat' dir='ltr'><strong>in</strong></span> <span class='ocrx_word' id='word_1_26' title='bbox 925 556 988 596; x_wconf 78' lang='lat' dir='ltr'><strong>eo</strong></span> <span class='ocrx_word' id='word_1_27' title='bbox 1031 554 1137 595; x_wconf 82' lang='lat' dir='ltr'><strong>non</strong></span> <span class='ocrx_word' id='word_1_28' title='bbox 1174 549 1357 608; x_wconf 78' lang='lat' dir='ltr'><strong>est,et</strong></span> <span class='ocrx_word' id='word_1_29' title='bbox 1384 549 1649 614; x_wconf 81' lang='lat' dir='ltr'><strong>peccatum</strong></span> <span class='ocrx_word' id='word_1_30' title='bbox 1693 550 1772 597; x_wconf 81' lang='lat' dir='ltr'><strong>est</strong></span> 
     </span>
    </p>
   </div>
   <div class='ocr_carea' id='block_1_6' title="bbox 182 630 1769 706">
    <p class='ocr_par' dir='ltr' id='par_1_6' title="bbox 182 630 1769 706">
     <span class='ocr_line' id='line_1_6' title="bbox 182 630 1769 706; baseline -0.001 -17"><span class='ocrx_word' id='word_1_31' title='bbox 182 634 424 706; x_wconf 71' lang='lat' dir='ltr'><strong>iniquitas</strong></span> <span class='ocrx_word' id='word_1_32' title='bbox 456 630 513 703; x_wconf 87' lang='grc' dir='ltr'><strong>(Ι</strong></span> <span class='ocrx_word' id='word_1_33' title='bbox 530 631 690 688; x_wconf 71' lang='lat' dir='ltr'><strong>locis.</strong></span> <span class='ocrx_word' id='word_1_34' title='bbox 714 649 791 700; x_wconf 86' lang='grc' dir='ltr'>ιιι,</span> <span class='ocrx_word' id='word_1_35' title='bbox 818 631 873 700; x_wconf 70' lang='grc' dir='ltr'>ι,</span> <span class='ocrx_word' id='word_1_36' title='bbox 905 631 984 706; x_wconf 83' lang='grc'><strong>5).</strong></span> <span class='ocrx_word' id='word_1_37' title='bbox 1013 632 1233 690; x_wconf 83' lang='lat' dir='ltr'><strong>Tollens</strong></span> <span class='ocrx_word' id='word_1_38' title='bbox 1284 641 1467 689; x_wconf 83' lang='lat' dir='ltr'><strong>autem</strong></span> <span class='ocrx_word' id='word_1_39' title='bbox 1514 634 1769 703; x_wconf 83' lang='lat' dir='ltr'><strong>iniquita-</strong></span> 
     </span>
    </p>
   </div>
   <div class='ocr_carea' id='block_1_7' title="bbox 185 724 1770 796">
    <p class='ocr_par' dir='ltr' id='par_1_7' title="bbox 185 724 1770 796">
     <span class='ocr_line' id='line_1_7' title="bbox 185 724 1770 796; baseline -0.001 -14"><span class='ocrx_word' id='word_1_40' title='bbox 185 733 310 791; x_wconf 85' lang='lat' dir='ltr'><strong>tem,</strong></span> <span class='ocrx_word' id='word_1_41' title='bbox 342 724 533 781; x_wconf 92' lang='lat' dir='ltr'><strong>tribuit</strong></span> <span class='ocrx_word' id='word_1_42' title='bbox 560 724 863 780; x_wconf 73' lang='lat' dir='ltr'><strong>caritatem.</strong></span> <span class='ocrx_word' id='word_1_43' title='bbox 891 724 1125 781; x_wconf 74' lang='lat' dir='ltr'><strong>Abstulit</strong></span> <span class='ocrx_word' id='word_1_44' title='bbox 1147 739 1281 796; x_wconf 83' lang='lat' dir='ltr'><strong>ergo</strong></span> <span class='ocrx_word' id='word_1_45' title='bbox 1305 739 1406 796; x_wconf 90' lang='lat' dir='ltr'><strong>per</strong></span> <span class='ocrx_word' id='word_1_46' title='bbox 1428 725 1575 795; x_wconf 89' lang='lat' dir='ltr'><strong>quod</strong></span> <span class='ocrx_word' id='word_1_47' title='bbox 1594 739 1626 779; x_wconf 87' lang='lat' dir='ltr'><strong>a</strong></span> <span class='ocrx_word' id='word_1_48' title='bbox 1655 724 1770 781; x_wconf 88' lang='lat' dir='ltr'><strong>Deo</strong></span> 
     </span>
    </p>
   </div>
   <div class='ocr_carea' id='block_1_8' title="bbox 181 815 1771 889">
    <p class='ocr_par' dir='ltr' id='par_1_8' title="bbox 181 815 1771 889">
     <span class='ocr_line' id='line_1_8' title="bbox 181 815 1771 889; baseline -0.003 -14"><span class='ocrx_word' id='word_1_49' title='bbox 181 817 586 888; x_wconf 85' lang='lat' dir='ltr'><strong>separabamur,</strong></span> <span class='ocrx_word' id='word_1_50' title='bbox 611 825 669 875; x_wconf 89' lang='lat' dir='ltr'><strong>et</strong></span> <span class='ocrx_word' id='word_1_51' title='bbox 713 815 936 874; x_wconf 89' lang='lat' dir='ltr'><strong>donavit</strong></span> <span class='ocrx_word' id='word_1_52' title='bbox 975 832 1075 889; x_wconf 89' lang='lat' dir='ltr'><strong>per</strong></span> <span class='ocrx_word' id='word_1_53' title='bbox 1118 816 1268 888; x_wconf 84' lang='lat' dir='ltr'><strong>quod</strong></span> <span class='ocrx_word' id='word_1_54' title='bbox 1292 824 1493 875; x_wconf 65' lang='lat' dir='ltr'><strong>sancta:</strong></span> <span class='ocrx_word' id='word_1_55' title='bbox 1519 816 1771 873; x_wconf 87' lang='lat' dir='ltr'><strong>Trinitati</strong></span> 
     </span>
    </p>
   </div>
   <div class='ocr_carea' id='block_1_9' title="bbox 182 907 1771 982">
    <p class='ocr_par' dir='ltr' id='par_1_9' title="bbox 182 907 1771 982">
     <span class='ocr_line' id='line_1_9' title="bbox 182 907 1771 982; baseline 0.001 -17"><span class='ocrx_word' id='word_1_56' title='bbox 182 909 610 982; x_wconf 70' lang='lat' dir='ltr'><strong>inseparabiliter</strong></span> <span class='ocrx_word' id='word_1_57' title='bbox 646 907 1015 980; x_wconf 71' lang='lat' dir='ltr'><strong>iungeremur.</strong></span> <span class='ocrx_word' id='word_1_58' title='bbox 1046 907 1174 965; x_wconf 84' lang='lat' dir='ltr'><strong>Ideo</strong></span> <span class='ocrx_word' id='word_1_59' title='bbox 1220 907 1555 965; x_wconf 81' lang='lat' dir='ltr'><strong>cunﬁdenter</strong></span> <span class='ocrx_word' id='word_1_60' title='bbox 1572 909 1771 967; x_wconf 85' lang='lat' dir='ltr'><strong>clamat</strong></span> 
     </span>
    </p>
   </div>
   <div class='ocr_carea' id='block_1_10' title="bbox 181 1001 1771 1076">
    <p class='ocr_par' dir='ltr' id='par_1_10' title="bbox 181 1001 1771 1076">
     <span class='ocr_line' id='line_1_10' title="bbox 181 1001 1771 1076; baseline -0.001 -17"><span class='ocrx_word' id='word_1_61' title='bbox 181 1004 473 1075; x_wconf 77' lang='lat' dir='ltr'><strong>Apostolus</strong></span> <span class='ocrx_word' id='word_1_62' title='bbox 502 1021 516 1059; x_wconf 88' lang='lat'><strong>:</strong></span> <span class='ocrx_word' id='word_1_63' title='bbox 551 1001 689 1068; x_wconf 83' lang='lat' dir='ltr'><strong>Quia</strong></span> <span class='ocrx_word' id='word_1_64' title='bbox 735 1020 898 1076; x_wconf 85' lang='lat' dir='ltr'><strong>neque</strong></span> <span class='ocrx_word' id='word_1_65' title='bbox 924 1019 1085 1067; x_wconf 86' lang='lat' dir='ltr'><strong>mors,</strong></span> <span class='ocrx_word' id='word_1_66' title='bbox 1117 1019 1281 1076; x_wconf 80' lang='lat' dir='ltr'><strong>neque</strong></span> <span class='ocrx_word' id='word_1_67' title='bbox 1326 1005 1450 1069; x_wconf 86' lang='lat' dir='ltr'><strong>uita,</strong></span> <span class='ocrx_word' id='word_1_68' title='bbox 1473 1018 1637 1075; x_wconf 81' lang='lat' dir='ltr'><strong>neque</strong></span> <span class='ocrx_word' id='word_1_69' title='bbox 1671 1021 1771 1058; x_wconf 60' lang='lat' dir='ltr'><strong>am</strong></span> 
     </span>
    </p>
   </div>
   <div class='ocr_carea' id='block_1_11' title="bbox 180 1096 1765 1172">
    <p class='ocr_par' dir='ltr' id='par_1_11' title="bbox 180 1096 1765 1172">
     <span class='ocr_line' id='line_1_11' title="bbox 180 1096 1765 1172; baseline -0.003 -20"><span class='ocrx_word' id='word_1_70' title='bbox 180 1098 297 1172; x_wconf 95' lang='lat' dir='ltr'><strong>geli,</strong></span> <span class='ocrx_word' id='word_1_71' title='bbox 323 1114 483 1168; x_wconf 86' lang='lat' dir='ltr'><strong>neque</strong></span> <span class='ocrx_word' id='word_1_72' title='bbox 510 1098 854 1169; x_wconf 75' lang='lat' dir='ltr'><strong>principatus,</strong></span> <span class='ocrx_word' id='word_1_73' title='bbox 877 1112 1037 1169; x_wconf 86' lang='lat' dir='ltr'><strong>neque</strong></span> <span class='ocrx_word' id='word_1_74' title='bbox 1080 1096 1354 1162; x_wconf 73' lang='lat' dir='ltr'><strong>instantia,</strong></span> <span class='ocrx_word' id='word_1_75' title='bbox 1381 1112 1542 1169; x_wconf 86' lang='lat' dir='ltr'><strong>neque</strong></span> <span class='ocrx_word' id='word_1_76' title='bbox 1571 1098 1765 1168; x_wconf 74' lang='lat' dir='ltr'><strong>futura,</strong></span> 
     </span>
    </p>
   </div>
   <div class='ocr_carea' id='block_1_12' title="bbox 181 1188 1816 1266">
    <p class='ocr_par' dir='ltr' id='par_1_12' title="bbox 181 1188 1816 1266">
     <span class='ocr_line' id='line_1_12' title="bbox 181 1188 1816 1266; baseline -0.001 -20"><span class='ocrx_word' id='word_1_77' title='bbox 181 1209 340 1264; x_wconf 78' lang='lat' dir='ltr'><strong>neque</strong></span> <span class='ocrx_word' id='word_1_78' title='bbox 365 1190 719 1265; x_wconf 71' lang='lat' dir='ltr'><strong>fortitudines,</strong></span> <span class='ocrx_word' id='word_1_79' title='bbox 749 1205 912 1263; x_wconf 79' lang='lat' dir='ltr'><strong>neque</strong></span> <span class='ocrx_word' id='word_1_80' title='bbox 956 1188 1197 1257; x_wconf 79' lang='lat' dir='ltr'><strong>altitudo,</strong></span> <span class='ocrx_word' id='word_1_81' title='bbox 1218 1205 1377 1262; x_wconf 75' lang='lat' dir='ltr'><strong>neque</strong></span> <span class='ocrx_word' id='word_1_82' title='bbox 1428 1188 1765 1260; x_wconf 69' lang='lat' dir='ltr'><strong>profundum,</strong></span> <span class='ocrx_word' id='word_1_83' title='bbox 1810 1260 1816 1266; x_wconf 27' lang='grc'><strong><em>⁸</em></strong></span> 
     </span>
    </p>
   </div>
   <div class='ocr_carea' id='block_1_13' title="bbox 182 1278 1765 1355">
    <p class='ocr_par' dir='ltr' id='par_1_13' title="bbox 182 1278 1765 1355">
     <span class='ocr_line' id='line_1_13' title="bbox 182 1278 1765 1355; baseline 0 -18"><span class='ocrx_word' id='word_1_84' title='bbox 182 1299 337 1355; x_wconf 78' lang='lat' dir='ltr'><strong>neque</strong></span> <span class='ocrx_word' id='word_1_85' title='bbox 354 1289 596 1338; x_wconf 79' lang='lat' dir='ltr'><strong>creatura</strong></span> <span class='ocrx_word' id='word_1_86' title='bbox 625 1282 732 1337; x_wconf 89' lang='lat' dir='ltr'><strong>alia</strong></span> <span class='ocrx_word' id='word_1_87' title='bbox 760 1281 947 1353; x_wconf 88' lang='lat' dir='ltr'><strong>poterit</strong></span> <span class='ocrx_word' id='word_1_88' title='bbox 968 1298 1063 1336; x_wconf 81' lang='lat' dir='ltr'><strong>nos</strong></span> <span class='ocrx_word' id='word_1_89' title='bbox 1081 1297 1330 1353; x_wconf 84' lang='lat' dir='ltr'><strong>separare</strong></span> <span class='ocrx_word' id='word_1_90' title='bbox 1354 1298 1388 1336; x_wconf 78' lang='grc' dir='ltr'><em>α</em></span> <span class='ocrx_word' id='word_1_91' title='bbox 1411 1281 1631 1339; x_wconf 76' lang='lat' dir='ltr'><strong>caritate</strong></span> <span class='ocrx_word' id='word_1_92' title='bbox 1645 1278 1765 1346; x_wconf 87' lang='lat' dir='ltr'><strong>Dei,</strong></span> 
     </span>
    </p>
   </div>
   <div class='ocr_carea' id='block_1_14' title="bbox 182 1369 1775 1442">
    <p class='ocr_par' dir='ltr' id='par_1_14' title="bbox 182 1369 1775 1442">
     <span class='ocr_line' id='line_1_14' title="bbox 182 1369 1775 1442; baseline -0.004 -9"><span class='ocrx_word' id='word_1_93' title='bbox 182 1392 288 1440; x_wconf 64' lang='lat' dir='ltr'><strong>cum</strong></span> <span class='ocrx_word' id='word_1_94' title='bbox 317 1382 394 1431; x_wconf 85' lang='lat' dir='ltr'><strong>est</strong></span> <span class='ocrx_word' id='word_1_95' title='bbox 419 1375 474 1430; x_wconf 78' lang='lat' dir='ltr'><strong>in</strong></span> <span class='ocrx_word' id='word_1_96' title='bbox 501 1372 706 1433; x_wconf 77' lang='lat' dir='ltr'><strong>Christo</strong></span> <span class='ocrx_word' id='word_1_97' title='bbox 727 1372 854 1432; x_wconf 77' lang='lat' dir='ltr'><strong>Iesu</strong></span> <span class='ocrx_word' id='word_1_98' title='bbox 868 1372 1097 1433; x_wconf 85' lang='lat' dir='ltr'><strong>Domino</strong></span> <span class='ocrx_word' id='word_1_99' title='bbox 1111 1381 1288 1433; x_wconf 82' lang='lat' dir='ltr'><strong>nostra</strong></span> <span class='ocrx_word' id='word_1_100' title='bbox 1311 1370 1487 1442; x_wconf 84' lang='lat' dir='ltr'><strong>(Rom.</strong></span> <span class='ocrx_word' id='word_1_101' title='bbox 1515 1387 1631 1438; x_wconf 78' lang='lat' dir='ltr'><strong>vui,</strong></span> <span class='ocrx_word' id='word_1_102' title='bbox 1651 1369 1775 1441; x_wconf 19' lang='lat'><strong>&#39;58).“</strong></span> 
     </span>
    </p>
   </div>
   <div class='ocr_carea' id='block_1_15' title="bbox 184 1464 1769 1543">
    <p class='ocr_par' dir='ltr' id='par_1_15' title="bbox 184 1464 1769 1543">
     <span class='ocr_line' id='line_1_15' title="bbox 184 1464 1769 1543; baseline -0.002 -19"><span class='ocrx_word' id='word_1_103' title='bbox 184 1467 232 1527; x_wconf 85' lang='lat' dir='ltr'><strong>Si</strong></span> <span class='ocrx_word' id='word_1_104' title='bbox 254 1481 391 1543; x_wconf 84' lang='lat' dir='ltr'><strong>ergo</strong></span> <span class='ocrx_word' id='word_1_105' title='bbox 421 1465 674 1532; x_wconf 85' lang='lat' dir='ltr'><strong>Trinitas,</strong></span> <span class='ocrx_word' id='word_1_106' title='bbox 706 1465 885 1525; x_wconf 76' lang='lat' dir='ltr'><strong>infusa</strong></span> <span class='ocrx_word' id='word_1_107' title='bbox 935 1467 1184 1531; x_wconf 84' lang='lat' dir='ltr'><strong>caritate,</strong></span> <span class='ocrx_word' id='word_1_108' title='bbox 1211 1464 1644 1539; x_wconf 72' lang='lat' dir='ltr'><strong>inseparabiliter</strong></span> <span class='ocrx_word' id='word_1_109' title='bbox 1666 1465 1769 1521; x_wconf 90' lang='lat' dir='ltr'><strong>sibi</strong></span> 
     </span>
    </p>
   </div>
   <div class='ocr_carea' id='block_1_16' title="bbox 182 1556 1766 1635">
    <p class='ocr_par' dir='ltr' id='par_1_16' title="bbox 182 1556 1766 1635">
     <span class='ocr_line' id='line_1_16' title="bbox 182 1556 1766 1635; baseline -0.001 -21"><span class='ocrx_word' id='word_1_110' title='bbox 182 1557 304 1625; x_wconf 79' lang='lat' dir='ltr'><strong>facit</strong></span> <span class='ocrx_word' id='word_1_111' title='bbox 328 1559 607 1635; x_wconf 72' lang='lat' dir='ltr'><strong>adhzerere</strong></span> <span class='ocrx_word' id='word_1_112' title='bbox 634 1559 842 1625; x_wconf 81' lang='lat' dir='ltr'><strong>animas</strong></span> <span class='ocrx_word' id='word_1_113' title='bbox 859 1565 1095 1626; x_wconf 78' lang='lat' dir='ltr'><strong>nostras,</strong></span> <span class='ocrx_word' id='word_1_114' title='bbox 1111 1558 1238 1628; x_wconf 84' lang='lat' dir='ltr'><strong>quia</strong></span> <span class='ocrx_word' id='word_1_115' title='bbox 1265 1559 1353 1630; x_wconf 82' lang='lat' dir='ltr'><strong>qui</strong></span> <span class='ocrx_word' id='word_1_116' title='bbox 1376 1557 1609 1615; x_wconf 77' lang='lat' dir='ltr'><strong>adhtcrct</strong></span> <span class='ocrx_word' id='word_1_117' title='bbox 1631 1556 1766 1624; x_wconf 88' lang='lat' dir='ltr'><strong>Deo,</strong></span> 
     </span>
    </p>
   </div>
   <div class='ocr_carea' id='block_1_17' title="bbox 182 1647 1769 1727">
    <p class='ocr_par' dir='ltr' id='par_1_17' title="bbox 182 1647 1769 1727">
     <span class='ocr_line' id='line_1_17' title="bbox 182 1647 1769 1727; baseline 0 -20"><span class='ocrx_word' id='word_1_118' title='bbox 182 1668 310 1713; x_wconf 80' lang='lat' dir='ltr'><strong>unus</strong></span> <span class='ocrx_word' id='word_1_119' title='bbox 334 1652 550 1727; x_wconf 83' lang='lat' dir='ltr'><strong>spiritus</strong></span> <span class='ocrx_word' id='word_1_120' title='bbox 596 1661 675 1713; x_wconf 81' lang='lat' dir='ltr'><strong>est</strong></span> <span class='ocrx_word' id='word_1_121' title='bbox 705 1648 759 1725; x_wconf 83' lang='grc'><strong>(1</strong></span> <span class='ocrx_word' id='word_1_122' title='bbox 788 1649 909 1709; x_wconf 87' lang='lat' dir='ltr'><strong>Cor.</strong></span> <span class='ocrx_word' id='word_1_123' title='bbox 932 1666 1007 1719; x_wconf 86' lang='lat' dir='ltr'><strong>vt,</strong></span> <span class='ocrx_word' id='word_1_124' title='bbox 1031 1649 1123 1723; x_wconf 82' lang='lat' dir='ltr'><strong>l7)</strong></span> <span class='ocrx_word' id='word_1_125' title='bbox 1152 1668 1167 1705; x_wconf 88' lang='lat'><strong>:</strong></span> <span class='ocrx_word' id='word_1_126' title='bbox 1195 1647 1477 1720; x_wconf 87' lang='lat' dir='ltr'><strong>quomodo</strong></span> <span class='ocrx_word' id='word_1_127' title='bbox 1504 1648 1622 1720; x_wconf 86' lang='lat' dir='ltr'><strong>ipsa</strong></span> <span class='ocrx_word' id='word_1_128' title='bbox 1650 1647 1769 1707; x_wconf 87' lang='lat' dir='ltr'><strong>Tri-</strong></span> 
     </span>
    </p>
   </div>
   <div class='ocr_carea' id='block_1_18' title="bbox 186 1738 1771 1821">
    <p class='ocr_par' dir='ltr' id='par_1_18' title="bbox 186 1738 1771 1821">
     <span class='ocr_line' id='line_1_18' title="bbox 186 1738 1771 1821; baseline -0.001 -23"><span class='ocrx_word' id='word_1_129' title='bbox 186 1743 321 1811; x_wconf 73' lang='lat' dir='ltr'><strong>nitas</strong></span> <span class='ocrx_word' id='word_1_130' title='bbox 369 1740 701 1821; x_wconf 65' lang='lat' dir='ltr'><strong>separabiles</strong></span> <span class='ocrx_word' id='word_1_131' title='bbox 744 1749 925 1817; x_wconf 63' lang='grc' dir='ltr'><strong>ροηδε</strong></span> <span class='ocrx_word' id='word_1_132' title='bbox 965 1740 1166 1799; x_wconf 82' lang='lat' dir='ltr'><strong>habere</strong></span> <span class='ocrx_word' id='word_1_133' title='bbox 1193 1752 1473 1810; x_wconf 73' lang='lat' dir='ltr'><strong>personas,</strong></span> <span class='ocrx_word' id='word_1_134' title='bbox 1503 1754 1625 1799; x_wconf 86' lang='lat' dir='ltr'><strong>cum</strong></span> <span class='ocrx_word' id='word_1_135' title='bbox 1655 1738 1771 1813; x_wconf 87' lang='lat' dir='ltr'><strong>ipsa</strong></span> 
     </span>
    </p>
   </div>
   <div class='ocr_carea' id='block_1_19' title="bbox 1873 542 3453 624">
    <p class='ocr_par' dir='ltr' id='par_1_19' title="bbox 1873 542 3453 624">
     <span class='ocr_line' id='line_1_19' title="bbox 1873 542 3453 624; baseline 0.009 -30"><span class='ocrx_word' id='word_1_136' title='bbox 1873 548 1957 594; x_wconf 86' lang='lat' dir='ltr'><strong>tur</strong></span> <span class='ocrx_word' id='word_1_137' title='bbox 1981 556 2166 596; x_wconf 81' lang='lat' dir='ltr'><strong><em>nomen</em></strong></span> <span class='ocrx_word' id='word_1_138' title='bbox 2190 544 2320 613; x_wconf 80' lang='lat' dir='ltr'><strong>ejus,</strong></span> <span class='ocrx_word' id='word_1_139' title='bbox 2350 542 2705 611; x_wconf 76' lang='lat' dir='ltr'><strong>Admirabilis,</strong></span> <span class='ocrx_word' id='word_1_140' title='bbox 2731 543 3094 613; x_wconf 84' lang='lat' dir='ltr'><strong>Consiliarius,</strong></span> <span class='ocrx_word' id='word_1_141' title='bbox 3116 544 3257 606; x_wconf 87' lang='lat' dir='ltr'><strong>Deus</strong></span> <span class='ocrx_word' id='word_1_142' title='bbox 3278 553 3453 624; x_wconf 76' lang='lat' dir='ltr'><strong>fortis,</strong></span> 
     </span>
    </p>
   </div>
   <div class='ocr_carea' id='block_1_20' title="bbox 1871 628 3460 713">
    <p class='ocr_par' dir='ltr' id='par_1_20' title="bbox 1871 628 3460 713">
     <span class='ocr_line' id='line_1_20' title="bbox 1871 628 3460 713; baseline 0.01 -29"><span class='ocrx_word' id='word_1_143' title='bbox 1871 628 2035 686; x_wconf 80' lang='lat' dir='ltr'><strong>Pater</strong></span> <span class='ocrx_word' id='word_1_144' title='bbox 2055 634 2215 704; x_wconf 79' lang='lat' dir='ltr'><strong>futuri</strong></span> <span class='ocrx_word' id='word_1_145' title='bbox 2234 634 2430 698; x_wconf 74' lang='lat' dir='ltr'><strong>swculi,</strong></span> <span class='ocrx_word' id='word_1_146' title='bbox 2457 634 2708 707; x_wconf 78' lang='lat' dir='ltr'><strong>Princeps</strong></span> <span class='ocrx_word' id='word_1_147' title='bbox 2731 637 2876 708; x_wconf 82' lang='lat' dir='ltr'><strong>pacis</strong></span> <span class='ocrx_word' id='word_1_148' title='bbox 2893 637 3038 711; x_wconf 86' lang='lat' dir='ltr'><strong>(lsai.</strong></span> <span class='ocrx_word' id='word_1_149' title='bbox 3058 656 3133 707; x_wconf 78' lang='lat' dir='ltr'><strong>ix,</strong></span> <span class='ocrx_word' id='word_1_150' title='bbox 3156 640 3232 713; x_wconf 85' lang='lat'><strong>6).</strong></span> <span class='ocrx_word' id='word_1_151' title='bbox 3266 642 3460 701; x_wconf 89' lang='lat' dir='ltr'><strong>Nonne</strong></span> 
     </span>
    </p>
   </div>
   <div class='ocr_carea' id='block_1_21' title="bbox 1872 722 3460 803">
    <p class='ocr_par' dir='ltr' id='par_1_21' title="bbox 1872 722 3460 803">
     <span class='ocr_line' id='line_1_21' title="bbox 1872 722 3460 803; baseline 0.01 -26"><span class='ocrx_word' id='word_1_152' title='bbox 1872 722 2027 779; x_wconf 80' lang='lat' dir='ltr'><strong>istius</strong></span> <span class='ocrx_word' id='word_1_153' title='bbox 2048 722 2142 779; x_wconf 75' lang='lat' dir='ltr'><strong>De]</strong></span> <span class='ocrx_word' id='word_1_154' title='bbox 2160 724 2312 780; x_wconf 70' lang='lat' dir='ltr'><strong>lbrtis</strong></span> <span class='ocrx_word' id='word_1_155' title='bbox 2331 726 2572 783; x_wconf 90' lang='lat' dir='ltr'><strong>unoloco</strong></span> <span class='ocrx_word' id='word_1_156' title='bbox 2582 727 2871 799; x_wconf 71' lang='lat' dir='ltr'><strong>Apostolus</strong></span> <span class='ocrx_word' id='word_1_157' title='bbox 2895 734 3277 803; x_wconf 77' lang='lat' dir='ltr'><strong>sempiternam</strong></span> <span class='ocrx_word' id='word_1_158' title='bbox 3288 736 3460 792; x_wconf 89' lang='lat' dir='ltr'><strong>virtu-</strong></span> 
     </span>
    </p>
   </div>
   <div class='ocr_carea' id='block_1_22' title="bbox 1872 816 3439 895">
    <p class='ocr_par' dir='ltr' id='par_1_22' title="bbox 1872 816 3439 895">
     <span class='ocr_line' id='line_1_22' title="bbox 1872 816 3439 895; baseline 0.01 -25"><span class='ocrx_word' id='word_1_159' title='bbox 1872 823 1981 872; x_wconf 86' lang='lat' dir='ltr'><strong>tem</strong></span> <span class='ocrx_word' id='word_1_160' title='bbox 2019 816 2462 891; x_wconf 80' lang='lat' dir='ltr'><strong>divinitatetnque</strong></span> <span class='ocrx_word' id='word_1_161' title='bbox 2490 821 2874 878; x_wconf 73' lang='lat' dir='ltr'><strong>commendati</strong></span> <span class='ocrx_word' id='word_1_162' title='bbox 2922 822 3108 895; x_wconf 84' lang='lat' dir='ltr'><strong>Neque</strong></span> <span class='ocrx_word' id='word_1_163' title='bbox 3134 826 3279 883; x_wconf 90' lang='lat' dir='ltr'><strong>enim</strong></span> <span class='ocrx_word' id='word_1_164' title='bbox 3309 843 3439 885; x_wconf 88' lang='lat' dir='ltr'><strong>vera</strong></span> 
     </span>
    </p>
   </div>
   <div class='ocr_carea' id='block_1_23' title="bbox 1873 906 3460 981">
    <p class='ocr_par' dir='ltr' id='par_1_23' title="bbox 1873 906 3460 981">
     <span class='ocr_line' id='line_1_23' title="bbox 1873 906 3460 981; baseline 0.011 -20"><span class='ocrx_word' id='word_1_165' title='bbox 1873 906 2007 963; x_wconf 97' lang='lat' dir='ltr'><strong>ﬁdes</strong></span> <span class='ocrx_word' id='word_1_166' title='bbox 2028 908 2101 963; x_wconf 89' lang='lat' dir='ltr'><strong>ita</strong></span> <span class='ocrx_word' id='word_1_167' title='bbox 2137 910 2522 981; x_wconf 78' lang='lat' dir='ltr'><strong>sempiternam</strong></span> <span class='ocrx_word' id='word_1_168' title='bbox 2549 912 2806 970; x_wconf 80' lang='lat' dir='ltr'><strong>virtutem</strong></span> <span class='ocrx_word' id='word_1_169' title='bbox 2828 928 2894 972; x_wconf 82' lang='lat' dir='ltr'><strong>ac</strong></span> <span class='ocrx_word' id='word_1_170' title='bbox 2920 915 3257 975; x_wconf 85' lang='lat' dir='ltr'><strong>divinitatem</strong></span> <span class='ocrx_word' id='word_1_171' title='bbox 3280 918 3460 979; x_wconf 76' lang='lat' dir='ltr'><strong>Patris</strong></span> 
     </span>
    </p>
   </div>
   <div class='ocr_carea' id='block_1_24' title="bbox 1878 991 3536 1081">
    <p class='ocr_par' dir='ltr' id='par_1_24' title="bbox 1878 991 3536 1081">
     <span class='ocr_line' id='line_1_24' title="bbox 1878 991 3536 1081; baseline 0.008 -27"><span class='ocrx_word' id='word_1_172' title='bbox 1878 999 2154 1071; x_wconf 78' lang='lat' dir='ltr'><strong>praedicat,</strong></span> <span class='ocrx_word' id='word_1_173' title='bbox 2170 1001 2357 1057; x_wconf 78' lang='lat' dir='ltr'><strong>utFilii</strong></span> <span class='ocrx_word' id='word_1_174' title='bbox 2383 1013 2476 1058; x_wconf 84' lang='lat' dir='ltr'><strong>aut</strong></span> <span class='ocrx_word' id='word_1_175' title='bbox 2495 1003 2726 1075; x_wconf 83' lang='lat' dir='ltr'><strong>Spiritus</strong></span> <span class='ocrx_word' id='word_1_176' title='bbox 2746 1008 2920 1063; x_wconf 82' lang='lat' dir='ltr'><strong>sancti</strong></span> <span class='ocrx_word' id='word_1_177' title='bbox 2938 1009 3323 1081; x_wconf 88' lang='lat' dir='ltr'><strong>sempiternam</strong></span> <span class='ocrx_word' id='word_1_178' title='bbox 3348 1010 3459 1067; x_wconf 91' lang='lat' dir='ltr'><strong>vir-</strong></span> <span class='ocrx_word' id='word_1_179' title='bbox 3523 991 3536 1000; x_wconf 47' lang='grc'><em>”</em></span> 
     </span>
    </p>
   </div>
   <div class='ocr_carea' id='block_1_25' title="bbox 1871 1093 3574 1174">
    <p class='ocr_par' dir='ltr' id='par_1_25' title="bbox 1871 1093 3574 1174">
     <span class='ocr_line' id='line_1_25' title="bbox 1871 1093 3574 1174; baseline 0.007 -26"><span class='ocrx_word' id='word_1_180' title='bbox 1871 1102 2042 1149; x_wconf 84' lang='lat' dir='ltr'><strong>tatem</strong></span> <span class='ocrx_word' id='word_1_181' title='bbox 2071 1093 2514 1167; x_wconf 88' lang='lat' dir='ltr'><strong>divinitatemque</strong></span> <span class='ocrx_word' id='word_1_182' title='bbox 2542 1113 2651 1153; x_wconf 89' lang='lat' dir='ltr'><strong>non</strong></span> <span class='ocrx_word' id='word_1_183' title='bbox 2678 1099 2864 1154; x_wconf 86' lang='lat' dir='ltr'><strong>credat</strong></span> <span class='ocrx_word' id='word_1_184' title='bbox 2898 1118 2912 1153; x_wconf 92' lang='lat'><strong>:</strong></span> <span class='ocrx_word' id='word_1_185' title='bbox 2940 1116 3064 1156; x_wconf 91' lang='lat' dir='ltr'><strong>cum</strong></span> <span class='ocrx_word' id='word_1_186' title='bbox 3114 1115 3223 1158; x_wconf 89' lang='lat' dir='ltr'><strong>una</strong></span> <span class='ocrx_word' id='word_1_187' title='bbox 3261 1103 3334 1159; x_wconf 87' lang='lat' dir='ltr'><strong>sit</strong></span> <span class='ocrx_word' id='word_1_188' title='bbox 3361 1119 3461 1159; x_wconf 75' lang='lat' dir='ltr'><strong>na~</strong></span> <span class='ocrx_word' id='word_1_189' title='bbox 3561 1167 3574 1174; x_wconf 91' lang='lat'><strong>_</strong></span> 
     </span>
    </p>
   </div>
   <div class='ocr_carea' id='block_1_26' title="bbox 1870 1184 3459 1258">
    <p class='ocr_par' dir='ltr' id='par_1_26' title="bbox 1870 1184 3459 1258">
     <span class='ocr_line' id='line_1_26' title="bbox 1870 1184 3459 1258; baseline 0.009 -20"><span class='ocrx_word' id='word_1_190' title='bbox 1870 1184 2119 1241; x_wconf 83' lang='lat' dir='ltr'><strong>turaliter</strong></span> <span class='ocrx_word' id='word_1_191' title='bbox 2172 1187 2500 1258; x_wconf 86' lang='lat' dir='ltr'><strong>sempiterna</strong></span> <span class='ocrx_word' id='word_1_192' title='bbox 2546 1187 2717 1246; x_wconf 88' lang='lat' dir='ltr'><strong>virtus</strong></span> <span class='ocrx_word' id='word_1_193' title='bbox 2762 1205 2827 1246; x_wconf 88' lang='lat' dir='ltr'><strong>ac</strong></span> <span class='ocrx_word' id='word_1_194' title='bbox 2867 1190 3119 1249; x_wconf 81' lang='lat' dir='ltr'><strong>divinitas</strong></span> <span class='ocrx_word' id='word_1_195' title='bbox 3171 1191 3346 1251; x_wconf 87' lang='lat' dir='ltr'><strong>Patris</strong></span> <span class='ocrx_word' id='word_1_196' title='bbox 3401 1204 3459 1252; x_wconf 89' lang='lat' dir='ltr'><strong>et</strong></span> 
     </span>
    </p>
   </div>
   <div class='ocr_carea' id='block_1_27' title="bbox 1869 1274 3454 1352">
    <p class='ocr_par' dir='ltr' id='par_1_27' title="bbox 1869 1274 3454 1352">
     <span class='ocr_line' id='line_1_27' title="bbox 1869 1274 3454 1352; baseline 0.005 -21"><span class='ocrx_word' id='word_1_197' title='bbox 1869 1274 1990 1331; x_wconf 87' lang='lat' dir='ltr'><strong>Filii</strong></span> <span class='ocrx_word' id='word_1_198' title='bbox 2031 1285 2086 1332; x_wconf 86' lang='lat' dir='ltr'><strong>et</strong></span> <span class='ocrx_word' id='word_1_199' title='bbox 2133 1276 2367 1349; x_wconf 76' lang='lat' dir='ltr'><strong>Spiritus</strong></span> <span class='ocrx_word' id='word_1_200' title='bbox 2393 1280 2585 1336; x_wconf 86' lang='lat' dir='ltr'><strong>sancti.</strong></span> <span class='ocrx_word' id='word_1_201' title='bbox 2617 1279 2761 1338; x_wconf 89' lang='lat' dir='ltr'><strong>Deus</strong></span> <span class='ocrx_word' id='word_1_202' title='bbox 2804 1296 2935 1352; x_wconf 88' lang='lat' dir='ltr'><strong>ergo</strong></span> <span class='ocrx_word' id='word_1_203' title='bbox 2979 1281 3136 1342; x_wconf 79' lang='lat' dir='ltr'><strong>fortis</strong></span> <span class='ocrx_word' id='word_1_204' title='bbox 3160 1283 3408 1342; x_wconf 85' lang='lat' dir='ltr'><strong>Christus</strong></span> <span class='ocrx_word' id='word_1_205' title='bbox 3439 1303 3454 1339; x_wconf 89' lang='lat'><strong>:</strong></span> 
     </span>
    </p>
   </div>
   <div class='ocr_carea' id='block_1_28' title="bbox 1871 1370 3457 1447">
    <p class='ocr_par' dir='ltr' id='par_1_28' title="bbox 1871 1370 3457 1447">
     <span class='ocr_line' id='line_1_28' title="bbox 1871 1370 3457 1447; baseline 0.005 -20"><span class='ocrx_word' id='word_1_206' title='bbox 1871 1370 1994 1427; x_wconf 88' lang='lat' dir='ltr'><strong>ideo</strong></span> <span class='ocrx_word' id='word_1_207' title='bbox 2022 1379 2202 1427; x_wconf 87' lang='lat' dir='ltr'><strong>autem</strong></span> <span class='ocrx_word' id='word_1_208' title='bbox 2241 1373 2512 1430; x_wconf 78' lang='lat' dir='ltr'><strong>veraciter</strong></span> <span class='ocrx_word' id='word_1_209' title='bbox 2529 1372 2693 1441; x_wconf 89' lang='lat' dir='ltr'><strong>Deus,</strong></span> <span class='ocrx_word' id='word_1_210' title='bbox 2717 1375 2842 1447; x_wconf 89' lang='lat' dir='ltr'><strong>quia</strong></span> <span class='ocrx_word' id='word_1_211' title='bbox 2870 1375 3144 1446; x_wconf 84' lang='lat' dir='ltr'><strong>divinitas,</strong></span> <span class='ocrx_word' id='word_1_212' title='bbox 3169 1378 3308 1435; x_wconf 89' lang='lat' dir='ltr'><strong>sicut</strong></span> <span class='ocrx_word' id='word_1_213' title='bbox 3334 1378 3457 1435; x_wconf 89' lang='lat' dir='ltr'><strong>ideo</strong></span> 
     </span>
    </p>
   </div>
   <div class='ocr_carea' id='block_1_29' title="bbox 1870 1463 3459 1541">
    <p class='ocr_par' dir='ltr' id='par_1_29' title="bbox 1870 1463 3459 1541">
     <span class='ocr_line' id='line_1_29' title="bbox 1870 1463 3459 1541; baseline 0.006 -24"><span class='ocrx_word' id='word_1_214' title='bbox 1870 1463 2140 1519; x_wconf 79' lang='lat' dir='ltr'><strong>veraciter</strong></span> <span class='ocrx_word' id='word_1_215' title='bbox 2166 1463 2342 1533; x_wconf 79' lang='lat' dir='ltr'><strong>fortis,</strong></span> <span class='ocrx_word' id='word_1_216' title='bbox 2383 1465 2509 1535; x_wconf 90' lang='lat' dir='ltr'><strong>quia</strong></span> <span class='ocrx_word' id='word_1_217' title='bbox 2560 1464 2748 1521; x_wconf 87' lang='lat' dir='ltr'><strong>virtus.</strong></span> <span class='ocrx_word' id='word_1_218' title='bbox 2782 1465 2920 1523; x_wconf 80' lang='lat' dir='ltr'><strong>Vera</strong></span> <span class='ocrx_word' id='word_1_219' title='bbox 2948 1467 3129 1538; x_wconf 88' lang='lat' dir='ltr'><strong>itaque</strong></span> <span class='ocrx_word' id='word_1_220' title='bbox 3158 1467 3308 1535; x_wconf 82' lang='lat' dir='ltr'><strong>ﬁdes,</strong></span> <span class='ocrx_word' id='word_1_221' title='bbox 3339 1484 3459 1541; x_wconf 66' lang='lat' dir='ltr'><strong>qua</strong></span> 
     </span>
    </p>
   </div>
   <div class='ocr_carea' id='block_1_30' title="bbox 1870 1553 3455 1633">
    <p class='ocr_par' dir='ltr' id='par_1_30' title="bbox 1870 1553 3455 1633">
     <span class='ocr_line' id='line_1_30' title="bbox 1870 1553 3455 1633; baseline 0.004 -22"><span class='ocrx_word' id='word_1_222' title='bbox 1870 1553 2144 1611; x_wconf 85' lang='lat' dir='ltr'><strong>Christum</strong></span> <span class='ocrx_word' id='word_1_223' title='bbox 2170 1554 2341 1613; x_wconf 90' lang='lat' dir='ltr'><strong>Deum</strong></span> <span class='ocrx_word' id='word_1_224' title='bbox 2370 1557 2565 1614; x_wconf 86' lang='lat' dir='ltr'><strong>fortem</strong></span> <span class='ocrx_word' id='word_1_225' title='bbox 2591 1558 2861 1616; x_wconf 80' lang='lat' dir='ltr'><strong>veraciter</strong></span> <span class='ocrx_word' id='word_1_226' title='bbox 2901 1560 3073 1617; x_wconf 85' lang='lat' dir='ltr'><strong>credit</strong></span> <span class='ocrx_word' id='word_1_227' title='bbox 3097 1569 3153 1618; x_wconf 90' lang='lat' dir='ltr'><strong>et</strong></span> <span class='ocrx_word' id='word_1_228' title='bbox 3178 1562 3455 1633; x_wconf 74' lang='lat' dir='ltr'><strong>praedicat,</strong></span> 
     </span>
    </p>
   </div>
   <div class='ocr_carea' id='block_1_31' title="bbox 1871 1649 3458 1727">
    <p class='ocr_par' dir='ltr' id='par_1_31' title="bbox 1871 1649 3458 1727">
     <span class='ocr_line' id='line_1_31' title="bbox 1871 1649 3458 1727; baseline 0.004 -22"><span class='ocrx_word' id='word_1_229' title='bbox 1871 1658 1927 1705; x_wconf 88' lang='lat' dir='ltr'><strong>et</strong></span> <span class='ocrx_word' id='word_1_230' title='bbox 1953 1649 2225 1706; x_wconf 86' lang='lat' dir='ltr'><strong>Christum</strong></span> <span class='ocrx_word' id='word_1_231' title='bbox 2254 1650 2568 1708; x_wconf 87' lang='lat' dir='ltr'><strong>crucillxum</strong></span> <span class='ocrx_word' id='word_1_232' title='bbox 2591 1652 2687 1709; x_wconf 89' lang='lat' dir='ltr'><strong>Dei</strong></span> <span class='ocrx_word' id='word_1_233' title='bbox 2706 1653 2984 1724; x_wconf 88' lang='lat' dir='ltr'><strong>virtutem,</strong></span> <span class='ocrx_word' id='word_1_234' title='bbox 3013 1653 3216 1725; x_wconf 90' lang='lat' dir='ltr'><strong>Deique</strong></span> <span class='ocrx_word' id='word_1_235' title='bbox 3239 1656 3458 1727; x_wconf 88' lang='lat' dir='ltr'><strong>sapien-</strong></span> 
     </span>
    </p>
   </div>
   <div class='ocr_carea' id='block_1_32' title="bbox 1874 1743 3459 1818">
    <p class='ocr_par' dir='ltr' id='par_1_32' title="bbox 1874 1743 3459 1818">
     <span class='ocr_line' id='line_1_32' title="bbox 1874 1743 3459 1818; baseline 0.007 -21"><span class='ocrx_word' id='word_1_236' title='bbox 1874 1743 2004 1797; x_wconf 87' lang='lat' dir='ltr'><strong>tiam</strong></span> <span class='ocrx_word' id='word_1_237' title='bbox 2032 1743 2182 1799; x_wconf 89' lang='lat' dir='ltr'><strong>novit</strong></span> <span class='ocrx_word' id='word_1_238' title='bbox 2233 1745 2302 1800; x_wconf 90' lang='lat' dir='ltr'><strong>ab</strong></span> <span class='ocrx_word' id='word_1_239' title='bbox 2352 1744 2614 1816; x_wconf 86' lang='lat' dir='ltr'><strong>Apostolo</strong></span> <span class='ocrx_word' id='word_1_240' title='bbox 2641 1747 2920 1818; x_wconf 64' lang='lat' dir='ltr'><strong>praedicari</strong></span> <span class='ocrx_word' id='word_1_241' title='bbox 2947 1765 2962 1816; x_wconf 90' lang='lat'><strong>;</strong></span> <span class='ocrx_word' id='word_1_242' title='bbox 2993 1749 3135 1805; x_wconf 87' lang='lat' dir='ltr'><strong>sicut</strong></span> <span class='ocrx_word' id='word_1_243' title='bbox 3162 1752 3459 1808; x_wconf 65' lang='lat' dir='ltr'><strong>secundum</strong></span> 
     </span>
    </p>
   </div>
   <div class='ocr_carea' id='block_1_33' title="bbox 185 1829 3459 1904">
    <p class='ocr_par' dir='ltr' id='par_1_33' title="bbox 185 1829 3459 1904">
     <span class='ocr_line' id='line_1_33' title="bbox 185 1829 3459 1904; baseline 0.004 -16"><span class='ocrx_word' id='word_1_244' title='bbox 185 1831 407 1893; x_wconf 79' lang='lat' dir='ltr'><strong>Trinitas</strong></span> <span class='ocrx_word' id='word_1_245' title='bbox 434 1848 573 1890; x_wconf 91' lang='lat' dir='ltr'><strong>unus</strong></span> <span class='ocrx_word' id='word_1_246' title='bbox 628 1832 700 1891; x_wconf 89' lang='lat' dir='ltr'><strong>sit</strong></span> <span class='ocrx_word' id='word_1_247' title='bbox 743 1832 886 1901; x_wconf 85' lang='lat' dir='ltr'><strong>Deus</strong></span> <span class='ocrx_word' id='word_1_248' title='bbox 908 1873 925 1902; x_wconf 92' lang='lat'><strong>,</strong></span> <span class='ocrx_word' id='word_1_249' title='bbox 954 1847 1019 1890; x_wconf 87' lang='lat' dir='ltr'><strong>ac</strong></span> <span class='ocrx_word' id='word_1_250' title='bbox 1056 1847 1155 1904; x_wconf 88' lang='lat' dir='ltr'><strong>per</strong></span> <span class='ocrx_word' id='word_1_251' title='bbox 1192 1830 1301 1891; x_wconf 86' lang='lat' dir='ltr'><strong>hoc</strong></span> <span class='ocrx_word' id='word_1_252' title='bbox 1320 1844 1426 1885; x_wconf 89' lang='lat' dir='ltr'><strong>una</strong></span> <span class='ocrx_word' id='word_1_253' title='bbox 1452 1830 1524 1886; x_wconf 88' lang='lat' dir='ltr'><strong>sit</strong></span> <span class='ocrx_word' id='word_1_254' title='bbox 1543 1829 1763 1897; x_wconf 79' lang='lat' dir='ltr'><strong>caritas,</strong></span> <span class='ocrx_word' id='word_1_255' title='bbox 1796 1839 1846 1899; x_wconf 75' lang='grc' dir='ltr'><strong>Β</strong></span> <span class='ocrx_word' id='word_1_256' title='bbox 1866 1849 2109 1902; x_wconf 86' lang='lat' dir='ltr'><strong>carnem,</strong></span> <span class='ocrx_word' id='word_1_257' title='bbox 2143 1836 2451 1893; x_wconf 75' lang='lat' dir='ltr'><strong>cruciﬁxum</strong></span> <span class='ocrx_word' id='word_1_258' title='bbox 2479 1839 2732 1895; x_wconf 87' lang='lat' dir='ltr'><strong>virtutem</strong></span> <span class='ocrx_word' id='word_1_259' title='bbox 2762 1839 3080 1898; x_wconf 84' lang='lat' dir='ltr'><strong>iiducialiter</strong></span> <span class='ocrx_word' id='word_1_260' title='bbox 3106 1844 3259 1899; x_wconf 89' lang='lat' dir='ltr'><strong>novit</strong></span> <span class='ocrx_word' id='word_1_261' title='bbox 3294 1848 3351 1900; x_wconf 84' lang='lat' dir='ltr'><strong>et</strong></span> <span class='ocrx_word' id='word_1_262' title='bbox 3384 1842 3459 1901; x_wconf 79' lang='lat' dir='ltr'><strong>.‘i-</strong></span> 
     </span>
    </p>
   </div>
   <div class='ocr_carea' id='block_1_34' title="bbox 188 1923 1768 1998">
    <p class='ocr_par' dir='ltr' id='par_1_34' title="bbox 188 1923 1768 1998">
     <span class='ocr_line' id='line_1_34' title="bbox 188 1923 1768 1998; baseline -0.001 -17"><span class='ocrx_word' id='word_1_263' title='bbox 188 1926 306 1998; x_wconf 85' lang='lat' dir='ltr'><strong>quia</strong></span> <span class='ocrx_word' id='word_1_264' title='bbox 334 1925 468 1989; x_wconf 80' lang='lat' dir='ltr'><strong>Deus</strong></span> <span class='ocrx_word' id='word_1_265' title='bbox 493 1925 688 1982; x_wconf 89' lang='lat' dir='ltr'><strong>caritas</strong></span> <span class='ocrx_word' id='word_1_266' title='bbox 714 1934 790 1989; x_wconf 86' lang='lat' dir='ltr'><strong>est</strong></span> <span class='ocrx_word' id='word_1_267' title='bbox 811 1925 836 1982; x_wconf 70' lang='lat'><strong>.9</strong></span> <span class='ocrx_word' id='word_1_268' title='bbox 856 1923 1067 1983; x_wconf 87' lang='lat' dir='ltr'><strong>Caritas</strong></span> <span class='ocrx_word' id='word_1_269' title='bbox 1094 1932 1276 1987; x_wconf 85' lang='lat' dir='ltr'><strong>autem</strong></span> <span class='ocrx_word' id='word_1_270' title='bbox 1294 1923 1617 1983; x_wconf 81' lang='lat' dir='ltr'><strong>divisionem</strong></span> <span class='ocrx_word' id='word_1_271' title='bbox 1639 1938 1768 1980; x_wconf 86' lang='lat' dir='ltr'><strong>nun-</strong></span> 
     </span>
    </p>
   </div>
   <div class='ocr_carea' id='block_1_35' title="bbox 187 2014 1767 2092">
    <p class='ocr_par' dir='ltr' id='par_1_35' title="bbox 187 2014 1767 2092">
     <span class='ocr_line' id='line_1_35' title="bbox 187 2014 1767 2092; baseline 0.003 -21"><span class='ocrx_word' id='word_1_272' title='bbox 187 2031 335 2088; x_wconf 85' lang='lat' dir='ltr'><strong>quam</strong></span> <span class='ocrx_word' id='word_1_273' title='bbox 388 2017 601 2092; x_wconf 84' lang='lat' dir='ltr'><strong>recipit,</strong></span> <span class='ocrx_word' id='word_1_274' title='bbox 640 2014 879 2090; x_wconf 66' lang='lat' dir='ltr'><strong>quze&#39;de</strong></span> <span class='ocrx_word' id='word_1_275' title='bbox 924 2014 1108 2073; x_wconf 83' lang='lat' dir='ltr'><strong>multis</strong></span> <span class='ocrx_word' id='word_1_276' title='bbox 1165 2014 1420 2077; x_wconf 80' lang='lat' dir='ltr'><strong>cordibus</strong></span> <span class='ocrx_word' id='word_1_277' title='bbox 1475 2014 1767 2083; x_wconf 74' lang='lat' dir='ltr'><strong>multisque</strong></span> 
     </span>
    </p>
   </div>
   <div class='ocr_carea' id='block_1_36' title="bbox 188 2105 1766 2182">
    <p class='ocr_par' dir='ltr' id='par_1_36' title="bbox 188 2105 1766 2182">
     <span class='ocr_line' id='line_1_36' title="bbox 188 2105 1766 2182; baseline -0.003 -17"><span class='ocrx_word' id='word_1_278' title='bbox 188 2107 459 2167; x_wconf 85' lang='lat' dir='ltr'><strong>animabus</strong></span> <span class='ocrx_word' id='word_1_279' title='bbox 514 2110 569 2169; x_wconf 87' lang='lat' dir='ltr'><strong>in</strong></span> <span class='ocrx_word' id='word_1_280' title='bbox 624 2109 801 2182; x_wconf 86' lang='lat' dir='ltr'><strong>seipsa</strong></span> <span class='ocrx_word' id='word_1_281' title='bbox 850 2123 1015 2169; x_wconf 88' lang='lat' dir='ltr'><strong>unum</strong></span> <span class='ocrx_word' id='word_1_282' title='bbox 1070 2122 1168 2167; x_wconf 86' lang='lat' dir='ltr'><strong>cor</strong></span> <span class='ocrx_word' id='word_1_283' title='bbox 1218 2120 1492 2180; x_wconf 83' lang='lat' dir='ltr'><strong>unamque</strong></span> <span class='ocrx_word' id='word_1_284' title='bbox 1528 2105 1766 2165; x_wconf 85' lang='lat' dir='ltr'><strong>animam</strong></span> 
     </span>
    </p>
   </div>
   <div class='ocr_carea' id='block_1_37' title="bbox 186 2198 1389 2263">
    <p class='ocr_par' dir='ltr' id='par_1_37' title="bbox 186 2198 1389 2263">
     <span class='ocr_line' id='line_1_37' title="bbox 186 2198 1389 2263; baseline 0.007 -9"><span class='ocrx_word' id='word_1_285' title='bbox 186 2198 319 2258; x_wconf 69' lang='lat' dir='ltr'><strong>facit.</strong></span> <span class='ocrx_word' id='word_1_286' title='bbox 1386 2260 1389 2263; x_wconf 89' lang='lat'><strong>.</strong></span> 
     </span>
    </p>
   </div>
   <div class='ocr_carea' id='block_1_38' title="bbox 592 2288 1316 2371">
    <p class='ocr_par' dir='ltr' id='par_1_38' title="bbox 592 2288 1316 2371">
     <span class='ocr_line' id='line_1_38' title="bbox 592 2288 1316 2371; baseline -0.03 -7"><span class='ocrx_word' id='word_1_287' title='bbox 592 2288 756 2371; x_wconf 69' lang='grc'><strong>240</strong></span> <span class='ocrx_word' id='word_1_288' title='bbox 781 2304 1022 2356; x_wconf 71' lang='grc' dir='ltr'><strong>αωεετιο</strong></span> <span class='ocrx_word' id='word_1_289' title='bbox 1058 2303 1316 2347; x_wconf 66' lang='lat' dir='ltr'><strong>saeuum.</strong></span> 
     </span>
    </p>
   </div>
   <div class='ocr_carea' id='block_1_39' title="bbox 280 2378 1767 2451">
    <p class='ocr_par' dir='ltr' id='par_1_39' title="bbox 280 2378 1767 2451">
     <span class='ocr_line' id='line_1_39' title="bbox 280 2378 1767 2451; baseline 0.001 -15"><span class='ocrx_word' id='word_1_290' title='bbox 280 2378 363 2439; x_wconf 79' lang='grc'><strong>15.</strong></span> <span class='ocrx_word' id='word_1_291' title='bbox 418 2382 667 2441; x_wconf 77' lang='lat' dir='ltr'><strong>Secunda</strong></span> <span class='ocrx_word' id='word_1_292' title='bbox 722 2381 916 2439; x_wconf 87' lang='lat' dir='ltr'><strong>deinde</strong></span> <span class='ocrx_word' id='word_1_293' title='bbox 952 2381 1307 2451; x_wconf 83' lang='lat' dir='ltr'><strong>interrogatio</strong></span> <span class='ocrx_word' id='word_1_294' title='bbox 1336 2388 1427 2437; x_wconf 89' lang='lat' dir='ltr'><strong>tua</strong></span> <span class='ocrx_word' id='word_1_295' title='bbox 1455 2381 1560 2439; x_wconf 90' lang='lat' dir='ltr'><strong>hoc</strong></span> <span class='ocrx_word' id='word_1_296' title='bbox 1610 2383 1767 2441; x_wconf 87' lang='lat' dir='ltr'><strong>inve-</strong></span> 
     </span>
    </p>
   </div>
   <div class='ocr_carea' id='block_1_40' title="bbox 189 2472 1768 2547">
    <p class='ocr_par' dir='ltr' id='par_1_40' title="bbox 189 2472 1768 2547">
     <span class='ocr_line' id='line_1_40' title="bbox 189 2472 1768 2547; baseline 0.001 -16"><span class='ocrx_word' id='word_1_297' title='bbox 189 2476 318 2531; x_wconf 88' lang='lat' dir='ltr'><strong>nitur</strong></span> <span class='ocrx_word' id='word_1_298' title='bbox 338 2483 534 2531; x_wconf 89' lang='lat' dir='ltr'><strong>tenore</strong></span> <span class='ocrx_word' id='word_1_299' title='bbox 554 2474 839 2546; x_wconf 87' lang='lat' dir='ltr'><strong>subjuncta</strong></span> <span class='ocrx_word' id='word_1_300' title='bbox 866 2491 881 2529; x_wconf 91' lang='lat'><strong>:</strong></span> <span class='ocrx_word' id='word_1_301' title='bbox 916 2473 1100 2530; x_wconf 86' lang='lat' dir='ltr'><strong>Utrum</strong></span> <span class='ocrx_word' id='word_1_302' title='bbox 1124 2472 1264 2531; x_wconf 85' lang='lat' dir='ltr'><strong>Deus</strong></span> <span class='ocrx_word' id='word_1_303' title='bbox 1284 2472 1384 2537; x_wconf 83' lang='lat' dir='ltr'><strong>Dei</strong></span> <span class='ocrx_word' id='word_1_304' title='bbox 1408 2472 1456 2529; x_wconf 84' lang='lat' dir='ltr'><em>F</em></span> <span class='ocrx_word' id='word_1_305' title='bbox 1459 2476 1600 2547; x_wconf 82' lang='lat' dir='ltr'><strong>ilius,</strong></span> <span class='ocrx_word' id='word_1_306' title='bbox 1632 2478 1768 2533; x_wconf 83' lang='lat' dir='ltr'><strong>sicut</strong></span> 
     </span>
    </p>
   </div>
   <div class='ocr_carea' id='block_1_41' title="bbox 192 2568 1766 2645">
    <p class='ocr_par' dir='ltr' id='par_1_41' title="bbox 192 2568 1766 2645">
     <span class='ocr_line' id='line_1_41' title="bbox 192 2568 1766 2645; baseline 0.001 -20"><span class='ocrx_word' id='word_1_307' title='bbox 192 2568 360 2625; x_wconf 82' lang='lat' dir='ltr'><strong>dicitur</strong></span> <span class='ocrx_word' id='word_1_308' title='bbox 384 2577 566 2639; x_wconf 89' lang='lat' dir='ltr'><strong>natus,</strong></span> <span class='ocrx_word' id='word_1_309' title='bbox 598 2586 800 2645; x_wconf 86' lang='lat' dir='ltr'><strong>passus,</strong></span> <span class='ocrx_word' id='word_1_310' title='bbox 823 2578 1074 2636; x_wconf 85' lang='lat' dir='ltr'><strong>mortuus,</strong></span> <span class='ocrx_word' id='word_1_311' title='bbox 1093 2569 1377 2642; x_wconf 73' lang='lat' dir='ltr'><strong>cruciﬁxus</strong></span> <span class='ocrx_word' id='word_1_312' title='bbox 1405 2572 1520 2624; x_wconf 83' lang='lat' dir='ltr'><strong>:ita</strong></span> <span class='ocrx_word' id='word_1_313' title='bbox 1546 2570 1659 2642; x_wconf 84' lang='lat' dir='ltr'><strong>ejus</strong></span> <span class='ocrx_word' id='word_1_314' title='bbox 1684 2569 1766 2626; x_wconf 87' lang='lat' dir='ltr'><strong>di-</strong></span> 
     </span>
    </p>
   </div>
   <div class='ocr_carea' id='block_1_42' title="bbox 191 2661 1765 2735">
    <p class='ocr_par' dir='ltr' id='par_1_42' title="bbox 191 2661 1765 2735">
     <span class='ocr_line' id='line_1_42' title="bbox 191 2661 1765 2735; baseline 0.003 -19"><span class='ocrx_word' id='word_1_315' title='bbox 191 2663 437 2717; x_wconf 67' lang='lat' dir='ltr'><strong>vinitatem</strong></span> <span class='ocrx_word' id='word_1_316' title='bbox 493 2661 807 2735; x_wconf 79' lang='lat' dir='ltr'><strong>conﬁrmare</strong></span> <span class='ocrx_word' id='word_1_317' title='bbox 857 2677 953 2729; x_wconf 84' lang='lat' dir='ltr'><strong>nos</strong></span> <span class='ocrx_word' id='word_1_318' title='bbox 992 2668 1231 2732; x_wconf 85' lang='lat' dir='ltr'><strong>oporteat</strong></span> <span class='ocrx_word' id='word_1_319' title='bbox 1284 2670 1485 2733; x_wconf 87' lang='lat' dir='ltr'><strong>natam,</strong></span> <span class='ocrx_word' id='word_1_320' title='bbox 1531 2678 1765 2733; x_wconf 85' lang='lat' dir='ltr'><strong>passam,</strong></span> 
     </span>
    </p>
   </div>
   <div class='ocr_carea' id='block_1_43' title="bbox 184 2749 1767 2825">
    <p class='ocr_par' dir='ltr' id='par_1_43' title="bbox 184 2749 1767 2825">
     <span class='ocr_line' id='line_1_43' title="bbox 184 2749 1767 2825; baseline -0.001 -15"><span class='ocrx_word' id='word_1_321' title='bbox 184 2764 452 2821; x_wconf 77' lang='lat' dir='ltr'><strong>mortuam,</strong></span> <span class='ocrx_word' id='word_1_322' title='bbox 474 2753 783 2824; x_wconf 78' lang='lat' dir='ltr'><strong>cruciﬁxum</strong></span> <span class='ocrx_word' id='word_1_323' title='bbox 806 2768 825 2806; x_wconf 91' lang='lat'><strong><em>:</em></strong></span> <span class='ocrx_word' id='word_1_324' title='bbox 854 2751 1082 2825; x_wconf 80' lang='lat' dir='ltr'><strong>quamvis</strong></span> <span class='ocrx_word' id='word_1_325' title='bbox 1119 2752 1224 2809; x_wconf 82' lang='lat' dir='ltr'><strong>sive</strong></span> <span class='ocrx_word' id='word_1_326' title='bbox 1260 2749 1424 2817; x_wconf 83' lang='lat' dir='ltr'><strong>Deus,</strong></span> <span class='ocrx_word' id='word_1_327' title='bbox 1452 2752 1557 2807; x_wconf 84' lang='lat' dir='ltr'><strong>sive</strong></span> <span class='ocrx_word' id='word_1_328' title='bbox 1577 2750 1767 2808; x_wconf 85' lang='lat' dir='ltr'><strong>divini-</strong></span> 
     </span>
    </p>
   </div>
   <div class='ocr_carea' id='block_1_44' title="bbox 183 2840 1768 2916">
    <p class='ocr_par' dir='ltr' id='par_1_44' title="bbox 183 2840 1768 2916">
     <span class='ocr_line' id='line_1_44' title="bbox 183 2840 1768 2916; baseline 0.001 -16"><span class='ocrx_word' id='word_1_329' title='bbox 183 2854 254 2900; x_wconf 88' lang='lat' dir='ltr'><strong>tas</strong></span> <span class='ocrx_word' id='word_1_330' title='bbox 297 2847 612 2915; x_wconf 83' lang='lat' dir='ltr'><strong>nominetur,</strong></span> <span class='ocrx_word' id='word_1_331' title='bbox 637 2845 749 2902; x_wconf 87' lang='lat' dir='ltr'><strong>sola</strong></span> <span class='ocrx_word' id='word_1_332' title='bbox 777 2860 900 2899; x_wconf 89' lang='lat' dir='ltr'><strong>caro</strong></span> <span class='ocrx_word' id='word_1_333' title='bbox 948 2840 1269 2915; x_wconf 82' lang='lat' dir='ltr'><strong>intelligatur</strong></span> <span class='ocrx_word' id='word_1_334' title='bbox 1305 2840 1567 2898; x_wconf 86' lang='lat' dir='ltr'><strong>mutabilis</strong></span> <span class='ocrx_word' id='word_1_335' title='bbox 1614 2852 1768 2916; x_wconf 81' lang='lat' dir='ltr'><strong>atque</strong></span> 
     </span>
    </p>
   </div>
   <div class='ocr_carea' id='block_1_45' title="bbox 182 2935 1767 3011">
    <p class='ocr_par' dir='ltr' id='par_1_45' title="bbox 182 2935 1767 3011">
     <span class='ocr_line' id='line_1_45' title="bbox 182 2935 1767 3011; baseline 0.003 -18"><span class='ocrx_word' id='word_1_336' title='bbox 182 2937 460 3011; x_wconf 85' lang='lat' dir='ltr'><strong>passibilis,</strong></span> <span class='ocrx_word' id='word_1_337' title='bbox 481 2936 766 2999; x_wconf 84' lang='lat' dir='ltr'><strong>secundum</strong></span> <span class='ocrx_word' id='word_1_338' title='bbox 794 2954 949 3009; x_wconf 88' lang='lat' dir='ltr'><strong>quam</strong></span> <span class='ocrx_word' id='word_1_339' title='bbox 977 2935 1118 2996; x_wconf 76' lang='lat' dir='ltr'><strong>Deus</strong></span> <span class='ocrx_word' id='word_1_340' title='bbox 1148 2943 1238 2995; x_wconf 86' lang='lat' dir='ltr'><strong>aut</strong></span> <span class='ocrx_word' id='word_1_341' title='bbox 1261 2935 1508 2995; x_wconf 86' lang='lat' dir='ltr'><strong>diuinitas</strong></span> <span class='ocrx_word' id='word_1_342' title='bbox 1534 2937 1648 3008; x_wconf 84' lang='lat' dir='ltr'><strong>pati</strong></span> <span class='ocrx_word' id='word_1_343' title='bbox 1671 2954 1767 3009; x_wconf 83' lang='lat' dir='ltr'><strong>po-</strong></span> 
     </span>
    </p>
   </div>
   <div class='ocr_carea' id='block_1_46' title="bbox 183 3030 1196 3107">
    <p class='ocr_par' dir='ltr' id='par_1_46' title="bbox 183 3030 1196 3107">
     <span class='ocr_line' id='line_1_46' title="bbox 183 3030 1196 3107; baseline 0.001 -22"><span class='ocrx_word' id='word_1_344' title='bbox 183 3030 289 3099; x_wconf 85' lang='lat' dir='ltr'><strong>tuit,</strong></span> <span class='ocrx_word' id='word_1_345' title='bbox 319 3032 458 3107; x_wconf 84' lang='lat' dir='ltr'><strong>quod</strong></span> <span class='ocrx_word' id='word_1_346' title='bbox 483 3033 541 3087; x_wconf 86' lang='lat' dir='ltr'><strong>in</strong></span> <span class='ocrx_word' id='word_1_347' title='bbox 565 3046 660 3086; x_wconf 88' lang='lat' dir='ltr'><strong>sua</strong></span> <span class='ocrx_word' id='word_1_348' title='bbox 681 3037 870 3085; x_wconf 87' lang='lat' dir='ltr'><strong>natura</strong></span> <span class='ocrx_word' id='word_1_349' title='bbox 890 3046 995 3086; x_wconf 91' lang='lat' dir='ltr'><strong>non</strong></span> <span class='ocrx_word' id='word_1_350' title='bbox 1013 3030 1196 3105; x_wconf 88' lang='lat' dir='ltr'><strong>potuit.</strong></span> 
     </span>
    </p>
   </div>
   <div class='ocr_carea' id='block_1_47' title="bbox 819 3138 1123 3181">
    <p class='ocr_par' dir='ltr' id='par_1_47' title="bbox 819 3138 1123 3181">
     <span class='ocr_line' id='line_1_47' title="bbox 819 3138 1123 3181; baseline -0.003 0"><span class='ocrx_word' id='word_1_351' title='bbox 819 3138 1123 3181; x_wconf 75' lang='lat' dir='ltr'><strong>BEBPONSIO.</strong></span> 
     </span>
    </p>
   </div>
   <div class='ocr_carea' id='block_1_48' title="bbox 1870 1926 3459 1997">
    <p class='ocr_par' dir='ltr' id='par_1_48' title="bbox 1870 1926 3459 1997">
     <span class='ocr_line' id='line_1_48' title="bbox 1870 1926 3459 1997; baseline 0.004 -14"><span class='ocrx_word' id='word_1_352' title='bbox 1870 1926 1944 1983; x_wconf 88' lang='lat' dir='ltr'><strong>cit</strong></span> <span class='ocrx_word' id='word_1_353' title='bbox 1972 1936 1997 1963; x_wconf 71' lang='grc' dir='ltr'>τι</span> <span class='ocrx_word' id='word_1_354' title='bbox 2023 1970 2039 1995; x_wconf 88' lang='grc'><em>,</em></span> <span class='ocrx_word' id='word_1_355' title='bbox 2068 1927 2139 1981; x_wconf 89' lang='lat' dir='ltr'><strong>ita</strong></span> <span class='ocrx_word' id='word_1_356' title='bbox 2169 1929 2469 1984; x_wconf 87' lang='lat' dir='ltr'><strong>secundum</strong></span> <span class='ocrx_word' id='word_1_357' title='bbox 2497 1944 2746 1997; x_wconf 87' lang='lat' dir='ltr'><strong>carnem,</strong></span> <span class='ocrx_word' id='word_1_358' title='bbox 2777 1929 3090 1987; x_wconf 84' lang='lat' dir='ltr'><strong>cruciﬁxam</strong></span> <span class='ocrx_word' id='word_1_359' title='bbox 3120 1932 3459 1990; x_wconf 88' lang='lat' dir='ltr'><strong>divinitatem</strong></span> 
     </span>
    </p>
   </div>
   <div class='ocr_carea' id='block_1_49' title="bbox 1868 2017 3458 2095">
    <p class='ocr_par' dir='ltr' id='par_1_49' title="bbox 1868 2017 3458 2095">
     <span class='ocr_line' id='line_1_49' title="bbox 1868 2017 3458 2095; baseline 0.004 -18"><span class='ocrx_word' id='word_1_360' title='bbox 1868 2017 2111 2077; x_wconf 76' lang='lat' dir='ltr'><strong>confiteri</strong></span> <span class='ocrx_word' id='word_1_361' title='bbox 2143 2028 2253 2077; x_wconf 85' lang='lat' dir='ltr'><strong>non</strong></span> <span class='ocrx_word' id='word_1_362' title='bbox 2273 2022 2494 2092; x_wconf 78' lang='lat' dir='ltr'><strong>ambigit</strong></span> <span class='ocrx_word' id='word_1_363' title='bbox 2522 2041 2535 2076; x_wconf 90' lang='lat'>:</span> <span class='ocrx_word' id='word_1_364' title='bbox 2559 2023 2718 2095; x_wconf 59' lang='lat'><strong>251</strong></span> <span class='ocrx_word' id='word_1_365' title='bbox 2745 2022 2993 2080; x_wconf 87' lang='lat' dir='ltr'><strong>Christus</strong></span> <span class='ocrx_word' id='word_1_366' title='bbox 3014 2025 3160 2080; x_wconf 90' lang='lat' dir='ltr'><strong>enim</strong></span> <span class='ocrx_word' id='word_1_367' title='bbox 3181 2023 3327 2083; x_wconf 87' lang='lat' dir='ltr'><strong>Deus</strong></span> <span class='ocrx_word' id='word_1_368' title='bbox 3355 2025 3458 2083; x_wconf 80' lang='lat' dir='ltr'><strong>for-</strong></span> 
     </span>
    </p>
   </div>
   <div class='ocr_carea' id='block_1_50' title="bbox 1870 2113 3460 2188">
    <p class='ocr_par' dir='ltr' id='par_1_50' title="bbox 1870 2113 3460 2188">
     <span class='ocr_line' id='line_1_50' title="bbox 1870 2113 3460 2188; baseline 0.006 -22"><span class='ocrx_word' id='word_1_369' title='bbox 1870 2113 2048 2178; x_wconf 82' lang='lat' dir='ltr'><strong>tis’,sic</strong></span> <span class='ocrx_word' id='word_1_370' title='bbox 2069 2122 2152 2170; x_wconf 87' lang='lat' dir='ltr'><strong>est</strong></span> <span class='ocrx_word' id='word_1_371' title='bbox 2170 2113 2335 2184; x_wconf 90' lang='lat' dir='ltr'><strong>Deus,</strong></span> <span class='ocrx_word' id='word_1_372' title='bbox 2350 2116 2540 2187; x_wconf 90' lang='lat' dir='ltr'><strong>utipse</strong></span> <span class='ocrx_word' id='word_1_373' title='bbox 2569 2116 2641 2171; x_wconf 87' lang='lat' dir='ltr'><strong>sit</strong></span> <span class='ocrx_word' id='word_1_374' title='bbox 2663 2116 2917 2173; x_wconf 85' lang='lat' dir='ltr'><strong>divinitas</strong></span> <span class='ocrx_word' id='word_1_375' title='bbox 2943 2130 3075 2185; x_wconf 88' lang='lat' dir='ltr'><strong>sua;</strong></span> <span class='ocrx_word' id='word_1_376' title='bbox 3106 2117 3460 2188; x_wconf 80' lang='lat' dir='ltr'><strong>quemadmo-</strong></span> 
     </span>
    </p>
   </div>
   <div class='ocr_carea' id='block_1_51' title="bbox 1867 2205 3083 2279">
    <p class='ocr_par' dir='ltr' id='par_1_51' title="bbox 1867 2205 3083 2279">
     <span class='ocr_line' id='line_1_51' title="bbox 1867 2205 3083 2279; baseline 0.003 -17"><span class='ocrx_word' id='word_1_377' title='bbox 1867 2205 1999 2262; x_wconf 88' lang='lat' dir='ltr'><strong>dum</strong></span> <span class='ocrx_word' id='word_1_378' title='bbox 2026 2206 2106 2263; x_wconf 90' lang='lat' dir='ltr'><strong>sic</strong></span> <span class='ocrx_word' id='word_1_379' title='bbox 2132 2208 2216 2262; x_wconf 89' lang='lat' dir='ltr'><strong>est</strong></span> <span class='ocrx_word' id='word_1_380' title='bbox 2242 2206 2419 2276; x_wconf 83' lang='lat' dir='ltr'><strong>tortis,</strong></span> <span class='ocrx_word' id='word_1_381' title='bbox 2447 2216 2506 2263; x_wconf 90' lang='lat' dir='ltr'><strong>ut</strong></span> <span class='ocrx_word' id='word_1_382' title='bbox 2533 2208 2649 2279; x_wconf 90' lang='lat' dir='ltr'><strong>ipse</strong></span> <span class='ocrx_word' id='word_1_383' title='bbox 2675 2208 2746 2265; x_wconf 88' lang='lat' dir='ltr'><strong>sit</strong></span> <span class='ocrx_word' id='word_1_384' title='bbox 2770 2210 2945 2265; x_wconf 88' lang='lat' dir='ltr'><strong>virtus</strong></span> <span class='ocrx_word' id='word_1_385' title='bbox 2966 2224 3083 2266; x_wconf 89' lang='lat' dir='ltr'><strong>sua.</strong></span> 
     </span>
    </p>
   </div>
   <div class='ocr_carea' id='block_1_52' title="bbox 1942 2296 3461 2370">
    <p class='ocr_par' dir='ltr' id='par_1_52' title="bbox 1942 2296 3461 2370">
     <span class='ocr_line' id='line_1_52' title="bbox 1942 2296 3461 2370; baseline 0.005 -18"><span class='ocrx_word' id='word_1_386' title='bbox 1942 2298 2011 2352; x_wconf 80' lang='grc'><strong>16</strong></span> <span class='ocrx_word' id='word_1_387' title='bbox 2026 2296 2123 2353; x_wconf 80' lang='lat' dir='ltr'><strong>bis.</strong></span> <span class='ocrx_word' id='word_1_388' title='bbox 2147 2297 2297 2355; x_wconf 86' lang='lat' dir='ltr'><strong>Nosti</strong></span> <span class='ocrx_word' id='word_1_389' title='bbox 2325 2300 2430 2355; x_wconf 92' lang='lat' dir='ltr'><strong>hoc</strong></span> <span class='ocrx_word' id='word_1_390' title='bbox 2459 2299 2604 2370; x_wconf 89' lang='lat' dir='ltr'><strong>quod</strong></span> <span class='ocrx_word' id='word_1_391' title='bbox 2629 2298 2769 2369; x_wconf 86' lang='lat' dir='ltr'><strong>dico,</strong></span> <span class='ocrx_word' id='word_1_392' title='bbox 2785 2301 2840 2357; x_wconf 91' lang='lat' dir='ltr'><strong>in</strong></span> <span class='ocrx_word' id='word_1_393' title='bbox 2869 2300 3019 2358; x_wconf 89' lang='lat' dir='ltr'><strong>libris</strong></span> <span class='ocrx_word' id='word_1_394' title='bbox 3039 2301 3108 2358; x_wconf 88' lang='lat' dir='ltr'><strong>de</strong></span> <span class='ocrx_word' id='word_1_395' title='bbox 3134 2300 3401 2359; x_wconf 79' lang='lat' dir='ltr'><strong>Trinitate</strong></span> <span class='ocrx_word' id='word_1_396' title='bbox 3427 2318 3461 2359; x_wconf 82' lang='lat' dir='ltr'><strong>a</strong></span> 
     </span>
    </p>
   </div>
   <div class='ocr_carea' id='block_1_53' title="bbox 1865 2392 3460 2467">
    <p class='ocr_par' dir='ltr' id='par_1_53' title="bbox 1865 2392 3460 2467">
     <span class='ocr_line' id='line_1_53' title="bbox 1865 2392 3460 2467; baseline 0.001 -17"><span class='ocrx_word' id='word_1_397' title='bbox 1865 2394 2028 2450; x_wconf 89' lang='lat' dir='ltr'><strong>beato</strong></span> <span class='ocrx_word' id='word_1_398' title='bbox 2068 2392 2368 2462; x_wconf 75' lang='lat' dir='ltr'><strong>Augustino</strong></span> <span class='ocrx_word' id='word_1_399' title='bbox 2417 2394 2729 2464; x_wconf 86' lang='lat' dir='ltr'><strong>plenissime</strong></span> <span class='ocrx_word' id='word_1_400' title='bbox 2768 2393 3141 2466; x_wconf 88' lang='lat' dir='ltr'><strong>disputatum;</strong></span> <span class='ocrx_word' id='word_1_401' title='bbox 3181 2397 3233 2451; x_wconf 93' lang='lat' dir='ltr'><strong>in</strong></span> <span class='ocrx_word' id='word_1_402' title='bbox 3262 2396 3460 2467; x_wconf 87' lang='lat' dir='ltr'><strong>quibus</strong></span> 
     </span>
    </p>
   </div>
   <div class='ocr_carea' id='block_1_54' title="bbox 1868 2484 3461 2560">
    <p class='ocr_par' dir='ltr' id='par_1_54' title="bbox 1868 2484 3461 2560">
     <span class='ocr_line' id='line_1_54' title="bbox 1868 2484 3461 2560; baseline 0.001 -17"><span class='ocrx_word' id='word_1_403' title='bbox 1868 2484 2106 2543; x_wconf 87' lang='lat' dir='ltr'><strong>ostendit</strong></span> <span class='ocrx_word' id='word_1_404' title='bbox 2132 2496 2567 2557; x_wconf 88' lang='lat' dir='ltr'><strong>unamquamque</strong></span> <span class='ocrx_word' id='word_1_405' title='bbox 2596 2487 2652 2542; x_wconf 90' lang='lat' dir='ltr'><strong>in</strong></span> <span class='ocrx_word' id='word_1_406' title='bbox 2678 2484 2941 2543; x_wconf 87' lang='lat' dir='ltr'><strong>Trinitate</strong></span> <span class='ocrx_word' id='word_1_407' title='bbox 2962 2500 3269 2560; x_wconf 83' lang='lat' dir='ltr'><strong>personam,</strong></span> <span class='ocrx_word' id='word_1_408' title='bbox 3293 2491 3347 2544; x_wconf 93' lang='lat' dir='ltr'><strong>in</strong></span> <span class='ocrx_word' id='word_1_409' title='bbox 3373 2490 3461 2547; x_wconf 81' lang='lat' dir='ltr'><strong>his</strong></span> 
     </span>
    </p>
   </div>
   <div class='ocr_carea' id='block_1_55' title="bbox 1869 2578 3461 2649">
    <p class='ocr_par' dir='ltr' id='par_1_55' title="bbox 1869 2578 3461 2649">
     <span class='ocr_line' id='line_1_55' title="bbox 1869 2578 3461 2649; baseline 0.004 -15"><span class='ocrx_word' id='word_1_410' title='bbox 1869 2578 2135 2634; x_wconf 79' lang='lat' dir='ltr'><strong>duntaxat</strong></span> <span class='ocrx_word' id='word_1_411' title='bbox 2164 2578 2467 2633; x_wconf 85' lang='lat' dir='ltr'><strong>nominibus</strong></span> <span class='ocrx_word' id='word_1_412' title='bbox 2503 2578 2698 2649; x_wconf 88' lang='lat' dir='ltr'><strong>quibus</strong></span> <span class='ocrx_word' id='word_1_413' title='bbox 2726 2578 2795 2634; x_wconf 86' lang='lat' dir='ltr'><strong>ad</strong></span> <span class='ocrx_word' id='word_1_414' title='bbox 2821 2594 2882 2635; x_wconf 89' lang='lat' dir='ltr'><strong>se</strong></span> <span class='ocrx_word' id='word_1_415' title='bbox 2915 2595 3024 2636; x_wconf 92' lang='lat' dir='ltr'><strong>non</strong></span> <span class='ocrx_word' id='word_1_416' title='bbox 3054 2580 3332 2647; x_wconf 83' lang='lat' dir='ltr'><strong>translate,</strong></span> <span class='ocrx_word' id='word_1_417' title='bbox 3362 2580 3461 2640; x_wconf 83' lang='lat' dir='ltr'><strong>sed</strong></span> 
     </span>
    </p>
   </div>
   <div class='ocr_carea' id='block_1_56' title="bbox 1866 2669 3458 2744">
    <p class='ocr_par' dir='ltr' id='par_1_56' title="bbox 1866 2669 3458 2744">
     <span class='ocr_line' id='line_1_56' title="bbox 1866 2669 3458 2744; baseline 0.004 -20"><span class='ocrx_word' id='word_1_418' title='bbox 1866 2670 2087 2743; x_wconf 80' lang='lat' dir='ltr'><strong>prbprie</strong></span> <span class='ocrx_word' id='word_1_419' title='bbox 2116 2669 2329 2737; x_wconf 81' lang='lat' dir='ltr'><strong>dicitur,</strong></span> <span class='ocrx_word' id='word_1_420' title='bbox 2359 2670 2531 2740; x_wconf 85' lang='lat' dir='ltr'><strong>ipsam</strong></span> <span class='ocrx_word' id='word_1_421' title='bbox 2559 2671 2662 2727; x_wconf 89' lang='lat' dir='ltr'><strong>sibi</strong></span> <span class='ocrx_word' id='word_1_422' title='bbox 2688 2682 2810 2728; x_wconf 89' lang='lat' dir='ltr'><strong>esse</strong></span> <span class='ocrx_word' id='word_1_423' title='bbox 2837 2672 2983 2744; x_wconf 90' lang='lat' dir='ltr'><strong>quod</strong></span> <span class='ocrx_word' id='word_1_424' title='bbox 3011 2673 3212 2729; x_wconf 89' lang='lat' dir='ltr'><strong>habere</strong></span> <span class='ocrx_word' id='word_1_425' title='bbox 3235 2680 3458 2731; x_wconf 87' lang='lat' dir='ltr'><strong>natura-</strong></span> 
     </span>
    </p>
   </div>
   <div class='ocr_carea' id='block_1_57' title="bbox 1868 2761 3458 2835">
    <p class='ocr_par' dir='ltr' id='par_1_57' title="bbox 1868 2761 3458 2835">
     <span class='ocr_line' id='line_1_57' title="bbox 1868 2761 3458 2835; baseline 0.003 -17"><span class='ocrx_word' id='word_1_426' title='bbox 1868 2763 1993 2818; x_wconf 89' lang='lat' dir='ltr'><strong>liter</strong></span> <span class='ocrx_word' id='word_1_427' title='bbox 2020 2761 2358 2835; x_wconf 72' lang='lat' dir='ltr'><strong>prmdicatur.</strong></span> <span class='ocrx_word' id='word_1_428' title='bbox 2392 2761 2627 2817; x_wconf 85' lang='lat' dir='ltr'><strong>Dicimus</strong></span> <span class='ocrx_word' id='word_1_429' title='bbox 2650 2763 2793 2818; x_wconf 90' lang='lat' dir='ltr'><strong>enim</strong></span> <span class='ocrx_word' id='word_1_430' title='bbox 2813 2763 2927 2820; x_wconf 79' lang='lat' dir='ltr'><strong>sive</strong></span> <span class='ocrx_word' id='word_1_431' title='bbox 2956 2764 3192 2829; x_wconf 85' lang='lat' dir='ltr'><strong>Patrem,</strong></span> <span class='ocrx_word' id='word_1_432' title='bbox 3223 2765 3339 2822; x_wconf 88' lang='lat' dir='ltr'><strong>sive</strong></span> <span class='ocrx_word' id='word_1_433' title='bbox 3366 2764 3458 2821; x_wconf 79' lang='lat' dir='ltr'><strong>Fi-</strong></span> 
     </span>
    </p>
   </div>
   <div class='ocr_carea' id='block_1_58' title="bbox 1868 2850 3460 2923">
    <p class='ocr_par' dir='ltr' id='par_1_58' title="bbox 1868 2850 3460 2923">
     <span class='ocr_line' id='line_1_58' title="bbox 1868 2850 3460 2923; baseline 0.003 -14"><span class='ocrx_word' id='word_1_434' title='bbox 1868 2852 2021 2918; x_wconf 89' lang='lat' dir='ltr'><strong>lium,</strong></span> <span class='ocrx_word' id='word_1_435' title='bbox 2052 2852 2166 2907; x_wconf 89' lang='lat' dir='ltr'><strong>sive</strong></span> <span class='ocrx_word' id='word_1_436' title='bbox 2193 2850 2452 2923; x_wconf 88' lang='lat' dir='ltr'><strong>Spiritum</strong></span> <span class='ocrx_word' id='word_1_437' title='bbox 2475 2854 2740 2920; x_wconf 89' lang='lat' dir='ltr'><strong>sanctum,</strong></span> <span class='ocrx_word' id='word_1_438' title='bbox 2766 2866 2887 2910; x_wconf 87' lang='lat' dir='ltr'><strong>esse</strong></span> <span class='ocrx_word' id='word_1_439' title='bbox 2917 2853 3085 2909; x_wconf 87' lang='lat' dir='ltr'><strong>Deum</strong></span> <span class='ocrx_word' id='word_1_440' title='bbox 3113 2854 3314 2922; x_wconf 89' lang='lat' dir='ltr'><strong>vivum,</strong></span> <span class='ocrx_word' id='word_1_441' title='bbox 3342 2873 3460 2913; x_wconf 79' lang='lat' dir='ltr'><strong>ma-</strong></span> 
     </span>
    </p>
   </div>
   <div class='ocr_carea' id='block_1_59' title="bbox 1868 2941 3460 3016">
    <p class='ocr_par' dir='ltr' id='par_1_59' title="bbox 1868 2941 3460 3016">
     <span class='ocr_line' id='line_1_59' title="bbox 1868 2941 3460 3016; baseline 0.004 -17"><span class='ocrx_word' id='word_1_442' title='bbox 1868 2954 2060 3015; x_wconf 87' lang='lat' dir='ltr'><strong>gnum,</strong></span> <span class='ocrx_word' id='word_1_443' title='bbox 2093 2943 2425 3015; x_wconf 88' lang='lat' dir='ltr'><strong>sapientem,</strong></span> <span class='ocrx_word' id='word_1_444' title='bbox 2458 2941 2652 2999; x_wconf 76' lang='lat' dir='ltr'><strong>fortem</strong></span> <span class='ocrx_word' id='word_1_445' title='bbox 2671 2986 2687 3011; x_wconf 94' lang='lat'><strong>,</strong></span> <span class='ocrx_word' id='word_1_446' title='bbox 2715 2942 2939 3001; x_wconf 88' lang='lat' dir='ltr'><strong>bonum.</strong></span> <span class='ocrx_word' id='word_1_447' title='bbox 2991 2944 3047 3001; x_wconf 92' lang='lat' dir='ltr'><strong>ln</strong></span> <span class='ocrx_word' id='word_1_448' title='bbox 3080 2946 3163 3004; x_wconf 91' lang='lat' dir='ltr'><strong>his</strong></span> <span class='ocrx_word' id='word_1_449' title='bbox 3191 2949 3460 3016; x_wconf 82' lang='lat' dir='ltr'><strong>omnibus,</strong></span> 
     </span>
    </p>
   </div>
   <div class='ocr_carea' id='block_1_60' title="bbox 1868 3035 3462 3111">
    <p class='ocr_par' dir='ltr' id='par_1_60' title="bbox 1868 3035 3462 3111">
     <span class='ocr_line' id='line_1_60' title="bbox 1868 3035 3462 3111; baseline 0.004 -21"><span class='ocrx_word' id='word_1_450' title='bbox 1868 3042 1990 3107; x_wconf 72' lang='lat' dir='ltr'><strong>qua:</strong></span> <span class='ocrx_word' id='word_1_451' title='bbox 2019 3035 2086 3091; x_wconf 87' lang='lat' dir='ltr'><strong>ad</strong></span> <span class='ocrx_word' id='word_1_452' title='bbox 2122 3050 2183 3090; x_wconf 91' lang='lat' dir='ltr'><strong>se</strong></span> <span class='ocrx_word' id='word_1_453' title='bbox 2208 3046 2544 3106; x_wconf 60' lang='lat' dir='ltr'><strong>unaquaeque</strong></span> <span class='ocrx_word' id='word_1_454' title='bbox 2571 3035 2768 3092; x_wconf 86' lang='lat' dir='ltr'><strong>dicitur</strong></span> <span class='ocrx_word' id='word_1_455' title='bbox 2793 3037 2849 3093; x_wconf 88' lang='lat' dir='ltr'><strong>in</strong></span> <span class='ocrx_word' id='word_1_456' title='bbox 2885 3036 3153 3095; x_wconf 87' lang='lat' dir='ltr'><strong>Trinitate</strong></span> <span class='ocrx_word' id='word_1_457' title='bbox 3196 3056 3462 3111; x_wconf 82' lang='lat' dir='ltr'><strong>persona;</strong></span> 
     </span>
    </p>
   </div>
   <div class='ocr_carea' id='block_1_61' title="bbox 1869 3122 3467 3202">
    <p class='ocr_par' dir='ltr' id='par_1_61' title="bbox 1869 3122 3467 3202">
     <span class='ocr_line' id='line_1_61' title="bbox 1869 3122 3467 3202; baseline 0.005 -21"><span class='ocrx_word' id='word_1_458' title='bbox 1869 3125 1996 3196; x_wconf 89' lang='lat' dir='ltr'><strong>quia</strong></span> <span class='ocrx_word' id='word_1_459' title='bbox 2042 3123 2186 3182; x_wconf 89' lang='lat' dir='ltr'><strong>Deus</strong></span> <span class='ocrx_word' id='word_1_460' title='bbox 2214 3124 2494 3182; x_wconf 89' lang='lat' dir='ltr'><strong>divinitate</strong></span> <span class='ocrx_word' id='word_1_461' title='bbox 2521 3122 2663 3184; x_wconf 88' lang='lat' dir='ltr'><strong>Deus</strong></span> <span class='ocrx_word' id='word_1_462' title='bbox 2710 3130 2814 3196; x_wconf 87' lang='lat' dir='ltr'><strong>est,</strong></span> <span class='ocrx_word' id='word_1_463' title='bbox 2846 3136 3072 3199; x_wconf 84' lang='lat' dir='ltr'><strong>magnus</strong></span> <span class='ocrx_word' id='word_1_464' title='bbox 3098 3133 3467 3202; x_wconf 77' lang='lat' dir='ltr'><strong>magnitudine</strong></span> 
     </span>
    </p>
   </div>
   <div class='ocr_carea' id='block_1_62' title="bbox 260 3206 3465 3292">
    <p class='ocr_par' dir='ltr' id='par_1_62' title="bbox 260 3206 3465 3292">
     <span class='ocr_line' id='line_1_62' title="bbox 260 3206 3465 3292; baseline 0.003 -19"><span class='ocrx_word' id='word_1_465' title='bbox 260 3216 350 3273; x_wconf 67' lang='lat'><strong>16.</strong></span> <span class='ocrx_word' id='word_1_466' title='bbox 377 3214 469 3275; x_wconf 76' lang='lat' dir='ltr'><strong>His</strong></span> <span class='ocrx_word' id='word_1_467' title='bbox 504 3206 609 3273; x_wconf 88' lang='lat' dir='ltr'><strong>tuis</strong></span> <span class='ocrx_word' id='word_1_468' title='bbox 657 3213 838 3273; x_wconf 87' lang='lat' dir='ltr'><strong>verbis</strong></span> <span class='ocrx_word' id='word_1_469' title='bbox 888 3213 1127 3273; x_wconf 88' lang='lat' dir='ltr'><strong>breviter</strong></span> <span class='ocrx_word' id='word_1_470' title='bbox 1160 3212 1480 3287; x_wconf 85' lang='lat' dir='ltr'><strong>respondeo,</strong></span> <span class='ocrx_word' id='word_1_471' title='bbox 1506 3211 1769 3286; x_wconf 86' lang='lat' dir='ltr'><strong>quidquid</strong></span> <span class='ocrx_word' id='word_1_472' title='bbox 1796 3219 1845 3286; x_wconf 71' lang='grc' dir='ltr'>ο</span> <span class='ocrx_word' id='word_1_473' title='bbox 1871 3224 2097 3286; x_wconf 77' lang='lat' dir='ltr'><strong>magnus</strong></span> <span class='ocrx_word' id='word_1_474' title='bbox 2127 3224 2230 3280; x_wconf 86' lang='lat' dir='ltr'><strong>est,</strong></span> <span class='ocrx_word' id='word_1_475' title='bbox 2265 3220 2481 3288; x_wconf 87' lang='lat' dir='ltr'><strong>sapiens</strong></span> <span class='ocrx_word' id='word_1_476' title='bbox 2502 3219 2769 3290; x_wconf 84' lang='lat' dir='ltr'><strong>sapientia</strong></span> <span class='ocrx_word' id='word_1_477' title='bbox 2811 3221 3029 3292; x_wconf 84' lang='lat' dir='ltr'><strong>sapiens</strong></span> <span class='ocrx_word' id='word_1_478' title='bbox 3053 3232 3153 3291; x_wconf 90' lang='lat' dir='ltr'><strong>est,</strong></span> <span class='ocrx_word' id='word_1_479' title='bbox 3176 3221 3332 3282; x_wconf 80' lang='lat' dir='ltr'><strong>fortis</strong></span> <span class='ocrx_word' id='word_1_480' title='bbox 3357 3225 3465 3283; x_wconf 71' lang='lat' dir='ltr'><strong>vir-</strong></span> 
     </span>
    </p>
   </div>
   <div class='ocr_carea' id='block_1_63' title="bbox 185 3304 1772 3381">
    <p class='ocr_par' dir='ltr' id='par_1_63' title="bbox 185 3304 1772 3381">
     <span class='ocr_line' id='line_1_63' title="bbox 185 3304 1772 3381; baseline -0.002 -16"><span class='ocrx_word' id='word_1_481' title='bbox 185 3310 380 3365; x_wconf 87' lang='lat' dir='ltr'><strong>hornm</strong></span> <span class='ocrx_word' id='word_1_482' title='bbox 402 3308 622 3377; x_wconf 90' lang='lat' dir='ltr'><strong>dicatur,</strong></span> <span class='ocrx_word' id='word_1_483' title='bbox 654 3308 787 3365; x_wconf 90' lang='lat' dir='ltr'><strong>nihil</strong></span> <span class='ocrx_word' id='word_1_484' title='bbox 814 3307 1165 3381; x_wconf 65' lang='lat' dir='ltr'><strong>praeiudicare</strong></span> <span class='ocrx_word' id='word_1_485' title='bbox 1213 3304 1339 3363; x_wconf 89' lang='lat' dir='ltr'><strong>ﬁdei</strong></span> <span class='ocrx_word' id='word_1_486' title='bbox 1367 3322 1474 3379; x_wconf 91' lang='lat' dir='ltr'><strong>qua</strong></span> <span class='ocrx_word' id='word_1_487' title='bbox 1500 3307 1772 3365; x_wconf 86' lang='lat' dir='ltr'><strong>veraciter</strong></span> 
     </span>
    </p>
   </div>
   <div class='ocr_carea' id='block_1_64' title="bbox 185 3398 1772 3472">
    <p class='ocr_par' dir='ltr' id='par_1_64' title="bbox 185 3398 1772 3472">
     <span class='ocr_line' id='line_1_64' title="bbox 185 3398 1772 3472; baseline -0.001 -15"><span class='ocrx_word' id='word_1_488' title='bbox 185 3400 424 3457; x_wconf 84' lang='lat' dir='ltr'><strong>Ecclesia</strong></span> <span class='ocrx_word' id='word_1_489' title='bbox 478 3399 746 3457; x_wconf 86' lang='lat' dir='ltr'><strong>catholica</strong></span> <span class='ocrx_word' id='word_1_490' title='bbox 797 3398 992 3466; x_wconf 90' lang='lat' dir='ltr'><strong>credit,</strong></span> <span class='ocrx_word' id='word_1_491' title='bbox 1022 3404 1077 3456; x_wconf 89' lang='lat' dir='ltr'><strong>et</strong></span> <span class='ocrx_word' id='word_1_492' title='bbox 1127 3399 1385 3472; x_wconf 53' lang='lat' dir='ltr'><strong>praedicat</strong></span> <span class='ocrx_word' id='word_1_493' title='bbox 1432 3398 1772 3457; x_wconf 85' lang='lat' dir='ltr'><strong>divinitatem</strong></span> 
     </span>
    </p>
   </div>
   <div class='ocr_carea' id='block_1_65' title="bbox 182 3491 1771 3565">
    <p class='ocr_par' dir='ltr' id='par_1_65' title="bbox 182 3491 1771 3565">
     <span class='ocr_line' id='line_1_65' title="bbox 182 3491 1771 3565; baseline -0.001 -15"><span class='ocrx_word' id='word_1_494' title='bbox 182 3492 300 3550; x_wconf 83' lang='lat' dir='ltr'><strong>Filii</strong></span> <span class='ocrx_word' id='word_1_495' title='bbox 324 3492 418 3550; x_wconf 90' lang='lat' dir='ltr'><strong>Dei</strong></span> <span class='ocrx_word' id='word_1_496' title='bbox 445 3491 829 3565; x_wconf 87' lang='lat' dir='ltr'><strong>impassibilcm</strong></span> <span class='ocrx_word' id='word_1_497' title='bbox 876 3500 1038 3563; x_wconf 88' lang='lat' dir='ltr'><strong>atque</strong></span> <span class='ocrx_word' id='word_1_498' title='bbox 1088 3492 1579 3549; x_wconf 89' lang='lat' dir='ltr'><strong>incommutabilem</strong></span> <span class='ocrx_word' id='word_1_499' title='bbox 1612 3501 1771 3549; x_wconf 82' lang='lat' dir='ltr'><strong>natu-</strong></span> 
     </span>
    </p>
   </div>
   <div class='ocr_carea' id='block_1_66' title="bbox 181 3581 1769 3659">
    <p class='ocr_par' dir='ltr' id='par_1_66' title="bbox 181 3581 1769 3659">
     <span class='ocr_line' id='line_1_66' title="bbox 181 3581 1769 3659; baseline -0.001 -19"><span class='ocrx_word' id='word_1_500' title='bbox 181 3586 365 3643; x_wconf 89' lang='lat' dir='ltr'><strong>raliter</strong></span> <span class='ocrx_word' id='word_1_501' title='bbox 416 3598 756 3657; x_wconf 85' lang='lat' dir='ltr'><strong>permanere.</strong></span> <span class='ocrx_word' id='word_1_502' title='bbox 782 3581 980 3641; x_wconf 88' lang='lat' dir='ltr'><strong>Beatus</strong></span> <span class='ocrx_word' id='word_1_503' title='bbox 1033 3583 1232 3655; x_wconf 85' lang='lat' dir='ltr'><strong>quippe</strong></span> <span class='ocrx_word' id='word_1_504' title='bbox 1283 3582 1574 3659; x_wconf 87' lang='lat' dir='ltr'><strong>Apostolus</strong></span> <span class='ocrx_word' id='word_1_505' title='bbox 1630 3583 1707 3641; x_wconf 89' lang='lat' dir='ltr'><strong>ait</strong></span> <span class='ocrx_word' id='word_1_506' title='bbox 1756 3603 1769 3638; x_wconf 90' lang='lat'><strong>:</strong></span> 
     </span>
    </p>
   </div>
   <div class='ocr_carea' id='block_1_67' title="bbox 181 3676 1774 3752">
    <p class='ocr_par' dir='ltr' id='par_1_67' title="bbox 181 3676 1774 3752">
     <span class='ocr_line' id='line_1_67' title="bbox 181 3676 1774 3752; baseline -0.001 -15"><span class='ocrx_word' id='word_1_507' title='bbox 181 3679 296 3739; x_wconf 77' lang='lat' dir='ltr'><strong>Nos</strong></span> <span class='ocrx_word' id='word_1_508' title='bbox 324 3690 500 3737; x_wconf 86' lang='lat' dir='ltr'><strong>autem</strong></span> <span class='ocrx_word' id='word_1_509' title='bbox 547 3679 890 3752; x_wconf 68' lang='lat' dir='ltr'><strong>pradicamus</strong></span> <span class='ocrx_word' id='word_1_510' title='bbox 917 3676 1178 3735; x_wconf 80' lang='lat' dir='ltr'><strong>Christum</strong></span> <span class='ocrx_word' id='word_1_511' title='bbox 1215 3678 1544 3750; x_wconf 68' lang='lat' dir='ltr'><strong>cruci/imum,</strong></span> <span class='ocrx_word' id='word_1_512' title='bbox 1571 3676 1774 3735; x_wconf 64' lang='lat' dir='ltr'><strong>ludatis</strong></span> 
     </span>
    </p>
   </div>
   <div class='ocr_carea' id='block_1_68' title="bbox 179 3769 1774 3852">
    <p class='ocr_par' dir='ltr' id='par_1_68' title="bbox 179 3769 1774 3852">
     <span class='ocr_line' id='line_1_68' title="bbox 179 3769 1774 3852; baseline -0.002 -22"><span class='ocrx_word' id='word_1_513' title='bbox 179 3775 382 3847; x_wconf 81' lang='lat' dir='ltr'><strong>quidem</strong></span> <span class='ocrx_word' id='word_1_514' title='bbox 427 3771 757 3838; x_wconf 84' lang='lat' dir='ltr'><strong>scandalum,</strong></span> <span class='ocrx_word' id='word_1_515' title='bbox 788 3770 1023 3852; x_wconf 81' lang='lat' dir='ltr'><strong>gentibus</strong></span> <span class='ocrx_word' id='word_1_516' title='bbox 1068 3780 1239 3827; x_wconf 87' lang='lat' dir='ltr'><strong>autem</strong></span> <span class='ocrx_word' id='word_1_517' title='bbox 1290 3769 1560 3826; x_wconf 84' lang='lat' dir='ltr'><strong>stultitiam</strong></span> <span class='ocrx_word' id='word_1_518' title='bbox 1598 3790 1616 3827; x_wconf 85' lang='lat'><strong><em>:</em></strong></span> <span class='ocrx_word' id='word_1_519' title='bbox 1646 3772 1774 3843; x_wconf 81' lang='lat' dir='ltr'><strong>ipsis</strong></span> 
     </span>
    </p>
   </div>
   <div class='ocr_carea' id='block_1_69' title="bbox 118 3860 1774 3928">
    <p class='ocr_par' dir='ltr' id='par_1_69' title="bbox 118 3860 1774 3928">
     <span class='ocr_line' id='line_1_69' title="bbox 118 3860 1774 3928; baseline -0.002 -8"><span class='ocrx_word' id='word_1_520' title='bbox 118 3894 123 3903; x_wconf 71' lang='grc' dir='ltr'><strong>ι</strong></span> <span class='ocrx_word' id='word_1_521' title='bbox 178 3876 349 3922; x_wconf 73' lang='lat' dir='ltr'><strong>utilem</strong></span> <span class='ocrx_word' id='word_1_522' title='bbox 378 3864 575 3921; x_wconf 76' lang='lat' dir='ltr'><strong>vocatis</strong></span> <span class='ocrx_word' id='word_1_523' title='bbox 594 3863 796 3920; x_wconf 66' lang='lat' dir='ltr'><strong>ludatis</strong></span> <span class='ocrx_word' id='word_1_524' title='bbox 843 3870 893 3917; x_wconf 89' lang='lat' dir='ltr'><strong>et</strong></span> <span class='ocrx_word' id='word_1_525' title='bbox 942 3860 1159 3928; x_wconf 68' lang='lat' dir='ltr'><strong>Gratcis,</strong></span> <span class='ocrx_word' id='word_1_526' title='bbox 1187 3860 1446 3918; x_wconf 84' lang='lat' dir='ltr'><strong>Christum</strong></span> <span class='ocrx_word' id='word_1_527' title='bbox 1478 3861 1576 3917; x_wconf 87' lang='lat' dir='ltr'><strong>Dei</strong></span> <span class='ocrx_word' id='word_1_528' title='bbox 1610 3864 1774 3918; x_wconf 84' lang='lat' dir='ltr'><strong>virtu-</strong></span> 
     </span>
    </p>
   </div>
   <div class='ocr_carea' id='block_1_70' title="bbox 179 3951 1775 4029">
    <p class='ocr_par' dir='ltr' id='par_1_70' title="bbox 179 3951 1775 4029">
     <span class='ocr_line' id='line_1_70' title="bbox 179 3951 1775 4029; baseline -0.002 -14"><span class='ocrx_word' id='word_1_529' title='bbox 179 3967 293 4027; x_wconf 79' lang='lat' dir='ltr'><strong>tem,</strong></span> <span class='ocrx_word' id='word_1_530' title='bbox 324 3967 379 4017; x_wconf 89' lang='lat' dir='ltr'><strong>et</strong></span> <span class='ocrx_word' id='word_1_531' title='bbox 407 3956 506 4013; x_wconf 86' lang='lat' dir='ltr'><strong>Dei</strong></span> <span class='ocrx_word' id='word_1_532' title='bbox 534 3956 847 4029; x_wconf 87' lang='lat' dir='ltr'><strong>sapientiam</strong></span> <span class='ocrx_word' id='word_1_533' title='bbox 884 3951 942 4027; x_wconf 88' lang='grc' dir='ltr'><strong>(Ι</strong></span> <span class='ocrx_word' id='word_1_534' title='bbox 970 3952 1094 4011; x_wconf 90' lang='lat' dir='ltr'><strong>Cor.</strong></span> <span class='ocrx_word' id='word_1_535' title='bbox 1119 3970 1156 4023; x_wconf 79' lang='grc' dir='ltr'>ι,</span> <span class='ocrx_word' id='word_1_536' title='bbox 1185 3951 1300 4025; x_wconf 74' lang='lat'><strong>23).</strong></span> <span class='ocrx_word' id='word_1_537' title='bbox 1330 3952 1468 4011; x_wconf 90' lang='lat' dir='ltr'><strong>Ecce</strong></span> <span class='ocrx_word' id='word_1_538' title='bbox 1498 3952 1775 4013; x_wconf 86' lang='lat' dir='ltr'><strong>Christum</strong></span> 
     </span>
    </p>
   </div>
   <div class='ocr_carea' id='block_1_71' title="bbox 173 4046 1776 4120">
    <p class='ocr_par' dir='ltr' id='par_1_71' title="bbox 173 4046 1776 4120">
     <span class='ocr_line' id='line_1_71' title="bbox 173 4046 1776 4120; baseline -0.002 -12"><span class='ocrx_word' id='word_1_539' title='bbox 173 4049 266 4108; x_wconf 88' lang='lat' dir='ltr'><strong>Dei</strong></span> <span class='ocrx_word' id='word_1_540' title='bbox 295 4051 563 4108; x_wconf 81' lang='lat' dir='ltr'><strong>virtutem</strong></span> <span class='ocrx_word' id='word_1_541' title='bbox 581 4056 637 4106; x_wconf 89' lang='lat' dir='ltr'><strong>et</strong></span> <span class='ocrx_word' id='word_1_542' title='bbox 664 4047 761 4105; x_wconf 89' lang='lat' dir='ltr'><strong>Dei</strong></span> <span class='ocrx_word' id='word_1_543' title='bbox 789 4047 1109 4120; x_wconf 87' lang='lat' dir='ltr'><strong>sapientiam</strong></span> <span class='ocrx_word' id='word_1_544' title='bbox 1133 4088 1149 4114; x_wconf 96' lang='lat'><strong>,</strong></span> <span class='ocrx_word' id='word_1_545' title='bbox 1179 4046 1310 4103; x_wconf 89' lang='lat' dir='ltr'><strong>dicit</strong></span> <span class='ocrx_word' id='word_1_546' title='bbox 1338 4046 1628 4119; x_wconf 87' lang='lat' dir='ltr'><strong>Apostolus</strong></span> <span class='ocrx_word' id='word_1_547' title='bbox 1655 4065 1776 4104; x_wconf 87' lang='lat' dir='ltr'><strong>cru-</strong></span> 
     </span>
    </p>
   </div>
   <div class='ocr_carea' id='block_1_72' title="bbox 174 4138 1781 4216">
    <p class='ocr_par' dir='ltr' id='par_1_72' title="bbox 174 4138 1781 4216">
     <span class='ocr_line' id='line_1_72' title="bbox 174 4138 1781 4216; baseline -0.002 -17"><span class='ocrx_word' id='word_1_548' title='bbox 174 4143 416 4216; x_wconf 64' lang='lat' dir='ltr'><strong>ciﬁxum.</strong></span> <span class='ocrx_word' id='word_1_549' title='bbox 453 4141 575 4199; x_wconf 88' lang='lat' dir='ltr'><strong>Alio</strong></span> <span class='ocrx_word' id='word_1_550' title='bbox 596 4147 779 4197; x_wconf 84' lang='lat' dir='ltr'><strong>autem</strong></span> <span class='ocrx_word' id='word_1_551' title='bbox 799 4140 921 4197; x_wconf 91' lang='lat' dir='ltr'><strong>loco</strong></span> <span class='ocrx_word' id='word_1_552' title='bbox 948 4139 1107 4197; x_wconf 85' lang='lat' dir='ltr'><strong>simul</strong></span> <span class='ocrx_word' id='word_1_553' title='bbox 1136 4139 1389 4196; x_wconf 88' lang='lat' dir='ltr'><strong>virtutem</strong></span> <span class='ocrx_word' id='word_1_554' title='bbox 1412 4138 1781 4199; x_wconf 87' lang='lat' dir='ltr'><strong>divinitatem-</strong></span> 
     </span>
    </p>
   </div>
   <div class='ocr_carea' id='block_1_73' title="bbox 173 4228 1781 4305">
    <p class='ocr_par' dir='ltr' id='par_1_73' title="bbox 173 4228 1781 4305">
     <span class='ocr_line' id='line_1_73' title="bbox 173 4228 1781 4305; baseline -0.002 -14"><span class='ocrx_word' id='word_1_555' title='bbox 173 4249 275 4305; x_wconf 82' lang='lat' dir='ltr'><strong>qne</strong></span> <span class='ocrx_word' id='word_1_556' title='bbox 302 4232 651 4305; x_wconf 77' lang='lat' dir='ltr'><strong>coniungens</strong></span> <span class='ocrx_word' id='word_1_557' title='bbox 676 4230 753 4287; x_wconf 90' lang='lat' dir='ltr'><strong>ait</strong></span> <span class='ocrx_word' id='word_1_558' title='bbox 781 4248 794 4285; x_wconf 88' lang='lat'><strong>:</strong></span> <span class='ocrx_word' id='word_1_559' title='bbox 825 4228 1159 4302; x_wconf 61' lang='lat' dir='ltr'><strong>Semmterna</strong></span> <span class='ocrx_word' id='word_1_560' title='bbox 1179 4247 1378 4304; x_wconf 85' lang='lat' dir='ltr'><strong>quoque</strong></span> <span class='ocrx_word' id='word_1_561' title='bbox 1404 4230 1517 4304; x_wconf 85' lang='lat' dir='ltr'><strong>ejus</strong></span> <span class='ocrx_word' id='word_1_562' title='bbox 1545 4232 1706 4291; x_wconf 84' lang='lat' dir='ltr'><strong>virtus</strong></span> <span class='ocrx_word' id='word_1_563' title='bbox 1729 4240 1781 4287; x_wconf 91' lang='lat' dir='ltr'><strong>et</strong></span> 
     </span>
    </p>
   </div>
   <div class='ocr_carea' id='block_1_74' title="bbox 170 4317 1778 4398">
    <p class='ocr_par' dir='ltr' id='par_1_74' title="bbox 170 4317 1778 4398">
     <span class='ocr_line' id='line_1_74' title="bbox 170 4317 1778 4398; baseline -0.003 -16"><span class='ocrx_word' id='word_1_564' title='bbox 170 4324 422 4385; x_wconf 72' lang='lat' dir='ltr'><strong>divinitas</strong></span> <span class='ocrx_word' id='word_1_565' title='bbox 447 4322 627 4398; x_wconf 86' lang='lat' dir='ltr'><strong>(Rom.</strong></span> <span class='ocrx_word' id='word_1_566' title='bbox 650 4338 686 4387; x_wconf 91' lang='grc' dir='ltr'>ι,</span> <span class='ocrx_word' id='word_1_567' title='bbox 705 4319 817 4395; x_wconf 75' lang='grc'><strong>20).</strong></span> <span class='ocrx_word' id='word_1_568' title='bbox 842 4319 900 4377; x_wconf 90' lang='lat' dir='ltr'><strong>Si</strong></span> <span class='ocrx_word' id='word_1_569' title='bbox 919 4334 1048 4391; x_wconf 85' lang='lat' dir='ltr'><strong>ergo</strong></span> <span class='ocrx_word' id='word_1_570' title='bbox 1067 4318 1238 4378; x_wconf 92' lang='lat' dir='ltr'><strong>virtus</strong></span> <span class='ocrx_word' id='word_1_571' title='bbox 1255 4317 1455 4378; x_wconf 90' lang='lat' dir='ltr'><strong>Christi</strong></span> <span class='ocrx_word' id='word_1_572' title='bbox 1483 4321 1778 4379; x_wconf 88' lang='lat' dir='ltr'><strong>secundum</strong></span> 
     </span>
    </p>
   </div>
   <div class='ocr_carea' id='block_1_75' title="bbox 171 4409 1781 4482">
    <p class='ocr_par' dir='ltr' id='par_1_75' title="bbox 171 4409 1781 4482">
     <span class='ocr_line' id='line_1_75' title="bbox 171 4409 1781 4482; baseline -0.002 -9"><span class='ocrx_word' id='word_1_573' title='bbox 171 4429 401 4473; x_wconf 83' lang='lat' dir='ltr'><strong>carnem</strong></span> <span class='ocrx_word' id='word_1_574' title='bbox 459 4410 714 4471; x_wconf 84' lang='lat' dir='ltr'><strong>cruciﬁxa</strong></span> <span class='ocrx_word' id='word_1_575' title='bbox 763 4426 874 4471; x_wconf 89' lang='lat' dir='ltr'><strong>non</strong></span> <span class='ocrx_word' id='word_1_576' title='bbox 926 4409 1146 4482; x_wconf 86' lang='lat' dir='ltr'><strong>indigne</strong></span> <span class='ocrx_word' id='word_1_577' title='bbox 1196 4409 1410 4478; x_wconf 88' lang='lat' dir='ltr'><strong>dicitur,</strong></span> <span class='ocrx_word' id='word_1_578' title='bbox 1443 4428 1541 4470; x_wconf 89' lang='lat' dir='ltr'><strong>cur</strong></span> <span class='ocrx_word' id='word_1_579' title='bbox 1586 4412 1781 4470; x_wconf 88' lang='lat' dir='ltr'><strong>eodem</strong></span> 
     </span>
    </p>
   </div>
   <div class='ocr_carea' id='block_1_76' title="bbox 168 4501 1782 4564">
    <p class='ocr_par' dir='ltr' id='par_1_76' title="bbox 168 4501 1782 4564">
     <span class='ocr_line' id='line_1_76' title="bbox 168 4501 1782 4564; baseline -0.001 0"><span class='ocrx_word' id='word_1_580' title='bbox 168 4507 339 4564; x_wconf 87' lang='lat' dir='ltr'><strong>modo</strong></span> <span class='ocrx_word' id='word_1_581' title='bbox 399 4506 568 4564; x_wconf 87' lang='lat' dir='ltr'><strong>etiam</strong></span> <span class='ocrx_word' id='word_1_582' title='bbox 618 4501 875 4562; x_wconf 80' lang='lat' dir='ltr'><strong>cruciﬁxa</strong></span> <span class='ocrx_word' id='word_1_583' title='bbox 928 4501 1222 4559; x_wconf 88' lang='lat' dir='ltr'><strong>secundum</strong></span> <span class='ocrx_word' id='word_1_584' title='bbox 1262 4518 1482 4561; x_wconf 90' lang='lat' dir='ltr'><strong>carnem</strong></span> <span class='ocrx_word' id='word_1_585' title='bbox 1529 4503 1782 4563; x_wconf 86' lang='lat' dir='ltr'><strong>divinitas</strong></span> 
     </span>
    </p>
   </div>
   <div class='ocr_carea' id='block_1_77' title="bbox 1876 3305 3469 3372">
    <p class='ocr_par' dir='ltr' id='par_1_77' title="bbox 1876 3305 3469 3372">
     <span class='ocr_line' id='line_1_77' title="bbox 1876 3305 3469 3372; baseline 0.004 -10"><span class='ocrx_word' id='word_1_586' title='bbox 1876 3315 1989 3362; x_wconf 90' lang='lat' dir='ltr'><strong>tute</strong></span> <span class='ocrx_word' id='word_1_587' title='bbox 2014 3305 2168 3361; x_wconf 82' lang='lat' dir='ltr'><strong>fortis</strong></span> <span class='ocrx_word' id='word_1_588' title='bbox 2188 3316 2289 3372; x_wconf 87' lang='lat' dir='ltr'><strong>est,</strong></span> <span class='ocrx_word' id='word_1_589' title='bbox 2313 3306 2489 3362; x_wconf 87' lang='lat' dir='ltr'><strong>bonus</strong></span> <span class='ocrx_word' id='word_1_590' title='bbox 2518 3306 2762 3365; x_wconf 89' lang='lat' dir='ltr'><strong>bonitate</strong></span> <span class='ocrx_word' id='word_1_591' title='bbox 2791 3309 2968 3366; x_wconf 89' lang='lat' dir='ltr'><strong>bonus</strong></span> <span class='ocrx_word' id='word_1_592' title='bbox 3007 3319 3124 3367; x_wconf 89' lang='lat' dir='ltr'><strong>est:</strong></span> <span class='ocrx_word' id='word_1_593' title='bbox 3154 3311 3233 3369; x_wconf 91' lang='lat' dir='ltr'><strong>sic</strong></span> <span class='ocrx_word' id='word_1_594' title='bbox 3260 3321 3344 3369; x_wconf 89' lang='lat' dir='ltr'><strong>est</strong></span> <span class='ocrx_word' id='word_1_595' title='bbox 3362 3314 3469 3370; x_wconf 54' lang='lat' dir='ltr'><strong>uti.</strong></span> 
     </span>
    </p>
   </div>
   <div class='ocr_carea' id='block_1_78' title="bbox 1873 3396 3529 3474">
    <p class='ocr_par' dir='ltr' id='par_1_78' title="bbox 1873 3396 3529 3474">
     <span class='ocr_line' id='line_1_78' title="bbox 1873 3396 3529 3474; baseline 0.004 -19"><span class='ocrx_word' id='word_1_596' title='bbox 1873 3410 1980 3469; x_wconf 86' lang='lat' dir='ltr'><strong>que</strong></span> <span class='ocrx_word' id='word_1_597' title='bbox 2006 3398 2167 3465; x_wconf 89' lang='lat' dir='ltr'><strong>Deus,</strong></span> <span class='ocrx_word' id='word_1_598' title='bbox 2195 3406 2254 3453; x_wconf 90' lang='lat' dir='ltr'><strong>ut</strong></span> <span class='ocrx_word' id='word_1_599' title='bbox 2283 3399 2399 3469; x_wconf 89' lang='lat' dir='ltr'><strong>ipse</strong></span> <span class='ocrx_word' id='word_1_600' title='bbox 2424 3400 2498 3454; x_wconf 88' lang='lat' dir='ltr'><strong>sit</strong></span> <span class='ocrx_word' id='word_1_601' title='bbox 2536 3396 2791 3456; x_wconf 89' lang='lat' dir='ltr'><strong>divinitas</strong></span> <span class='ocrx_word' id='word_1_602' title='bbox 2824 3416 2953 3469; x_wconf 88' lang='lat' dir='ltr'><strong>sua;</strong></span> <span class='ocrx_word' id='word_1_603' title='bbox 3002 3402 3082 3458; x_wconf 84' lang='lat' dir='ltr'><strong>sic</strong></span> <span class='ocrx_word' id='word_1_604' title='bbox 3109 3411 3194 3459; x_wconf 89' lang='lat' dir='ltr'><strong>est</strong></span> <span class='ocrx_word' id='word_1_605' title='bbox 3221 3419 3467 3474; x_wconf 83' lang='lat' dir='ltr'><strong>magnus,</strong></span> <span class='ocrx_word' id='word_1_606' title='bbox 3526 3434 3529 3443; x_wconf 64' lang='grc' dir='ltr'><em>ν</em></span> 
     </span>
    </p>
   </div>
   <div class='ocr_carea' id='block_1_79' title="bbox 1875 3488 3471 3568">
    <p class='ocr_par' dir='ltr' id='par_1_79' title="bbox 1875 3488 3471 3568">
     <span class='ocr_line' id='line_1_79' title="bbox 1875 3488 3471 3568; baseline 0.006 -25"><span class='ocrx_word' id='word_1_607' title='bbox 1875 3496 1935 3543; x_wconf 81' lang='grc' dir='ltr'><strong>ιιι</strong></span> <span class='ocrx_word' id='word_1_608' title='bbox 1963 3489 2077 3560; x_wconf 87' lang='lat' dir='ltr'><strong>ipse</strong></span> <span class='ocrx_word' id='word_1_609' title='bbox 2100 3491 2169 3544; x_wconf 89' lang='lat' dir='ltr'><strong>sit</strong></span> <span class='ocrx_word' id='word_1_610' title='bbox 2194 3488 2506 3559; x_wconf 84' lang='lat' dir='ltr'><strong>magnitudo</strong></span> <span class='ocrx_word' id='word_1_611' title='bbox 2535 3504 2666 3558; x_wconf 88' lang='lat' dir='ltr'><strong>sua;</strong></span> <span class='ocrx_word' id='word_1_612' title='bbox 2698 3490 2776 3547; x_wconf 86' lang='lat' dir='ltr'><strong>sic</strong></span> <span class='ocrx_word' id='word_1_613' title='bbox 2794 3498 2878 3548; x_wconf 87' lang='lat' dir='ltr'><strong>est</strong></span> <span class='ocrx_word' id='word_1_614' title='bbox 2902 3493 3139 3564; x_wconf 86' lang='lat' dir='ltr'><strong>sapiens,</strong></span> <span class='ocrx_word' id='word_1_615' title='bbox 3171 3504 3231 3551; x_wconf 90' lang='lat' dir='ltr'><strong>ut</strong></span> <span class='ocrx_word' id='word_1_616' title='bbox 3259 3497 3375 3568; x_wconf 90' lang='lat' dir='ltr'><strong>ipse</strong></span> <span class='ocrx_word' id='word_1_617' title='bbox 3401 3498 3471 3553; x_wconf 69' lang='lat' dir='ltr'><strong>sit</strong></span> 
     </span>
    </p>
   </div>
   <div class='ocr_carea' id='block_1_80' title="bbox 1876 3580 3471 3663">
    <p class='ocr_par' dir='ltr' id='par_1_80' title="bbox 1876 3580 3471 3663">
     <span class='ocr_line' id='line_1_80' title="bbox 1876 3580 3471 3663; baseline 0.003 -23"><span class='ocrx_word' id='word_1_618' title='bbox 1876 3582 2142 3653; x_wconf 88' lang='lat' dir='ltr'><strong>sapientia</strong></span> <span class='ocrx_word' id='word_1_619' title='bbox 2171 3596 2302 3649; x_wconf 91' lang='lat' dir='ltr'><strong>sua;</strong></span> <span class='ocrx_word' id='word_1_620' title='bbox 2344 3580 2423 3637; x_wconf 92' lang='lat' dir='ltr'><strong>sic</strong></span> <span class='ocrx_word' id='word_1_621' title='bbox 2465 3590 2551 3663; x_wconf 87' lang='lat' dir='ltr'><strong>est</strong></span> <span class='ocrx_word' id='word_1_622' title='bbox 2589 3580 2762 3650; x_wconf 80' lang='lat' dir='ltr'><strong>fortis,</strong></span> <span class='ocrx_word' id='word_1_623' title='bbox 2798 3591 2858 3639; x_wconf 91' lang='lat' dir='ltr'><strong>ut</strong></span> <span class='ocrx_word' id='word_1_624' title='bbox 2885 3584 3002 3655; x_wconf 90' lang='lat' dir='ltr'><strong>ipse</strong></span> <span class='ocrx_word' id='word_1_625' title='bbox 3039 3588 3110 3641; x_wconf 88' lang='lat' dir='ltr'><strong>sit</strong></span> <span class='ocrx_word' id='word_1_626' title='bbox 3137 3588 3309 3644; x_wconf 90' lang='lat' dir='ltr'><strong>virtus</strong></span> <span class='ocrx_word' id='word_1_627' title='bbox 3330 3603 3471 3657; x_wconf 79' lang='lat' dir='ltr'><strong>sua;</strong></span> 
     </span>
    </p>
   </div>
   <div class='ocr_carea' id='block_1_81' title="bbox 1875 3673 3472 3747">
    <p class='ocr_par' dir='ltr' id='par_1_81' title="bbox 1875 3673 3472 3747">
     <span class='ocr_line' id='line_1_81' title="bbox 1875 3673 3472 3747; baseline 0.005 -15"><span class='ocrx_word' id='word_1_628' title='bbox 1875 3676 1955 3732; x_wconf 91' lang='lat' dir='ltr'><strong>sic</strong></span> <span class='ocrx_word' id='word_1_629' title='bbox 1983 3676 2144 3730; x_wconf 90' lang='lat' dir='ltr'><strong>etiam</strong></span> <span class='ocrx_word' id='word_1_630' title='bbox 2165 3673 2362 3742; x_wconf 90' lang='lat' dir='ltr'><strong>bonus,</strong></span> <span class='ocrx_word' id='word_1_631' title='bbox 2388 3683 2446 3728; x_wconf 89' lang='lat' dir='ltr'><strong>ut</strong></span> <span class='ocrx_word' id='word_1_632' title='bbox 2466 3675 2581 3747; x_wconf 91' lang='lat' dir='ltr'><strong>ipse</strong></span> <span class='ocrx_word' id='word_1_633' title='bbox 2608 3676 2679 3731; x_wconf 89' lang='lat' dir='ltr'><strong>sit</strong></span> <span class='ocrx_word' id='word_1_634' title='bbox 2699 3676 2913 3732; x_wconf 87' lang='lat' dir='ltr'><strong>bonitas</strong></span> <span class='ocrx_word' id='word_1_635' title='bbox 2934 3692 3050 3734; x_wconf 82' lang='lat' dir='ltr'><strong>sua.</strong></span> <span class='ocrx_word' id='word_1_636' title='bbox 3081 3678 3235 3747; x_wconf 81' lang='lat' dir='ltr'><strong>Quod</strong></span> <span class='ocrx_word' id='word_1_637' title='bbox 3263 3697 3384 3737; x_wconf 89' lang='lat' dir='ltr'><strong>cum</strong></span> <span class='ocrx_word' id='word_1_638' title='bbox 3415 3683 3472 3742; x_wconf 90' lang='lat' dir='ltr'><strong>in</strong></span> 
     </span>
    </p>
   </div>
   <div class='ocr_carea' id='block_1_82' title="bbox 1877 3768 3473 3845">
    <p class='ocr_par' dir='ltr' id='par_1_82' title="bbox 1877 3768 3473 3845">
     <span class='ocr_line' id='line_1_82' title="bbox 1877 3768 3473 3845; baseline 0.006 -21"><span class='ocrx_word' id='word_1_639' title='bbox 1877 3783 2039 3839; x_wconf 86' lang='lat' dir='ltr'><strong>supra</strong></span> <span class='ocrx_word' id='word_1_640' title='bbox 2068 3769 2381 3823; x_wconf 88' lang='lat' dir='ltr'><strong>memoratis</strong></span> <span class='ocrx_word' id='word_1_641' title='bbox 2412 3768 2561 3824; x_wconf 91' lang='lat' dir='ltr'><strong>libris</strong></span> <span class='ocrx_word' id='word_1_642' title='bbox 2587 3768 2729 3826; x_wconf 89' lang='lat' dir='ltr'><strong>idem</strong></span> <span class='ocrx_word' id='word_1_643' title='bbox 2769 3778 2991 3828; x_wconf 89' lang='lat' dir='ltr'><strong>sanctus</strong></span> <span class='ocrx_word' id='word_1_644' title='bbox 3018 3772 3348 3845; x_wconf 79' lang='lat' dir='ltr'><strong>Augustinus</strong></span> <span class='ocrx_word' id='word_1_645' title='bbox 3374 3776 3473 3834; x_wconf 78' lang='lat' dir='ltr'><strong>ire-</strong></span> 
     </span>
    </p>
   </div>
   <div class='ocr_carea' id='block_1_83' title="bbox 1878 3862 3473 3940">
    <p class='ocr_par' dir='ltr' id='par_1_83' title="bbox 1878 3862 3473 3940">
     <span class='ocr_line' id='line_1_83' title="bbox 1878 3862 3473 3940; baseline 0.009 -25"><span class='ocrx_word' id='word_1_646' title='bbox 1878 3870 2108 3932; x_wconf 89' lang='lat' dir='ltr'><strong>quenter</strong></span> <span class='ocrx_word' id='word_1_647' title='bbox 2156 3862 2437 3929; x_wconf 91' lang='lat' dir='ltr'><strong>insinuet,</strong></span> <span class='ocrx_word' id='word_1_648' title='bbox 2486 3862 2777 3933; x_wconf 89' lang='lat' dir='ltr'><strong>quemdam</strong></span> <span class='ocrx_word' id='word_1_649' title='bbox 2829 3864 3012 3922; x_wconf 91' lang='lat' dir='ltr'><strong>locum</strong></span> <span class='ocrx_word' id='word_1_650' title='bbox 3059 3866 3128 3925; x_wconf 88' lang='lat' dir='ltr'><strong>de</strong></span> <span class='ocrx_word' id='word_1_651' title='bbox 3171 3868 3310 3927; x_wconf 84' lang='lat' dir='ltr'><strong>libro</strong></span> <span class='ocrx_word' id='word_1_652' title='bbox 3357 3870 3473 3940; x_wconf 80' lang='lat' dir='ltr'><strong>ejus</strong></span> 
     </span>
    </p>
   </div>
   <div class='ocr_carea' id='block_1_84' title="bbox 1879 3951 3472 4031">
    <p class='ocr_par' dir='ltr' id='par_1_84' title="bbox 1879 3951 3472 4031">
     <span class='ocr_line' id='line_1_84' title="bbox 1879 3951 3472 4031; baseline 0.008 -24"><span class='ocrx_word' id='word_1_653' title='bbox 1879 3952 2069 4023; x_wconf 92' lang='lat' dir='ltr'><strong>quinto</strong></span> <span class='ocrx_word' id='word_1_654' title='bbox 2096 3951 2232 4026; x_wconf 87' lang='lat' dir='ltr'><strong>(Lib.</strong></span> <span class='ocrx_word' id='word_1_655' title='bbox 2262 3969 2295 4008; x_wconf 87' lang='lat' dir='ltr'><strong>v</strong></span> <span class='ocrx_word' id='word_1_656' title='bbox 2319 3953 2383 4008; x_wconf 85' lang='lat' dir='ltr'><strong>de</strong></span> <span class='ocrx_word' id='word_1_657' title='bbox 2405 3953 2810 4027; x_wconf 79' lang='lat' dir='ltr'><strong>Trinitate,cap.</strong></span> <span class='ocrx_word' id='word_1_658' title='bbox 2836 3954 2929 4029; x_wconf 78' lang='lat' dir='ltr'><strong>i0)</strong></span> <span class='ocrx_word' id='word_1_659' title='bbox 2953 3958 3079 4016; x_wconf 92' lang='lat' dir='ltr'><strong>huic</strong></span> <span class='ocrx_word' id='word_1_660' title='bbox 3107 3963 3368 4031; x_wconf 91' lang='lat' dir='ltr'><strong>opusculo</strong></span> <span class='ocrx_word' id='word_1_661' title='bbox 3388 3965 3472 4019; x_wconf 88' lang='lat' dir='ltr'><strong>in-</strong></span> 
     </span>
    </p>
   </div>
   <div class='ocr_carea' id='block_1_85' title="bbox 1882 4040 3475 4123">
    <p class='ocr_par' dir='ltr' id='par_1_85' title="bbox 1882 4040 3475 4123">
     <span class='ocr_line' id='line_1_85' title="bbox 1882 4040 3475 4123; baseline 0.006 -22"><span class='ocrx_word' id='word_1_662' title='bbox 1882 4058 2065 4101; x_wconf 86' lang='lat' dir='ltr'><strong>serere</strong></span> <span class='ocrx_word' id='word_1_663' title='bbox 2093 4045 2299 4100; x_wconf 84' lang='lat' dir='ltr'><strong>curavi.</strong></span> <span class='ocrx_word' id='word_1_664' title='bbox 2326 4043 2462 4100; x_wconf 83' lang='lat' dir='ltr'><strong>Cum</strong></span> <span class='ocrx_word' id='word_1_665' title='bbox 2485 4046 2627 4101; x_wconf 90' lang='lat' dir='ltr'><strong>enim</strong></span> <span class='ocrx_word' id='word_1_666' title='bbox 2657 4044 2726 4102; x_wconf 89' lang='lat' dir='ltr'><strong>de</strong></span> <span class='ocrx_word' id='word_1_667' title='bbox 2754 4040 2865 4103; x_wconf 88' lang='lat' dir='ltr'><strong>Deo</strong></span> <span class='ocrx_word' id='word_1_668' title='bbox 2895 4056 2951 4105; x_wconf 86' lang='lat' dir='ltr'><strong>et</strong></span> <span class='ocrx_word' id='word_1_669' title='bbox 2971 4047 3039 4105; x_wconf 90' lang='lat' dir='ltr'><strong>de</strong></span> <span class='ocrx_word' id='word_1_670' title='bbox 3074 4049 3188 4121; x_wconf 90' lang='lat' dir='ltr'><strong>ejus</strong></span> <span class='ocrx_word' id='word_1_671' title='bbox 3209 4054 3475 4123; x_wconf 81' lang='lat' dir='ltr'><strong>magnitu-</strong></span> 
     </span>
    </p>
   </div>
   <div class='ocr_carea' id='block_1_86' title="bbox 1881 4135 3477 4217">
    <p class='ocr_par' dir='ltr' id='par_1_86' title="bbox 1881 4135 3477 4217">
     <span class='ocr_line' id='line_1_86' title="bbox 1881 4135 3477 4217; baseline 0.007 -27"><span class='ocrx_word' id='word_1_672' title='bbox 1881 4135 2008 4191; x_wconf 89' lang='lat' dir='ltr'><strong>dine</strong></span> <span class='ocrx_word' id='word_1_673' title='bbox 2035 4135 2370 4207; x_wconf 84' lang='lat' dir='ltr'><strong>loqueretur,</strong></span> <span class='ocrx_word' id='word_1_674' title='bbox 2402 4136 2544 4193; x_wconf 89' lang='lat' dir='ltr'><strong>inter</strong></span> <span class='ocrx_word' id='word_1_675' title='bbox 2581 4136 2686 4193; x_wconf 89' lang='lat' dir='ltr'><strong>alia</strong></span> <span class='ocrx_word' id='word_1_676' title='bbox 2717 4137 2795 4195; x_wconf 87' lang='lat' dir='ltr'><strong>sic</strong></span> <span class='ocrx_word' id='word_1_677' title='bbox 2824 4138 2943 4194; x_wconf 81' lang='lat' dir='ltr'><strong>ait:</strong></span> <span class='ocrx_word' id='word_1_678' title='bbox 2979 4138 3061 4195; x_wconf 85' lang='lat' dir='ltr'><strong>Ea</strong></span> <span class='ocrx_word' id='word_1_679' title='bbox 3086 4143 3247 4214; x_wconf 84' lang='lat' dir='ltr'><strong>igitur</strong></span> <span class='ocrx_word' id='word_1_680' title='bbox 3274 4147 3477 4217; x_wconf 56' lang='lat' dir='ltr'><strong>magni.</strong></span> 
     </span>
    </p>
   </div>
   <div class='ocr_carea' id='block_1_87' title="bbox 1881 4227 3480 4307">
    <p class='ocr_par' dir='ltr' id='par_1_87' title="bbox 1881 4227 3480 4307">
     <span class='ocr_line' id='line_1_87' title="bbox 1881 4227 3480 4307; baseline 0.008 -26"><span class='ocrx_word' id='word_1_681' title='bbox 1881 4227 2059 4282; x_wconf 88' lang='lat' dir='ltr'><strong>tudine</strong></span> <span class='ocrx_word' id='word_1_682' title='bbox 2086 4242 2304 4301; x_wconf 84' lang='lat' dir='ltr'><strong>magnus</strong></span> <span class='ocrx_word' id='word_1_683' title='bbox 2336 4237 2430 4295; x_wconf 87' lang='lat' dir='ltr'><strong>est,</strong></span> <span class='ocrx_word' id='word_1_684' title='bbox 2474 4242 2573 4301; x_wconf 86' lang='lat' dir='ltr'><strong>qua</strong></span> <span class='ocrx_word' id='word_1_685' title='bbox 2599 4230 2712 4302; x_wconf 86' lang='lat' dir='ltr'><strong>ipse</strong></span> <span class='ocrx_word' id='word_1_686' title='bbox 2737 4239 2815 4285; x_wconf 84' lang='lat' dir='ltr'><strong>est</strong></span> <span class='ocrx_word' id='word_1_687' title='bbox 2842 4232 3025 4287; x_wconf 81' lang='lat' dir='ltr'><strong>eadem</strong></span> <span class='ocrx_word' id='word_1_688' title='bbox 3052 4237 3377 4307; x_wconf 85' lang='lat' dir='ltr'><strong>magnitudo.</strong></span> <span class='ocrx_word' id='word_1_689' title='bbox 3410 4236 3480 4294; x_wconf 86' lang='lat' dir='ltr'><strong>Et</strong></span> 
     </span>
    </p>
   </div>
   <div class='ocr_carea' id='block_1_88' title="bbox 1882 4318 3479 4387">
    <p class='ocr_par' dir='ltr' id='par_1_88' title="bbox 1882 4318 3479 4387">
     <span class='ocr_line' id='line_1_88' title="bbox 1882 4318 3479 4387; baseline 0.006 -14"><span class='ocrx_word' id='word_1_690' title='bbox 1882 4318 2001 4374; x_wconf 85' lang='lat' dir='ltr'><strong>ideo</strong></span> <span class='ocrx_word' id='word_1_691' title='bbox 2030 4319 2160 4373; x_wconf 81' lang='lat' dir='ltr'><strong>sicut</strong></span> <span class='ocrx_word' id='word_1_692' title='bbox 2187 4335 2291 4374; x_wconf 89' lang='lat' dir='ltr'><strong>non</strong></span> <span class='ocrx_word' id='word_1_693' title='bbox 2327 4320 2542 4375; x_wconf 83' lang='lat' dir='ltr'><strong>dicimus</strong></span> <span class='ocrx_word' id='word_1_694' title='bbox 2574 4328 2672 4375; x_wconf 84' lang='lat' dir='ltr'><strong>tres</strong></span> <span class='ocrx_word' id='word_1_695' title='bbox 2702 4322 2972 4387; x_wconf 86' lang='lat' dir='ltr'><strong>essentias,</strong></span> <span class='ocrx_word' id='word_1_696' title='bbox 3002 4325 3079 4378; x_wconf 83' lang='lat' dir='ltr'><strong>sic</strong></span> <span class='ocrx_word' id='word_1_697' title='bbox 3104 4340 3199 4379; x_wconf 86' lang='lat' dir='ltr'><strong>nec</strong></span> <span class='ocrx_word' id='word_1_698' title='bbox 3230 4335 3335 4381; x_wconf 87' lang='lat' dir='ltr'><strong>tres</strong></span> <span class='ocrx_word' id='word_1_699' title='bbox 3361 4344 3479 4382; x_wconf 79' lang='lat' dir='ltr'><strong>ma-</strong></span> 
     </span>
    </p>
   </div>
   <div class='ocr_carea' id='block_1_89' title="bbox 1882 4411 3482 4491">
    <p class='ocr_par' dir='ltr' id='par_1_89' title="bbox 1882 4411 3482 4491">
     <span class='ocr_line' id='line_1_89' title="bbox 1882 4411 3482 4491; baseline 0.008 -27"><span class='ocrx_word' id='word_1_700' title='bbox 1882 4411 2180 4484; x_wconf 88' lang='lat' dir='ltr'><strong>gnitudines</strong></span> <span class='ocrx_word' id='word_1_701' title='bbox 2208 4429 2225 4467; x_wconf 88' lang='lat'><strong><em>:</em></strong></span> <span class='ocrx_word' id='word_1_702' title='bbox 2270 4413 2365 4468; x_wconf 89' lang='lat' dir='ltr'><strong>hoc</strong></span> <span class='ocrx_word' id='word_1_703' title='bbox 2392 4421 2469 4468; x_wconf 85' lang='lat' dir='ltr'><strong>est</strong></span> <span class='ocrx_word' id='word_1_704' title='bbox 2496 4415 2633 4468; x_wconf 85' lang='lat' dir='ltr'><strong>enim</strong></span> <span class='ocrx_word' id='word_1_705' title='bbox 2660 4411 2772 4469; x_wconf 86' lang='lat' dir='ltr'><strong>Deo</strong></span> <span class='ocrx_word' id='word_1_706' title='bbox 2803 4428 2933 4481; x_wconf 82' lang='lat' dir='ltr'><strong>esse,</strong></span> <span class='ocrx_word' id='word_1_707' title='bbox 2966 4417 3103 4488; x_wconf 82' lang='lat' dir='ltr'><strong>quod</strong></span> <span class='ocrx_word' id='word_1_708' title='bbox 3131 4427 3209 4473; x_wconf 85' lang='lat' dir='ltr'><strong>est</strong></span> <span class='ocrx_word' id='word_1_709' title='bbox 3235 4435 3482 4491; x_wconf 72' lang='lat' dir='ltr'><strong>magnum</strong></span> 
     </span>
    </p>
   </div>
   <div class='ocr_carea' id='block_1_90' title="bbox 1884 4498 3481 4578">
    <p class='ocr_par' dir='ltr' id='par_1_90' title="bbox 1884 4498 3481 4578">
     <span class='ocr_line' id='line_1_90' title="bbox 1884 4498 3481 4578; baseline 0.005 -21"><span class='ocrx_word' id='word_1_710' title='bbox 1884 4514 2012 4557; x_wconf 83' lang='lat' dir='ltr'><strong>esse.</strong></span> <span class='ocrx_word' id='word_1_711' title='bbox 2038 4498 2237 4556; x_wconf 83' lang='lat' dir='ltr'><strong>Eadem</strong></span> <span class='ocrx_word' id='word_1_712' title='bbox 2264 4516 2424 4557; x_wconf 86' lang='lat' dir='ltr'><strong>causa</strong></span> <span class='ocrx_word' id='word_1_713' title='bbox 2451 4517 2543 4557; x_wconf 81' lang='lat' dir='ltr'><strong>nec</strong></span> <span class='ocrx_word' id='word_1_714' title='bbox 2567 4516 2784 4578; x_wconf 84' lang='lat' dir='ltr'><strong>magnos</strong></span> <span class='ocrx_word' id='word_1_715' title='bbox 2812 4512 2915 4559; x_wconf 83' lang='lat' dir='ltr'><strong>tres</strong></span> <span class='ocrx_word' id='word_1_716' title='bbox 2936 4506 3176 4574; x_wconf 84' lang='lat' dir='ltr'><strong>dicimus,</strong></span> <span class='ocrx_word' id='word_1_717' title='bbox 3203 4509 3296 4563; x_wconf 86' lang='lat' dir='ltr'><strong>sed</strong></span> <span class='ocrx_word' id='word_1_718' title='bbox 3320 4525 3481 4567; x_wconf 73' lang='lat' dir='ltr'><strong>unum</strong></span> 
     </span>
    </p>
   </div>
   <div class='ocr_carea' id='block_1_91' title="bbox 169 4584 3482 4679">
    <p class='ocr_par' dir='ltr' id='par_1_91' title="bbox 169 4584 3482 4679">
     <span class='ocr_line' id='line_1_91' title="bbox 169 4584 3482 4679; baseline -0.001 -19"><span class='ocrx_word' id='word_1_719' title='bbox 169 4617 281 4659; x_wconf 87' lang='lat' dir='ltr'><strong>non</strong></span> <span class='ocrx_word' id='word_1_720' title='bbox 313 4599 576 4660; x_wconf 85' lang='lat' dir='ltr'><strong>dicatur?</strong></span> <span class='ocrx_word' id='word_1_721' title='bbox 602 4584 829 4668; x_wconf 78' lang='lat' dir='ltr'><strong>Quando</strong></span> <span class='ocrx_word' id='word_1_722' title='bbox 879 4597 1024 4655; x_wconf 89' lang='lat' dir='ltr'><strong>enim</strong></span> <span class='ocrx_word' id='word_1_723' title='bbox 1076 4586 1309 4664; x_wconf 88' lang='lat' dir='ltr'><strong>additur,</strong></span> <span class='ocrx_word' id='word_1_724' title='bbox 1335 4596 1630 4657; x_wconf 89' lang='lat' dir='ltr'><strong>secundum</strong></span> <span class='ocrx_word' id='word_1_725' title='bbox 1657 4614 1782 4657; x_wconf 84' lang='lat' dir='ltr'><strong>car-</strong></span> <span class='ocrx_word' id='word_1_726' title='bbox 1811 4611 1867 4679; x_wconf 73' lang='grc' dir='ltr'><strong><em>υ</em></strong></span> <span class='ocrx_word' id='word_1_727' title='bbox 1884 4606 2133 4667; x_wconf 80' lang='lat' dir='ltr'><strong>magnum</strong></span> <span class='ocrx_word' id='word_1_728' title='bbox 2152 4613 2187 4675; x_wconf 23' lang='lat'><strong>;‘</strong></span> <span class='ocrx_word' id='word_1_729' title='bbox 2208 4596 2329 4667; x_wconf 82' lang='lat' dir='ltr'><strong>quia</strong></span> <span class='ocrx_word' id='word_1_730' title='bbox 2370 4611 2473 4650; x_wconf 87' lang='lat' dir='ltr'><strong>non</strong></span> <span class='ocrx_word' id='word_1_731' title='bbox 2500 4597 2901 4667; x_wconf 79' lang='lat' dir='ltr'><strong>participatione</strong></span> <span class='ocrx_word' id='word_1_732' title='bbox 2936 4599 3311 4670; x_wconf 73' lang='lat' dir='ltr'><strong>magnitudinis</strong></span> <span class='ocrx_word' id='word_1_733' title='bbox 3339 4599 3482 4657; x_wconf 77' lang='lat' dir='ltr'><strong>Deus</strong></span> 
     </span>
    </p>
   </div>
   <div class='ocr_carea' id='block_1_92' title="bbox 168 4686 1786 4761">
    <p class='ocr_par' dir='ltr' id='par_1_92' title="bbox 168 4686 1786 4761">
     <span class='ocr_line' id='line_1_92' title="bbox 168 4686 1786 4761; baseline -0.005 -10"><span class='ocrx_word' id='word_1_734' title='bbox 168 4709 321 4761; x_wconf 88' lang='lat' dir='ltr'><strong>nem,</strong></span> <span class='ocrx_word' id='word_1_735' title='bbox 355 4689 668 4750; x_wconf 88' lang='lat' dir='ltr'><strong>ostenditur</strong></span> <span class='ocrx_word' id='word_1_736' title='bbox 696 4689 881 4760; x_wconf 89' lang='lat' dir='ltr'><strong>utique</strong></span> <span class='ocrx_word' id='word_1_737' title='bbox 898 4704 1006 4747; x_wconf 92' lang='lat' dir='ltr'><strong>non</strong></span> <span class='ocrx_word' id='word_1_738' title='bbox 1039 4686 1155 4760; x_wconf 83' lang='lat' dir='ltr'><strong>ejus</strong></span> <span class='ocrx_word' id='word_1_739' title='bbox 1185 4688 1521 4755; x_wconf 84' lang='lat' dir='ltr'><strong>divinitatem</strong></span> <span class='ocrx_word' id='word_1_740' title='bbox 1543 4689 1786 4761; x_wconf 85' lang='lat' dir='ltr'><strong>passioni</strong></span> 
     </span>
    </p>
   </div>
   <div class='ocr_carea' id='block_1_93' title="bbox 166 4780 1786 4865">
    <p class='ocr_par' dir='ltr' id='par_1_93' title="bbox 166 4780 1786 4865">
     <span class='ocr_line' id='line_1_93' title="bbox 166 4780 1786 4865; baseline -0.006 -21"><span class='ocrx_word' id='word_1_741' title='bbox 166 4784 541 4865; x_wconf 72' lang='lat' dir='ltr'><strong>subiacuisse,</strong></span> <span class='ocrx_word' id='word_1_742' title='bbox 573 4781 669 4840; x_wconf 89' lang='lat' dir='ltr'><strong>sed</strong></span> <span class='ocrx_word' id='word_1_743' title='bbox 722 4794 960 4839; x_wconf 86' lang='lat' dir='ltr'><strong>carnem.</strong></span> <span class='ocrx_word' id='word_1_744' title='bbox 993 4780 1150 4849; x_wconf 84' lang='lat' dir='ltr'><strong>Quod</strong></span> <span class='ocrx_word' id='word_1_745' title='bbox 1175 4781 1341 4838; x_wconf 85' lang='lat' dir='ltr'><strong>etiam</strong></span> <span class='ocrx_word' id='word_1_746' title='bbox 1371 4780 1671 4855; x_wconf 88' lang='lat' dir='ltr'><strong>apostolica</strong></span> <span class='ocrx_word' id='word_1_747' title='bbox 1701 4780 1786 4836; x_wconf 90' lang='lat' dir='ltr'><strong>vi-</strong></span> 
     </span>
    </p>
   </div>
   <div class='ocr_carea' id='block_1_94' title="bbox 163 4871 1787 4937">
    <p class='ocr_par' dir='ltr' id='par_1_94' title="bbox 163 4871 1787 4937">
     <span class='ocr_line' id='line_1_94' title="bbox 163 4871 1787 4937; baseline -0.005 -1"><span class='ocrx_word' id='word_1_748' title='bbox 163 4877 372 4936; x_wconf 82' lang='lat' dir='ltr'><strong>demus</strong></span> <span class='ocrx_word' id='word_1_749' title='bbox 431 4874 758 4937; x_wconf 86' lang='lat' dir='ltr'><strong>auctoritate</strong></span> <span class='ocrx_word' id='word_1_750' title='bbox 803 4879 1182 4933; x_wconf 80' lang='lat' dir='ltr'><strong>monstratum.</strong></span> <span class='ocrx_word' id='word_1_751' title='bbox 1240 4871 1375 4928; x_wconf 86' lang='lat' dir='ltr'><strong>Nam</strong></span> <span class='ocrx_word' id='word_1_752' title='bbox 1422 4888 1545 4931; x_wconf 88' lang='lat' dir='ltr'><strong>cum</strong></span> <span class='ocrx_word' id='word_1_753' title='bbox 1594 4871 1787 4928; x_wconf 89' lang='lat' dir='ltr'><strong>beatus</strong></span> 
     </span>
    </p>
   </div>
   <div class='ocr_carea' id='block_1_95' title="bbox 163 4950 1787 5045">
    <p class='ocr_par' dir='ltr' id='par_1_95' title="bbox 163 4950 1787 5045">
     <span class='ocr_line' id='line_1_95' title="bbox 163 4950 1787 5045; baseline -0.002 -20"><span class='ocrx_word' id='word_1_754' title='bbox 163 4956 390 5045; x_wconf 67' lang='lat' dir='ltr'><strong>Paulus</strong></span> <span class='ocrx_word' id='word_1_755' title='bbox 435 4967 717 5042; x_wconf 85' lang='lat' dir='ltr'><strong>apostolus</strong></span> <span class='ocrx_word' id='word_1_756' title='bbox 749 4950 980 5032; x_wconf 82' lang='lat' dir='ltr'><strong>dixerit,</strong></span> <span class='ocrx_word' id='word_1_757' title='bbox 1009 4964 1282 5023; x_wconf 88' lang='lat' dir='ltr'><strong>Christum</strong></span> <span class='ocrx_word' id='word_1_758' title='bbox 1321 4965 1657 5035; x_wconf 84' lang='lat' dir='ltr'><strong>cruciﬁxum,</strong></span> <span class='ocrx_word' id='word_1_759' title='bbox 1689 4964 1787 5023; x_wconf 90' lang='lat' dir='ltr'><strong>Dei</strong></span> 
     </span>
    </p>
   </div>
   <div class='ocr_carea' id='block_1_96' title="bbox 160 5057 1785 5135">
    <p class='ocr_par' dir='ltr' id='par_1_96' title="bbox 160 5057 1785 5135">
     <span class='ocr_line' id='line_1_96' title="bbox 160 5057 1785 5135; baseline -0.005 -16"><span class='ocrx_word' id='word_1_760' title='bbox 160 5065 464 5135; x_wconf 80' lang='lat' dir='ltr'><strong>virtutem,</strong></span> <span class='ocrx_word' id='word_1_761' title='bbox 486 5070 545 5119; x_wconf 89' lang='lat' dir='ltr'><strong>et</strong></span> <span class='ocrx_word' id='word_1_762' title='bbox 572 5059 667 5116; x_wconf 91' lang='lat' dir='ltr'><strong>Dei</strong></span> <span class='ocrx_word' id='word_1_763' title='bbox 687 5059 1028 5130; x_wconf 89' lang='lat' dir='ltr'><strong>sapientiam,</strong></span> <span class='ocrx_word' id='word_1_764' title='bbox 1054 5072 1124 5114; x_wconf 92' lang='lat' dir='ltr'><strong>ne</strong></span> <span class='ocrx_word' id='word_1_765' title='bbox 1152 5057 1267 5129; x_wconf 90' lang='lat' dir='ltr'><strong>ipsa</strong></span> <span class='ocrx_word' id='word_1_766' title='bbox 1298 5058 1468 5114; x_wconf 90' lang='lat' dir='ltr'><strong>virtus</strong></span> <span class='ocrx_word' id='word_1_767' title='bbox 1492 5066 1548 5115; x_wconf 90' lang='lat' dir='ltr'><strong>et</strong></span> <span class='ocrx_word' id='word_1_768' title='bbox 1569 5057 1785 5129; x_wconf 90' lang='lat' dir='ltr'><strong>sapien-</strong></span> 
     </span>
    </p>
   </div>
   <div class='ocr_carea' id='block_1_97' title="bbox 163 5149 1786 5229">
    <p class='ocr_par' dir='ltr' id='par_1_97' title="bbox 163 5149 1786 5229">
     <span class='ocr_line' id='line_1_97' title="bbox 163 5149 1786 5229; baseline -0.006 -15"><span class='ocrx_word' id='word_1_769' title='bbox 163 5157 243 5213; x_wconf 87' lang='lat' dir='ltr'><strong>tia</strong></span> <span class='ocrx_word' id='word_1_770' title='bbox 272 5162 582 5229; x_wconf 82' lang='lat' dir='ltr'><strong>putaretur</strong></span> <span class='ocrx_word' id='word_1_771' title='bbox 605 5150 923 5209; x_wconf 87' lang='lat' dir='ltr'><strong>naturaliter</strong></span> <span class='ocrx_word' id='word_1_772' title='bbox 966 5166 1086 5207; x_wconf 88' lang='lat' dir='ltr'><strong>esse</strong></span> <span class='ocrx_word' id='word_1_773' title='bbox 1131 5151 1419 5222; x_wconf 89' lang='lat' dir='ltr'><strong>passibilis,</strong></span> <span class='ocrx_word' id='word_1_774' title='bbox 1451 5151 1658 5207; x_wconf 84' lang='lat' dir='ltr'><strong>curavit</strong></span> <span class='ocrx_word' id='word_1_775' title='bbox 1679 5149 1786 5205; x_wconf 86' lang='lat' dir='ltr'><strong>alio</strong></span> 
     </span>
    </p>
   </div>
   <div class='ocr_carea' id='block_1_98' title="bbox 161 5241 1787 5316">
    <p class='ocr_par' dir='ltr' id='par_1_98' title="bbox 161 5241 1787 5316">
     <span class='ocr_line' id='line_1_98' title="bbox 161 5241 1787 5316; baseline -0.005 -11"><span class='ocrx_word' id='word_1_776' title='bbox 161 5247 294 5305; x_wconf 83' lang='lat' dir='ltr'><strong>loco</strong></span> <span class='ocrx_word' id='word_1_777' title='bbox 327 5245 615 5304; x_wconf 64' lang='lat' dir='ltr'><strong>cruciﬁxit:</strong></span> <span class='ocrx_word' id='word_1_778' title='bbox 633 5244 849 5301; x_wconf 87' lang='lat' dir='ltr'><strong>virtutis</strong></span> <span class='ocrx_word' id='word_1_779' title='bbox 874 5253 931 5302; x_wconf 86' lang='lat' dir='ltr'><strong>et</strong></span> <span class='ocrx_word' id='word_1_780' title='bbox 957 5242 1235 5316; x_wconf 67' lang='lat' dir='ltr'><strong>sapientia:</strong></span> <span class='ocrx_word' id='word_1_781' title='bbox 1264 5242 1550 5298; x_wconf 89' lang='lat' dir='ltr'><strong>salubriter</strong></span> <span class='ocrx_word' id='word_1_782' title='bbox 1576 5241 1787 5313; x_wconf 88' lang='lat' dir='ltr'><strong>aperire</strong></span> 
     </span>
    </p>
   </div>
   <div class='ocr_carea' id='block_1_99' title="bbox 160 5331 1782 5413">
    <p class='ocr_par' dir='ltr' id='par_1_99' title="bbox 160 5331 1782 5413">
     <span class='ocr_line' id='line_1_99' title="bbox 160 5331 1782 5413; baseline -0.003 -20"><span class='ocrx_word' id='word_1_783' title='bbox 160 5337 531 5413; x_wconf 72' lang='lat' dir='ltr'><strong>mysterium,</strong></span> <span class='ocrx_word' id='word_1_784' title='bbox 562 5336 747 5413; x_wconf 76' lang='lat' dir='ltr'><strong>dicens</strong></span> <span class='ocrx_word' id='word_1_785' title='bbox 796 5336 864 5393; x_wconf 87' lang='lat' dir='ltr'><strong>de</strong></span> <span class='ocrx_word' id='word_1_786' title='bbox 903 5332 1123 5392; x_wconf 91' lang='lat' dir='ltr'><strong>Christo</strong></span> <span class='ocrx_word' id='word_1_787' title='bbox 1156 5352 1170 5389; x_wconf 88' lang='lat'><strong>:</strong></span> <span class='ocrx_word' id='word_1_788' title='bbox 1204 5331 1347 5389; x_wconf 88' lang='lat' dir='ltr'><strong>Nam</strong></span> <span class='ocrx_word' id='word_1_789' title='bbox 1375 5334 1471 5389; x_wconf 86' lang='lat' dir='ltr'><strong>etsi</strong></span> <span class='ocrx_word' id='word_1_790' title='bbox 1501 5333 1782 5408; x_wconf 64' lang='lat' dir='ltr'><strong>cruciﬁxus</strong></span> 
     </span>
    </p>
   </div>
   <div class='ocr_carea' id='block_1_100' title="bbox 157 5420 1774 5506">
    <p class='ocr_par' dir='ltr' id='par_1_100' title="bbox 157 5420 1774 5506">
     <span class='ocr_line' id='line_1_100' title="bbox 157 5420 1774 5506; baseline -0.006 -19"><span class='ocrx_word' id='word_1_791' title='bbox 157 5440 241 5487; x_wconf 74' lang='lat' dir='ltr'><strong>est</strong></span> <span class='ocrx_word' id='word_1_792' title='bbox 261 5447 340 5487; x_wconf 72' lang='lat' dir='ltr'><strong>ex</strong></span> <span class='ocrx_word' id='word_1_793' title='bbox 364 5429 703 5505; x_wconf 76' lang='lat' dir='ltr'><strong>inﬁrmitate,</strong></span> <span class='ocrx_word' id='word_1_794' title='bbox 726 5428 819 5487; x_wconf 85' lang='lat' dir='ltr'><strong>sed</strong></span> <span class='ocrx_word' id='word_1_795' title='bbox 845 5428 964 5485; x_wconf 87' lang='lat' dir='ltr'><strong>vivit</strong></span> <span class='ocrx_word' id='word_1_796' title='bbox 983 5443 1049 5483; x_wconf 82' lang='lat' dir='ltr'><strong>ea:</strong></span> <span class='ocrx_word' id='word_1_797' title='bbox 1072 5427 1258 5506; x_wconf 85' lang='lat' dir='ltr'><strong>virtute</strong></span> <span class='ocrx_word' id='word_1_798' title='bbox 1284 5424 1381 5480; x_wconf 86' lang='lat' dir='ltr'><strong>Dei</strong></span> <span class='ocrx_word' id='word_1_799' title='bbox 1405 5420 1460 5500; x_wconf 88' lang='grc'><strong>(1</strong></span> <span class='ocrx_word' id='word_1_800' title='bbox 1465 5421 1495 5478; x_wconf 88' lang='grc' dir='ltr'><em>Ι</em></span> <span class='ocrx_word' id='word_1_801' title='bbox 1518 5422 1637 5479; x_wconf 86' lang='lat' dir='ltr'><strong>Cor.</strong></span> <span class='ocrx_word' id='word_1_802' title='bbox 1662 5439 1774 5489; x_wconf 80' lang='lat' dir='ltr'><strong>xm,</strong></span> 
     </span>
    </p>
   </div>
   <div class='ocr_carea' id='block_1_101' title="bbox 156 5512 1786 5603">
    <p class='ocr_par' dir='ltr' id='par_1_101' title="bbox 156 5512 1786 5603">
     <span class='ocr_line' id='line_1_101' title="bbox 156 5512 1786 5603; baseline -0.006 -24"><span class='ocrx_word' id='word_1_803' title='bbox 156 5521 245 5596; x_wconf 65' lang='grc' dir='ltr'><strong>ὁ),</strong></span> <span class='ocrx_word' id='word_1_804' title='bbox 275 5522 515 5597; x_wconf 77' lang='lat' dir='ltr'><strong>Scimus</strong></span> <span class='ocrx_word' id='word_1_805' title='bbox 564 5527 749 5603; x_wconf 75' lang='lat' dir='ltr'><strong>autem</strong></span> <span class='ocrx_word' id='word_1_806' title='bbox 796 5518 1067 5577; x_wconf 89' lang='lat' dir='ltr'><strong>Christum</strong></span> <span class='ocrx_word' id='word_1_807' title='bbox 1107 5516 1205 5599; x_wconf 78' lang='lat' dir='ltr'><strong>Dei</strong></span> <span class='ocrx_word' id='word_1_808' title='bbox 1235 5514 1429 5579; x_wconf 80' lang='lat' dir='ltr'><strong>Filium</strong></span> <span class='ocrx_word' id='word_1_809' title='bbox 1467 5512 1786 5590; x_wconf 87' lang='lat' dir='ltr'><strong>prophetico</strong></span> 
     </span>
    </p>
   </div>
   <div class='ocr_carea' id='block_1_102' title="bbox 158 5604 1785 5688">
    <p class='ocr_par' dir='ltr' id='par_1_102' title="bbox 158 5604 1785 5688">
     <span class='ocr_line' id='line_1_102' title="bbox 158 5604 1785 5688; baseline -0.007 -16"><span class='ocrx_word' id='word_1_810' title='bbox 158 5615 415 5688; x_wconf 79' lang='lat' dir='ltr'><strong>eloquio</strong></span> <span class='ocrx_word' id='word_1_811' title='bbox 476 5612 649 5669; x_wconf 89' lang='lat' dir='ltr'><strong>Deum</strong></span> <span class='ocrx_word' id='word_1_812' title='bbox 703 5611 898 5668; x_wconf 82' lang='lat' dir='ltr'><strong>fortem</strong></span> <span class='ocrx_word' id='word_1_813' title='bbox 951 5611 1217 5667; x_wconf 90' lang='lat' dir='ltr'><strong>veraciter</strong></span> <span class='ocrx_word' id='word_1_814' title='bbox 1284 5608 1580 5672; x_wconf 89' lang='lat' dir='ltr'><strong>nominari,</strong></span> <span class='ocrx_word' id='word_1_815' title='bbox 1648 5604 1785 5661; x_wconf 86' lang='lat' dir='ltr'><strong>Isaia</strong></span> 
     </span>
    </p>
   </div>
   <div class='ocr_carea' id='block_1_103' title="bbox 154 5699 1791 5781">
    <p class='ocr_par' dir='ltr' id='par_1_103' title="bbox 154 5699 1791 5781">
     <span class='ocr_line' id='line_1_103' title="bbox 154 5699 1791 5781; baseline -0.006 -11"><span class='ocrx_word' id='word_1_816' title='bbox 154 5707 407 5770; x_wconf 78' lang='lat' dir='ltr'><strong>dicente</strong></span> <span class='ocrx_word' id='word_1_817' title='bbox 440 5705 748 5781; x_wconf 70' lang='lat' dir='ltr'><strong>Puernatus</strong></span> <span class='ocrx_word' id='word_1_818' title='bbox 782 5714 863 5763; x_wconf 84' lang='lat' dir='ltr'><strong>est</strong></span> <span class='ocrx_word' id='word_1_819' title='bbox 881 5703 1054 5779; x_wconf 87' lang='lat' dir='ltr'><strong>nobis,</strong></span> <span class='ocrx_word' id='word_1_820' title='bbox 1090 5704 1233 5781; x_wconf 80' lang='lat' dir='ltr'><strong>ﬁlius</strong></span> <span class='ocrx_word' id='word_1_821' title='bbox 1255 5703 1412 5763; x_wconf 90' lang='lat' dir='ltr'><strong>datus</strong></span> <span class='ocrx_word' id='word_1_822' title='bbox 1442 5713 1520 5768; x_wconf 81' lang='lat' dir='ltr'><strong>est</strong></span> <span class='ocrx_word' id='word_1_823' title='bbox 1548 5699 1714 5769; x_wconf 77' lang='lat' dir='ltr'><strong>nobis,</strong></span> <span class='ocrx_word' id='word_1_824' title='bbox 1739 5707 1791 5755; x_wconf 76' lang='lat' dir='ltr'><strong>et</strong></span> 
     </span>
    </p>
   </div>
   <div class='ocr_carea' id='block_1_104' title="bbox 236 5862 775 5942">
    <p class='ocr_par' dir='ltr' id='par_1_104' title="bbox 236 5862 775 5942">
     <span class='ocr_line' id='line_1_104' title="bbox 236 5862 775 5942; baseline -0.006 -12"><span class='ocrx_word' id='word_1_825' title='bbox 236 5880 271 5913; x_wconf 78' lang='grc' dir='ltr'><strong>ι</strong></span> <span class='ocrx_word' id='word_1_826' title='bbox 305 5862 775 5942; x_wconf 55' lang='grc' dir='ltr'><strong>ωηατ-ιω.</strong></span> 
     </span>
    </p>
   </div>
   <div class='ocr_carea' id='block_1_105' title="bbox 898 5945 1158 5983">
    <p class='ocr_par' dir='ltr' id='par_1_105' title="bbox 898 5945 1158 5983">
     <span class='ocr_line' id='line_1_105' title="bbox 898 5945 1158 5983; baseline 0.008 -28"><span class='ocrx_word' id='word_1_827' title='bbox 898 5945 975 5971; x_wconf 37' lang='grc' dir='ltr'><strong>ξιο-</strong></span> <span class='ocrx_word' id='word_1_828' title='bbox 1080 5952 1158 5983; x_wconf 31' lang='grc' dir='ltr'><strong>..Α-ἰῇ</strong></span> 
     </span>
    </p>
   </div>
   <div class='ocr_carea' id='block_1_106' title="bbox 1895 4684 3484 4761">
    <p class='ocr_par' dir='ltr' id='par_1_106' title="bbox 1895 4684 3484 4761">
     <span class='ocr_line' id='line_1_106' title="bbox 1895 4684 3484 4761; baseline 0.004 -22"><span class='ocrx_word' id='word_1_829' title='bbox 1895 4700 2113 4756; x_wconf 87' lang='lat' dir='ltr'><strong>magnus</strong></span> <span class='ocrx_word' id='word_1_830' title='bbox 2141 4693 2239 4753; x_wconf 80' lang='lat' dir='ltr'><strong>est,</strong></span> <span class='ocrx_word' id='word_1_831' title='bbox 2280 4684 2370 4737; x_wconf 84' lang='lat' dir='ltr'><strong>sed</strong></span> <span class='ocrx_word' id='word_1_832' title='bbox 2401 4685 2567 4758; x_wconf 79' lang='lat' dir='ltr'><strong>seipse</strong></span> <span class='ocrx_word' id='word_1_833' title='bbox 2601 4688 2791 4756; x_wconf 75' lang='lat' dir='ltr'><strong>magno</strong></span> <span class='ocrx_word' id='word_1_834' title='bbox 2818 4701 3041 4757; x_wconf 73' lang='lat' dir='ltr'><strong>magnus</strong></span> <span class='ocrx_word' id='word_1_835' title='bbox 3069 4695 3146 4742; x_wconf 82' lang='lat' dir='ltr'><strong>est</strong></span> <span class='ocrx_word' id='word_1_836' title='bbox 3157 4705 3178 4754; x_wconf 87' lang='lat'><strong><em>;</em></strong></span> <span class='ocrx_word' id='word_1_837' title='bbox 3223 4690 3346 4761; x_wconf 80' lang='lat' dir='ltr'><strong>quia</strong></span> <span class='ocrx_word' id='word_1_838' title='bbox 3372 4690 3484 4759; x_wconf 74' lang='lat' dir='ltr'><strong>ipse</strong></span> 
     </span>
    </p>
   </div>
   <div class='ocr_carea' id='block_1_107' title="bbox 1893 4772 3481 4846">
    <p class='ocr_par' dir='ltr' id='par_1_107' title="bbox 1893 4772 3481 4846">
     <span class='ocr_line' id='line_1_107' title="bbox 1893 4772 3481 4846; baseline 0.002 -15"><span class='ocrx_word' id='word_1_839' title='bbox 1893 4792 1988 4831; x_wconf 86' lang='lat' dir='ltr'><strong>sua</strong></span> <span class='ocrx_word' id='word_1_840' title='bbox 2006 4782 2082 4829; x_wconf 87' lang='lat' dir='ltr'><strong>est</strong></span> <span class='ocrx_word' id='word_1_841' title='bbox 2105 4774 2428 4846; x_wconf 84' lang='lat' dir='ltr'><strong>magnitudo.</strong></span> <span class='ocrx_word' id='word_1_842' title='bbox 2457 4772 2574 4828; x_wconf 81' lang='lat' dir='ltr'><strong>Hoc</strong></span> <span class='ocrx_word' id='word_1_843' title='bbox 2593 4783 2643 4827; x_wconf 88' lang='lat' dir='ltr'><strong>et</strong></span> <span class='ocrx_word' id='word_1_844' title='bbox 2669 4774 2733 4828; x_wconf 86' lang='lat' dir='ltr'><strong>de</strong></span> <span class='ocrx_word' id='word_1_845' title='bbox 2761 4772 3005 4843; x_wconf 82' lang='lat' dir='ltr'><strong>bonitate,</strong></span> <span class='ocrx_word' id='word_1_846' title='bbox 3026 4777 3155 4832; x_wconf 82' lang='lat' dir='ltr'><strong>etde</strong></span> <span class='ocrx_word' id='word_1_847' title='bbox 3174 4779 3481 4846; x_wconf 71' lang='lat' dir='ltr'><strong>reternitate,</strong></span> 
     </span>
    </p>
   </div>
   <div class='ocr_carea' id='block_1_108' title="bbox 1891 4865 3543 4943">
    <p class='ocr_par' dir='ltr' id='par_1_108' title="bbox 1891 4865 3543 4943">
     <span class='ocr_line' id='line_1_108' title="bbox 1891 4865 3543 4943; baseline 0.003 -20"><span class='ocrx_word' id='word_1_848' title='bbox 1891 4876 1942 4923; x_wconf 88' lang='lat' dir='ltr'><strong>et</strong></span> <span class='ocrx_word' id='word_1_849' title='bbox 1965 4866 2029 4923; x_wconf 75' lang='lat' dir='ltr'><strong>de</strong></span> <span class='ocrx_word' id='word_1_850' title='bbox 2060 4868 2435 4942; x_wconf 75' lang='lat' dir='ltr'><strong>omnipotentia</strong></span> <span class='ocrx_word' id='word_1_851' title='bbox 2457 4865 2556 4921; x_wconf 81' lang='lat' dir='ltr'><strong>Det</strong></span> <span class='ocrx_word' id='word_1_852' title='bbox 2586 4867 2775 4922; x_wconf 82' lang='lat' dir='ltr'><strong>dictum</strong></span> <span class='ocrx_word' id='word_1_853' title='bbox 2794 4868 2883 4937; x_wconf 85' lang='lat' dir='ltr'><strong>sit,</strong></span> <span class='ocrx_word' id='word_1_854' title='bbox 2912 4868 3251 4943; x_wconf 75' lang='lat' dir='ltr'><strong>omnibusque</strong></span> <span class='ocrx_word' id='word_1_855' title='bbox 3272 4872 3487 4929; x_wconf 61' lang='lat' dir='ltr'><strong>omnia.</strong></span> <span class='ocrx_word' id='word_1_856' title='bbox 3540 4912 3543 4915; x_wconf 64' lang='grc' dir='ltr'><strong>ς</strong></span> 
     </span>
    </p>
   </div>
   <div class='ocr_carea' id='block_1_109' title="bbox 1892 4956 3563 5036">
    <p class='ocr_par' dir='ltr' id='par_1_109' title="bbox 1892 4956 3563 5036">
     <span class='ocr_line' id='line_1_109' title="bbox 1892 4956 3563 5036; baseline 0.004 -20"><span class='ocrx_word' id='word_1_857' title='bbox 1892 4957 2330 5034; x_wconf 73' lang='grc' dir='ltr'><strong>ρνωάίσαηιεηιιε,</strong></span> <span class='ocrx_word' id='word_1_858' title='bbox 2354 4974 2467 5031; x_wconf 82' lang='lat' dir='ltr'><strong>qua:</strong></span> <span class='ocrx_word' id='word_1_859' title='bbox 2494 4958 2560 5015; x_wconf 90' lang='lat' dir='ltr'><strong>de</strong></span> <span class='ocrx_word' id='word_1_860' title='bbox 2583 4956 2695 5014; x_wconf 89' lang='lat' dir='ltr'><strong>Deo</strong></span> <span class='ocrx_word' id='word_1_861' title='bbox 2716 4969 2930 5031; x_wconf 79' lang='lat' dir='ltr'><strong>possunt</strong></span> <span class='ocrx_word' id='word_1_862' title='bbox 2956 4963 3320 5032; x_wconf 81' lang='lat' dir='ltr'><strong>pronuntiari;</strong></span> <span class='ocrx_word' id='word_1_863' title='bbox 3346 4964 3487 5036; x_wconf 68' lang='lat' dir='ltr'><strong>quod</strong></span> <span class='ocrx_word' id='word_1_864' title='bbox 3560 5028 3563 5029; x_wconf 24' lang='grc' dir='ltr'><em>ν</em></span> 
     </span>
    </p>
   </div>
   <div class='ocr_carea' id='block_1_110' title="bbox 1896 5051 3485 5128">
    <p class='ocr_par' dir='ltr' id='par_1_110' title="bbox 1896 5051 3485 5128">
     <span class='ocr_line' id='line_1_110' title="bbox 1896 5051 3485 5128; baseline 0.004 -20"><span class='ocrx_word' id='word_1_865' title='bbox 1896 5052 1969 5109; x_wconf 90' lang='lat' dir='ltr'><strong>ad</strong></span> <span class='ocrx_word' id='word_1_866' title='bbox 1994 5055 2217 5125; x_wconf 85' lang='lat' dir='ltr'><strong>seipsum</strong></span> <span class='ocrx_word' id='word_1_867' title='bbox 2239 5051 2446 5117; x_wconf 80' lang='lat' dir='ltr'><strong>dicitur,</strong></span> <span class='ocrx_word' id='word_1_868' title='bbox 2468 5069 2571 5108; x_wconf 88' lang='lat' dir='ltr'><strong>non</strong></span> <span class='ocrx_word' id='word_1_869' title='bbox 2597 5052 2848 5107; x_wconf 80' lang='lat' dir='ltr'><strong>translate</strong></span> <span class='ocrx_word' id='word_1_870' title='bbox 2868 5068 2931 5107; x_wconf 86' lang='lat' dir='ltr'><strong>ac</strong></span> <span class='ocrx_word' id='word_1_871' title='bbox 2957 5068 3051 5126; x_wconf 80' lang='lat' dir='ltr'><strong>per</strong></span> <span class='ocrx_word' id='word_1_872' title='bbox 3071 5056 3485 5128; x_wconf 69' lang='lat' dir='ltr'><strong>similitudinem,</strong></span> 
     </span>
    </p>
   </div>
   <div class='ocr_carea' id='block_1_111' title="bbox 1887 5132 3489 5218">
    <p class='ocr_par' dir='ltr' id='par_1_111' title="bbox 1887 5132 3489 5218">
     <span class='ocr_line' id='line_1_111' title="bbox 1887 5132 3489 5218; baseline 0.004 -20"><span class='ocrx_word' id='word_1_873' title='bbox 1887 5140 1982 5198; x_wconf 85' lang='lat' dir='ltr'><strong>sed</strong></span> <span class='ocrx_word' id='word_1_874' title='bbox 2008 5142 2218 5215; x_wconf 82' lang='lat' dir='ltr'><strong>proprie</strong></span> <span class='ocrx_word' id='word_1_875' title='bbox 2247 5157 2266 5208; x_wconf 88' lang='lat'><strong><em>;</em></strong></span> <span class='ocrx_word' id='word_1_876' title='bbox 2296 5142 2340 5196; x_wconf 87' lang='lat' dir='ltr'><strong>si</strong></span> <span class='ocrx_word' id='word_1_877' title='bbox 2371 5150 2561 5200; x_wconf 84' lang='lat' dir='ltr'><strong>tamen.</strong></span> <span class='ocrx_word' id='word_1_878' title='bbox 2584 5141 2650 5196; x_wconf 82' lang='lat' dir='ltr'><strong>de</strong></span> <span class='ocrx_word' id='word_1_879' title='bbox 2673 5132 2766 5198; x_wconf 81' lang='lat' dir='ltr'><strong>illo</strong></span> <span class='ocrx_word' id='word_1_880' title='bbox 2800 5145 3012 5215; x_wconf 86' lang='lat' dir='ltr'><strong>proprie</strong></span> <span class='ocrx_word' id='word_1_881' title='bbox 3040 5145 3241 5218; x_wconf 86' lang='lat' dir='ltr'><strong>aliquid</strong></span> <span class='ocrx_word' id='word_1_882' title='bbox 3274 5163 3364 5203; x_wconf 79' lang='lat' dir='ltr'><strong>ora</strong></span> <span class='ocrx_word' id='word_1_883' title='bbox 3388 5148 3489 5205; x_wconf 54' lang='lat' dir='ltr'><strong>Ito»</strong></span> 
     </span>
    </p>
   </div>
   <div class='ocr_carea' id='block_1_112' title="bbox 1890 5230 3487 5312">
    <p class='ocr_par' dir='ltr' id='par_1_112' title="bbox 1890 5230 3487 5312">
     <span class='ocr_line' id='line_1_112' title="bbox 1890 5230 3487 5312; baseline 0.005 -23"><span class='ocrx_word' id='word_1_884' title='bbox 1890 5230 2045 5289; x_wconf 86' lang='lat' dir='ltr'><strong>minis</strong></span> <span class='ocrx_word' id='word_1_885' title='bbox 2078 5234 2182 5287; x_wconf 86' lang='lat' dir='ltr'><strong>dici</strong></span> <span class='ocrx_word' id='word_1_886' title='bbox 2212 5241 2399 5304; x_wconf 70' lang='lat' dir='ltr'><strong>potest.</strong></span> <span class='ocrx_word' id='word_1_887' title='bbox 2422 5231 2481 5287; x_wconf 87' lang='lat' dir='ltr'><strong>In</strong></span> <span class='ocrx_word' id='word_1_888' title='bbox 2518 5231 2660 5289; x_wconf 86' lang='lat' dir='ltr'><strong>libro</strong></span> <span class='ocrx_word' id='word_1_889' title='bbox 2688 5244 2907 5306; x_wconf 81' lang='lat' dir='ltr'><strong>quoque</strong></span> <span class='ocrx_word' id='word_1_890' title='bbox 2932 5245 3129 5292; x_wconf 81' lang='lat' dir='ltr'><strong>octavo</strong></span> <span class='ocrx_word' id='word_1_891' title='bbox 3159 5236 3254 5309; x_wconf 85' lang='lat' dir='ltr'><strong>(In</strong></span> <span class='ocrx_word' id='word_1_892' title='bbox 3287 5242 3487 5312; x_wconf 65' lang='lat' dir='ltr'><strong>prmfas</strong></span> 
     </span>
    </p>
   </div>
   <div class='ocr_carea' id='block_1_113' title="bbox 1888 5326 3487 5409">
    <p class='ocr_par' dir='ltr' id='par_1_113' title="bbox 1888 5326 3487 5409">
     <span class='ocr_line' id='line_1_113' title="bbox 1888 5326 3487 5409; baseline 0.004 -26"><span class='ocrx_word' id='word_1_893' title='bbox 1888 5326 2050 5395; x_wconf 84' lang='lat' dir='ltr'><strong>tione)</strong></span> <span class='ocrx_word' id='word_1_894' title='bbox 2101 5326 2347 5382; x_wconf 87' lang='lat' dir='ltr'><strong>eamdem</strong></span> <span class='ocrx_word' id='word_1_895' title='bbox 2383 5340 2638 5398; x_wconf 91' lang='lat' dir='ltr'><strong>promens</strong></span> <span class='ocrx_word' id='word_1_896' title='bbox 2680 5327 2751 5384; x_wconf 87' lang='lat' dir='ltr'><strong>de</strong></span> <span class='ocrx_word' id='word_1_897' title='bbox 2789 5327 2879 5383; x_wconf 85' lang='lat' dir='ltr'><strong>illa</strong></span> <span class='ocrx_word' id='word_1_898' title='bbox 2922 5330 3155 5409; x_wconf 80' lang='lat' dir='ltr'><strong>naturali</strong></span> <span class='ocrx_word' id='word_1_899' title='bbox 3199 5330 3487 5390; x_wconf 81' lang='lat' dir='ltr'><strong>Trinitatis</strong></span> 
     </span>
    </p>
   </div>
   <div class='ocr_carea' id='block_1_114' title="bbox 1890 5419 3487 5491">
    <p class='ocr_par' dir='ltr' id='par_1_114' title="bbox 1890 5419 3487 5491">
     <span class='ocr_line' id='line_1_114' title="bbox 1890 5419 3487 5491; baseline 0.003 -14"><span class='ocrx_word' id='word_1_900' title='bbox 1890 5419 2236 5491; x_wconf 89' lang='lat' dir='ltr'><strong>simplicitate</strong></span> <span class='ocrx_word' id='word_1_901' title='bbox 2256 5419 2602 5483; x_wconf 89' lang='lat' dir='ltr'><strong>sententiam,</strong></span> <span class='ocrx_word' id='word_1_902' title='bbox 2629 5420 2774 5477; x_wconf 87' lang='lat' dir='ltr'><strong>inter</strong></span> <span class='ocrx_word' id='word_1_903' title='bbox 2794 5420 2900 5476; x_wconf 80' lang='lat' dir='ltr'><strong>alia</strong></span> <span class='ocrx_word' id='word_1_904' title='bbox 2928 5421 3008 5477; x_wconf 86' lang='lat' dir='ltr'><strong>sic</strong></span> <span class='ocrx_word' id='word_1_905' title='bbox 3028 5422 3133 5476; x_wconf 82' lang='lat' dir='ltr'><strong>ait:</strong></span> <span class='ocrx_word' id='word_1_906' title='bbox 3163 5421 3315 5478; x_wconf 81' lang='lat' dir='ltr'><strong>Sicut</strong></span> <span class='ocrx_word' id='word_1_907' title='bbox 3340 5421 3487 5481; x_wconf 82' lang='lat' dir='ltr'><strong>Deus</strong></span> 
     </span>
    </p>
   </div>
   <div class='ocr_carea' id='block_1_115' title="bbox 1891 5509 3487 5586">
    <p class='ocr_par' dir='ltr' id='par_1_115' title="bbox 1891 5509 3487 5586">
     <span class='ocr_line' id='line_1_115' title="bbox 1891 5509 3487 5586; baseline 0 -16"><span class='ocrx_word' id='word_1_908' title='bbox 1891 5515 2076 5582; x_wconf 86' lang='lat' dir='ltr'><strong>Pater,</strong></span> <span class='ocrx_word' id='word_1_909' title='bbox 2116 5510 2257 5568; x_wconf 89' lang='lat' dir='ltr'><strong>Deus</strong></span> <span class='ocrx_word' id='word_1_910' title='bbox 2284 5510 2481 5581; x_wconf 83' lang='lat' dir='ltr'><strong>Filius,</strong></span> <span class='ocrx_word' id='word_1_911' title='bbox 2528 5509 2668 5568; x_wconf 82' lang='lat' dir='ltr'><strong>Deus</strong></span> <span class='ocrx_word' id='word_1_912' title='bbox 2698 5513 2926 5586; x_wconf 83' lang='lat' dir='ltr'><strong>Spiritus</strong></span> <span class='ocrx_word' id='word_1_913' title='bbox 2954 5522 3165 5570; x_wconf 84' lang='lat' dir='ltr'><strong>sanctus</strong></span> <span class='ocrx_word' id='word_1_914' title='bbox 3194 5531 3213 5569; x_wconf 91' lang='lat'><strong><em>:</em></strong></span> <span class='ocrx_word' id='word_1_915' title='bbox 3240 5522 3293 5569; x_wconf 85' lang='lat' dir='ltr'><strong>et</strong></span> <span class='ocrx_word' id='word_1_916' title='bbox 3321 5514 3487 5571; x_wconf 84' lang='lat' dir='ltr'><strong>bonus</strong></span> 
     </span>
    </p>
   </div>
   <div class='ocr_carea' id='block_1_116' title="bbox 1891 5600 3487 5678">
    <p class='ocr_par' dir='ltr' id='par_1_116' title="bbox 1891 5600 3487 5678">
     <span class='ocr_line' id='line_1_116' title="bbox 1891 5600 3487 5678; baseline 0 -16"><span class='ocrx_word' id='word_1_917' title='bbox 1891 5604 2074 5674; x_wconf 89' lang='lat' dir='ltr'><strong>Pater,</strong></span> <span class='ocrx_word' id='word_1_918' title='bbox 2106 5604 2266 5662; x_wconf 86' lang='lat' dir='ltr'><strong>bonus</strong></span> <span class='ocrx_word' id='word_1_919' title='bbox 2288 5600 2478 5672; x_wconf 82' lang='lat' dir='ltr'><strong>Filius,</strong></span> <span class='ocrx_word' id='word_1_920' title='bbox 2505 5602 2667 5661; x_wconf 88' lang='lat' dir='ltr'><strong>bonus</strong></span> <span class='ocrx_word' id='word_1_921' title='bbox 2695 5605 2924 5678; x_wconf 81' lang='lat' dir='ltr'><strong>Spiritus</strong></span> <span class='ocrx_word' id='word_1_922' title='bbox 2946 5610 3191 5674; x_wconf 82' lang='lat' dir='ltr'><strong>sanctus;</strong></span> <span class='ocrx_word' id='word_1_923' title='bbox 3220 5616 3269 5663; x_wconf 85' lang='lat' dir='ltr'><strong>et</strong></span> <span class='ocrx_word' id='word_1_924' title='bbox 3311 5606 3487 5663; x_wconf 84' lang='lat' dir='ltr'><strong>omni-</strong></span> 
     </span>
    </p>
   </div>
   <div class='ocr_carea' id='block_1_117' title="bbox 1889 5698 3485 5779">
    <p class='ocr_par' dir='ltr' id='par_1_117' title="bbox 1889 5698 3485 5779">
     <span class='ocr_line' id='line_1_117' title="bbox 1889 5698 3485 5779; baseline 0.002 -24"><span class='ocrx_word' id='word_1_925' title='bbox 1889 5706 2071 5777; x_wconf 82' lang='lat' dir='ltr'><strong>potens</strong></span> <span class='ocrx_word' id='word_1_926' title='bbox 2103 5698 2285 5767; x_wconf 88' lang='lat' dir='ltr'><strong>Pater,</strong></span> <span class='ocrx_word' id='word_1_927' title='bbox 2312 5699 2639 5773; x_wconf 83' lang='lat' dir='ltr'><strong>omnipotens</strong></span> <span class='ocrx_word' id='word_1_928' title='bbox 2666 5698 2867 5771; x_wconf 82' lang='lat' dir='ltr'><strong>Filius,</strong></span> <span class='ocrx_word' id='word_1_929' title='bbox 2898 5702 3225 5775; x_wconf 85' lang='lat' dir='ltr'><strong>omnipotens</strong></span> <span class='ocrx_word' id='word_1_930' title='bbox 3255 5699 3485 5779; x_wconf 79' lang='lat' dir='ltr'><strong>Spiritus</strong></span> 
     </span>
    </p>
   </div>
  </div>
