4014 6340
489 349 686 429 ιον,

1557 365 1611 420 S.
1657 368 1694 420 F
1707 368 2026 429 LILCE‘I'l‘ll
2055 373 2364 434 EPISCOPI
2401 382 2773 447 RUSPENSIS

3677 409 3788 467 $08

485 480 734 538 sanctus:
765 489 857 525 nec
910 484 1075 528 tanien
1110 486 1211 530 tres
1246 477 1351 543 Dii,
1407 491 1497 534 aut
1546 492 1648 537 tres
1678 483 1818 550 boni,
1861 497 1951 542 aut
1973 499 2080 548 tres
2109 499 2170 563 Α
2190 495 2297 552 vita
2321 501 2407 556 sit.
2449 500 2518 559 Et
2541 507 2704 576 paulo
2730 499 2856 582 ptist
2883 512 3026 572 idem
3069 527 3287 577 sanctus
3312 521 3507 581 doctor
3533 533 3790 600 egregius

485 566 857 600 Μυεηιιιοηη».
925 570 1010 600 ΜΛ
1065 586 1195 600 ...μη
1240 570 1372 600 n,...-
1425 574 1585 600 ι.,.....-
1646 585 1689 600 -.
1737 582 1895 600 -_-___,-,,
2203 586 2221 600 Δ
2382 592 2412 600 Α.
2583 597 2593 600 -
2707 595 2728 600 A

482 566 875 629 omnipotentes,
921 570 1010 622 sed
1065 586 1195 625 unus
1230 570 1391 635 Deus,
1421 574 1604 641 bonus,
1638 585 1689 631 et
1726 582 2071 651 omnipotens,

478 654 598 726 ipsa
647 655 911 724 Trinitas;
940 669 989 713 et
1028 661 1276 733 quidquid
1301 664 1446 718 aliud
1473 684 1577 722 non
1598 669 1667 722 ad
1693 669 1910 726 invicem
1935 675 2076 728 rela-

480 751 597 814 tive,
626 752 718 806 sed
745 753 814 804 ad
850 770 904 807 sc
933 755 1124 825 singuli
1164 756 1438 814 dicuntur:
1482 761 1578 816 hoc
1605 764 1745 818 enim
1788 767 2071 823 secundum

475 846 754 898 essentiam
782 847 1042 915 dicuntur,
1067 850 1190 919 quia
1217 851 1313 905 hoc
1333 862 1412 907 est
1433 853 1503 908 ibi
1530 871 1644 910 esse
1667 856 1807 929 quod
1823 874 2073 931 magnum

473 950 605 1002 esse,
636 937 770 1008 quod
819 939 1027 1008 bonum,
1057 945 1194 1013 quod
1236 946 1520 1014 sapientem
1562 963 1691 1014 esse,
1725 958 1777 1004 et
1821 951 2071 1024 quidquid

471 1028 618 1081 aliud
649 1030 718 1083 ad
750 1046 805 1084 se
849 1047 1166 1106 unaquaeque
1204 1034 1276 1089 ibi
1302 1054 1561 1108 persona,
1588 1045 1666 1095 uel
1691 1041 1809 1112 ipsa
1837 1041 2070 1100 Trinitas

471 1117 684 1174 dicitur.

544 1209 628 1263 17.
671 1209 859 1268 Claret
901 1229 1098 1286 nempe
1128 1231 1197 1272 ex
1242 1217 1326 1274 his
1356 1219 1499 1277 beati
1547 1222 1832 1293 Augustini
1861 1226 2064 1291 verbis,

441 1283 572 1357 'hoc
599 1317 718 1358 esse
765 1307 1046 1362 catholicae
1076 1309 1340 1376 veritatis,
1383 1320 1442 1365 ut
1478 1327 1602 1367 cum
1651 1313 1706 1368 in
1752 1313 1866 1371 Deo
1921 1315 2061 1371 divi-

466 1392 725 1458 nitatem,
776 1399 1233 1468 magnitudinem,
1288 1401 1617 1468 bonitatem,
1672 1405 1950 1473 virtutem,
2008 1415 2067 1462 et

463 1485 718 1554 quaelibet
740 1487 842 1541 alia
875 1489 927 1542 in
961 1490 1042 1544 his
1069 1504 1190 1559 qum
1217 1491 1284 1546 ad
1324 1508 1383 1547 se
1408 1495 1628 1564 proprie
1657 1495 1854 1551 dicitur
1883 1500 2062 1553 nomi-

460 1591 653 1632 namus
681 1597 696 1647 ;
728 1596 836 1635 non
869 1582 920 1636 in
953 1582 1070 1638 istis
1099 1583 1326 1638 diversis
1365 1585 1672 1641 nominibus
1699 1588 1948 1656 quzedam
1978 1588 2064 1642 di-

457 1685 614 1726 versa
661 1672 823 1744 (sicut
864 1673 916 1727 in
951 1674 1169 1730 homine
1209 1675 1302 1744 qui
1355 1675 1600 1744 snbjacet
1647 1679 1940 1746 qualitati),
1964 1680 2065 1734 sed

455 1779 623 1818 unum
664 1765 792 1819 illud
823 1766 967 1835 quod
1017 1775 1100 1821 est
1128 1767 1363 1822 essentia
1394 1769 1482 1822 vel
1527 1779 1717 1824 natura
1755 1771 2063 1828 certissime

453 1857 784 1912 noverimus.
820 1857 949 1913 Inde
978 1867 1062 1915 est
1092 1859 1236 1913 enim
1266 1859 1413 1929 quod
1445 1861 1558 1931 ipse
1589 1861 1780 1916 beatus
1806 1864 2065 1931 Augusti-

450 1965 556 2006 nus
584 1951 714 2007 dicit
742 1953 794 2006 in
832 1953 970 2006 libro
998 1953 1192 2021 quinto
1238 1953 1305 2007 de
1329 1953 1613 2016 Trinitate,
1647 1955 2058 2025 intelligendum

449 2044 564 2098 sine
599 2045 793 2116 qualite
834 2043 1052 2108 bonum,
1103 2045 1216 2099 sine
1264 2047 1554 2117 quantitate
1600 2063 1889 2116 magnum:
1925 2050 2058 2118 quia

446 2133 962 2191 incommutabililas
998 2137 1260 2207 simplicis
1315 2145 1479 2206 atque
1527 2139 1918 2206 omnipotentis
1964 2155 2056 2196 es-

444 2229 636 2285 sentiae
662 2230 820 2284 nullis
841 2239 1018 2299 potest
1035 2230 1403 2285 accidentibus
1414 2229 1700 2299 subjacere
1717 2248 1729 2283 :
1746 2231 1839 2286 ubi
1859 2231 2054 2289 eadem
2101 2267 2105 2272 ς

444 2332 532 2378 est
560 2321 809 2378 divinitas
832 2337 951 2394 qua:
980 2324 1258 2378 aeternitas
1295 2330 1351 2376 et
1379 2321 1634 2391 majestas
1663 2339 1677 2387 ;
1709 2322 1902 2379 eadem
1931 2339 2054 2380 ma-

441 2415 670 2486 gnitudo
697 2433 814 2485 quae
860 2418 1030 2471 virtus
1059 2426 1114 2471 et
1156 2416 1391 2470 bonitas.
1435 2414 1512 2468 Ex
1563 2415 1664 2471 hac
1704 2415 1864 2488 242
1907 2430 2042 2487 ergo

441 2509 628 2580 regula
654 2509 892 2563 veritatis
914 2508 1172 2578 quidquid
1202 2508 1274 2564 de
1296 2507 1599 2576 majestate,
1624 2508 1692 2562 de
1719 2511 2048 2580 aeternitate,

442 2601 514 2660 de
557 2605 755 2659 virtute
785 2603 987 2659 Christi
1015 2602 1315 2658 secundum
1362 2617 1583 2657 carnem
1633 2603 1901 2659 veraciter
1937 2605 2046 2663 dici

438 2696 837 2766 cognoscimus,
863 2695 929 2750 de
951 2693 1235 2748 divinitate
1257 2707 1478 2764 quoque
1506 2692 1623 2761 ejus
1645 2692 1750 2748 dici
1779 2695 2046 2751 veraciter

435 2805 548 2846 non
570 2802 848 2858 negemus.
866 2787 981 2858 Ipse
1001 2787 1203 2857 quippe
1223 2785 1420 2840 beatus
1441 2784 1772 2853 Augustinus
1793 2785 1848 2840 in
1867 2786 2044 2858 primo

436 2881 575 2938 libro
606 2881 674 2936 de
703 2881 964 2936 Trinitate
995 2878 1148 2951 (Cap.
1184 2877 1277 2946 12,
1305 2886 1421 2948 post
1450 2879 1722 2948 medium),
1745 2879 2043 2938 ostendens

435 2972 604 3030 Deum
634 2974 826 3029 Filium
859 2971 1156 3028 secundum
1180 2963 1523 3025 divinitatem
1548 2970 1651 3024 hoc
1673 2970 1876 3026 habere
1896 2972 2041 3042 quod

434 3077 538 3134 est,
564 3077 619 3122 et
645 3068 747 3122 hoc
793 3082 913 3120 esse
935 3063 1080 3134 quod
1111 3061 1300 3125 habet,
1333 3061 1408 3115 ita
1437 3061 1676 3131 loquitur
1700 3079 1713 3114 :
1748 3059 1874 3126 Non
1901 3066 2039 3118 enim

433 3159 564 3214 sicut
604 3169 863 3220 creatura,
895 3158 969 3208 ita
998 3152 1140 3207 Deus
1163 3150 1353 3216 Filius,
1387 3161 1511 3204 ante
1539 3148 1964 3207 Inearnationem
1987 3162 2041 3208 et

431 3261 553 3306 ante
593 3257 912 3317 assumptum
941 3253 1234 3299 creaturam
1263 3243 1579 3312 unigenitus,
1611 3258 1703 3312 per
1721 3259 1870 3314 quem
1893 3246 2038 3314 facta
2065 3273 2118 3338 ϐ

427 3353 551 3398 sunt
591 3342 786 3406 omnia,
825 3337 970 3391 aliud
999 3346 1096 3402 est,
1126 3344 1176 3388 et
1204 3334 1349 3388 aliud
1377 3332 1568 3387 habet:
1620 3334 1712 3387 sed
1741 3335 1836 3389 hoc
1865 3337 2038 3408 ipsum

429 3445 526 3500 est,
553 3433 688 3506 quod
713 3442 787 3486 est
817 3440 865 3485 et
895 3428 1030 3503 quod
1059 3426 1231 3481 habet.
1260 3424 1412 3491 Quod
1439 3425 1533 3480 illo
1563 3426 1676 3480 loco
1707 3429 2036 3498 manifestius

429 3529 637 3591 dicitur,
659 3528 703 3580 si
734 3526 845 3597 quis
865 3523 935 3577 ad
961 3519 1273 3592 capiendum
1295 3519 1363 3572 sit
1383 3516 1601 3572 idoneus
1629 3517 1715 3571 ubi
1745 3519 1850 3573 ait:
1881 3517 2037 3575 Sicut

428 3616 592 3675 habet
622 3615 782 3669 Pater
805 3615 965 3667 vitam
999 3612 1052 3665 in
1083 3609 1397 3678 semetipso,
1423 3608 1498 3662 ita
1526 3606 1676 3661 dedit
1699 3605 1838 3662 Filio
1861 3608 2032 3664 vitam

426 3711 630 3768 habere
658 3709 707 3763 in
739 3705 1030 3774 semetipso
1064 3700 1248 3774 (Joan.
1279 3717 1330 3764 v,
1362 3697 1474 3768 26).
1526 3695 1713 3770 Neque
1737 3699 1876 3752 enim
1912 3701 2033 3771 jam

425 3803 671 3860 existenti
711 3809 760 3854 et
785 3800 943 3852 vitam
969 3812 1072 3850 non
1111 3792 1326 3846 habenti
1355 3792 1516 3854 dedit,
1553 3801 1607 3844 ut
1634 3791 1844 3845 haberet
1874 3794 2032 3846 vitam

425 3898 482 3953 in
525 3895 819 3965 semetipso,
847 3906 964 3943 cum
990 3905 1050 3943 eo
1085 3887 1200 3956 ipso
1246 3883 1394 3984 quod.
1429 3893 1526 3947 est,
1553 3885 1656 3983 vita
1684 3885 1771 3936 sit.
1806 3882 1922 3936 ll'oc
1949 3894 2031 3984 est

423 4005 571 4060 ergo,
601 3985 747 4040 dedit
777 3981 915 4036 Filio
943 3978 1142 4033 habere
1184 3976 1350 4030 vitam
1381 3973 1434 4027 in
1458 3974 1750 4041 semetipso
1785 3990 1797 4025 :
1851 3974 2028 4043 genuit

424 4079 624 4136 Filium
668 4070 1141 4132 incommutabilem
1187 4070 1364 4131 vitam,
1393 4066 1530 4138 quod
1557 4075 1633 4118 est
1667 4066 1772 4119 vita
1803 4075 2024 4121 (eterna.

420 4172 568 4231 Idem
596 4172 787 4226 beatus
817 4164 1147 4234 Augustinus
1178 4162 1232 4214 in
1261 4157 1604 4228 expositione
1634 4155 1910 4225 Evangelii
1938 4172 2027 4212 se-

421 4263 655 4321 cundum
703 4259 969 4315 Joannem
999 4253 1203 4327 (Tract.
1228 4249 1318 4316 22,
1351 4259 1469 4321 post
1495 4246 1765 4318 medium),
1798 4263 1922 4302 cum
1955 4248 2024 4305 de

419 4359 538 4430 ipso
567 4353 780 4410 Domini
807 4361 1060 4406 sermone
1089 4350 1364 4408 tractaret,
1407 4341 1486 4396 sic
1507 4339 1621 4394 ait:
1649 4337 1828 4444 Filius
1847 4351 2024 4444 autem

419 4448 516 4504 Dei
538 4464 641 4501 non
669 4445 817 4516 quasi
846 4442 1013 4514 primo
1043 4437 1142 4512 fuit
1168 4437 1281 4491 sine
1304 4435 1432 4500 vita,
1463 4442 1513 4535 et
1541 4435 1739 4535 accepit
1759 4435 1950 4535 vitam:
1973 4435 2021 4486 si

415 4543 555 4599 enim
571 4541 645 4596 sic
665 4540 811 4593 illam
835 4535 1110 4606 acciperet,
1135 4546 1243 4585 non
1265 4545 1381 4584 eam
1405 4526 1617 4580 haberet
1637 4525 1693 4578 in
1719 4525 2016 4596 semetipso.

417 4636 556 4704 Quid
583 4645 660 4690 est
682 4651 820 4689 emm
845 4633 902 4685 in
930 4624 1245 4698 semetipso?
1269 4622 1339 4678 Ut
1366 4623 1475 4694 ipse
1503 4622 1746 4720 vita-ipsa
1773 4629 1927 4720 esset.
1949 4619 2017 4675 Et

411 4727 576 4802 paulo
595 4733 740 4798 post,
760 4724 877 4777 haec
905 4722 959 4774 in
985 4717 1177 4774 eodem
1205 4727 1460 4770 sermone
1479 4710 1768 4802 conﬁrmat
1788 4709 1973 4766 dicens
1993 4729 2007 4764 :

410 4800 500 4879 dit
527 4820 663 4875 enim
685 4812 998 4886 Apostolus:
1029 4808 1228 4864 Fuistis
1257 4806 1401 4861 enim
1430 4800 1734 4906 aliquandq
1748 4803 2008 4906 tenebrae,

411 4931 556 4974 nunc
585 4921 766 4967 autem
796 4909 888 4962 lux
913 4906 970 4960 in
997 4903 1226 4959 Domino
1256 4897 1478 4970 (Ephes.
1501 4911 1558 4964 v,
1587 4893 1666 4966 8).
1693 4892 1819 4948 Cum
1843 4892 2012 4950 dixis-

410 5015 520 5073 set,
552 5019 693 5060 nunc
720 5008 902 5056 autem
931 4996 1022 5050 lux
1044 5037 1060 5062 ,
1088 4990 1314 5058 addidit,
1344 4989 1399 5042 in
1429 4985 1679 5088 Domino.
1720 4982 1786 5036 In
1885 4999 2010 5086 ergo

413 5097 654 5161 tenebrae,
686 5096 776 5147 lux
806 5093 859 5144 in
888 5088 1135 5144 Domino.
1172 5083 1286 5138 Lua:
1313 5078 1519 5153 quare?
1548 5077 1684 5178 Quia
1719 5077 2008 5178 participa-

414 5191 549 5248 tione
588 5187 718 5243 lucis
747 5184 905 5247 illius,
949 5180 1040 5234 luas
1074 5195 1148 5232 es.
1183 5176 1244 5231 Si
1273 5180 1446 5226 autem
1467 5187 1518 5269 an
1539 5170 1655 5269 luce
1679 5167 2006 5269 qua.illrt‘tpti-

409 5285 554 5342 laris
580 5278 873 5338 recesseris,
906 5273 974 5327 ad
1003 5269 1239 5325 tenebras
1265 5275 1381 5320 tuas
1408 5263 1568 5318 redis.
1603 5257 1728 5313 Non
1751 5257 1825 5312 sic
1850 5254 2004 5310 Chri-

406 5385 543 5445 stus,
573 5391 676 5429 non
706 5371 780 5426 sic
818 5365 1040 5424 Verbum
1070 5363 1185 5456 Dei.
1211 5359 1317 5456 Sed
1343 5355 1638 5456 quomodo?
1840 5349 2007 5456 habet

406 5468 574 5525 Pater
622 5467 788 5519 vitam
845 5461 899 5515 in
928 5455 1240 5524 semetipso,
1272 5451 1350 5508 sic
1378 5450 1526 5504 dedit
1554 5456 1609 5502 et
1665 5444 1803 5499 Filio
1822 5444 2003 5546 vitam

407 5559 614 5615 habere
646 5558 697 5608 in
738 5550 1033 5620 semetipso
1063 5544 1244 5616 (Joan.
1273 5558 1328 5609 v,
1351 5540 1475 5610 26):
1502 5548 1557 5592 ut
1588 5554 1690 5593 non
1714 5540 2002 5641 participa-

405 5656 546 5711 tione
573 5654 725 5714 vivat,
752 5646 842 5702 sed
868 5637 1358 5700 incommutabiliter
1387 5635 1542 5698 vivat,
1576 5641 1624 5686 et
1653 5635 1862 5685 omnino
1891 5635 2002 5696 ipse

480 5867 500 5889 ι·
537 5844 776 5919 Epistula
799 5849 900 5904 est,
929 5847 990 5895 ut
1017 5851 1161 5919 nunc
1186 5841 1314 5892 sunt
1341 5830 1588 5901 digestae,
1619 5826 1849 5883 decima.

474 5922 504 5965 δ
535 5911 631 5974 M's.
661 5916 825 5982 Thu.,
855 5911 1154 5985 praecisus.

2189 586 2520 657 Augustinus
2545 597 2656 652 ait:
2691 595 2844 665 Quod
2871 603 3079 670 dicitur,
3111 608 3261 665 dedit
3295 609 3452 678 Filio,
3486 586 3595 672 tale
3615 586 3693 674 es;

2187 680 2232 734 si
2254 681 2525 754 diceretur,
2548 693 2726 761 genuit
2741 693 2966 762 Filium;
2989 703 3286 770 generando
3311 706 3450 761 enim
3464 707 3627 766 dedit.
3647 711 3792 778 Quo-

2186 773 2342 828 modo
2371 775 2512 831 dedit
2539 791 2594 834 ut
2613 793 2767 852 esset,
2790 788 2867 841 sic
2895 789 3037 844 dedit
3062 802 3120 846 ut
3148 795 3251 848 vita
3275 807 3427 866 esset,
3457 810 3508 854 et
3539 805 3614 857 sic
3635 773 3785 862 dedit

2185 875 2242 918 ut
2286 869 2341 953 in
2389 876 2660 944 semetipso
2705 879 2808 934 vita
2845 894 2998 937 esset.
3050 883 3188 950 Quid
3229 897 3338 956 est,
3399 891 3455 946 in
3503 901 3785 969 semetipso

2185 959 2288 1013 vita
2315 964 2496 1018 esset?
2523 964 2648 1021 Non
2678 970 2890 1026 aliunde
2929 974 3031 1029 rita
3061 977 3345 1051 indigeret,
3381 985 3472 1038 sed
3510 987 3618 1058 ipse
3645 959 3787 1046 esset

2182 1049 2449 1120 plenitudo
2496 1057 2640 1121 vitaz,
2667 1061 2806 1116 unde
2834 1065 3098 1122 credentes
3138 1049 3233 1125 alii
3262 1049 3675 1144 viverentpdum
3707 1086 3782 1139 ri-

2182 1153 2374 1202 verant.

2255 1254 2341 1310 18.
2373 1256 2564 1357 Ex-his
2583 1263 2744 1332 igitur
2771 1269 2950 1326 verbis
2969 1276 3212 1343 praeclari
3233 1281 3488 1338 antistitis
3518 1286 3782 1357 Augusti-

2182 1345 2256 1412 ni,
2285 1351 2509 1407 remotis
2534 1353 2794 1414 docemur
2822 1363 3154 1434 ambagibus,
3181 1371 3328 1427 salva
3352 1373 3774 1436 incommutabi-

2179 1434 2355 1504 litate,
2402 1446 2734 1514 aeternitate,
2782 1460 2946 1522 atque
2990 1456 3420 1528 impassibilitate
3472 1434 3776 1530 divinitatis

2178 1530 2300 1633 Filii
2326 1533 2442 1600 Dei,
2475 1539 2733 1609 quidquid
2772 1544 2840 1600 de
2865 1548 2982 1618 ejus
3021 1550 3329 1625 majestate,
3353 1563 3681 1633 aeternitate,
3709 1583 3777 1626 ac

2176 1624 2377 1682 virtute
2399 1631 2693 1686 secundum
2713 1640 3112 1708 susceptionem
3136 1624 3319 1703 carnis
3339 1647 3554 1720 dicitur,
3577 1624 3775 1712 incon-

2174 1727 2365 1782 gruum
2395 1735 2506 1774 non
2546 1737 2685 1791 esse,
2717 1726 2762 1781 si
2816 1733 3008 1787 eodem
3037 1735 3200 1792 modo
3227 1742 3520 1799 secundum
3544 1762 3774 1807 carnem

2173 1807 2242 1864 de
2268 1809 2386 1879 ejus
2412 1812 2694 1874 divinitate
2720 1819 2951 1879 dicatur.
2974 1825 3129 1895 Quod
3154 1844 3285 1900 ergo
3313 1848 3343 1888 a
3365 1833 3458 1891 Dei
3483 1836 3621 1898 Filio
3645 1857 3772 1901 sns-

2096 1893 2148 1952 B
2171 1911 2388 1973 ceptum
2418 1918 2521 1970 est,
2555 1911 2622 2000 ab
2645 1911 2763 1982 ejus
2791 1893 3090 1989 divinitate,
3119 1925 3187 1981 ab
3217 1893 3334 1997 ejus
3356 1893 3770 2002 majestate::b

2169 1993 2288 2062 ejus
2314 1997 2529 2062 virtute,
2563 1992 2632 2057 ab
2655 2004 2771 2074 ejus
2797 2013 3103 2071 aeternitate
3131 1992 3392 2087 probatur
3574 1992 3769 2086 susce:

2166 2092 2340 2154 ptum.
2385 2087 2541 2156 Quod
2587 2103 2644 2148 ut
2681 2109 2988 2156 sanctorum
3021 2103 3240 2163 Patrum
3269 2113 3502 2171 veridica
3530 2117 3766 2178 demon-

2165 2183 2303 2232 stret
2329 2184 2573 2250 assertio,
2606 2188 2838 2256 primum
2888 2191 3183 2254 beatissimi
3224 2217 3378 2274 papa:
3405 2203 3603 2266 Leonis
3623 2226 3756 2284 apo-

2164 2269 2371 2326 stolica:
2399 2274 2540 2331 sedis
2568 2277 2789 2347 gloriosi
2813 2286 3082 2354 pontiﬁcis
3101 2269 3429 2361 proferimus
3450 2269 3764 2377 epistolam,

2163 2379 2328 2436 quam
2376 2371 2617 2429 scribens
2669 2375 2738 2431 ad
2779 2377 3093 2439 Flavianum
3139 2371 3762 2467 Constantinopolitante

2161 2459 2312 2517 urbis
2348 2465 2663 2538 episcopum
2705 2481 2752 2537 ⁸,
2802 2474 2855 2528 in
2896 2491 2964 2531 eo
2992 2479 3135 2549 quod
3174 2497 3361 2540 veram
3391 2486 3460 2544 de
3501 2490 3761 2553 lnearna-

2161 2554 2312 2610 tione
2358 2556 2571 2616 Domini
2621 2569 2889 2636 expressit
2938 2572 3255 2632 mirabiliter
3301 2577 3491 2648 ﬁdem,
3535 2602 3760 2648 omnem

2158 2645 2430 2706 haeretica:
2457 2656 2738 2722 pravitatis
2767 2660 3030 2719 destruxit
3055 2672 3390 2728 errorem.ln
3407 2645 3494 2732 illa
3516 2694 3758 2754 namque

2157 2741 2387 2810 epistola
2427 2743 2577 2818 (Cap.
2610 2749 2665 2820 3)
2703 2751 2846 2808 idem
2885 2757 3152 2823 gloriosus
3183 2765 3410 2824 antistes
3438 2785 3539 2826 non
3566 2741 3752 2832 minus

2156 2834 2468 2901 apostolicae
2485 2835 2607 2893 ﬁdei
2624 2843 2849 2899 veritate
2873 2849 3146 2917 praeditus,
3162 2867 3326 2924 quam
3347 2862 3652 2930 apostolicae
3665 2883 3750 2924 se-

2154 2925 2238 2981 dis
2253 2926 2842 3030 dignitate'przecellens
2858 2938 2906 3005 δ,
2921 2941 3036 2998 haec
3051 2943 3182 3001 dicit
3197 2957 3220 2986 ο
3241 2966 3254 3001 :
3274 2925 3436 3006 Salsa
3449 2955 3609 3025 igitur
3623 2976 3752 3030 pro-

2151 3016 2373 3085 prietate
2402 3019 2560 3093 243
2605 3027 2868 3099 utriusque
2910 3043 3132 3102 natum,
3167 3043 3214 3092 et
3243 3041 3298 3094 in
3327 3016 3493 3098 unam-
3528 3016 3746 3107 coeunte

2149 3127 2448 3180 personam,
2478 3128 2715 3188 suscepta
2736 3132 2814 3175 est
2843 3140 2874 3176 a
2905 3128 3177 3197 majestate
3199 3131 3483 3203 humilitas,
3508 3156 3543 3193 a
3560 3143 3743 3200 virtute

2149 3199 2451 3270 inﬁrmitas,
2477 3205 2542 3258 ab
2569 3213 2856 3266 aeternitate
2870 3219 3192 3274 mortalitas:
3220 3233 3270 3276 et
3290 3225 3360 3277 ad
3386 3199 3745 3289 raolvendum

2149 3302 2344 3349 nostrte
2367 3297 2680 3355 conditionis
2701 3302 2948 3370 debitum,
2981 3318 3173 3365 natura
3197 3315 3512 3374 inviolabilis
3538 3332 3750 3381 natura:

2145 3398 2224 3443 est
2252 3391 2401 3444 unita
2429 3394 2667 3462 passibili
2689 3415 2706 3450 :
2733 3407 2789 3450 ut
2813 3399 2971 3470 (quod
3000 3407 3193 3460 nostris
3215 3410 3456 3466 remediis
3481 3429 3746 3486 congrue-

2145 3485 2253 3558 bat)
2283 3504 2422 3544 unus
2449 3500 2602 3564 atque
2643 3495 2780 3548 idem
2808 3499 3064 3554 mediator
3093 3500 3190 3556 Dei
3217 3514 3268 3557 et
3297 3505 3556 3562 hominum
3581 3485 3750 3569 homo

2143 3581 2383 3638 Christus
2410 3585 2563 3641 Jesus
2594 3587 2649 3659 (Ι
2693 3589 2828 3645 Tim.
2860 3608 2916 3657 ιι,
2949 3593 3027 3664 5),
3058 3605 3108 3648 et
3147 3600 3279 3652 mori
3309 3613 3476 3670 posset
3504 3619 3570 3657 ex
3607 3621 3743 3673 uno,

2140 3682 2193 3728 et
2231 3677 2362 3730 mori
2389 3693 2494 3731 non
2521 3687 2695 3747 posset
2721 3698 2788 3735 ea:
2833 3682 3019 3740 altero.
3053 3687 3244 3744 Adhuc
3265 3694 3508 3761 sequitur
3534 3686 3743 3752 memoé

2138 3776 2290 3823 ratus
2319 3771 2633 3839 apostolicae
2675 3772 2820 3828 sedis
2861 3777 3106 3843 antistes,
3130 3787 3186 3834 et
3213 3781 3344 3837 dicit
3376 3802 3389 3837 :
3425 3784 3491 3839 In
3530 3788 3739 3860 integra

2138 3877 2262 3933 ergo
2283 3865 2391 3918 veri
2425 3864 2670 3932 hominis,
2699 3871 3030 3940 perfectaque
3053 3880 3249 3927 natura
3285 3893 3432 3932 verus
3459 3890 3614 3936 natus
3658 3895 3739 3939 est

2137 3952 2301 4019 Deus,
2337 3965 2471 4010 totus
2493 3962 2547 4012 in
2573 3961 2700 4024 suis,
2731 3969 2868 4014 totus
2897 3963 2950 4014 in
2980 3966 3194 4020 nostris.
3226 3964 3428 4022 Nostra
3457 3983 3628 4028 autem
3649 3975 3736 4029 di-

2137 4044 2322 4107 cimus,
2347 4063 2462 4116 qute
2490 4049 2544 4100 in
2575 4047 2723 4101 nobis
2752 4049 2818 4103 ab
2840 4052 2990 4106 initio
3019 4053 3234 4110 Creator
3261 4060 3514 4126 condidit,
3544 4075 3595 4117 et
3617 4082 3736 4134 quia

2133 4137 2435 4205 reparanda
2454 4141 2699 4205 suscepit.
2727 4139 2916 4197 Cernis
2946 4159 3140 4214 nempe
3164 4151 3615 4216 quemadmodum
3643 4155 3733 4213 ille

2133 4231 2462 4298 apostolicus
2490 4231 2704 4300 doctor,
2753 4249 2857 4302 qua
2905 4235 3007 4290 lide
3033 4239 3186 4306 dicit,
3217 4239 3382 4296 Deum
3412 4259 3479 4299 ea
3526 4261 3644 4316 quae
3673 4249 3729 4306 in

2131 4321 2288 4376 nobis
2315 4321 2567 4377 ab-initio
2587 4323 2848 4393 condidit,
2870 4329 3170 4397 reparanda
3185 4333 3513 4402 suscepisse,
3537 4337 3729 4392 eadem

2129 4409 2236 4464 tide
2264 4411 2406 4466 dicat
2445 4412 2803 4470 humilitatem
2849 4431 2881 4470 a
2930 4418 3232 4487 majestate,
3278 4421 3644 4481 inﬁrmitatem
3689 4443 3727 4483 a

2128 4504 2346 4570 virtute,
2378 4505 2760 4561 mortalitatem
2782 4508 2850 4562 ab
2878 4513 3178 4565 aeternitate
3225 4524 3554 4585 susceptam.
3583 4514 3728 4574 Cum

2129 4613 2260 4653 vero
2285 4599 2558 4668 majestas,
2589 4601 2778 4668 virtus,
2809 4611 2972 4673 atque
3009 4606 3286 4662 aeternitas
3304 4607 3426 4662 Filii
3455 4607 3551 4665 Dei
3580 4611 3719 4667 dici-

2041 4659 2102 4721 D
2122 4699 2232 4758 tur,
2263 4659 2388 4746 non'
2404 4659 2555 4746 aliud
2596 4659 2776 4763 quam.
2807 4659 2926 4763 ejtis
2967 4695 3219 4752 divinitas
3258 4698 3558 4756 intimatur.
3594 4702 3717 4759 Non

2119 4801 2252 4856 ergo
2299 4785 2607 4842 dubitemus
2651 4788 2795 4856 quod
2845 4787 3100 4845 divinitas
3146 4788 3343 4846 Christi
3392 4796 3715 4864 susceperit,

2117 4879 2379 4951 quidquid
2415 4876 2614 4934 Christi
2643 4877 2916 4948 maiestas,
2964 4879 3165 4936 Christi
3186 4883 3380 4949 virtus,
3407 4886 3718 4943 aeternitas-

2118 4989 2225 5044 que
2249 4972 2509 5042 suscepit.
2554 4970 2694 5027 Hinc
2721 4981 2805 5027 est
2851 4975 2994 5043 quod
3022 4975 3076 5028 in
3105 4975 3294 5031 eadem
3342 4979 3574 5048 epistola
3600 4998 3712 5038 non

2115 5062 2390 5119 dissimilis
2413 5062 2590 5117 denuo
2617 5064 2884 5118 sententia
2906 5066 3243 5120 continetur:
3266 5083 3387 5123 cum
3417 5071 3560 5125 idem
3579 5073 3714 5128 bea-

2114 5155 2357 5210 tissimus
2404 5153 2663 5213 Romana:
2706 5158 2901 5228 praesul
2941 5158 3197 5216 Ecclesia:
3220 5203 3236 5226 ,
3282 5163 3426 5218 sicut
3452 5163 3622 5219 Deum
3652 5174 3712 5220 et

2111 5248 2410 5317 hominem,
2453 5249 2527 5304 ita
2558 5249 2894 5305 divinitatem
2941 5263 2996 5305 et
3044 5254 3433 5308 humanitatem
3483 5253 3710 5312 manifeo

2109 5343 2347 5398 stissima
2392 5342 2774 5412 praedicatione
2821 5343 3123 5398 conﬁrmat.
3175 5343 3234 5398 In
3264 5346 3456 5402 eadem
3502 5347 3706 5417 quippe

2107 5435 2339 5506 epistola
2369 5435 2530 5490 dicit:
2559 5434 2836 5502 Assumpta
2865 5435 3019 5488 estde
3053 5446 3220 5490 matre
3247 5434 3464 5492 Domini
3486 5447 3701 5503 natura,

2107 5544 2215 5583 non
2243 5527 2429 5597 culpa;
2455 5543 2549 5580 nec
2575 5527 2630 5579 in
2652 5525 2878 5579 Domino
2902 5524 3026 5580 Jesu
3052 5525 3260 5582 Christo
3278 5545 3346 5583 ex
3368 5538 3514 5585 utero
3541 5531 3700 5602 virgi-

2106 5621 2192 5676 nis
2218 5621 2413 5694 genito,
2437 5620 2556 5675 auia
2596 5617 2842 5672 nativitas
2875 5627 2952 5672 est
2977 5618 3258 5685 mirabilis,
3282 5619 3400 5676 ideo
3427 5624 3594 5678 nostri
3621 5629 3696 5677 est

2186 5831 2209 5892 ς
2240 5817 2296 5874 ln
2325 5833 2427 5892 ms.
2453 5814 2600 5892 (Tbu.
2641 5829 2750 5892 non
2782 5814 3010 5873 habetur
3035 5817 3146 5873 haec
3169 5815 3320 5889 dicit,
3347 5818 3444 5879 sed
3472 5819 3673 5892 legitur

2111 5891 2296 5957 Salva,
2323 5889 2506 5954 inquit,
2538 5888 2869 5944 oroorietuts.
