4066 6346
277 388 378 442 ως

1634 348 1969 447 ΕριδτοῖΑ
2011 391 2144 449 xw.

3392 351 3395 356 ’
3443 407 3553 472 uo

271 515 460 560 natura
491 503 778 557 dissimilis.
808 498 909 566 Qui
930 504 1066 558 enim
1087 521 1234 559 verus
1262 514 1340 560 est
1357 503 1524 573 Deus,
1548 507 1687 562 idem
1709 524 1858 562 verus
1889 517 1944 578 Α
1967 506 2119 564 Sicut
2140 527 2301 584 neque
2320 514 2493 583 seipsu
2520 524 2710 569 natura
2737 518 2911 572 carnis
2939 519 3137 572 exstitit
3165 520 3357 576 deitate
3383 523 3551 580 subli-

269 606 350 652 est
379 584 556 660 homo,
590 608 639 650 et
679 598 877 651 nullum
915 608 990 652 est
1027 599 1082 651 in
1124 597 1222 652 hac
1262 600 1458 653 unitate
1487 599 1859 667 mendacium;

268 689 392 742 dum
440 690 658 743 invicem
705 699 824 742 sunt
867 698 917 742 et
946 690 1209 744 humilitas
1257 691 1501 756 hominis,
1546 701 1596 745 et
1641 691 1861 747 altitude

266 782 500 835 deitatis.
536 780 683 836 Sicut
706 782 841 834 enim
860 779 1000 834 Deus
1023 799 1126 835 non
1153 790 1383 836 mutatur
1406 783 1757 852 miseratione,
1785 784 1862 837 ita

267 874 429 929 homo
476 889 582 927 non
625 873 945 928 consumitur
981 874 1253 946 dignitate.
1303 874 1424 929 Alio
1473 889 1689 945 quoque
1741 875 1862 932 loco

267 962 500 1034 (Eodem
507 969 641 1045 pop.
667 962 722 1034 6)
747 963 887 1018 idem
911 964 1255 1020 beatissimus
1283 979 1423 1036 papa
1453 962 1564 1020 Leo
1610 965 1864 1021 divinita-

265 1064 382 1112 tem
410 1056 591 1112 carnis
619 1063 815 1110 tectam
846 1054 1116 1110 velamine
1142 1055 1447 1125 profitetur,
1478 1054 1661 1110 dicens
1694 1073 1708 1108 :
1738 1055 1863 1111 lam

265 1165 388 1202 cum
426 1147 498 1201 ad
517 1147 859 1218 prtecursoris
896 1148 977 1200 sui
1010 1145 1234 1201 Joannis
1265 1145 1579 1218 baptismum
1606 1147 1772 1215 venit,
1798 1164 1863 1202 ue

264 1238 454 1293 lateret
479 1237 616 1310 quod
661 1237 835 1290 carnis
878 1235 1128 1290 velamine
1163 1234 1409 1290 divinitas
1450 1243 1718 1307 tegeretur,
1761 1253 1862 1293 vos:

263 1328 449 1383 Patris
469 1330 534 1382 de
553 1329 678 1382 caelo
700 1330 949 1381 iutonans
968 1327 1104 1381 dixit
1128 1342 1147 1380 :
1171 1325 1268 1382 Hic
1295 1334 1380 1382 est
1407 1325 1575 1382 Filius
1600 1342 1754 1383 meus
1778 1328 1860 1383 di-

264 1421 463 1485 lectus,
493 1420 547 1474 in
575 1435 682 1488 quo
711 1419 841 1473 mihi
865 1418 1004 1473 bene
1043 1417 1346 1488 complacui
1375 1415 1592 1489 (Matth.
1635 1433 1713 1483 tu,
1745 1417 1859 1485 l7).

267 1511 372 1568 Ubi
395 1512 656 1567 continuo
711 1509 1048 1564 divinitatem
1096 1509 1244 1564 illam
1298 1508 1636 1565 conﬁdenter
1687 1509 1881 1565 Deum'

267 1612 564 1675 nuncupat,
607 1611 664 1660 et
711 1603 854 1658 illam
903 1619 1142 1669 carnem,
1173 1603 1449 1658 hominem
1493 1603 1861 1660 indubitanter

266 1696 520 1768 appellat,
572 1693 759 1750 dicens
789 1714 802 1748 :
839 1694 1003 1759 Quem
1029 1696 1201 1767 itaque
1237 1697 1373 1749 sicut
1420 1695 1702 1760 hominem,
1742 1695 1860 1750 dia-

269 1790 371 1845 boli
398 1796 564 1843 tentat
584 1789 797 1854 astutia,
833 1788 1000 1842 eidem
1027 1789 1161 1841 sicut
1184 1786 1296 1841 Deo
1319 1788 1556 1858 angelica
1587 1789 1856 1860 famulan-

1963 603 2067 656 mis
2083 640 2099 668 ,
2122 604 2242 674 Quia
2272 612 2324 657 et
2343 621 2447 658 non
2472 606 2682 660 aliunde
2703 608 3144 680 divinitas,‘quam
3172 611 3234 664 de
3260 621 3404 667 utero
3433 613 3551 669 Vir-

1963 691 2102 762 ginis
2131 694 2312 749 matris
2343 695 2616 750 incuruata
2643 701 2924 768 processit;
2981 711 3030 755 et
3066 719 3203 777 (caro
3231 721 3335 758 nou
3374 705 3474 761 nisi
3493 706 3551 762 iu

1964 784 2150 838 iisdem
2179 787 2473 854 visceribus,
2495 800 2677 845 sancto
2709 791 2908 862 Spiritu
2940 799 3344 865 superveniente,
3381 810 3429 854 et
3452 801 3549 857 Al-

1966 876 2155 931 tissimi
2183 876 2516 935 obumbrante
2531 885 2729 951 virtute,
2745 896 2820 940 est
2848 889 2994 941 unita
3014 889 3213 944 deitati.
3237 891 3367 948 Item
3389 898 3550 965 paulo

1965 976 2092 1038 post
2119 969 2193 1021 ait
2219 988 2232 1022 :
2265 967 2514 1034 Quaerant
2541 992 2663 1047 ergo
2691 979 2778 1030 isti
2807 995 2907 1050 qua
2935 997 3042 1034 suae
3068 982 3338 1040 dementia
3352 989 3550 1057 foveas,

1964 1057 2147 1130 quibus
2175 1061 2562 1120 circumdantur
2582 1068 2836 1134 evadant;
2865 1079 2914 1124 et
2941 1072 3118 1142 palam
3146 1090 3202 1127 se
3230 1084 3318 1129 aut
3344 1077 3551 1132 illorum

1963 1164 2078 1205 esse
2102 1151 2166 1205 de
2211 1169 2423 1210 numero
2465 1159 2750 1228 fateantur,
2798 1163 2885 1232 qui
2935 1180 3106 1218 verum
3135 1164 3328 1221 Christi
3366 1185 3550 1238 corpus

1962 1239 2273 1313 impugnant
2294 1261 2312 1297 :
2339 1255 2430 1299 aut
2452 1263 2641 1318 negare
2670 1266 2773 1305 non
2801 1253 3045 1320 audeant,
3069 1272 3174 1311 non
3199 1258 3302 1311 nisi
3321 1259 3418 1312 hac
3457 1277 3548 1330 ra-

1965 1331 2104 1386 tione
2129 1350 2301 1388 verum
2321 1352 2450 1398 esse,
2483 1342 2593 1392 sine
2616 1356 2716 1411 qua
2744 1357 2917 1396 verum
2937 1359 3050 1398 esse
3079 1363 3182 1400 non
3204 1351 3364 1417 possit
3395 1365 3412 1402 :
3443 1351 3549 1404 sic-

1961 1429 2021 1475 ut
2048 1430 2097 1477 et
2135 1441 2250 1478 cum
2279 1427 2512 1482 eumdem
2532 1428 2701 1484 Deum
2715 1431 2961 1500 dicimus,
2983 1435 3061 1490 vel
3079 1439 3358 1493 secundum
3387 1439 3549 1497 Deum

1964 1515 2102 1587 loqui
2134 1525 2223 1570 aut
2269 1520 2442 1589 facere
2486 1522 2830 1592 prtedicamus
2851 1566 2866 1592 ,
2898 1527 3051 1582 aliter
3078 1546 3252 1584 verum
3291 1547 3402 1586 esse
3446 1549 3549 1589 non

1962 1607 2148 1678 possit,
2179 1610 2281 1663 nisi
2303 1626 2478 1666 verum
2506 1612 2614 1667 illic
2639 1614 2981 1687 divinitatem,
3021 1628 3072 1674 et
3098 1622 3154 1676 in
3184 1638 3293 1677 sua:
3311 1626 3550 1694 prOprie-

1964 1707 2069 1754 tate
2105 1701 2410 1759 substantiae
2451 1717 2840 1776 permanentem
2880 1711 3090 1768 deitatis
3140 1715 3404 1785 fateamur
3439 1733 3548 1775 esse

1962 1801 2220 1850 naturam.

271 1889 356 1933 tur
380 1877 637 1950 obsequia.
668 1877 800 1932 Item
829 1877 936 1932 alio
967 1876 1211 1945 ejusdem
1260 1877 1501 1974 epistolae
1532 1877 1669 1974 loco_
1701 1881 1719 1951 (
1743 1879 1857 1934 Ibi-
1889 1891 1938 1952 Β
1964 1973 1971 1974 7
2032 1883 2122 1938 20.
2167 1886 2396 1944 Sanctus
2424 1904 2642 1962 quoque
2671 1893 2985 1953 Ambrosius
3011 1898 3065 1953 in
3092 1898 3232 1957 libro
3257 1902 3431 1974 primo
3478 1902 3549 1966 de

273 1969 407 2041 deus)
434 1969 565 2024 dicit
596 1987 610 2022 :
645 1966 890 2033 Quamvis
927 1969 1064 2022 enim
1099 1969 1154 2022 in
1197 1966 1422 2022 Domino
1456 1967 1579 2022 Jesu
1629 1969 1856 2038 Christo,

268 2061 364 2116 Dei
387 2070 440 2116 et
467 2061 691 2114 hominis
719 2077 823 2114 una
851 2075 1077 2130 persona
1105 2060 1172 2113 sit
1201 2075 1221 2113 :
1253 2059 1397 2113 aliud
1425 2068 1599 2113 tamen
1629 2069 1704 2114 est
1723 2063 1860 2117 unde

265 2154 317 2208 in
341 2162 558 2224 utroque
577 2151 863 2205 communis
893 2158 968 2204 est
997 2147 1332 2213 contumelia,
1377 2149 1521 2203 aliud
1549 2151 1688 2204 unde
1714 2168 1857 2206 com-

265 2246 433 2300 munis
463 2252 539 2298 est
558 2244 746 2315 gloria.
783 2241 860 2296 De
890 2251 1068 2296 nostro
1105 2243 1244 2295 enim
1284 2242 1364 2295 illi
1392 2251 1470 2296 est
1498 2243 1670 2297 minor
1695 2243 1860 2299 Patre

263 2336 581 2400 humanitas,
620 2333 682 2388 de
713 2333 877 2388 Patre
907 2333 989 2387 illi
1030 2340 1109 2387 est
1130 2332 1344 2402 aqualis
1387 2349 1503 2386 cum
1529 2332 1694 2389 Patre
1722 2335 1856 2390 divi-

263 2429 420 2482 nitas.
465 2425 631 2495 Cujus
673 2424 955 2479 sententite
985 2421 1294 2478 ﬁrmitatem
1340 2424 1589 2480 sensibus
1633 2435 1858 2482 cuncto-

266 2534 378 2575 rum
408 2517 648 2572 ﬁdelium
685 2516 766 2572 sic
806 2515 1045 2570 insinuat
1089 2522 1254 2585 atque
1305 2514 1560 2585 inculcat,
1590 2524 1650 2571 ut
1673 2517 1726 2571 in
1755 2518 1857 2574 hac

268 2609 363 2665 ﬁde
389 2609 562 2664 vitam
589 2607 997 2678 profectumque
1024 2605 1307 2661 catholicae
1342 2614 1598 2663 constare
1629 2615 1856 2664 testetur

261 2700 538 2767 Ecclesiae,
569 2699 751 2755 dicens
776 2696 931 2770 (Cap.
960 2695 1018 2768 5)
1045 2697 1171 2768 quia
1193 2697 1460 2752 catholica
1481 2695 1731 2754 Ecclesia
1753 2700 1856 2756 hac

259 2793 360 2850 ﬁde
391 2793 526 2848 vivit
552 2807 618 2846 ac
664 2787 898 2862 proﬁcit,
948 2796 1009 2845 ut
1034 2804 1137 2845 nec
1174 2790 1294 2845 sine
1319 2803 1448 2844 vera
1476 2792 1728 2847 credatur
1753 2793 1854 2848 hu-

255 2888 520 2945 manitate
547 2885 818 2940 divinitas.

327 3001 418 3057 19.
461 2999 578 3056 Hoc
603 3000 767 3056 etiam
795 2998 968 3054 beata:
994 2997 1270 3052 memoriae
1297 3012 1436 3069 papa
1466 2995 1715 3055 Gelasius
1737 3014 1855 3056 ser-

254 3105 379 3154 vato
437 3104 627 3151 tenore
681 3091 962 3160 doctrinae,
1015 3104 1114 3160 per
1131 3091 1274 3145 viam
1322 3105 1468 3146 verte
1522 3089 1649 3147 ﬁdei
1689 3101 1855 3164 atque

256 3187 570 3261 apostolica
595 3182 972 3250 confessionis,
1001 3181 1236 3252 jparibus
1264 3181 1468 3238 incedit
1494 3183 1718 3239 omnino
1756 3199 1853 3240 ve-

260 3276 452 3346 stigiis.
468 3275 520 3330 lu
539 3289 606 3331 eo
632 3273 834 3343 quippe
845 3270 982 3326 libro
996 3285 1157 3342 quem
1179 3279 1510 3328 memoratus
1525 3272 1849 3329 venerabilis

254 3368 578 3440 conscripsit
604 3365 832 3421 antistes
860 3363 1118 3418 adversus
1145 3377 1241 3419 eos
1267 3363 1362 3434 qui
1383 3363 1437 3418 in
1467 3363 1698 3420 Domino
1718 3362 1850 3422 Jesu

253 3438 486 3519 Christo
509 3460 736 3516 duarum
755 3466 1072 3511 naturarum
1098 3455 1290 3516 nolunt
1311 3455 1595 3511 indivisam
1624 3456 1850 3512 credere

246 3555 563 3618 veritatem,
601 3549 699 3607 sed
744 3564 839 3606 eas
876 3548 1036 3602 unius
1065 3555 1270 3602 natura:
1305 3546 1470 3619 244
1509 3547 1849 3617 professione

245 3642 620 3708 confundunt,
641 3641 760 3712 ipso
778 3647 970 3695 tenore
985 3637 1384 3710 praedicationis
1403 3639 1718 3709 apostolicae
1746 3654 1846 3694 cu-

235 3738 472 3802 stodito,
496 3736 632 3791 duas
659 3741 879 3788 naturas
908 3732 962 3786 in
992 3729 1208 3786 Christo
1237 3729 1546 3786 inconfusas
1571 3739 1735 3802 atque
1758 3732 1846 3786 in-

231 3845 365 3903 sepa
383 3828 581 3884 rabiles
606 3840 725 3882 esse
751 3824 1071 3890 continuat,
1104 3821 1290 3879 dicens
1321 3840 1333 3876 :
1363 3821 1480 3877 Has
1518 3823 1729 3878 easdem
1755 3839 1848 3878 ne-

229 3920 533 3979 cessarium
559 3927 640 3973 est
665 3917 892 3990 proferri
916 3927 941 3952 α
973 3915 1067 3970 sub
1093 3931 1200 3970 una
1219 3915 1500 3988 eademque
1519 3931 1742 4004 persona
1769 3917 1845 3970 sic

231 4014 558 4068 indiscretus
586 4018 737 4081 atque
764 4003 1139 4078 inseparabiles
1176 4006 1272 4060 illa
1311 4006 1551 4060 unitioue
1577 4015 1842 4072 constare,

229 4116 291 4176 ut
313 4109 673 4176 permaneant
705 4115 816 4154 esse
849 4098 984 4170 quod
1013 4105 1151 4152 sunt.
1187 4096 1255 4152 Et
1283 4098 1446 4168 paulo
1475 4106 1600 4168 post
1630 4114 1643 4150 ;
1678 4095 1841 4151 Nun-

229 4174 361 4270 quid
389 4213 512 4250 cum
535 4190 890 4248 tantummodo
922 4183 1060 4243 Deus
1089 4189 1299 4256 dicitur,
1340 4189 1492 4245 homo
1515 4188 1844 4260 denegatur?

227 4287 498 4363 Nunquid
522 4301 641 4340 cum
682 4284 981 4338 humanitas
1009 4281 1219 4348 dicitur,
1259 4280 1428 4334 deitas
1468 4281 1592 4335 inde
1620 4295 1844 4335 remove-

228 4382 356 4436 tur?
391 4375 650 4450 Nunquid
689 4391 805 4428 cum
833 4371 1005 4427 Filius
1035 4372 1261 4426 hominis
1301 4372 1513 4438 dicitur,
1547 4388 1655 4426 non
1683 4373 1840 4426 etiam

224 4473 412 4529 Filius
443 4469 545 4525 Dei
567 4473 933 4538 consequenter
954 4463 1275 4518 advertitur?
1296 4461 1549 4534 Nunquid
1572 4479 1686 4516 cum
1707 4462 1841 4516 Ver-

223 4568 352 4622 bum
385 4565 726 4631 dicitur,nou
747 4557 900 4612 simul
926 4555 1229 4627 intelligitur
1247 4563 1296 4608 et
1326 4571 1450 4608 caro
1476 4554 1611 4626 quod
1643 4555 1840 4624 factum

1960 1973 2095 2030 Fide
2125 1975 2279 2049 (Cap.
2310 1978 2388 2049 2),
2439 1998 2548 2038 uno
2595 1985 2894 2058 eodemque
2923 1989 3044 2046 loco
3090 1991 3230 2048 sicut
3261 1973 3548 2054 Christum

1960 2067 2130 2124 Deum
2159 2080 2214 2126 et
2236 2071 2530 2140 hominem,
2553 2077 2632 2133 sic
2662 2079 2716 2133 in
2745 2094 2812 2135 eo
2838 2081 3172 2138 divinitatem
3196 2084 3480 2154 proﬁtetur
3495 2095 3548 2143 et

1959 2173 2202 2229 carnem,
2232 2161 2415 2220 dicens
2447 2183 2460 2220 :
2499 2165 2673 2222 Unum
2707 2169 2876 2226 Deum
2901 2173 3167 2243 prophetat
3193 2177 3390 2243 dicunt,
3420 2194 3539 2250 apo-
3571 2252 3577 2256 ,

1959 2252 2082 2307 stoli
2108 2254 2358 2321 audiunt,
2388 2274 2549 2313 unum
2576 2259 2744 2316 Deum
2787 2263 2935 2335 Magi
2974 2267 3326 2339 crediderunt,
3361 2278 3413 2324 et
3449 2288 3542 2326 uu-

1959 2357 2094 2408 rum,
2127 2345 2264 2413 thus,
2295 2355 2347 2400 et
2384 2350 2652 2420 myrrham
2676 2354 2935 2425 supplices
2965 2357 3037 2410 ad
3067 2357 3259 2413 Christi
3288 2361 3545 2417 cunabula

1959 2432 2274 2503 detulerunt,
2324 2454 2452 2495 auro
2502 2439 2697 2514 Regem
2727 2445 2947 2515 fatentes
2966 2488 2981 2513 ,
3013 2457 3062 2502 et
3092 2448 3257 2504 Deum
3289 2452 3437 2508 thure
3463 2471 3548 2508 ve-r

1957 2537 2220 2584 iterantes.
2256 2527 2551 2587 Thesuurus
2595 2538 2730 2588 enim
2777 2538 2924 2608 regni
2967 2555 3185 2607 aurum;
3231 2544 3546 2615 sacrificium

1957 2613 2059 2670 Dei
2087 2618 2204 2673 thus
2225 2658 2242 2686 ,
2294 2624 2509 2693 myrrha
2535 2635 2612 2679 est
2640 2630 2940 2699 sepulturae.
2998 2629 3136 2698 Quid
3161 2635 3322 2706 igitur
3368 2613 3543 2694 volue-

1957 2717 2081 2762 runt
2108 2710 2209 2765 sibi
2240 2715 2458 2784 mystica
2486 2733 2702 2772 munera
2739 2721 2876 2775 inter
2903 2722 3109 2793 ubjecta
3133 2729 3406 2798 praesepia,
3439 2731 3543 2785 nisi

1956 2809 2015 2853 ut
2053 2801 2403 2875 intelligamus
2451 2808 2503 2861 in
2535 2805 2743 2866 Christo
2773 2812 3122 2882 differentiam
3175 2817 3459 2876 divinitatis
3494 2831 3544 2877 et

1959 2892 2133 2945 carnis
2151 2893 2176 2945 ?
2203 2892 2272 2948 Ut
2301 2897 2452 2951 homo
2477 2901 2726 2965 nascitur,
2752 2912 2808 2956 ut
2839 2901 2977 2958 Deus
3017 2905 3289 2962 adoratur.
3309 2907 3462 2965 Iacet
3488 2913 3542 2967 in

1957 2986 2170 3054 pannis,
2200 2987 2292 3042 sed
2315 2991 2476 3063 fulget
2498 2993 2551 3046 iu
2575 2995 2757 3049 stellis.
2786 2995 2944 3051 Cuua:
2966 3009 3261 3054 nascentem
3288 3001 3543 3074 indicunt,

1957 3078 2124 3134 stellae
2152 3080 2527 3141 dominantem.
2553 3085 2686 3142 Caro
2713 3098 2792 3143 est
2819 3107 2935 3163 quae
2962 3092 3256 3159 involvitur,
3299 3094 3544 3153 divinitas

1959 3176 2043 3230 cui
2063 3176 2124 3230 ab
2157 3178 2359 3248 angelis
2401 3182 2748 3236 ministratur.
2784 3181 2870 3237 Ita
2899 3201 2991 3239 nec
3021 3186 3249 3258 dignitas
3288 3189 3541 3248 naturalis

1879 3261 1927 3326 C
1957 3268 2249 3338 majestatis
2291 3272 2568 3338 amittitur,
2599 3283 2648 3327 et
2678 3285 2958 3346 assumpta?
2985 3280 3159 3332 carnis
3179 3281 3368 3335 veritus
3399 3298 3540 3336 com—

1952 3359 2224 3430 probatur.
2254 3360 2379 3418 I-lzec
2418 3365 2598 3418 omnia
2637 3381 2756 3435 quae
2793 3369 3042 3436 superius
3070 3371 3244 3440 posita
3271 3379 3397 3426 sunt
3437 3371 3541 3429 hac

1951 3448 2145 3505 beatus
2175 3453 2490 3509 Ambrosius
2518 3456 2869 3512 conclusione
2899 3457 3148 3530 (Ibidem)
3178 3460 3430 3526 ﬁrmavit,
3463 3461 3539 3518 di-

1952 3556 2130 3597 cens:
2177 3542 2310 3598 Haec
2350 3556 2428 3600 est
2478 3547 2609 3617 ﬁdes
2651 3558 2850 3603 nostra.
2903 3550 2994 3604 Sic
3046 3567 3102 3605 se
3148 3551 3289 3607 Deus
3327 3555 3541 3625 agnosci

1949 3632 2109 3687 voluit
2136 3634 2200 3687 ab
2253 3635 2567 3692 hominibus.
2595 3637 2802 3710 Nempe
2825 3640 3015 3695 beatus
3043 3643 3204 3715 245
3224 3643 3541 3718 Ambrosius

1950 3725 2290 3793 superiorem
2310 3727 2729 3798 disputationem
2752 3732 2852 3786 hac
2873 3729 3186 3789 deﬁnitione
3208 3735 3539 3794 concludens

1951 3811 2104 3885 (Cap.
2139 3814 2218 3886 4),
2262 3817 2337 3872 ita
2383 3827 2442 3874 ut
2485 3819 2624 3875 hanc
2668 3835 2788 3876 esse
2836 3820 3040 3878 diceret
3088 3822 3245 3880 ﬁdem
3274 3834 3534 3894 nostram,

1947 3907 2350 3965 evidentissima
2373 3909 2577 3978 docuit,
2608 3921 2669 3968 ut
2691 3914 2829 3968 sicut
2849 3913 3018 3970 Deum
3041 3915 3428 3988 hominemque
3451 3918 3536 3974 di-

1945 3997 2138 4064 cimus,
2180 3998 2260 4058 sic
2286 4000 2623 4058 divinitatem
2651 4011 2705 4058 et
2733 4018 2952 4060 carnem
3000 3996 3305 4063 nullatenus
3352 4008 3534 4065 dicere

1946 4089 2273 4147 dubitemus.
2317 4090 2376 4147 In
2397 4093 2638 4150 secundo
2666 4111 2882 4166 quoque
2909 4095 3150 4166 ejusdem
3181 4101 3362 4179 operis
3389 4101 3527 4159 libro

1944 4179 2062 4237 hac
2089 4183 2165 4237 ait
2190 4200 2204 4237 :
2233 4182 2440 4239 Sileaut
2467 4187 2628 4257 igitur
2647 4188 2828 4243 inanes
2858 4189 2920 4243 de
2941 4192 3264 4246 sermonibus
3290 4196 3530 4265 qutcstio-

1941 4287 2054 4340 nes,
2069 4274 2323 4343 quoniam
2347 4289 2569 4345 regnum
2600 4276 2717 4346 Dei,
2746 4281 2880 4334 sicut
2915 4283 3166 4350 scriptum
3204 4293 3303 4348 est,
3333 4301 3440 4340 non
3473 4287 3526 4342 in

1944 4367 2295 4436 persuasione
2321 4369 2473 4422 verbi
2505 4376 2606 4434 est,
2652 4371 2746 4424 sed
2785 4373 2838 4425 in
2884 4374 3195 4428 ostensione
3223 4375 3445 4444 spiritus
3475 4385 3533 4433 et

1941 4458 2156 4512 virtutis
2179 4456 2235 4529 (I
2264 4456 2384 4513 Cor.
2417 4475 2474 4524 ιι,
2505 4459 2582 4533 4).
2615 4459 2873 4532 Sequitur
2901 4461 3151 4535 (Ibidem)
3184 4465 3360 4521 adhuc
3385 4467 3528 4523 idem

1941 4556 2160 4603 sanctus
2205 4549 2521 4606 Ambrosius
2563 4551 2745 4607 dicens
2779 4570 2791 4604 :
2826 4551 3099 4608 Servemus
3144 4555 3527 4611 distinctionem

219 4660 345 4716 est?
397 4653 658 4726 Nunquid
685 4667 801 4704 cum
847 4665 969 4702 caro
1015 4647 1126 4719 ejus
1169 4663 1453 4718 corpusque
1494 4646 1833 4717 depromitur,
1865 4637 1919 4698 D
1941 4639 2226 4694 divinitatis
2251 4648 2301 4694 et
2326 4642 2501 4694 carnis
2520 4658 2538 4694 :
2565 4658 2699 4696 unus
2727 4645 2782 4697 in
2804 4654 3018 4716 utroque
3045 4644 3270 4716 loquitur
3297 4644 3398 4699 Dei
3428 4644 3528 4700 Fi-

217 4771 335 4810 nan
373 4751 540 4804 etiam
569 4744 811 4799 divinitas
832 4739 1185 4796 indubitanter
1205 4740 1530 4793 ostenditur?
1561 4737 1695 4793 Item
1727 4741 1837 4797 alio

213 4841 485 4914 ejusdem
506 4835 629 4891 libri
658 4834 803 4900 loco,
833 4831 900 4886 de
929 4830 1010 4884 his
1038 4829 1129 4899 qui
1154 4845 1316 4883 unam
1354 4835 1562 4884 tantum
1592 4829 1646 4882 in
1674 4828 1834 4885 Chri-

211 4944 310 4994 sto
338 4939 604 4989 naturam
635 4927 877 4981 nituntur
902 4936 1164 4986 asserere,
1195 4920 1276 4977 sic
1299 4921 1536 4993 loquitur
1566 4937 1582 4975 :
1615 4919 1762 4977 Nam
1786 4930 1838 4976 et

208 5043 346 5083 cum
381 5024 569 5078 dicunt
589 5035 750 5074 unum
777 5019 937 5089 fuisse
957 5026 1199 5071 naturam
1225 5015 1578 5084 iucurnatum,
1609 5016 1837 5073 volentes

208 5124 318 5177 hoc
368 5116 537 5173 modo
560 5115 693 5168 velut
720 5110 990 5166 ostendere
1033 5110 1370 5180 singularem,
1401 5109 1694 5164 nullatenus
1721 5126 1839 5164 eva-

204 5215 361 5267 dunt
396 5205 841 5280 signiﬁcationem
861 5201 1098 5255 duarum.
1132 5198 1274 5253 Dum
1301 5200 1440 5253 enim
1469 5199 1657 5256 dicitur
1677 5219 1837 5257 unum

203 5299 533 5358 divinitatis
555 5304 802 5350 naturam
831 5293 992 5363 fuisse
1029 5291 1400 5355 incarnatam;
1430 5291 1642 5345 remotis
1671 5290 1838 5346 ambi-

199 5389 545 5468 guitatibus,
579 5387 746 5441 altera
772 5383 869 5438 erit
914 5397 1029 5453 qua:
1071 5383 1351 5436 incuruata
1379 5389 1488 5447 est,
1526 5381 1695 5436 altera
1733 5398 1838 5454 qua

198 5491 523 5544 incuruata
553 5477 846 5553 perhibetur
870 5492 888 5530 :
909 5474 1155 5547 quoniam
1175 5491 1280 5529 non
1309 5473 1492 5528 eadem
1520 5474 1619 5528 erit
1645 5484 1837 5529 natura

195 5577 460 5637 deitatis
476 5588 592 5646 qua
631 5571 907 5624 incuruata
933 5577 1031 5634 est,
1061 5581 1176 5636 qua
1202 5573 1279 5620 est
1305 5574 1495 5619 natura
1536 5564 1710 5620 carnis
1735 5581 1834 5637 qua

194 5677 524 5733 bacamata
556 5666 831 5738 ﬁrmatur;
874 5675 1034 5730 neque
1075 5660 1246 5730 seipsu
1282 5669 1471 5714 natura
1511 5657 1720 5714 deitatis
1749 5659 1834 5712 iu-

195 5769 477 5830 eansata
500 5767 597 5826 est,
623 5755 716 5812 sed
743 5762 933 5810 natura
982 5753 1155 5808 carnis
1182 5751 1459 5810 incuruata
1487 5751 1835 5828 cognoscitur.

282 5945 314 5975 ⁸
357 5932 484 5989 Ms.
513 5930 671 5986 Τιιυ..
705 5929 955 5998 profiteri.

1941 4733 2061 4797 lius,
2093 4733 2212 4804 quia
2238 4733 2292 4784 in
2334 4732 2509 4787 eodem
2537 4743 2754 4804 utraque
2791 4745 2982 4788 natura
3002 4746 3097 4789 est.
3122 4734 3190 4789 Et
3219 4735 3352 4791 infra
3383 4754 3396 4790 :
3423 4735 3528 4790 llic

1941 4827 2130 4896 estqui
2171 4824 2457 4892 descendit,
2481 4826 2561 4880 hic
2590 4836 2666 4880 est
2713 4843 2862 4899 quem
2902 4827 3064 4881 Pater
3095 4829 3436 4898 sanctiﬁcavit
3475 4839 3527 4883 et

1942 4916 2084 4970 misit
2110 4915 2164 4968 in
2189 4917 2321 4969 hunc
2342 4916 2612 4972 mundum.
2638 4915 2708 4971 Et
2725 4917 2841 4987 ipsa
2888 4917 3059 4971 littera
3096 4934 3188 4972 nos
3209 4917 3378 4985 docet,
3402 4935 3528 4974 san-

1943 5009 2260 5080 ctiﬁcatione
2286 5026 2389 5064 non
2411 5011 2731 5066 divinitatem
2766 5013 2987 5084 eguisse,
3017 5012 3109 5066 sed
3128 5029 3356 5067 carnem.
3385 5013 3524 5070 Bea-

1943 5113 2032 5160 tus
2051 5120 2265 5176 quoque
2295 5105 2623 5174 Augustinus
2646 5107 2697 5160 in
2721 5105 2859 5160 libro
2898 5105 2965 5161 de
2990 5105 3140 5171 Fide,
3177 5105 3304 5177 Spe,
3336 5117 3390 5162 et
3417 5107 3524 5164 Ca-

1939 5197 2121 5262 ritate,
2165 5211 2326 5266 quem
2356 5197 2498 5252 nosti
2526 5213 2557 5251 a
2600 5197 2778 5252 multis
2806 5195 3155 5253 Enchiridion
3203 5201 3521 5269 nuncupari,

1937 5289 2018 5345 sic
2037 5287 2166 5342 dicit
2187 5286 2339 5358 (Cap.
2373 5288 2462 5358 54)
2491 5307 2503 5341 :
2540 5285 2667 5352 Quis
2687 5290 2826 5343 enim
2854 5290 2950 5344 hoc
2980 5289 3147 5345 solum
3192 5292 3523 5363 congruenti~

1940 5381 2032 5436 bus
2051 5381 2272 5451 explicet
2301 5379 2484 5444 verbis,
2530 5381 2667 5450 quod
2700 5380 2922 5436 Verbum
2960 5399 3084 5438 caro
3129 5383 3326 5454 factum
3364 5392 3441 5436 est
3466 5392 3523 5437 ut

1941 5472 2198 5528 habitaret
2232 5476 2287 5528 iu
2329 5473 2509 5528 nobis:
2540 5485 2597 5526 ut
2631 5475 2899 5530 credamus
2928 5475 3024 5531 Dei
3067 5475 3243 5530 Patris
3284 5477 3519 5547 omnipo-

1941 5572 2094 5622 tentis
2112 5567 2320 5620 unicum
2347 5564 2565 5636 Filium,
2590 5579 2767 5623 natum
2796 5570 2859 5624 de
2887 5569 3087 5639 Spiritu
3110 5579 3290 5624 sancto
3318 5578 3367 5623 et
3402 5568 3522 5623 Vir-

1942 5660 2060 5730 gine
2079 5657 2289 5712 Maria?
2320 5657 2404 5712 Ita
2441 5660 2627 5730 quippe
2683 5658 2901 5716 Verbum
2951 5677 3072 5716 caro
3121 5663 3316 5733 factum
3360 5667 3458 5725 est,
3487 5676 3520 5715 a

1945 5751 2212 5808 divinitate
2239 5768 2396 5806 carne
2443 5761 2701 5825 suscepta,
2753 5771 2857 5811 non
2896 5756 2954 5813 in
2996 5773 3206 5812 carnem
3246 5753 3519 5813 divinitate
