4066 6346
406 418 509 480 ut
1449 407 1505 465 s.
1544 369 1907 464 runceurn
1944 396 2252 464 EPISCOPI
2290 388 2662 452 nusrensrs
3560 380 3670 438 ua

409 542 630 593 nauata.
660 531 801 592 Ecce
820 532 1008 588 beatus
1036 527 1364 600 Augustinus
1390 521 1628 586 ostendit
1654 519 1991 596 divinitatem
2019 523 2069 604 Α
2096 512 2337 569 deretur.
2366 508 2519 564 Unde
2566 503 2770 611 liquido
2799 509 3021 574 apparet
3044 499 3171 611 ideo
3191 499 3360 611 Deum
3387 499 3676 611 Filium

411 627 792 702 susceptricem
823 625 1017 690 carnis,
1048 593 1208 694 quam
1237 617 1582 678 nihilominus
1605 593 1992 693 susceptricem
2025 599 2028 604 “
2096 603 2208 661 Deo
2239 603 2398 660 Patre
2418 603 2534 659 sine
2563 593 2716 702 initio
2739 605 2943 660 natum,
2967 596 3093 666 quia
3116 594 3208 697 ille
3238 593 3397 698 Pater
3423 594 3490 649 de
3514 609 3574 649 se
3589 593 3679 651 Fi-

413 685 641 780 testat'ur
661 685 716 772 et
741 716 948 773 mortis.
972 685 1028 772 In
1058 685 1195 767 libro
1224 710 1366 766 enim
1388 708 1454 762 de
1482 703 1776 761 Praesentia
1805 701 1897 756 Dei
1919 691 1998 756 sic
2096 697 2225 752 lium
2255 694 2456 763 genuit,
2491 692 2580 762 qui
2604 691 2683 746 sic
2711 703 2831 744 esse
2859 703 2967 742 non
2995 686 3175 757 erepit,
3202 685 3358 780 sicut
3411 701 3531 742 esse
3571 703 3680 744 non

414 791 547 871 dicit
578 830 591 866 :
622 809 728 874 Per
756 815 909 880 caput
930 815 1162 864 nostrum
1205 803 1598 860 reconciliamur
1622 797 1755 864 Deo,
1778 797 1898 870 quia
1942 796 1998 848 in
2101 785 2300 842 desinit
2330 782 2690 880 (aL-desinet)
2716 797 2730 847 ;
2763 789 2818 880 et
2848 790 3025 835 tamen
3055 795 3177 880 cum
3201 779 3366 834 homo
3405 787 3559 850 pater
3586 793 3684 836 na-

414 869 506 962 itlo
534 912 611 960 est
631 869 885 966 divinitus
917 896 1180 969 Unigeniti
1205 897 1347 968 [acta
1373 892 1633 966 particeps
1672 869 2000 944 mortalitatis
2103 881 2370 935 tivitatem
2415 875 2509 932 ﬁlii
2539 875 2875 948 praecessisse
2903 869 3221 930 naturaliter
3249 882 3597 943 agnoscatur,
3629 876 3685 931 in

415 1004 627 1059 nostras,
657 1001 712 1048 ut
738 999 786 1046 et
809 1007 903 1045 nos
943 966 1222 1062 participes
1249 986 1361 1060 ejus
1409 981 1820 1039 immortalitatis
1859 995 2001 1033 esse—
2103 971 2296 1054 eadem
2324 969 2673 1042 generatione
2720 968 2815 1023 lilii
2843 983 2944 1024 nec
2976 966 3118 1028 tilius
3145 983 3176 1022 a
3204 974 3376 1038 patre,
3406 983 3508 1024 nec
3535 977 3688 1043 pater

419 1105 551 1143 mus.
591 1083 692 1142 Ubi
719 1059 979 1146 continuo
1025 1059 1449 1152 magnitudinem
1493 1075 1651 1150 hujus
1680 1069 2005 1132 sacramenti
2044 1079 2048 1081 ’
2107 1064 2271 1122 alilio
2317 1073 2614 1140 separatur,
2655 1061 2781 1136 quia
2809 1069 2964 1136 patre
2989 1060 3240 1134 gignente
3268 1059 3407 1116 tilius
3432 1061 3685 1132 gignitur.

419 1175 826 1241 commendans,
851 1174 968 1232 haec
997 1151 1158 1231 verba
1201 1169 1477 1241 subjunxit
1507 1186 1520 1222 :
1558 1157 1674 1221 Hoc
1701 1178 2008 1220 sacramen-
2051 1235 2056 1243 τ
2108 1160 2178 1216 Ει
2207 1175 2327 1217 cum
2356 1151 2634 1228 generatio
2666 1155 2755 1211 illa
2781 1171 2940 1234 causa
2968 1154 3039 1212 sit
3063 1153 3380 1222 nativitatis,
3411 1169 3512 1209 nec
3542 1168 3571 1208 a
3594 1167 3690 1222 ge-
3741 1159 3744 1162 ’

421 1281 529 1326 tum
550 1271 698 1343 longe
716 1266 1088 1326 estacordibus
1125 1265 1437 1336 sapientium
1450 1259 1874 1334 superborum,et
1893 1257 2009 1343 ideo
2051 1333 2055 1338 η
2111 1253 2394 1319 peratione
2419 1250 2590 1326 possit
2618 1247 2858 1335 separari
2885 1247 3166 1313 nativitas,
3197 1247 3276 1303 sic
3297 1248 3386 1303 illa
3412 1247 3692 1318 generatio

422 1379 528 1418 non
557 1339 993 1428 Christianorum,
1038 1374 1098 1426 ac
1139 1374 1231 1434 per
1271 1355 1366 1410 hoc
1406 1370 1500 1409 nec
1531 1369 1646 1408 vere
1673 1339 2010 1422 sapientium.
2113 1361 2145 1400 a
2166 1343 2448 1416 nativitate
2479 1359 2588 1398 non
2615 1349 2919 1414 separatur,
2948 1347 3009 1396 ut
3054 1340 3109 1395 in
3138 1355 3244 1395 una
3272 1339 3571 1412 eademque
3598 1355 3695 1395 na-

426 1437 448 1462 ’
495 1455 584 1522 2i.
610 1453 704 1516 llis
741 1453 990 1516 omnibus
1019 1432 1331 1518 Sanctorum
1358 1446 1579 1506 Patrum
1606 1440 1890 1504 sententiis
1921 1454 2014 1496 osa
2051 1512 2053 1514 η
2113 1443 2239 1519 tura
2257 1451 2398 1516 unus
2425 1440 2670 1517 generet,
2698 1432 2940 1501 alterque
2968 1438 3240 1488 nascatur.

428 1549 693 1618 tenditur,
715 1545 862 1616 quod
906 1523 1101 1600 dicitur
1127 1541 1194 1596 de
1247 1539 1534 1614 Unigenito
1565 1536 1701 1602 Deo,
1733 1534 1899 1590 etiam
1947 1530 2018 1588 de
2309 1525 2400 1582 Sic
2421 1539 2550 1618 ergo
2578 1531 2662 1579 est
2681 1522 2770 1618 illa
2789 1522 3066 1592 generatio
3106 1530 3270 1593 atque
3297 1522 3549 1608 nativitas
3593 1537 3696 1578 na-

430 1639 550 1712 ejus
579 1613 858 1702 divinitate
879 1651 993 1717 pou
1024 1634 1317 1714 incongrue
1339 1627 1638 1702 praedicari.
1671 1624 1883 1684 Scimus
1920 1637 2018 1702 au-
2117 1617 2364 1717 turaliter
2420 1613 2812 1717 inseparabilis,
2844 1619 2929 1717 ut.
2949 1628 3050 1717 nec
3076 1614 3369 1717 generandi
3417 1630 3519 1670 nec
3571 1630 3701 1670 nas.

429 1703 541 1798 tem
567 1732 622 1788 in
650 1732 752 1790 hac
780 1703 1082 1792 assertione
1109 1723 1390 1782 catholicae
1414 1720 1675 1785 veritatis,
1707 1725 1801 1773 aut
1842 1716 2018 1794 haere-
2121 1707 2275 1764 cendi
2298 1705 2611 1792 communio
2638 1703 2798 1760 simul
2824 1703 3085 1782 ambabus
3107 1704 3281 1778 possit
3305 1705 3484 1762 inesse
3511 1721 3702 1778 perso-

431 1795 568 1880 tieos
597 1819 944 1893 perversitati
973 1817 1205 1882 deditos,
1229 1822 1323 1869 aut
1351 1813 1647 1869 catholicos
1675 1810 1852 1864 minus
1877 1822 2022 1879 mys-
2123 1801 2230 1857 nis.
2263 1799 2399 1870 Quia
2441 1799 2546 1854 hoc
2573 1797 2740 1852 habet
2781 1795 3087 1870 proprietas
3113 1812 3486 1869 personarum,
3519 1808 3580 1854 ut
3605 1816 3707 1857 nec

432 1914 573 1972 terio
598 1889 761 1974 rectae
787 1908 1121 1972 credulitatis
1149 1907 1470 1972 instructos;
1493 1916 1613 1964 cum
1637 1899 1860 1972 audiunt
1880 1896 2025 1981 quod
2054 1901 2104 1972 Β
2129 1895 2296 1981 Filius
2324 1894 2560 1964 seipsum
2591 1906 2731 1981 gcum
2758 1893 2936 1981 Patre
2974 1891 3158 1966 gignat
3203 1889 3271 1949 de
3299 1909 3407 1966 quo
3453 1894 3708 1968 gignitur,

433 2005 503 2062 de
541 2003 654 2068 Deo
684 2000 821 2059 Filio
851 2000 1067 2068 dicitur,
1092 1998 1160 2066 de
1199 1997 1314 2072 ejus
1343 2009 1559 2076 quoque
1586 1992 1866 2048 divinitate
1886 1989 2024 2055 dici;

436 2103 495 2154 et
521 2103 698 2156 tamen
716 2107 876 2150 unam
899 2107 928 2148 a
945 2089 1101 2146 nobis
1123 2087 1296 2146 Patris
1316 2094 1373 2141 et
1393 2083 1512 2144 Filii
1528 2093 1583 2139 et
1603 2082 1836 2154 Spiritus
1854 2079 2028 2138 sancti

439 2185 778 2250 divinitatem
808 2189 1073 2240 noverunt
1103 2173 1413 2254 praedicari;
1447 2175 1785 2246 aliquatenus
1812 2185 2030 2242 permo-

439 2274 662 2344 vendos,
705 2271 852 2344 quod
876 2269 1183 2330 communio
1224 2264 1540 2332 divinitatis,
1589 2261 2028 2324 communionem

440 2368 601 2426 faciat
627 2368 876 2422 humanae
921 2360 1307 2436 susceptionis;
1339 2375 1404 2414 ac
1456 2355 1682 2444 perinde
1736 2369 1801 2409 ex
1847 2353 2028 2410 carnis

441 2460 818 2521 communione
865 2464 1084 2530 putetur
1135 2455 1188 2510 in
1237 2453 1397 2508 Patre
1441 2460 1497 2506 et
1545 2449 1682 2505 Filio
1727 2455 1785 2504 et
1829 2445 2034 2516 Spiritu

441 2561 632 2624 sancto
659 2551 966 2610 communio
1014 2548 1264 2612 humanae
1313 2542 1633 2608 nativitatis,
1674 2539 1939 2613 passionis
1979 2546 2036 2593 et

446 2646 658 2704 mortis.
699 2642 771 2699 Ut
797 2656 927 2712 ergo
948 2656 1051 2698 nec
1079 2639 1155 2702 illi
1185 2637 1421 2709 maligne
1450 2633 1788 2698 insidientur,
1822 2645 1925 2686 nec
1946 2629 2037 2684 isti

446 2740 672 2808 forsitan
715 2737 930 2795 incaute
970 2732 1252 2800 fallantur,
1284 2725 1484 2784 debent
1531 2725 1746 2796 utrique
1773 2713 2038 2793 cogitare,

446 2817 526 2902 sic
549 2848 587 2902 β
607 2831 763 2900 nobis
784 2844 944 2888 unam
973 2825 1254 2884 Trinitatis
1281 2820 1561 2896 praedicari
1578 2817 1956 2882 substantiam,
1978 2823 2039 2871 ut

447 2907 564 2988 non.
611 2911 794 2982 tamen
824 2923 1066 2980 dicamus
1109 2932 1269 2974 unam
1317 2913 1560 2987 ejusdem
1605 2911 1883 2967 Trinitatis
1919 2922 2042 2964 esse

447 3031 762 3092 personam.
789 3012 946 3091 Unde
995 3011 1074 3072 sic
1118 3017 1314 3074 totum,
1344 3004 1489 3076 quod
1536 3013 1622 3060 est
1666 3002 1784 3076 ipsa
1825 3008 2038 3092 natura,

449 3088 739 3174 commune
783 3088 954 3166 tribus
983 3099 1254 3160 invenitur
1296 3111 1418 3152 esse
1445 3092 1693 3170 personis
1713 3131 1730 3159 ,
1752 3099 1813 3147 ut
1841 3088 2044 3160 aliquid

452 3207 640 3258 tamen
663 3193 986 3257 inveniatur,
1019 3204 1127 3268 quo
1150 3186 1370 3261 proprio
1392 3186 1483 3256 (at.
1520 3182 1759 3258 proprie)
1792 3195 2045 3250 unaquae-

2129 2001 2231 2042 nec
2253 1971 2416 2039 Pater
2435 1997 2557 2038 cum
2583 1979 2720 2037 Filio
2740 1980 2808 2038 de
2825 1996 2886 2036 se
2907 1989 3167 2038 nascente
3192 1992 3465 2040 nascatur.
3485 1982 3710 2040 Perma-

2130 2085 2223 2131 net
2251 2087 2380 2144 ergo
2410 2073 2462 2127 in
2505 2073 2712 2130 unitate
2740 2079 2947 2129 natura:
2993 2065 3271 2151 inconfusa
3299 2075 3497 2130 veritas
3522 2091 3714 2146 perso-

2129 2181 2343 2229 narum,
2377 2164 2431 2220 in
2461 2161 2656 2234 quibus
2707 2172 2790 2220 est
2831 2163 3046 2236 aliquidj
3084 2164 3229 2237 quod
3273 2182 3382 2221 non
3429 2183 3717 2226 commune

2131 2257 2436 2332 reperiatur
2463 2270 2602 2323 esse,
2632 2255 2725 2312 sed
2746 2257 3041 2328 proprium.
3075 2256 3218 2312 Deus
3255 2257 3436 2331 itaque
3463 2257 3720 2332 Unigeni-

2133 2356 2240 2414 tus,
2263 2347 2498 2418 quicum
2527 2344 2687 2409 Patre
2715 2354 2772 2402 et
2797 2346 3003 2418 Spiritu
3025 2355 3214 2408 sancto
3253 2348 3330 2414 sic
3359 2347 3521 2406 habet
3549 2367 3716 2406 unam

2135 2439 2489 2509 eamdemque
2509 2445 2779 2508 naturam,
2802 2445 2860 2494 ut
2888 2446 3068 2494 tamen
3097 2454 3386 2510 personam
3416 2456 3526 2497 non
3565 2457 3722 2505 com-

2137 2546 2354 2587 munem
2369 2531 2579 2592 habeat
2597 2529 2835 2598 omnino,
2861 2528 2955 2588 sed
2977 2531 3279 2614 propriam,
3305 2531 3426 2588 ideo
3450 2531 3723 2606 acceptio-

2139 2643 2265 2684 nem
2286 2626 2472 2702 formae
2488 2624 2700 2694 servilis
2728 2639 3069 2684 communem
3098 2640 3220 2681 cum
3255 2623 3415 2682 Patre
3443 2636 3497 2696 et
3520 2624 3726 2699 Spiritu

2140 2725 2332 2774 sancto
2353 2732 2463 2774 non
2493 2715 2700 2788 habuit,
2729 2715 2854 2788 quia
2901 2730 3012 2772 non
3056 2714 3110 2769 in
3142 2716 3346 2772 unitate
3375 2725 3599 2785 natum,
3630 2719 3725 2777 sed

2143 2808 2200 2864 in
2232 2808 2440 2862 unitate
2464 2820 2712 2888 persona:
2737 2819 2847 2860 suae
2868 2804 3036 2880 solius
3065 2815 3090 2842 ⁸
3117 2848 3134 2875 ,
3156 2807 3436 2864 veritatem
3465 2825 3528 2866 ac
3556 2811 3724 2880 pleni-

2141 2899 2384 2954 tudinem
2411 2897 2598 2954 formae
2645 2897 2853 2952 servilis
2881 2898 3107 2968 accepit.
3154 2898 3255 2966 Qui
3284 2902 3425 2956 enim
3474 2919 3634 2962 verus
3676 2915 3730 2962 et

2143 2990 2338 3059 plenus
2383 2996 2468 3044 est
2514 2987 2678 3054 Deus,
2712 2986 2854 3042 idem
2910 3002 3072 3045 verus
3125 2998 3180 3044 et
3229 2991 3420 3061 plenus
3451 2991 3621 3048 iactus
3649 3005 3730 3052 est

2145 3079 2332 3144 homo,
2363 3078 2578 3148 quando
2609 3078 2675 3133 ab
2704 3075 2993 3147 Unigenito
3044 3079 3155 3135 Deo
3209 3081 3263 3136 in
3313 3083 3571 3138 unitatem
3600 3101 3727 3155 per-

2148 3183 2295 3226 senae
2314 3177 2535 3239 accepta
2553 3177 2636 3224 est
2654 3168 2770 3223 sine
2785 3175 3007 3239 peCcato
3024 3171 3200 3225 anima
3217 3172 3496 3228 rationalis
3513 3180 3564 3229 et
3577 3188 3725 3230 caro.

452 3306 560 3364 que
616 3301 849 3361 persona
901 3259 1173 3347 noscatur,
1206 3278 1350 3354 quod
1399 3285 1580 3332 tamen
1611 3290 1712 3331 nec
1741 3270 2046 3329 inveniatur
2073 3288 2120 3353 ο
2149 3263 2354 3330 mium
2378 3263 2568 3364 ξξθξίιξθ
2588 3261 2824 3364 humana
2855 3259 2933 3315 Sic
2962 3261 3028 3316 ab
3057 3259 3348 3364 Unigenlto
3373 3264 3484 3321 Deo
3513 3274 3734 3338 accepta

454 3381 781 3458 separabile,
808 3394 909 3444 nec
936 3375 1108 3450 possit
1133 3389 1252 3432 esse
1273 3387 1582 3430 commune.
1613 3367 1746 3426 Nam
1769 3369 2046 3440 proprium

455 3456 635 3544 Patris
652 3473 879 3552 dicimus
897 3485 1036 3537 esse,
1062 3466 1205 3539 quod
1229 3465 1415 3539 genuit
1437 3481 1450 3531 ;
1470 3463 1745 3535 proprium
1775 3459 1892 3516 Filii
1917 3461 2049 3516 dici-

457 3551 578 3646 mus
607 3581 746 3642 esse,
776 3563 921 3636 quod
963 3560 1112 3617 solus
1138 3557 1205 3616 de
1233 3558 1353 3615 solo
1388 3555 1549 3611 Patre
1580 3564 1738 3613 natus
1767 3562 1884 3621 est;
1916 3570 2048 3625 pro—

457 3643 632 3734 prium
660 3643 826 3736 etiam
851 3654 1084 3727 Spiritus
1108 3651 1300 3720 sancti,
1329 3649 1474 3722 quod
1500 3643 1567 3708 de
1605 3647 1766 3703 Patre
1805 3645 2049 3716 Filioque

354 3794 363 3810 .
459 3749 730 3826 procedit.
757 3747 817 3828 in
842 3745 928 3812 his
957 3761 1086 3804 vero
1114 3743 1350 3816 propriis
1374 3735 1517 3797 nulla
1546 3748 1628 3797 est
1657 3747 1863 3794 naturae
1886 3752 2049 3810 sepa-

459 3843 634 3912 ratio,
665 3839 762 3904 sed
809 3837 1056 3910 quadam
1099 3832 1402 3910 personalis
1450 3830 1672 3904 agnitio.
1718 3827 1853 3885 Cum
1908 3828 2053 3884 enim

460 3934 683 4010 propria
728 3931 898 3990 solius
921 3929 992 3992 sit
1016 3927 1293 4004 generatio
1324 3923 1522 3991 Patris,
1551 3923 1659 3980 non
1691 3922 1852 4005 246
1891 3922 1957 3976 ab
1989 3936 2052 3988 ea

464 4038 648 4104 tamen
677 4033 960 4100 separatus
995 4031 1078 4080 est
1106 4020 1436 4096 Filius,qnia
1465 4027 1759 4096 generante
1782 4017 1945 4072 Patre
1967 4033 2059 4073 nar-

465 4132 552 4180 tus
572 4127 654 4176 est
674 4117 863 4178 Filius.
891 4115 961 4172 Et
995 4129 1118 4171 cum
1147 4111 1365 4186 propria
1396 4109 1466 4164 sit
1494 4108 1745 4164 nativitas
1773 4107 1912 4174 Filii,
1947 4123 2056 4163 non

466 4222 648 4284 tamen
677 4218 760 4275 est
781 4226 812 4266 a
849 4208 1010 4264 Patre
1037 4206 1290 4280 gignente
1318 4201 1666 4273 separabilis;
1697 4201 1824 4272 quia
1853 4201 2056 4258 nativi-

467 4316 548 4362 tas
567 4304 688 4364 Filii
710 4301 1026 4360 naturaliter
1055 4314 1183 4354 vera
1211 4313 1317 4353 non
1347 4303 1513 4363 esset,
1540 4294 1642 4352 nisi
1670 4293 1738 4350 de
1781 4291 1943 4348 Patre
1961 4305 2061 4378 ge-

469 4401 614 4468 nitus
636 4397 944 4460 exstitisset.
991 4392 1245 4463 Quamvis
1273 4390 1457 4459 itaque
1490 4395 1746 4444 nascente
1789 4384 1926 4442 Filio
1958 4382 2063 4441 Pa-

471 4506 553 4556 ter
575 4494 839 4566 genuerit,
861 4499 918 4548 et
954 4491 1206 4561 gignente
1233 4485 1394 4542 Patre
1419 4483 1589 4539 Filius
1613 4491 1773 4538 natus
1816 4479 1923 4547 sit,
1952 4494 2064 4556 non

472 4599 654 4650 tamen
679 4593 773 4642 aut
797 4599 920 4644 cum
941 4581 1099 4638 Patre
1126 4577 1314 4649 genuit
1332 4575 1518 4643 Filius,
1544 4581 1637 4629 aut
1658 4587 1782 4630 cum
1810 4570 1950 4628 Filio
1976 4585 2068 4627 na-

2152 3362 2254 3420 est,
2278 3362 2339 3409 ut
2363 3351 2655 3409 divinitatis
2679 3363 2841 3426 atque
2867 3351 3215 3413 humanitatis
3239 3365 3468 3429 persOna
3497 3375 3601 3414 una
3625 3370 3739 3414 tan-

2154 3457 2272 3504 tum
2303 3448 2582 3513 existeret,
2605 3463 2716 3504 non
2746 3455 2954 3506 natura.
2981 3450 3217 3506 Proinde
3256 3468 3365 3507 non
3392 3459 3473 3508 est
3514 3452 3744 3523 quidem

2154 3549 2433 3611 separatus
2481 3539 2649 3598 Filius
2697 3556 2727 3594 a
2767 3539 2928 3598 Patre
2963 3550 3016 3598 et
3043 3541 3244 3613 Spiritu
3271 3551 3474 3612 sancto,
3517 3543 3744 3617 quando

2153 3634 2373 3705 plenam
2411 3635 2649 3704 suscepit
2694 3633 3043 3691 humanitatis
3088 3646 3287 3692 nostra:
3338 3647 3613 3706 naturam;
3646 3631 3746 3695 sed

2156 3740 2266 3781 non
2295 3725 2455 3780 simul
2482 3740 2601 3780 cum
2643 3721 2803 3780 Patre
2827 3733 2880 3780 et
2922 3725 3124 3798 Spiritu
3154 3733 3343 3784 sancto
3371 3729 3614 3784 eamdem
3644 3743 3742 3784 na-

2157 3825 2333 3873 turam
2358 3818 2566 3888 accepit
2586 3859 2602 3885 ,
2631 3817 2755 3887 quia
2785 3833 2893 3873 non
2934 3835 3038 3873 una
3086 3819 3139 3875 in
3172 3837 3237 3876 eo
3267 3821 3407 3877 facta
3436 3828 3518 3877 est
3545 3829 3747 3879 natura

2159 3909 2455 3967 divinitatis
2477 3920 2532 3966 et
2558 3911 2754 3977 carnis,
2788 3920 2845 3966 ut
2873 3923 2942 3966 ex
2970 3911 3073 3966 hoc
3119 3912 3285 3970 totius
3326 3913 3639 3969 crederetur
3663 3915 3756 3968 in-s

2160 4003 2406 4060 carnatio
2448 3999 2760 4070 Trinitatis;
2791 4002 2886 4059 sed
2916 4017 3148 4082 persona
3177 4013 3261 4060 est
3286 4006 3340 4060 in
3372 4005 3591 4062 Christo
3617 4019 3755 4074 una,

2161 4109 2325 4166 quam
2347 4096 2619 4150 invenitur
2641 4093 2959 4166 Unigenitus
2983 4091 3139 4170 247
3170 4096 3312 4153 Deus
3338 4099 3760 4170 inseparabilem

2163 4186 2381 4256 quidem
2405 4200 2434 4238 a
2465 4181 2626 4240 Patre
2654 4194 2710 4241 et
2738 4186 2941 4258 Spiritu
2979 4195 3169 4251 sancto
3211 4188 3431 4253 habere,
3464 4189 3558 4246 sed
3594 4203 3762 4251 unam

2164 4284 2346 4332 tamen
2374 4291 2497 4332 cum
2519 4273 2679 4333 Patre
2701 4285 2756 4333 et
2781 4277 2985 4350 Spiritu
3014 4286 3202 4335 saneto
3234 4291 3342 4336 non
3372 4281 3590 4339 habere.
3623 4283 3763 4338 Pro.

2166 4368 2340 4446 priam
2362 4373 2495 4438 ergo
2524 4367 2770 4432 Christus
2800 4369 2962 4424 habet
2993 4369 3383 4433 humanitatem
3411 4388 3562 4428 suam
3581 4416 3596 4440 ,
3627 4389 3768 4432 cum

2168 4475 2275 4531 qua
2302 4459 2554 4515 divinitas
2574 4457 2690 4530 ejus
2717 4477 2825 4516 non
2858 4475 3020 4516 unam
3061 4470 3330 4529 naturam,
3355 4464 3446 4519 sed
3479 4481 3640 4520 unam
3677 4473 3802 4538 πμ,

2169 4549 2384 4605 venitur
2432 4551 2634 4606 habere
2683 4567 2990 4622 personam.
3035 4551 3166 4620 Qua:
3213 4569 3444 4626 persona
3485 4553 3779 4628 Unigeniti

473 4640 877 4743 Et};
901 4675 1029 4736 licet
1065 4640 1353 4730 devnatura
1382 4640 1562 4726 Patris
1590 4673 1748 4722 natus
1778 4663 1850 4724 sit
1877 4662 2053 4737 Filius1

2173 4640 2269 4697 Dei
2299 4643 2423 4714 quia
2448 4651 2623 4712 neque
2649 4641 2827 4699 Patris
2854 4651 2956 4710 est,
2982 4657 3156 4714 neque
3176 4645 3406 4717 Spiritus
3426 4649 3615 4712 sancti,
3641 4650 3783 4706 ideo

474 4735 813 4831 agam-ram
839 4735 958 4826 ﬁmi
987 4765 1055 4822 de
1107 4763 1288 4834 “ipso
1317 4757 1565 4833 genuerit
1593 4755 1776 4814 paret,
1813 4753 1955 4822 Quia
1986 4735 2069 4812 sig,
2095 4735 2135 4743 ’⁷
2172 4735 2344 4792 forma
2394 4738 2604 4794 servilis
2634 4755 2662 4791 a
2693 4737 2810 4793 solo
2847 4736 2985 4793 Filio
3016 4750 3238 4809 accepta
3289 4749 3435 4795 recte
3486 4740 3785 4808 creditur;

476 4877 558 4925 est
601 4875 956 4938 personarum
983 4858 1073 4916 illa
1113 4855 1416 4929 proprietas
1462 4847 1870 4921 inseparabilis,
1894 4853 1955 4902 ut
1981 4854 2070 4904 ta-

478 4975 604 5016 men
655 4970 756 5015 nec
783 4949 1082 5024 generatio,
1114 4963 1215 5006 nec
1243 4944 1499 5004 nativitas
1527 4942 1759 4996 duarum
1808 4953 2074 5010 persona-

477 5066 598 5110 rum
625 5047 795 5120 possit
821 5058 942 5106 esse
987 5039 1310 5108 communis.
1353 5033 1613 5103 Quamvis
1640 5030 1745 5088 nisi
1792 5028 1914 5084 duae
1940 5041 2071 5120 per-

478 5117 645 5201 eunte
669 5136 844 5194 Patris
868 5142 925 5191 et
950 5131 1074 5190 Filii
1102 5127 1417 5187 naturaliter
1445 5130 1660 5190 essent,
1692 5134 1794 5176 nec
1838 5133 1946 5173 una
1992 5117 2075 5188 gi-

481 5251 665 5310 gnere,
699 5249 798 5293 nec
823 5229 968 5302 gigni
997 5229 1166 5286 altera
1192 5223 1478 5297 potuisset.
1497 5217 1654 5289 Quod
1681 5217 1728 5273 si
1753 5215 1859 5310 hoc
1879 5215 1933 5270 in
1960 5213 2074 5310 Deo

481 5305 643 5388 Patre
668 5335 725 5385 et
750 5324 864 5381 Deo
884 5321 1020 5378 Filio
1044 5317 1281 5380 haeretici
1311 5327 1566 5378 recusare
1590 5306 1947 5372 contendunt,
1978 5305 2074 5361 hu-

485 5433 658 5478 mana:
678 5410 1040 5488 generationis
1055 5407 1340 5480 perspicuo
1358 5411 1453 5462 aut
1471 5403 1806 5458 instruantur
1839 5404 1931 5452 aut
1951 5410 2074 5460 con-

485 5513 776 5572 fundantur
817 5506 1088 5578 exemplo.
1119 5502 1325 5574 Nempe
1376 5501 1542 5556 homo
1592 5502 1751 5569 pater
1797 5491 2075 5553 hominem

487 5606 653 5664 tilium
681 5611 926 5673 tempore
953 5595 1227 5671 praecedit,
1249 5593 1376 5666 quia
1400 5593 1516 5664 ipse
1541 5603 1759 5666 quoque
1787 5601 1908 5644 esse
1937 5593 2077 5640 tem-

487 5695 749 5773 poraliter
771 5692 964 5766 etrapit;
996 5690 1064 5750 de
1091 5703 1200 5760 quo
1240 5685 1384 5744 ﬁlius
1410 5701 1521 5742 non
1547 5683 1733 5754 utique
1759 5675 2077 5773 temporali-

489 5767 576 5857 ίαν
598 5799 933 5857 nasceretur.
955 5784 1061 5846 nisi
1084 5780 1253 5856 patris
1281 5787 1473 5855 natura
1500 5774 1761 5850 temporis
1781 5771 1935 5848 initio
1958 5767 2080 5846 sub-

579 5975 604 6005 ι
623 5963 772 6020 Αῐιῑ..
799 5959 856 6014 in
875 5954 1072 6010 unitate
1090 5961 1323 6023 persona
1341 5941 1498 5998 solus.

2173 4833 2300 4903 quia
2324 4833 2619 4888 divinitatis
2649 4833 2764 4901 ejus
2793 4840 2849 4887 et
2895 4833 3072 4888 carnis
3097 4849 3326 4904 persona
3379 4849 3482 4888 una
3523 4843 3625 4902 est,
3656 4851 3786 4892 non

2174 4929 2388 4979 natura.
2440 4921 2497 4976 in
2527 4921 2741 4978 Christo
2773 4921 2915 4977 enim
2943 4938 3050 4978 non
3081 4930 3165 4978 est
3194 4923 3361 4977 altera
3393 4923 3697 4979 divinitatis
3726 4935 3794 4983 et

2176 5015 2346 5072 altera
2388 5016 2774 5082 humanitatis,
2807 5014 2902 5070 sed
2943 5031 3047 5070 una
3095 5021 3178 5071 est
3231 5023 3434 5069 natura:
3485 5017 3796 5087 utriusque

2174 5121 2428 5179 persona.
2455 5103 2715 5173 Quocirca
2736 5107 2862 5176 quia
2885 5105 3254 5177 inseparabilis
3278 5114 3358 5160 est
3380 5107 3627 5175 operatio
3658 5107 3709 5161 Τ
3719 5109 3800 5164 ri-

2172 5199 2386 5266 nitatis,
2413 5198 2663 5255 servilem
2692 5198 2919 5255 formam
2947 5214 3107 5269 quam
3149 5195 3464 5268 Unigenitus
3495 5197 3642 5254 Deus
3679 5217 3798 5258 ac-

2175 5293 2338 5365 cepit,
2373 5299 2484 5349 tota
2515 5292 2752 5364 Trinitas
2796 5291 2951 5360 fecit;
2984 5307 3143 5364 quam
3186 5302 3366 5347 tamen
3394 5299 3600 5347 certum
3625 5305 3725 5347 est
3763 5311 3805 5352 ει

2181 5394 2296 5463 tota
2337 5385 2600 5442 Trinitate
2648 5384 2865 5456 iactam,
2895 5384 2991 5441 sed
3032 5383 3099 5441 ad
3127 5385 3300 5440 solam
3330 5376 3450 5438 Filii
3480 5382 3576 5437 Dei
3609 5389 3781 5454 perti

2185 5495 2314 5534 nere
2339 5494 2648 5552 personam.
2699 5477 2886 5554 Neque
2929 5477 3075 5534 enim
3122 5478 3262 5533 sicut
3289 5481 3374 5531 est
3401 5475 3456 5529 in
3484 5487 3547 5530 ea
3603 5477 3808 5535 totius

2181 5575 2462 5632 Trinitatis
2488 5592 2593 5632 una
2634 5575 2899 5648 operatio,
2923 5575 3002 5630 sic
3029 5575 3082 5630 in
3104 5589 3167 5631 ea
3196 5572 3476 5629 Trinitatis
3497 5570 3810 5630 invenitur

2184 5671 2484 5728 communis
2496 5669 2757 5740 acceptio.
2767 5665 2976 5723 Etenim
2987 5666 3288 5742 proprietas
3299 5663 3603 5743 personalis
3621 5665 3810 5736 (quia

2185 5780 2293 5826 non
2322 5764 2437 5838 ipse
2475 5760 2635 5822 Pater
2663 5769 2748 5820 est
2773 5761 2866 5836 qui
2911 5759 3107 5832 Filius,
3139 5776 3242 5818 nec
3269 5757 3503 5836 Spiritus
3547 5765 3815 5826 sanctus
