4066 6346
1039 349 1185 359 ,ψη-ς...-
1339 351 1408 365 ην,

247 453 347 512 M3

1592 452 1928 510 ΕΡιδΤοιι
1965 450 2075 508 XIV
2089 494 2103 509 .

3417 447 3525 506 iis

243 573 320 628 est
344 561 466 634 ίρθα
482 561 576 634 qui
603 561 766 625 Pater
785 571 880 628 aut
904 562 1099 637 Filius)
1124 565 1365 623 ostendit
1390 564 1596 637 aliquid
1617 581 1650 623 a
1672 565 1834 623 Patre
1860 571 1912 630 Α
1939 566 2125 637 utique
2147 567 2297 622 sicin
2328 567 2532 622 unitate
2557 581 2806 638 personat
2831 582 2948 624 sua:
2971 573 3220 622 naturam
3239 575 3526 640 utramque

241 664 292 714 et
315 652 458 710 Filio
484 660 542 712 et
569 651 777 724 Spiritu
804 662 996 714 saneto
1024 653 1248 723 factum,
1273 655 1421 726 quod
1443 662 1626 712 tamen
1648 670 1685 710 a
1715 655 1835 711 solo

242 745 370 802 Filio
397 743 718 806 inveniatur
739 755 1044 819 acceptum.

304 839 394 898 23.
434 838 606 910 Cujus
642 839 953 911 exemplum
997 840 1079 896 rei
1121 840 1179 897 in
1203 841 1468 898 creaturis
1516 856 1627 898 non
1653 850 1838 913 potest

244 930 496 998 inveniri;
540 930 668 1002 quia
699 938 936 1003 excepta
965 930 1263 997 Trinitate,
1292 947 1416 1003 quae
1443 949 1586 990 unus
1613 942 1698 991 est
1733 950 1834 994 na-

245 1021 487 1084 turaliter
511 1036 675 1081 verus
711 1021 878 1090 Deus,
901 1022 1049 1078 nulla
1080 1031 1275 1079 natura
1301 1030 1388 1080 est
1413 1039 1537 1094 qua:
1563 1024 1617 1079 in
1643 1039 1702 1080 se
1725 1033 1835 1087 tres

242 1114 631 1186 inseparabilis
662 1115 837 1188 possit
881 1115 1084 1170 habere
1111 1131 1396 1186 personas.
1443 1114 1582 1185 Quia
1618 1131 1749 1174 vero
1779 1119 1834 1174 in

243 1222 568 1279 unoquoque
595 1207 818 1265 homine
844 1207 1149 1263 invenimus
1179 1223 1400 1264 carnem
1430 1223 1543 1265 non
1582 1211 1687 1267 hoc
1716 1224 1836 1266 esse

244 1301 382 1376 quod
426 1302 703 1367 animam,
753 1315 860 1359 nec
903 1308 1190 1372 utramque
1238 1302 1399 1358 unius
1441 1317 1566 1359 esse
1605 1313 1833 1370 naturae,

246 1393 491 1466 quamvis
536 1409 604 1449 ex
636 1401 866 1464 utraque
892 1392 1208 1464 perﬁciatur
1250 1404 1306 1450 et
1348 1405 1562 1451 constet
1601 1397 1836 1452 humana

249 1493 469 1552 natura;
507 1500 632 1556 quas
661 1493 842 1548 tamen
867 1485 926 1540 in
953 1499 1285 1556 unoquoque
1311 1485 1538 1542 homine
1564 1503 1726 1543 unam
1755 1488 1838 1543 im

249 1581 533 1639 veniuntur
557 1579 758 1635 habere
786 1593 1078 1649 personam
1105 1597 1118 1633 :
1150 1579 1382 1650 proinde
1409 1581 1462 1635 in
1484 1581 1603 1636 istis
1628 1580 1838 1637 duabus

251 1671 454 1732 naturis
494 1686 634 1743 quas
662 1684 828 1736 unam
856 1684 1147 1740 personam
1193 1671 1395 1726 habere
1434 1671 1834 1741 cognoscimus,

250 1767 418 1828 simile
447 1765 651 1836 aliquid
679 1764 1052 1836 inquii-amns;
1101 1771 1162 1820 ut
1190 1779 1312 1820 cum
1355 1764 1444 1820 hic
1473 1764 1839 1820 invenerimus

251 1859 446 1930 aliquid
465 1858 582 1915 ﬁeri
597 1859 792 1914 animm
805 1857 1094 1928 carnisque
1109 1857 1386 1913 communi
1399 1869 1586 1927 opere,
1601 1856 1747 1927 quod
1763 1865 1839 1912 ta-

254 1967 372 2010 men
384 1949 560 2007 autad
576 1949 748 2006 solius
766 1948 982 2015 animat,
1002 1945 1096 2004 aut
1117 1947 1186 2003 ad
1213 1948 1382 2004 solius
1403 1948 1582 2004 carnis
1597 1949 1838 2022 invenia-

257 2040 617 2113 turpertinere
638 2040 997 2096 substantiam
1019 2054 1033 2104 ;
1059 2035 1188 2092 inde
1201 2036 1575 2106 conjiciamus,
1595 2045 1650 2093 et
1663 2051 1838 2107 quan-

255 2145 359 2194 tum
385 2137 506 2209 ipsa
544 2134 736 2205 tribuit
764 2131 1001 2188 Trinitas
1040 2131 1433 2201 intelligamus,
1468 2132 1710 2202 potuisse
1739 2131 1842 2185 alia

252 2231 374 2302 quid
395 2230 470 2286 ab
498 2228 706 2287 eisdem
733 2227 906 2282 tribus
925 2225 1174 2297 personis
1195 2239 1305 2280 uno
1325 2224 1484 2281 simul
1509 2239 1676 2296 opere
1702 2225 1840 2291 ﬁeri,

253 2325 389 2396 quod
409 2323 491 2380 sic
523 2330 637 2378 tota
661 2320 880 2393 quidem
903 2319 1140 2374 Trinitas
1161 2318 1596 2390 inseparabiliter
1617 2318 1839 2386 laceret,

254 2424 306 2472 ut
323 2415 394 2473 ad
420 2425 588 2470 unam
619 2427 687 2469 ex
711 2412 980 2468 Trinitate
1000 2423 1289 2483 personam
1320 2409 1452 2465 illud
1474 2410 1617 2480 quod
1641 2410 1841 2466 iactum

254 2515 329 2564 est
353 2508 678 2580 pertineret.
705 2501 910 2576 Nempe
938 2503 1158 2575 quando
1197 2503 1348 2560 cibos
1377 2502 1660 2571 sumimus,
1692 2501 1843 2559 carni

258 2603 436 2673 utique
468 2607 526 2656 et
554 2615 663 2656 non
692 2599 886 2654 anima:
913 2598 1296 2670 providemus;
1328 2606 1384 2654 et
1410 2597 1466 2653 in
1512 2598 1628 2674 ipsa
1659 2606 1842 2654 tamen

261 2693 573 2767 acceptione
617 2693 862 2750 ciborum
891 2703 998 2764 qua
1038 2691 1154 2747 sola
1175 2703 1310 2748 caro
1359 2684 1618 2763 pascitur,
1663 2691 1845 2748 anima

255 2799 370 2843 mm
397 2801 566 2843 carne
594 2785 799 2856 pariter
837 2790 1100 2855 operatur
1119 2825 1136 2852 ,
1175 2782 1302 2855 quia
1341 2797 1469 2839 caro
1498 2783 1615 2839 sine
1641 2783 1840 2850 anima,

255 2877 389 2933 nem
416 2885 525 2933 non
565 2875 722 2942 vivit,
754 2875 828 2930 ita
858 2885 960 2931 nec
1001 2873 1256 2930 comedit.
1289 2872 1453 2941 Ecce,
1485 2882 1545 2930 ut
1571 2875 1685 2930 sola
1714 2861 1844 2932 caro

257 2969 484 3042 occipiat
517 2967 720 3032 cibum,
750 2966 912 3022 simul
953 2973 1010 3022 et
1050 2960 1230 3021 carnis
1259 2972 1316 3022 et
1343 2967 1536 3021 anima:
1563 2981 1728 3021 unum
1758 2966 1844 3022 in-

257 3061 471 3117 venitur
493 3057 732 3115 ofﬁcium
765 3075 778 3112 ε
807 3064 864 3114 et
905 3057 1052 3128 quod
1090 3058 1428 3128 proprietate
1458 3057 1687 3113 naturali
1716 3067 1844 3115 caro

257 3153 455 3224 accipit
477 3150 612 3216 sola,
644 3165 744 3222 per
770 3149 1035 3205 unitatem
1059 3163 1306 3220 personae
1345 3149 1504 3203 simul
1532 3165 1654 3204 cum
1683 3161 1847 3205 carne

261 3251 516 3316 operatur
542 3251 594 3299 et
624 3243 824 3297 anima.
863 3240 1185 3306 Communis
1229 3248 1314 3299 est
1351 3240 1536 3310 itaque
1579 3240 1843 3314 operatio,

263 3334 362 3392 sed
401 3347 511 3391 non
549 3341 629 3390 est
667 3333 974 3390 communis
1002 3331 1250 3403 acceptio
1296 3350 1309 3387 :
1340 3347 1443 3389 nec
1470 3334 1844 3410 comedentem

257 3441 479 3486 carnem
504 3427 682 3484 animo
709 3427 765 3483 in
789 3441 955 3499 opere
977 3425 1179 3482 deserit
1210 3443 1224 3479 :
1249 3441 1368 3497 qum
1400 3434 1580 3483 tamen
1607 3428 1685 3484 sic
1715 3443 1848 3498 ope-

255 3521 483 3579 rationis
506 3533 620 3600 suae
664 3535 789 3578 cum
834 3519 1001 3578 earne
1045 3521 1238 3577 miscet
1265 3517 1532 3589 ofﬁcium,
1566 3528 1625 3577 ut
1654 3520 1847 3578 eadem

254 3614 638 3672 communione
665 3613 848 3684 operis
894 3612 1010 3669 sola
1037 3624 1167 3668 caro
1198 3611 1428 3683 accipiat
1466 3612 1631 3668 vitale
1669 3612 1847 3669 subsi-

255 3703 422 3761 dium.
456 3701 589 3759 Tale
631 3702 830 3774 aliquid
873 3701 1149 3759 invenitur
1184 3703 1239 3758 in
1269 3703 1459 3758 eadem
1490 3704 1698 3760 unitate
1727 3717 1850 3775 pcr-

256 3796 542 3869 sonatipsa
581 3809 798 3869 quoque
823 3793 1056 3852 hominis
1096 3794 1199 3851 sibi
1229 3795 1408 3849 anima
1450 3795 1756 3860 vindicare,
1805 3796 1851 3851 si

255 3889 472 3961 quando
520 3883 877 3968 intentionem
923 3885 1102 3944 cordis
1149 3882 1330 3942 ofﬁcio
1387 3886 1580 3943 divintc
1630 3886 1851 3959 deputat

255 3978 507 4038 loctionls
539 3987 590 4046 ι,
635 3993 743 4049 qua
771 3975 959 4050 procul
989 3976 1155 4033 dubio
1200 3993 1308 4034 non
1351 3977 1608 4046 exterior,
1639 3978 1736 4034 sed
1766 3979 1851 4034 in-

256 4072 424 4129 terior
448 4073 615 4127 homo
643 4071 900 4142 pascitur,
930 4076 987 4125 et
1013 4071 1335 4148 plerumque
1363 4085 1662 4126 1210mm:
1690 4085 1854 4142 carne

254 4165 432 4235 magis
456 4164 637 4220 anima
688 4163 984 4234 saginatur.
1026 4161 1216 4219 Nonne
1264 4171 1325 4218 ut
1369 4164 1547 4218 anima
1579 4165 1758 4236 capiat
1787 4179 1855 4220 ex

254 4255 492 4314 lectione
519 4254 720 4322 cibum,
750 4255 912 4311 etiam
952 4255 1319 4327 corporalium
1359 4255 1726 4311 membrorum
1757 4255 1853 4309 ad-

249 4350 450 4406 miscet
474 4347 754 4404 ofllcium?
785 4345 992 4415 Legcre
1025 4346 1048 4384 δ
1090 4347 1292 4418 quippe
1332 4362 1441 4402 non
1485 4352 1666 4419 potest
1693 4341 1857 4418 243

251 4441 360 4496 nisi
385 4455 481 4511 per
504 4439 692 4495 oculos
713 4437 990 4510 corporis;
1016 4438 1162 4507 quod
1192 4446 1372 4494 tamen
1395 4453 1517 4494 cum
1540 4438 1709 4494 oculis
1735 4454 1858 4494 cor-

249 4531 409 4604 poris
434 4532 583 4604 legit,
616 4531 788 4588 oculis
817 4530 994 4586 cordis
1023 4530 1274 4600 intelligit
1307 4541 1329 4569 σ
1355 4549 1368 4596 ;
1400 4546 1464 4587 ac
1485 4546 1584 4604 per
1605 4531 1710 4586 hoc
1735 4546 1857 4585 cum

253 4639 423 4684 carne
451 4622 611 4681 simul
639 4631 898 4698 operatur
936 4631 992 4678 et
1033 4623 1210 4678 anima
1243 4623 1385 4678 unde
1426 4623 1542 4679 sola
1582 4630 1854 4693 pascatur,

251 4725 312 4774 et
340 4717 464 4774 sola
507 4719 561 4773 in
592 4731 652 4772 se
680 4715 876 4787 accipit
901 4714 1050 4786 quod
1093 4731 1200 4772 non
1231 4715 1346 4771 sola
1378 4715 1523 4771 facit.
1570 4712 1710 4770 Ecce
1739 4713 1858 4768 duae

253 4819 469 4864 naturae
494 4816 721 4880 propter
749 4822 908 4862 unam
942 4822 1226 4878 personam
1268 4805 1696 4878 inseparabiliter
1726 4821 1858 4876 ope-

251 4901 469 4968 rantur,
499 4900 595 4957 sed
623 4907 846 4971 propter
871 4914 996 4954 suas
1025 4885 1387 4971 proprietates
1410 4913 1514 4954 una
1541 4899 1859 4971 plerumque

253 4991 458 5063 accipit
481 4991 627 5063 quod
653 5005 764 5046 non
785 4989 900 5046 sola
928 4988 1075 5054 facit,
1102 4990 1210 5045 imo
1233 4989 1377 5060 quod
1403 4990 1518 5047 sine
1546 4991 1716 5045 altera
1741 4988 1860 5045 nul-

254 5082 474 5141 latenus
502 5081 653 5140 facit.
677 5081 746 5137 Et
767 5082 1011 5152 quamvis
1032 5083 1136 5138 hoc
1159 5083 1224 5137 ad
1249 5082 1514 5153 integram
1536 5081 1861 5152 cognitionis

255 5176 460 5234 lineam
483 5175 708 5233 omnino
735 5174 987 5245 sufﬁciat,
1011 5187 1070 5231 ut
1096 5191 1162 5231 ex
1185 5187 1252 5231 eo
1281 5177 1428 5246 quod
1457 5177 1545 5232 hic
1574 5177 1628 5232 in
1657 5175 1864 5232 duabus

257 5269 471 5326 naturis
499 5276 555 5326 et
582 5283 692 5324 una
734 5282 965 5340 persona
995 5268 1272 5331 videmus,
1305 5265 1372 5323 ad
1413 5268 1624 5323 illarum
1669 5269 1722 5322 in
1755 5283 1862 5336 una

259 5370 462 5418 natura
506 5361 673 5418 trium
700 5375 1057 5434 personarum
1102 5359 1548 5431 intelligentiam,
1599 5368 1863 5432 quantum

257 5455 386 5527 ipsa
414 5451 654 5513 Trinitas
683 5451 935 5524 dignatur
974 5451 1234 5522 tribuere,
1265 5453 1694 5510 conscendamus
1727 5472 1740 5508 :
1774 5461 1860 5510 ta-

255 5561 392 5602 men
419 5549 585 5605 etiam
615 5549 670 5604 in
699 5547 818 5620 ipso
843 5546 1207 5619 Redemptore
1237 5555 1422 5603 nostro
1451 5547 1614 5618 huius
1642 5547 1720 5601 rei
1749 5563 1865 5602 ma-

259 5635 461 5698 nifesta
501 5639 662 5698 nobis
690 5648 855 5712 atque
882 5637 1184 5697 indubitata
1213 5640 1474 5712 probetur
1503 5638 1727 5712 agnitio.
1761 5637 1861 5709 Qui

375 5847 517 5931 ftis.
567 5844 744 5916 Thu.,
796 5848 1085 5904 intentione
1134 5861 1318 5931 toratr.
1364 5845 1554 5902 divinat
1601 5842 1902 5923 decumbit-

532 5989 696 6060 Thu.,
725 5988 864 6066 Legi.
947 6045 952 6050 .

1867 1991 1916 2057 B

1939 657 2223 727 conjunxit
2266 658 2623 714 insolabiliter
2651 667 2708 714 et
2734 659 2923 728 univit,
2958 666 3016 713 ut
3058 659 3113 714 in
3141 673 3250 714 una
3291 675 3526 733 persona

1942 749 2214 820 Unigeniti
2243 751 2362 818 Dei,
2395 769 2496 808 nec
2523 752 2776 808 divinitas
2802 753 2870 808 ab
2898 753 3236 810 humanitate
3263 768 3385 822 sua,
3428 769 3528 810 nec

1940 841 2248 898 humanitas
2286 857 2316 896 a
2345 847 2442 898 sua
2465 841 2637 914 possit
2663 844 2947 900 divinitate
2973 843 3202 914 seiungi.
3231 843 3528 899 indissolu-

1939 929 2064 987 bilis
2089 933 2290 1003 quippe
2319 932 2458 988 facta
2486 941 2572 989 est
2597 932 2762 989 Verbi
2786 942 2843 989 et
2868 934 3046 990 carnis
3085 933 3276 1000 unitio,
3308 934 3529 1002 quando

1941 1023 2178 1081 Verbum
2208 1024 2408 1080 factum
2437 1033 2522 1080 est
2548 1040 2677 1080 caro
2726 1043 2740 1078 :
2773 1025 2829 1080 in
2855 1040 2966 1095 quo
2994 1025 3073 1080 sic
3097 1025 3296 1079 mansit
3335 1040 3527 1094 perso-

1941 1117 2080 1184 nalis
2119 1117 2323 1183 unitas,
2375 1125 2438 1174 ut
2461 1126 2642 1173 tamen
2671 1118 2934 1173 naturalis
2980 1131 3082 1173 nee
3132 1117 3294 1172 dividi
3332 1117 3526 1188 possit,

1941 1223 2041 1264 nec
2091 1207 2346 1277 confundi
2377 1210 2696 1279 pr0prietas.
2726 1207 2961 1264 Proinde
2986 1209 3068 1266 sic
3093 1209 3150 1264 in
3180 1223 3290 1264 uno
3310 1207 3528 1265 Christo

1941 1299 2249 1356 communia
2277 1309 2482 1355 natura:
2511 1301 2790 1369 utriusque
2832 1300 3180 1356 inveniuntur
3223 1298 3431 1366 ofﬁcia,
3469 1309 3531 1357 ut

1941 1406 2064 1452 cum
2091 1407 2202 1447 non
2231 1391 2499 1447 dividatur
2543 1393 2598 1448 in
2626 1392 2911 1447 virtutibus
2938 1399 3102 1461 atque
3128 1390 3534 1454 inﬁrmitatibus

1940 1483 2224 1550 Christus,
2277 1484 2349 1543 sit
2393 1491 2573 1540 tamen
2622 1483 2822 1553 aliquid
2868 1484 3015 1554 quod
3060 1483 3118 1539 in
3169 1499 3278 1540 uno
3322 1491 3532 1539 natura

1944 1577 2225 1646 utriusque
2254 1591 2424 1647 opere
2449 1593 2559 1633 non
2588 1577 2658 1633 sit
2684 1585 2890 1632 neutra:
2914 1576 3196 1646 utriusque
3218 1591 3527 1632 commune.

2012 1666 2104 1726 24.
2147 1665 2283 1724 Nam
2333 1675 2394 1725 ut
2433 1667 2503 1724 de
2531 1667 2624 1723 illo
2663 1665 2919 1723 ineffabili
2961 1677 3229 1740 conceptu
3261 1675 3530 1740 partuque
3576 1708 3579 1709 ν

1941 1774 2086 1816 nunc
2115 1766 2349 1827 taceam,
2391 1773 2501 1829 quo
2528 1759 2610 1816 sic
2651 1767 2888 1814 aeternus
2926 1759 3298 1831 temporaliter
3323 1773 3528 1815 conce-

1940 1859 2067 1922 ptus
2087 1861 2143 1907 et
2159 1858 2321 1906 natus
2342 1859 2427 1906 est
2446 1851 2610 1920 Deus,
2632 1858 2691 1905 ut
2709 1858 2889 1906 tamen
2918 1849 2974 1904 in
3003 1846 3127 1921 ipsa
3145 1849 3532 1906 communione

1941 1951 2238 2014 conceptus
2280 1951 2578 2013 partusque
2604 1941 2854 2011 virginei,
2883 1942 3052 2004 solius
3079 1951 3226 1998 esset
3248 1942 3531 2014 proprium

1943 2037 2262 2093 naturaliter
2282 2035 2462 2092 carnis
2489 2033 2770 2090 initialiter
2797 2034 2868 2089 de
2894 2048 3058 2090 carne
3097 2033 3388 2090 Geuitricis
3415 2031 3534 2088 eai-

1944 2136 2114 2195 stere,
2140 2129 2194 2183 in
2224 2128 2468 2183 membra
2495 2125 2754 2195 formari,
2795 2136 2851 2183 et
2877 2141 3049 2196 usque
3067 2125 3138 2181 ad
3164 2128 3534 2190 maturitatem

1941 2229 2130 2292 partus
2157 2233 2418 2290 processu
2444 2219 2705 2290 temporis
2743 2220 3029 2290 operisque
3057 2220 3297 2291 perduci,
3337 2220 3536 2278 deinde

1944 2312 2336 2368 decedentibus
2363 2327 2428 2367 ac
2454 2313 2868 2372 succedentibus
2903 2313 3151 2369 aetatibus
3179 2327 3449 2380 crescere,
3477 2317 3536 2372 et

1944 2402 2013 2458 ad
2033 2402 2330 2473 perlectum
2364 2403 2665 2473 juventutis
2689 2404 2910 2459 modum
2939 2419 3040 2460 suo
3069 2413 3315 2476 tempore
3339 2417 3535 2476 perve-

1945 2493 2096 2560 nire;
2123 2492 2254 2561 quid
2281 2492 2525 2548 dicemus
2545 2493 2616 2549 de
2644 2492 2748 2548 illis
2767 2491 3025 2565 deinceps
3053 2495 3310 2565 operibus
3329 2503 3385 2550 et
3405 2509 3536 2567 pass

1945 2583 2208 2652 sionibus,
2238 2599 2365 2640 cum
2393 2586 2450 2640 in
2476 2583 2572 2640 illo
2599 2592 2745 2640 esset
2769 2585 2987 2655 quidem
3031 2586 3404 2656 inseparabilis
3433 2601 3536 2642 na-

1946 2677 2196 2732 turaliter
2221 2691 2352 2732 vera
2390 2692 2540 2744 caro,
2569 2692 2699 2733 vera
2727 2678 3011 2738 rationalis
3034 2679 3213 2734 anima
3236 2720 3252 2748 ,
3297 2693 3538 2751 veraque

1946 2769 2242 2828 divinitas?
2271 2763 2656 2826 Verumtainen
2693 2770 2772 2826 sic
2798 2785 2864 2827 ea
2887 2785 3010 2842 qua)
3037 2768 3297 2828 naturalis
3333 2772 3538 2829 veritas

1946 2863 2151 2931 habuit,
2184 2871 2279 2920 aut
2313 2865 2430 2935 pati
2471 2863 2802 2933 dignaretur,
2843 2871 2937 2921 aut
2977 2865 3176 2932 facere,
3206 2873 3268 2922 ut
3305 2873 3363 2922 et
3390 2865 3538 2922 totus

1947 2955 2193 3018 Christus
2220 2957 2274 3012 in
2306 2957 2560 3028 passione
2582 2958 2668 3014 vel
2696 2968 2866 3031 opere
2911 2959 3294 3032 permansisset
3321 2960 3537 3032 insepa-

1946 3049 2152 3115 rabilis,
2190 3057 2246 3105 et
2271 3049 2416 3119 quod
2442 3050 2743 3120 personalis
2772 3052 2950 3106 unitas
2974 3065 3261 3107 commune
3285 3051 3539 3107 divinitas

1947 3145 2023 3198 tis
2059 3151 2222 3213 atque
2259 3143 2610 3198 humanitatis
2660 3143 2992 3209 ostenderet,
3025 3145 3132 3201 hoc
3156 3152 3334 3200 tamen
3378 3145 3435 3200 in
3479 3149 3541 3202 se

1951 3233 2100 3292 idem
2127 3233 2374 3293 Christus
2397 3243 2604 3292 naturae
2633 3237 3052 3308 uniuscujusque
3077 3237 3356 3309 proprium
3385 3244 3542 3292 natu-

1953 3328 2053 3383 rali
2100 3329 2328 3385 veritate
2370 3335 2717 3386 monstraret.
2750 3327 3061 3403 Suscipiens
3099 3331 3298 3403 quippe
3344 3338 3543 3387 nostra

1952 3417 2283 3476 inﬁrmitatis
2305 3423 2561 3486 esuriem,
2595 3422 2740 3480 illam
2769 3422 2965 3478 famem
2989 3437 3142 3477 suam
3173 3431 3317 3478 totus
3344 3436 3541 3493 opera-

1949 3517 2041 3566 tus
2061 3519 2147 3567 est
2173 3510 2440 3579 Christus,
2473 3521 2528 3566 et
2549 3521 2609 3567 ut
2637 3512 2816 3568 cibum
2839 3519 3100 3581 sumeret,
3125 3520 3270 3568 totus
3297 3512 3543 3567 Christus

1951 3602 2201 3658 similiter
2246 3603 2372 3659 fecit
2421 3620 2435 3657 :
2482 3603 2802 3659 naturaliter
2849 3611 3032 3659 tamen
3079 3605 3220 3660 sicut
3264 3605 3378 3661 sola
3415 3619 3543 3660 caro

1953 3690 2191 3753 esuriem
2221 3696 2476 3768 pertulit,
2515 3693 2590 3753 ita
2632 3697 2747 3753 sola
2786 3713 2916 3754 caro
2941 3697 3121 3754 cibum
3168 3709 3335 3769 opere
3380 3697 3545 3755 totius

1954 3787 2156 3846 Christi
2185 3789 2523 3846 comedentis
2552 3790 2652 3859 (al.
2695 3789 3108 3863 comedendum)
3140 3792 3368 3860 accepit.
3399 3790 3546 3866 Fati-

1953 3889 2112 3951 gatus
2141 3881 2209 3937 ab
2239 3881 2435 3960 itinere,
2473 3881 2600 3938 Jesu
2629 3881 2766 3939 sedit
2809 3897 2970 3953 super
3009 3890 3231 3953 puteum
3259 3881 3440 3956 (John.
3470 3897 3546 3952 iv,

1955 3973 2009 4045 6)
2043 3991 2056 4028 :
2086 3973 2233 4030 illam
2262 3989 2392 4030 vero
2421 3969 2794 4044 fatigationem
2807 3975 3069 4040 divinitas
3096 3976 3298 4031 sentire
3327 3989 3433 4030 non
3455 3987 3548 4047 po-
3649 4031 3665 4048 Ι

1954 4065 2090 4134 luit;
2122 4066 2218 4123 Sed
2248 4081 2422 4140 neque
2451 4068 2745 4125 secundum
2775 4071 3008 4124 animam
3037 4067 3304 4125 ullatenus
3325 4085 3444 4124 eam
3469 4068 3549 4125 fa-

1957 4157 2274 4226 tigationem
2303 4161 2537 4216 sensisse
2565 4160 2823 4217 dicendus
2863 4169 2947 4217 est
2967 4160 3228 4218 Christus.
3260 4161 3392 4216 illud
3420 4173 3551 4231 ergo

1957 4253 2106 4335 quod
2133 4254 2311 4319 sedit,
2358 4254 2429 4309 ad
2457 4255 2628 4311 solam
2673 4253 3029 4311 refectionem
3075 4255 3336 4342 pertinuit
3373 4254 3552 4310 carnis

1959 4347 2283 4405 naturaliter
2297 4347 2559 4420 fatigata;
2580 4347 2636 4404 in
2661 4365 2766 4422 qua
2790 4357 2971 4406 tamen
2994 4348 3289 4405 refectione
3309 4363 3554 4424 commu-

1959 4440 2044 4495 nis
2069 4441 2169 4495 i'uit
2184 4443 2430 4512 operatio
2454 4438 2670 4497 deitatis
2690 4445 2971 4513 etanimzc.
2994 4439 3050 4498 ln
3067 4444 3184 4514 ipso
3200 4439 3395 4496 deinde
3416 4448 3552 4498 tem-

1959 4545 2096 4610 pore
2111 4531 2378 4602 passionis
2393 4533 2670 4604 et-mortis,
2687 4533 2808 4601 quis
2825 4533 2878 4587 in
2898 4548 3005 4600 uno
3021 4531 3322 4602 eodemque
3333 4529 3552 4587 Christo

1962 4622 2017 4676 in
2041 4621 2157 4692 ipsa
2181 4623 2562 4679 communione
2587 4639 2813 4698 operum
2837 4640 2944 4680 non
2972 4623 3154 4679 videat
3174 4621 3550 4696 inseparabili-

1966 4717 2049 4767 ter
2094 4727 2315 4769 manere
2343 4715 2566 4786 propria
2593 4715 2946 4770 naturarum?
2988 4709 3179 4770 Tristis
3223 4703 3325 4769 fuit
3371 4712 3552 4768 anima

1963 4809 2124 4886 249
2150 4803 2268 4876 ejus
2296 4821 2464 4877 usque
2494 4805 2560 4860 ad
2596 4813 2826 4860 mortem
2858 4803 3072 4878 (Matth.
3106 4821 3254 4874 xxvr,
3301 4801 3412 4875 ³58).
3442 4800 3554 4883 sed

1962 4915 2140 4975 neque
2165 4899 2415 4956 divinitas
2439 4897 2892 4954 incommutabilis
2921 4897 3192 4968 reccptrix
3234 4905 3414 4972 potest
3432 4909 3555 4952 esse

1964 4978 2216 5061 tristitia},
2244 5007 2346 5048 nec
2365 5007 2493 5047 caro
2516 4990 2791 5046 tristitiam
2818 4998 3001 5063 potest
3023 4989 3312 5061 aliquando
3328 4991 3554 5047 sentire.

1967 5088 2209 5146 Tristitia
2233 5089 2414 5158 itaque
2452 5085 2618 5142 solius
2646 5094 2730 5141 est
2757 5085 2948 5141 anima:
2977 5083 3280 5155 rationalis,
3306 5098 3425 5153 qua:
3455 5098 3556 5141 nec

1970 5178 2239 5238 divinitati
2257 5185 2437 5250 potest
2464 5175 2780 5231 naturaliter
2795 5177 3006 5244 inesse,
3031 5189 3134 5229 nec
3159 5173 3342 5240 carni;
3370 5188 3556 5245 perso-

1970 5275 2163 5336 naliter
2185 5282 2365 5328 tamen
2395 5280 2540 5328 totus
2567 5269 2814 5325 Christus
2841 5267 3093 5339 dignatus
3119 5275 3206 5324 est
3228 5268 3280 5324 in
3306 5281 3364 5325 se
3387 5266 3557 5324 tristi-

1968 5368 2098 5422 tiam
2129 5366 2377 5436 operari:
2422 5365 2477 5419 in
2505 5379 2564 5419 se
2593 5363 2685 5433 (al.
2721 5362 2856 5434 ipse)
2888 5362 3088 5434 quippe
3124 5377 3250 5418 suas
3279 5361 3561 5433 passiones

1971 5456 2244 5512 invenitur
2271 5462 2546 5525 operatus,
2578 5454 2671 5528 qui
2707 5453 2844 5526 nihil
2881 5453 3067 5509 habuit
3105 5452 3249 5524 quod
3279 5461 3562 5525 pateretur

1970 5546 2189 5620 invitus.
2223 5545 2294 5612 Ut
2317 5560 2446 5616 ergo
2477 5547 2804 5613 tristaretur,
2834 5555 2980 5618 totus
2998 5546 3244 5622 Christus
3270 5545 3428 5614 fecit;
3462 5547 3561 5602 sed

1956 5635 2117 5704 illam
2146 5637 2422 5708 tristitiam
2451 5638 2567 5696 sola
2595 5639 2650 5696 in
2679 5655 2740 5718 se
2760 5639 3077 5714 naturaliter
3111 5640 3293 5714 anima
3322 5640 3560 5716 rationa-

2052 5852 2092 5921 °_
2117 5841 2217 5899 Ms.
2249 5841 2414 5921 Tum,
2445 5843 2542 5921 hoc
2567 5852 2741 5921 tamen
2781 5843 2918 5918 quod
2944 5844 3124 5903 oculus
3151 5845 3390 5921 corporis
3417 5843 3563 5911 lenit.

1976 5914 2155 5975 oculus
2178 5915 2352 5973 cordis
2376 5915 2640 5995 intelligit.
