4066 6346
533 453 642 511 Μὴ

1568 455 1625 512 S.
1665 456 2030 514 FLLGENTII
2067 457 2375 518 EPISCOPI
2403 459 2775 522 RUSPENSIS

3710 472 3810 532 ιη

514 570 601 626 ·1ἰε
632 572 857 642 accepit.
904 569 1022 626 Jam
1071 586 1200 626 vero
1222 587 1342 626 cum
1383 569 1628 626 Christus
1673 588 1782 626 uno
1816 573 2117 644 eodemque
2142 581 2200 639 Α
2222 583 2359 641 tum,
2388 577 2516 644 quia
2547 579 2926 648 compellimur
2961 582 3143 639 dicere
3187 587 3333 655 quod
3378 587 3711 648 sufﬁcienter
3747 604 3810 649 ac

534 670 779 733 tempore
807 671 861 717 et
889 663 940 717 in
972 663 1220 732 sepulcro
1239 663 1429 731 jacnit,
1453 671 1509 717 et
1530 664 1582 717 in
1608 662 1872 718 infernum
1893 664 2118 721 descen-

531 752 630 817 dit,
651 755 769 822 quis
790 769 896 808 non
926 753 1284 823 inseparabile
1317 762 1520 808 natura:
1551 755 1828 824 utriusque
1867 772 2004 827 opus
2031 758 2115 812 vi-

533 847 696 901 deat?
723 846 920 915 etquis
959 847 1014 900 in
1054 847 1171 915 ipso
1218 862 1326 901 uno
1363 853 1524 916 atque
1560 848 1903 918 inseparabili
1949 864 2116 920 opere

531 937 746 1008 propria
767 937 964 1001 carnis,
983 943 1038 991 et
1066 938 1278 1003 animae,
1302 953 1366 992 ac
1388 937 1682 994 divinitatis
1707 955 1817 994 non
1838 941 2118 998 evidenter

529 1027 830 1096 agnoscat?
869 1026 940 1082 Ut
985 1029 1129 1082 enim
1158 1028 1455 1084 secundum
1499 1045 1715 1085 carnem
1765 1031 1819 1086 in
1864 1033 2115 1103 sepulcro

523 1116 751 1187 iaceret,
803 1125 949 1174 totus
983 1117 1228 1176 Christus
1260 1119 1412 1185 fecit;
1463 1121 1561 1176 sed
1607 1122 1897 1192 sepultura:
1943 1139 2117 1195 capax

527 1209 641 1264 sola
671 1225 799 1264 caro
827 1211 1146 1266 naturaliter
1172 1212 1290 1267 fuit.
1315 1211 1373 1268 ln
1409 1214 1677 1270 infernum
1699 1229 1915 1285 quoque
1942 1225 1998 1270 ut
2022 1232 2114 1273 se-

527 1301 757 1356 cundum
781 1303 1016 1359 animam
1032 1303 1281 1361 Christus
1303 1305 1674 1370 descenderet,
1701 1317 1905 1364 natum
1925 1310 2119 1368 utrius-

526 1406 654 1461 que,
677 1393 729 1447 id
759 1403 844 1449 est
869 1395 1062 1451 divinae
1092 1405 1256 1466 atque
1278 1397 1548 1464 humanae,
1581 1416 1747 1455 unum
1791 1401 1890 1457 fuit
1937 1419 2112 1473 opus;

525 1486 622 1541 sed
660 1487 827 1543 solius
856 1490 1050 1544 anima:
1083 1493 1346 1547 naturalis
1372 1492 1472 1548 fuit
1495 1495 1586 1550 ille
1613 1495 1922 1552 descensus.
1965 1497 2115 1554 Sicut

524 1576 719 1633 eodem
742 1585 990 1648 tempore
1019 1588 1166 1637 totus
1193 1583 1248 1637 in
1270 1585 1408 1640 omlo
1439 1594 1494 1640 et
1524 1587 1577 1640 in
1609 1596 1752 1643 terra
1796 1606 1903 1644 non
1932 1605 2114 1646 cessa-

523 1667 618 1724 bat
655 1668 901 1726 Christus
944 1674 1188 1741 operari;
1238 1674 1334 1729 sed
1375 1676 1542 1732 'solius
1579 1677 1875 1735 divinitatis
1907 1682 2025 1748 fuit,
2056 1690 2114 1738 et

523 1756 645 1813 loco
671 1775 780 1814 non
803 1760 1090 1828 contineri,
1122 1771 1178 1817 et
1201 1779 1321 1832 qua:
1341 1764 1412 1820 ad
1428 1766 1874 1836 gubernationem
1894 1773 2114 1829 univer-

521 1849 695 1907 sitatis
715 1852 1075 1922 pertinebant,
1097 1869 1218 1908 cum
1241 1854 1401 1911 Patre
1424 1860 1740 1915 naturaliter
1759 1870 1814 1915 et
1833 1863 2114 1932 aequaliter

2223 665 2385 734 digne
2405 683 2512 722 non
2536 683 2821 738 possumus
2847 674 3105 742 cogitare.
3135 677 3271 732 Nam
3290 681 3626 738 considerata
3647 683 3809 740 Crea-

2223 757 2358 812 toris
2424 767 2796 830 creaturaeque
2873 762 3147 821 distinctio
3211 768 3806 841 incomprehensibilem

2221 856 2489 903 monstrat
2534 858 2698 920 atque
2744 851 3175 922 inexplicabilem
3219 859 3518 917 intellectui
3547 873 3804 920 creatura:

2221 941 2650 1011 magnitudinem
2678 941 2992 1000 Creatoris:
3025 949 3223 1020 quippe
3248 967 3369 1007 cum
3400 969 3506 1025 pax
3535 954 3631 1012 Dei
3653 973 3810 1013 exsu—

2221 1041 2378 1100 peret
2402 1047 2618 1088 omnem
2651 1033 2982 1091 intellectum
3012 1037 3231 1111 (Philip.
3279 1058 3352 1111 tv,
3385 1044 3465 1115 7),
3505 1055 3560 1102 et
3589 1048 3680 1102 ille
3719 1052 3804 1121 qui

2220 1121 2464 1175 ascendit
2489 1137 2654 1191 super
2683 1121 2978 1191 Cherubin,
3010 1129 3157 1184 volet
3193 1147 3357 1203 super
3381 1150 3586 1204 pennas
3613 1149 3806 1196 vento-

2219 1226 2339 1266 rum
2375 1212 2546 1284 (Psal.
2573 1229 2702 1279 xvn,
2737 1215 2849 1286 10).
2882 1216 3034 1273 Nosti
3076 1230 3255 1276 autem
3327 1223 3598 1283 Cherubin
3651 1231 3808 1287 inter-

2219 1305 2422 1374 pretari
2463 1305 2850 1375 plenitudinem
2899 1311 3155 1387 scientias.
3189 1314 3327 1381 Quid
3369 1325 3452 1372 est
3489 1333 3618 1388 ergo
3647 1339 3806 1392 super

2218 1391 2491 1450 Cherubin
2513 1397 2825 1466 ascendere,
2853 1401 2956 1456 nisi
2991 1417 3205 1459 omnem
3248 1406 3486 1463 scientia:
3513 1391 3804 1480 plenitudi-

2216 1500 2344 1540 nem
2367 1486 2893 1558 incomprehensibili
2915 1493 3196 1551 altitudine
3222 1501 3516 1568 superare?
3541 1500 3648 1558 Sed
3693 1505 3806 1562 haec

2214 1577 2555 1636 confidenter
2596 1592 2758 1654 atque
2819 1584 3185 1644 indubitanter
3223 1590 3450 1648 dicimus
3497 1596 3565 1651 de
3603 1602 3804 1656 sanctis

2215 1673 2423 1761 angelis
2471 1683 2633 1745 atque
2674 1678 2984 1736 hominibus
3030 1685 3269 1739 sanctis:
3302 1701 3534 1755 quorum
3580 1693 3804 1761 quilibet

2214 1759 2294 1816 sic
2321 1761 2516 1818 divinae
2541 1763 2847 1835 adoptionis
2875 1769 3112 1838 gratuito
3147 1786 3372 1830 munere
3417 1776 3550 1832 deus
3587 1759 3802 1850 dicitur,

2215 1860 2274 1907 ut
2295 1860 2478 1910 tamen
2508 1855 2650 1910 Deus
2678 1859 2993 1926 angelorum
3015 1862 3100 1917 vel
3116 1863 3390 1920 hominum
3415 1869 3564 1924 nulla
3592 1873 3805 1931 ratione

521 1943 756 2012 operari.
800 1941 929 1998 inde
969 1953 1072 2011 est,
1118 1945 1266 2017 quod
1313 1948 1368 2002 in
1414 1951 1664 2007 omnibus
1701 1953 1806 2009 illis
1852 1956 2106 2026 operibus
2137 1956 2187 2016 B
2212 1942 2444 2031 dicam"-
2475 1944 2611 2001 Cum
2639 1957 2820 2004 amem
2867 1951 2934 2007 de
2965 1953 3145 2009 anima
3171 1955 3371 2014 θδτίθῑί
3416 1959 3706 2031 loquimur:
3735 1967 3804 2023 de

518 2034 788 2105 passionis
811 2045 869 2090 et
895 2037 1110 2106 mortis,
1141 2039 1438 2094 auctoritas
1469 2044 1768 2112 apostolica
1790 2047 1935 2116 quod
1958 2055 2108 2104 totus

518 2124 574 2180 in
601 2139 662 2181 se
689 2135 946 2197 operatus
971 2136 1054 2183 est
1081 2127 1349 2198 Christus,
1381 2131 1460 2188 sic
1479 2133 1570 2187 uni
1600 2149 1846 2205 persona:
1875 2153 2108 2208 operan-

519 2215 588 2272 tis
611 2222 639 2250 ι
664 2217 922 2287 assignat,
953 2226 1014 2272 ut
1043 2219 1169 2288 quid
1190 2221 1452 2293 cujusque
1469 2234 1673 2282 natura:
1701 2230 1770 2284 sit
1799 2229 2108 2288 indubitan-

517 2313 602 2365 ter
628 2307 898 2367 ostendat.
919 2307 1054 2364 Nam
1075 2320 1133 2366 et
1153 2315 1430 2382 apostolus
1450 2313 1649 2373 Paulus
1670 2317 1739 2373 de
1759 2335 1868 2374 uno
1889 2322 2108 2379 eodem-

515 2411 622 2468 que
651 2395 868 2454 Christo
895 2397 1056 2454 dicit:
1093 2397 1213 2456 Etsi
1233 2404 1513 2475 cruciﬁxus
1553 2414 1630 2460 est
1677 2424 1743 2462 ea:
1778 2410 2104 2480 inﬁrmitate,

516 2489 608 2544 sed
629 2491 751 2544 vivit
767 2507 832 2546 ea:
858 2492 1042 2546 virtute
1064 2491 1162 2563 Dei
1187 2493 1275 2562 (ΙΙ
1293 2492 1412 2551 Cor.
1444 2513 1558 2564 xm,
1588 2498 1663 2568 4).
1690 2499 1758 2554 Et
1786 2501 1978 2559 beatus
1999 2505 2104 2562 Pe-

515 2589 631 2638 trus
658 2583 1034 2654 propheticum
1055 2585 1134 2641 sic
1170 2588 1398 2657 protulit
1432 2589 1502 2644 de
1539 2590 1764 2648 Psalmis
1807 2595 2103 2665 eloquium,

514 2680 577 2730 ut
596 2672 794 2730 Christi
816 2674 1071 2744 animam,
1094 2691 1258 2746 quam
1281 2679 1334 2733 in
1357 2679 1625 2736 infernum
1646 2695 1870 2739 noverat
1889 2686 2108 2743 descen-

513 2764 680 2832 disse,
712 2767 884 2838 ipsam
915 2769 1120 2825 diceret
1156 2771 1210 2826 in
1237 2771 1450 2828 inferno
1491 2789 1601 2829 non
1627 2773 1960 2833 derelictam.
2015 2778 2106 2837 Sic

512 2858 658 2912 enim
686 2856 755 2913 de
783 2858 946 2914 beato
975 2858 1141 2914 David
1186 2859 1329 2916 idem
1365 2859 1560 2919 Petrus
1594 2867 1872 2935 apostolus
1925 2869 2106 2940 loqui-

513 2955 637 3004 ttl‘:
663 2946 930 3018 PrOpheta
949 2950 1108 3020 igitur
1133 2966 1250 3004 cum
1289 2961 1442 3015 esset,
1482 2963 1532 3006 et
1550 2955 1704 3009 sciret
1744 2959 1866 3027 quia
1896 2957 2106 3029 jureju-

512 3037 680 3093 rando
699 3038 929 3110 jurasset
957 3039 1036 3094 illi
1065 3038 1228 3108 Deus,
1271 3042 1336 3096 de
1374 3045 1548 3113 {ructu
1587 3045 1746 3101 lumbi
1773 3049 1886 3119 ejus
1929 3051 2107 3106 sedere

513 3143 668 3199 super
689 3128 858 3183 sedem
882 3131 1014 3200 ejus,
1040 3131 1314 3200 providens
1335 3133 1532 3188 locutus
1553 3145 1628 3190 est
1652 3138 1716 3192 de
1734 3142 2109 3198 resurrectione

515 3217 728 3286 Christi,
760 3223 882 3287 quia
901 3239 1063 3294 neque
1077 3223 1324 3278 derelicta
1344 3235 1424 3280 est
1450 3227 1628 3281 anima
1654 3231 1765 3301 ejus
1793 3232 1846 3284 in
1875 3233 2105 3304 inferno,

2213 2023 2307 2088 illo
2335 2033 2608 2105 loquimur
2626 2039 2876 2094 rationali
2903 2042 3113 2111 spiritu,
3153 2045 3221 2100 ad
3263 2061 3424 2116 quem
3464 2023 3579 2120 non
3627 2023 3804 2112 solum

2211 2123 2356 2180 Deus
2384 2141 2481 2196 per
2501 2129 2729 2197 gratiam
2753 2131 2920 2196 venit,
2953 2132 3052 2189 sed
3089 2149 3248 2204 quem
3298 2139 3413 2209 ipsa
3463 2141 3722 2202 divinitas
3749 2149 3802 2205 in

2211 2216 2419 2271 unitate
2461 2233 2706 2288 persona:
2743 2223 3002 2294 suscepit.
3061 2224 3253 2282 Anima
3298 2231 3498 2301 quippe
3551 2235 3644 2290 illa
3679 2253 3804 2295 cum

2209 2307 2390 2366 Verbo
2416 2327 2554 2366 unus
2578 2320 2664 2367 est
2685 2311 2956 2380 Christus,
2982 2320 3160 2372 anima
3190 2319 3291 2375 illa'
3305 2337 3430 2377 cum
3457 2323 3634 2382 Verbo
3665 2344 3805 2386 unus

2208 2409 2291 2456 est
2317 2399 2632 2470 Unigenitus
2657 2403 2819 2460 Deus.
2852 2404 2921 2459 Et
2944 2407 3069 2476 quia
3101 2406 3417 2478 Unigenitus
3446 2412 3589 2470 Deus
3613 2431 3806 2488 aequa-

2207 2488 2275 2546 lis
2304 2501 2386 2546 est
2409 2489 2574 2560 Patri,
2599 2507 2700 2548 nec
2722 2503 2904 2564 potest
2923 2505 3097 2552 totum
3120 2515 3283 2555 nosse
3304 2500 3499 2558 Filium
3511 2506 3604 2574 qui
3626 2514 3802 2566 totum

2209 2597 2318 2637 non
2347 2585 2556 2639 noverit
2585 2583 2824 2655 Patrem,
2855 2603 3142 2646 caveamus
3171 2608 3261 2660 ne,
3292 2609 3415 2649 cum
3443 2596 3624 2653 anima
3644 2598 3805 2658 Chri-

2207 2677 2280 2733 sti
2306 2685 2475 2734 totum
2498 2677 2712 2735 Patrem
2742 2697 2902 2738 nosse
2926 2699 3034 2738 non
3063 2687 3321 2758 creditur,
3344 2690 3445 2761 ipsi
3468 2694 3562 2752 uni
3587 2693 3805 2755 Christo

2208 2784 2276 2824 ex
2302 2770 2482 2840 aliqua
2513 2779 2685 2841 parte,
2711 2788 2816 2828 non
2846 2774 3020 2830 solum
3043 2775 3236 2843 Patris,
3285 2780 3384 2836 sed
3420 2784 3586 2839 etiam
3613 2786 3694 2842 sui
3742 2796 3799 2845 et

2207 2857 2440 2930 Spiritus
2469 2862 2661 2930 sancti,
2711 2865 2948 2934 cognitio
2988 2866 3326 2938 denegetur:
3366 2888 3624 2945 perquam
3668 2892 3800 2936 vero

2208 2950 2404 3007 durum
2443 2960 2544 3015 est,
2577 2962 2633 3009 et
2670 2970 2702 3009 a
2743 2957 2977 3012 sanitate
3016 2958 3140 3014 tidei
3187 2964 3402 3030 penitus
3440 2966 3699 3039 alienum,
3741 2979 3804 3027 ut

2207 3041 2452 3096 dicamus
2471 3045 2706 3099 animam
2728 3044 2927 3101 Christi
2956 3064 3063 3104 non
3086 3051 3303 3120 plenam
3324 3069 3436 3110 suae
3455 3056 3671 3114 deitatis
3694 3061 3800 3115 ha-

2205 3131 2338 3187 bere
2360 3133 2628 3200 notitiam,
2677 3151 2799 3190 cum
2846 3153 2952 3207 qua
2996 3142 3313 3199 naturaliter
3353 3161 3516 3202 unam
3557 3150 3797 3208 credita

2207 3226 2411 3283 habere
2431 3243 2740 3298 personam.

514 3328 677 3384 neque
695 3329 816 3368 caro
844 3315 956 3386 ejus
1001 3315 1126 3369 vidit
1167 3318 1550 3388 corruptionem
1579 3321 1714 3388 (Act.
1746 3337 1804 3389 ll,
1831 3321 1945 3393 30).
1978 3322 2102 3380 Haec

2278 3317 2370 3372 27.
2412 3317 2566 3385 Quod
2597 3321 2642 3374 si
2670 3321 2750 3377 sic
2796 3322 3201 3392 crediderimus,
3245 3342 3468 3388 necesse
3501 3342 3589 3389 est
3616 3342 3679 3390 ut
3711 3335 3804 3392 illa

513 3401 697 3470 itaque
725 3402 906 3457 omnia
937 3410 1081 3459 totus
1109 3403 1354 3460 Christus
1387 3407 1679 3464 secundum
1711 3425 1870 3464 unam
1910 3426 2100 3482 perso-

514 3505 640 3546 nam
667 3489 814 3556 fecit,
848 3500 902 3547 et
929 3493 1008 3548 sic
1031 3509 1196 3549 unum
1232 3504 1434 3551 natura:
1463 3497 1740 3568 utriusque
1770 3515 1907 3571 opus
1945 3516 2107 3572 agno-

513 3580 704 3648 scitur,
731 3589 790 3636 ut
818 3588 998 3637 tamen
1021 3583 1148 3654 quid
1173 3583 1266 3640 cui
1298 3593 1502 3640 natura:
1531 3583 1558 3624 δ
1588 3585 1838 3657 deputari
1885 3589 2103 3660 debeat,

514 3685 625 3726 non
645 3679 890 3742 negetur.
924 3670 1020 3728 His
1042 3686 1174 3742 ergo
1195 3676 1566 3747 unusquisque
1594 3675 1890 3733 instruatur
1915 3694 2104 3735 exem-

513 3759 638 3832 plis,
670 3769 728 3816 ut
750 3762 895 3832 quod
916 3762 1005 3818 hic
1031 3763 1088 3818 in
1110 3772 1423 3820 naturarum
1447 3766 1880 3824 consideratione
1899 3783 2104 3838 cogno-

513 3851 637 3922 scit,
668 3854 773 3909 hoc
802 3854 911 3910 illic
932 3854 988 3909 in
1017 3855 1265 3932 personis
1294 3857 1559 3927 intelligat
1583 3875 1597 3911 :
1627 3874 1730 3914 nec
1758 3859 1968 3914 dubitet
2000 3860 2104 3916 hu-

513 3958 728 4000 manam
797 3943 995 4000 Christi
1048 3953 1291 4000 naturam
1363 3947 1530 4002 totius
1592 3946 1868 4005 Trinitatis
1939 3964 2106 4020 opere

515 4031 735 4095 factam,
765 4034 860 4088 sed
903 4033 972 4088 ad
1017 4033 1190 4090 solam
1218 4033 1489 4104 Unigeniti
1519 4037 1616 4094 Dei
1655 4040 1927 4099 pertinere
1975 4057 2104 4113 per-

514 4136 729 4178 sonam.

1069 4229 1309 4279 QUlES'I'lO
1346 4233 1565 4273 TERTIA.

583 4298 674 4355 25.
706 4298 886 4356 Tertia
916 4308 1000 4356 est
1030 4303 1308 4374 inquisitio
1373 4315 1486 4372 tua,
1543 4307 1731 4363 Utrum
1759 4313 1938 4367 anima
1960 4313 2107 4370 Chri-

514 4393 582 4447 sti
623 4393 949 4462 susceptricis
995 4395 1200 4449 deitatis
1247 4397 1456 4466 plenam
1490 4399 1678 4455 habeat
1716 4405 1925 4460 omnino
1963 4410 2099 4463 noti-

517 4485 680 4539 tiam:
711 4493 760 4538 et
793 4485 1236 4556 quemadmodum
1267 4506 1322 4543 se
1359 4492 1574 4545 invicem
1615 4503 1804 4548 norunt
1827 4494 2010 4564 Pater,
2054 4509 2102 4553 et

515 4570 705 4641 Filius,
755 4587 803 4629 et
850 4575 1076 4648 Spiritus
1105 4590 1343 4642 sanctus,
1379 4583 1454 4635 ita
1503 4583 1639 4638 idem
1664 4583 1838 4640 Filius
1880 4591 2103 4660 seipsum

511 4685 605 4736 per
631 4668 686 4722 id
727 4667 862 4738 quod
891 4673 1041 4724 homo
1078 4680 1172 4738 est,
1203 4673 1257 4726 in
1304 4690 1362 4728 eo
1405 4676 1542 4747 quod
1569 4675 1740 4745 Deus,
1773 4683 1996 4747 noverit;
2038 4700 2102 4738 ea;

512 4767 752 4830 utraque,
777 4750 938 4830 250
962 4762 1188 4830 atquein
1207 4772 1422 4835 utraque
1471 4766 1761 4822 substantia
1807 4780 1968 4824 totum
2016 4789 2127 4827 ca-'

513 4850 661 4920 piens
693 4848 922 4904 Patrem.
948 4849 1029 4903 An
1060 4853 1194 4921 forte
1215 4855 1344 4906 sicut
1370 4857 1533 4910 oculis
1562 4860 1916 4929 corporalibus
1937 4861 2105 4916 Deum

515 4940 755 5009 spiritum
777 4941 988 4993 minime
1009 4941 1160 5006 videt,
1184 4958 1246 4996 ne
1269 4954 1371 4996 non
1404 4945 1600 5000 homini
1629 4948 1860 5019 dignitas
1899 4952 2099 5019 addita,

517 5033 608 5088 sed
632 5045 818 5087 natura
847 5035 1084 5089 credatur
1109 5039 1309 5107 penitus
1341 5050 1650 5094 commutata
1673 5059 1689 5095 :
1725 5045 1799 5096 sic
1827 5047 2104 5102 rationalis

517 5125 708 5177 animle
728 5125 957 5196 quamvis
979 5127 1063 5196 pio
1089 5128 1348 5181 intellectu
1370 5137 1420 5181 et
1441 5130 1595 5183 corde
1622 5132 1960 5188 mundissimo
1997 5153 2102 5192 non

514 5213 696 5280 videri,
739 5232 898 5288 neque
950 5218 1310 5289 comprehendi
1358 5235 1560 5274 omnem
1598 5222 1882 5278 divinitatis
1928 5243 2102 5283 essen-

521 5305 664 5369 tiam,
718 5322 780 5360 ne
818 5306 1054 5380 quislibet
1092 5317 1330 5362 creatura
1369 5309 1661 5366 inveniatur
1713 5328 1897 5386 capere
1945 5315 2104 5375 Crea-

521 5404 679 5450 torem
688 5439 700 5450 .

1158 5507 1458 5552 BBSPONSIO.

585 5574 674 5632 26.
715 5576 840 5635 Haec
877 5580 932 5634 in
979 5579 1087 5637 tuis
1127 5581 1323 5642 litteris
1360 5589 1544 5656 verba,
1589 5588 1756 5649 frater
1801 5595 2099 5666 carissime,

514 5680 637 5724 cum
657 5669 927 5742 legissem,
959 5675 1168 5746 magnis
1211 5691 1299 5735 me
1340 5677 1517 5738 fateor
1557 5685 1817 5755 angustiis
1863 5699 2102 5748 coarcta-

589 5902 616 5932 ι
645 5891 745 5947 Ms.
777 5891 940 5960 Thu.,
972 5899 1226 5960 aperanti.

2206 3407 2496 3465 frustretur
2523 3413 2831 3482 praedicatio
2866 3414 3086 3471 Joannis
3131 3416 3402 3490 Baptista,
3447 3437 3551 3492 qua
3581 3424 3804 3487 Christo

2205 3501 2533 3572 singularem
2587 3519 2651 3559 ac
2680 3505 2797 3560 sine
2817 3521 3066 3563 mensura
3092 3509 3277 3566 tribuit
3309 3510 3536 3583 Spiritus
3577 3515 3807 3588 largita-

2207 3600 2341 3660 tem,
2367 3593 2552 3650 dicens
2575 3612 2590 3648 :
2623 3593 2748 3650 Non
2775 3599 2914 3652 enim
2934 3599 3005 3652 ad
3030 3617 3326 3658 mensuram
3355 3605 3444 3661 dat
3470 3606 3611 3665 Deus
3633 3609 3805 3682 Spir'v

2209 3691 2318 3738 tum
2343 3682 2521 3753 (Joan.
2554 3701 2632 3751 ni,
2659 3686 2748 3757 54)
2776 3705 2788 3740 :
2821 3703 2943 3743 cum
2989 3698 3044 3745 et
3069 3691 3303 3761 majores
3331 3698 3501 3752 nostri
3543 3699 3598 3754 in
3645 3701 3805 3760 nobis

2206 3791 2515 3831 mensuram
2537 3777 2696 3847 hujus
2743 3779 3007 3848 largitatis
3053 3784 3340 3855 accipiant,
3371 3788 3426 3843 in
3453 3787 3672 3848 Christo
3699 3808 3803 3851 auo

2209 3875 2318 3921 tem
2347 3867 2738 3938 plenitudinem
2784 3886 3004 3927 manere
3032 3876 3205 3929 sancti
3239 3874 3470 3947 Spiritus
3505 3881 3799 3942 fateantur.

2208 3959 2408 4016 Beatus
2431 3976 2663 4030 namque
2692 3962 3010 4020 Ambrosius
3063 3967 3114 4019 in
3156 3967 3293 4023 libro
3321 3971 3498 4041 primo
3543 3973 3701 4048 (Cap.
3745 3976 3801 4049 6)

2208 4049 2276 4106 de
2301 4049 2504 4122 Spiritu
2531 4063 2740 4119 sancto,
2767 4055 2906 4110 inter
2927 4056 3032 4111 alia
3063 4058 3141 4113 sic
3179 4061 3256 4114 ait
3280 4079 3293 4114 :
3327 4062 3402 4118 De
3432 4063 3636 4134 Spiritu
3665 4085 3801 4136 meo,

2204 4144 2392 4216 inquit,
2423 4146 2690 4214 eﬂ'undam
2715 4147 2855 4217 (Act.
2887 4163 2943 4215 ιι,
2976 4149 3088 4221 17).
3121 4150 3249 4207 Non
3279 4154 3538 4225 Spiritum
3567 4161 3674 4227 ait,
3715 4165 3805 4218 sed

2208 4232 2274 4288 de
2297 4234 2498 4304 Spiritu
2521 4252 2540 4290 :
2572 4252 2733 4309 neque
2761 4239 2900 4292 enim
2928 4255 3020 4293 nos
3049 4257 3233 4310 capere
3267 4261 3537 4314 possumus
3575 4250 3806 4319 plenitu-

2207 4322 2379 4376 dinem
2407 4323 2635 4392 Spiritus
2664 4327 2853 4394 sancti,
2878 4327 2969 4381 sed
2996 4336 3195 4383 tantum
3222 4334 3521 4403 accipimus,
3552 4349 3808 4408 quantum

2208 4415 2273 4468 de
2325 4432 2414 4475 suo
2473 4416 2666 4471 arbiter
2712 4421 2878 4472 nostri
2942 4437 3034 4490 pro
3087 4438 3182 4475 sua
3232 4425 3494 4482 voluntate
3547 4431 3802 4487 diviserit.

2205 4505 2508 4564 Ostendens
2530 4521 2658 4577 ergo
2687 4525 2787 4565 nos
2815 4519 3030 4568 sanctus
3055 4513 3368 4572 Ambrosius
3415 4535 3522 4575 non
3566 4523 3807 4592 plenitu-

2207 4598 2408 4668 dinem,
2462 4601 2556 4655 sed
2597 4602 2664 4656 de
2735 4603 3064 4672 plenitudine
3115 4605 3346 4678 Spiritus
3393 4615 3682 4684 accipere,
3747 4629 3807 4674 ut

2131 4692 2518 4764 Dostenderet
2559 4692 2829 4748 Christum
2873 4712 3086 4753 omnem
3132 4699 3515 4770 plenitudinem
3566 4706 3806 4778 Spiritus

2208 4781 2501 4850 accepisse,
2527 4784 2686 4853 paulo
2717 4793 2840 4854 post
2869 4785 3120 4858 (Ibidem)
3147 4791 3261 4848 haec
3286 4792 3415 4849 dicit
3441 4813 3454 4848 :
3487 4795 3567 4851 De
3597 4800 3805 4872 Spiritu

2205 4881 2386 4927 sancto
2408 4872 2572 4928 Pater
2598 4893 2653 4930 se
2681 4877 2805 4931 dicit
2839 4879 3103 4948 cﬂ‘undere
3141 4899 3292 4954 super
3323 4902 3527 4942 omnem
3563 4907 3799 4950 carnem.

2207 4959 2335 5018 Non
2365 4967 2502 5018 enim
2531 4976 2689 5021 totum
2730 4969 2969 5037 e/fundit,
3014 4972 3106 5025 sed
3134 4977 3270 5046 quod
3311 4978 3514 5048 e/fudit,
3562 4985 3803 5041 omnibus

2205 5053 2504 5110 abundavit.
2539 5055 2708 5126 Super
2728 5077 2821 5114 nos
2841 5064 3001 5136 251
3042 5082 3164 5137 ergo
3197 5069 3417 5138 effusum
3454 5083 3530 5128 est
3571 5076 3638 5130 de
3678 5078 3806 5150 Spi-

2204 5147 2307 5200 ritu
2336 5157 2537 5203 sancto.
2576 5151 2642 5204 At
2680 5168 2796 5208 vero
2837 5172 2989 5225 super
3019 5156 3296 5215 Dominum
3339 5162 3542 5232 Iesum,
3579 5185 3698 5223 cum
3739 5174 3803 5238 in

2205 5239 2374 5307 forma
2403 5249 2532 5295 esset
2561 5241 2803 5308 hominis,
2830 5249 3068 5302 manebat
3091 5249 3351 5322 Spiritus;
3383 5259 3512 5312 sicut
3537 5261 3797 5332 scriptum

2205 5339 2322 5384 est:
2370 5331 2544 5402 Supra
2586 5350 2744 5404 quem
2775 5338 2969 5394 videris
2999 5339 3252 5412 Spiritum
3283 5331 3700 5408 descendentem
3730 5356 3804 5412 de

2205 5420 2365 5488 coelo,
2393 5431 2448 5476 et
2476 5435 2782 5482 manentem
2811 5445 2971 5499 super
3003 5447 3144 5498 eum,
3177 5435 3264 5491 hic
3302 5447 3387 5492 est
3425 5441 3518 5511 qui
3555 5442 3804 5512 baptizat

2205 5509 2260 5565 in
2291 5511 2488 5583 Spiritu
2513 5526 2701 5572 sancto
2725 5517 2901 5588 (Joan.
2932 5537 2967 5585 ι,
2998 5521 3110 5595 55).
3141 5524 3293 5582 Circa
3320 5547 3413 5585 nos
3444 5509 3525 5585 ea:
3563 5509 3800 5604 aﬂiuenti

2205 5607 2475 5662 commodo
2502 5607 2784 5664 liberalitas
2812 5610 3077 5684 largientis
3098 5627 3196 5682 est,
3225 5621 3281 5674 in
3323 5621 3415 5675 illo
3438 5624 3594 5679 totius
3615 5642 3779 5683 mane

2204 5697 2258 5752 in
2289 5706 2533 5756 (sternunt
2563 5701 2791 5775 Spiritus
2811 5705 3094 5777 plenitudo.
3124 5708 3328 5785 Nempe
3355 5715 3546 5774 beatus
3567 5716 3801 5780 Ambro-

588 5960 617 6001 ι
645 5961 807 6018 Forte
837 5960 1117 6032 legendum
1147 5970 1325 6039 cuique
1368 5981 1583 6038 natum,
1621 5984 1674 6028 ut
1718 5974 1961 6044 superius
2000 5976 2244 6034 habetur.
